1086 1764
62 111 24 16 81
95 111 43 19 jan.
430 103 94 34 Utskott.
862 104 27 20 27

132 179 32 21 Hr
186 179 121 21 talmannen
327 179 123 21 meddelade
464 181 32 19 att
510 179 47 21 från
573 179 53 21 hans
642 179 104 20 excellens
764 178 125 27 generalgu-

63 209 104 19 vernören
188 207 31 21 till
243 207 24 21 hr
283 207 121 21 talmannen
426 207 87 21 anländt
528 213 26 15 en
571 207 116 23 skrifvelse,
703 207 85 20 hvaruti
803 206 86 21 medde-

63 236 58 21 lades
142 238 31 19 att
194 236 75 26 nödigt
289 235 57 22 antal
366 235 81 27 tryckta
467 236 107 27 exemplar
592 235 43 22 af
623 230 15 37 i
650 235 124 21 skrifvelsen
791 234 99 27 bifogade

62 264 134 27 förteckning
212 266 113 25 upptagna,
342 264 34 21 vid
392 264 140 27 landtdagens
548 264 117 27 högtidliga
680 264 113 26 öppnande
809 263 12 21 å
831 266 58 18 tron-

63 293 58 20 salen
138 293 115 20 ständerna
268 293 122 20 meddelade
406 293 77 26 nådiga
497 293 158 26 propositioner
666 292 30 21 till
707 292 84 21 landets
803 291 88 22 ständer

63 321 35 21 vid
114 321 144 21 innevarande
273 321 101 26 landtdag
388 321 69 21 blifvit
474 321 31 21 till
521 321 84 21 ståndet
621 321 164 21 öfverlämnade.

134 441 9 21 I
167 441 94 26 enlighet
280 441 48 21 med
349 441 247 21 talmanskonferensens
611 441 80 26 förslag
707 441 70 20 beslöt
792 441 99 25 borgare-

63 469 86 22 ståndet
171 472 37 19 att,
230 469 92 22 förutom
343 469 25 21 de
390 470 31 21 uti
442 470 11 27 &
475 470 27 21 29
522 470 22 21 IL.
561 469 24 22 O.
601 469 127 22 föreskrifna
743 469 43 21 fem
803 469 89 24 utskott,

63 498 70 21 under
154 498 143 21 innevarande
318 498 102 27 landtdag
440 498 68 21 skulle
529 498 100 21 tillsättas
651 500 30 19 ett
702 497 143 28 lagutskott,
861 499 30 18 ett

64 527 244 22 vattenrättsutskott
329 527 39 20 och
388 529 31 18 ett
437 527 105 22 allmänt
557 526 204 27 besvärsutskott,
777 525 116 22 bestående

63 555 64 21 hvart
147 555 39 21 och
208 557 31 19 ett
261 555 22 21 af
301 555 46 27 fyra
368 555 116 21 ledamöter
500 555 38 21 och
555 555 36 21 två
606 555 137 27 suppleanter
758 554 46 21 från
819 554 74 26 hvarje

63 583 70 26 stånd,
155 583 110 22 äfvensom
286 585 30 20 att
337 583 31 21 till
388 583 125 22 förberörda
532 584 146 27 lagbestämda
698 583 83 21 utskott
803 583 38 20 och
857 583 35 20 det

64 612 263 27 expeditionsutskott,
350 612 80 20 hvilket
452 613 116 20 ständerna
587 612 84 26 jämlikt
691 614 11 25 $
718 613 25 19 77
760 612 22 20 L.
799 611 24 21 O.
839 611 54 26 egde

64 640 95 22 tillsätta,
175 640 69 22 skulle
260 642 58 19 utses
334 640 36 21 två
385 640 138 27 suppleanter
538 640 46 21 från
600 640 73 27 hvarje
689 640 68 21 stånd.

134 698 11 20 I
160 698 115 26 anledning
290 697 61 21 häraf
364 698 135 26 uppmanade
509 698 25 20 hr
545 698 121 20 talmannen
679 697 96 21 ståndets
788 697 105 21 elektorer

65 728 32 19 att
109 726 46 21 före
165 726 172 26 morgondagens
348 726 86 27 plenum
451 726 114 21 värkställa
576 726 33 21 val
620 726 23 21 af
651 726 115 21 ledamöter
777 726 38 20 och
827 732 66 20 supp-

65 754 82 21 leanter
163 754 31 21 uti
209 754 142 22 ofvannämda
366 755 89 21 utskott.

139 886 32 20 Hr
193 886 121 21 talmannen
338 886 96 21 erinrade
458 886 80 25 därom,
553 888 31 19 att
600 886 57 21 tiden
673 885 32 21 för
720 885 136 22 inlämnande
873 884 23 21 af

66 916 115 24 petitioner
204 914 39 21 och
266 915 104 21 motioner
394 915 88 27 utginge
505 915 102 26 lördagen
631 915 40 20 den
702 914 25 21 10
750 914 144 21 instundande

66 942 99 22 februari.

137 1046 32 20 Hr
185 1045 122 21 talmannen
323 1045 158 21 öfverlämnade
498 1046 30 20 till
544 1046 96 20 ståndets
659 1045 115 27 afgörande
790 1045 105 21 huruvida

67 1074 27 20 de
105 1073 55 22 från
169 1073 160 23 medstånden
339 1074 107 22 anlända
455 1074 259 27 protokollsutdragen
722 1074 66 20 borde
796 1073 33 21 för
838 1073 57 21 stån-

67 1102 38 21 det
124 1102 102 26 uppläsas
245 1102 50 21 eller
311 1102 105 21 huruvida
432 1102 130 22 beträffande
577 1102 48 21 dem
641 1109 81 15 samma
736 1102 159 26 förfaringssätt

68 1130 69 21 skulle
158 1130 105 27 iakttagas
285 1137 46 15 som
355 1131 67 21 under
442 1131 27 21 de
484 1133 79 19 tvänne
579 1134 84 18 senaste
679 1131 105 21 ordinarie
800 1130 96 21 landtda-

69 1166 71 18 garna,
156 1159 106 27 nämligen
278 1162 30 18 att
324 1160 225 26 protokollsutdragen
563 1160 76 20 endast
649 1159 112 21 framlades
770 1159 30 21 till
812 1158 85 22 ständs-

69 1187 177 21 medlemmarnas
262 1188 112 26 päseende.

141 1244 32 21 Hr
197 1240 104 25 Öhman
326 1244 112 22 förordade
461 1248 31 18 att
514 1245 30 20 uti
568 1251 27 14 nu
617 1244 160 27 ifrågavarande
797 1243 101 21 afseende

69 1279 82 14 samma
170 1272 121 22 förfarande
313 1273 67 21 skulle
396 1274 106 26 iakttagas
518 1280 45 14 som
580 1273 35 21 vid
631 1274 26 20 de
672 1275 78 19 tvänne
767 1275 71 18 senast
856 1272 40 20 för-

69 1301 83 27 gångna
169 1301 160 27 landtdagarna.

140 1358 88 21 Ståndet
249 1358 70 21 beslöt
339 1358 51 20 härå
408 1360 32 19 att
455 1358 223 26 protokollsutdragen
695 1358 46 20 från
757 1357 140 21 medstånden

69 1385 46 32 icke
138 1386 68 21 skulle
230 1386 107 27 uppläsas,
358 1389 51 18 utan
431 1387 36 20 vid
483 1386 72 26 hvarje
576 1386 86 27 plenum
684 1386 65 21 hållas
765 1385 134 27 tillgängliga

69 1414 33 21 för
118 1415 241 20 ståndsmedlemmarna
374 1415 6 20 i
396 1415 124 26 plenisalen.
