1086 1742
195 106 43 22 262
502 104 122 44 Ändringar
636 113 7 15 i
640 143 9 1 i
657 113 22 31 RB
693 113 22 16 B.
923 112 23 16 18
959 115 62 12 mars.

266 182 32 20 Hr
314 181 154 27 Stigzelius:
498 182 10 20 I
525 188 63 14 mom.
604 182 13 19 3
633 180 22 22 af
668 181 69 21 denna
748 180 100 28 paragraf
862 180 85 26 stadgas
961 180 7 20 i
981 179 40 21 den

196 209 77 27 nådiga
296 210 160 26 propositionen
479 213 36 18 att,
532 212 38 18 när
586 210 109 26 stämning
715 210 54 20 skall
788 209 107 21 meddelas
911 209 46 23 den,
974 214 46 15 som

195 238 39 21 har
258 238 66 21 kändt
346 238 92 21 hemvist
464 240 59 19 utom
546 238 77 22 landet,
647 239 135 26 stämningen
805 238 39 20 bör
869 244 75 20 genom
962 237 59 21 dom-

196 267 82 21 stolens
300 266 84 27 försorg
407 267 105 21 tillställas
535 267 151 27 myndigheten
706 268 6 20 i
731 267 35 21 det
789 266 131 21 främmande
943 266 78 20 landet.

197 295 87 21 Således
300 295 136 21 föreskrifves
452 296 38 20 här
505 302 25 14 en
547 296 139 26 obligatorisk
703 295 119 27 skyldighet
836 294 33 22 för
880 294 92 22 domstol
984 296 38 20 att.

196 326 39 18 när
258 330 25 14 en
308 330 77 21 person
407 324 46 21 från
469 324 131 21 främmande
615 324 50 21 land
681 324 104 26 åberopas
800 324 32 20 till
848 324 71 24 vittne,
936 323 86 26 vidtaga

196 352 76 27 åtgärd
292 359 33 14 om
347 353 145 27 stämningens
512 352 139 27 delgifvande.
682 353 64 21 Detta
761 352 78 26 ansågs
856 352 93 26 oriktigt,
965 357 55 15 eme-

196 381 42 21 dan
262 383 59 25 parts
342 382 91 20 intresse
449 381 43 21 ofta
507 381 84 21 fordrar
606 383 31 19 att
652 381 41 21 han
709 381 50 27 själf
772 381 31 21 får
819 380 121 27 ombesörja
956 382 65 19 stäm-

197 410 85 26 ningen,
299 410 141 26 synnerligast
456 416 34 14 om
506 413 74 23 parten
597 410 66 21 vistas
680 410 4 20 i
701 413 30 18 ett
747 412 51 18 nära
814 409 117 27 grannland
946 411 14 19 t.
973 409 47 20 ex.
1012 405 12 36 i

198 438 80 26 Sverge
298 438 51 21 eller
364 438 78 27 Norge.
472 438 77 21 Därför
565 439 38 20 har
619 439 105 21 utskottet
740 445 28 14 nu
784 438 110 25 föreslagit
909 440 30 18 att
955 437 65 21 ändra

197 467 128 27 stadgandet
341 467 85 22 därhän,
442 469 32 19 att
489 469 47 25 part
552 474 50 20 eger
618 467 83 21 anhålla
713 467 23 21 af
750 468 100 20 domaren
863 469 30 18 att
904 466 40 21 han
957 466 64 20 måtte

197 483 87 39 vidtaga
306 496 73 25 åtgärd
395 496 6 20 i
416 496 75 26 antydt
514 484 63 39 syfte,
598 496 43 21 ifall
657 499 74 24 parten
748 496 46 21 icke
809 495 78 21 önskar
903 495 42 21 låta
960 494 61 21 värk-

196 524 64 21 ställa
282 524 107 27 stämning
404 524 49 27 själi.
486 525 42 27 Jag
542 531 63 15 anser
621 524 71 26 därför
708 527 30 18 att
754 524 127 26 stadgandet
897 524 6 20 i
919 524 58 20 detta
992 522 30 22 af-

197 553 79 21 seende
299 553 45 21 icke
367 541 65 33 borde
456 554 71 20 kunna
549 554 27 26 pä
598 553 65 27 nägot
684 555 41 19 sätt
748 553 109 21 framkalla
873 552 148 21 missförständ

197 581 52 21 eller
264 581 109 21 föranleda
388 582 66 26 något
469 582 73 26 tillägg
556 582 7 20 i
579 582 34 21 det
630 582 53 26 syfte
694 582 25 20 hr
729 581 100 26 Lagerlöf
839 581 115 25 föreslagit.
977 580 44 21 När

197 610 24 20 sä
237 616 50 20 pass
303 610 66 27 tydlig
384 611 92 26 antydan
491 611 64 21 redan
571 610 68 21 finnes
656 610 67 21 införd
740 611 5 20 i
763 610 57 21 detta
835 613 100 22 moment,
952 610 24 20 sä
987 609 35 21 be-

198 638 74 21 höfver
287 638 44 22 icke
347 639 72 21 vidare
434 639 154 27 förtydligande
605 639 43 21 ske.

268 667 134 21 Beträffande
426 668 104 26 uttrycket
555 668 62 27 »rysk
639 668 134 21 undersätes,
790 667 78 21 hvilket
884 667 25 20 hr
925 666 99 27 Lagerlöf

198 696 36 20 vill
255 696 63 20 hafva
339 696 119 22 bibehållet,
477 696 31 21 får
522 697 37 26 jag
574 691 97 27 meddela
692 699 31 18 att
738 691 110 30 angående
866 696 58 20 detta
940 682 82 40 uttryck

197 725 54 20 varit
278 724 81 27 mycket
383 725 28 21 tal
427 725 6 21 i
449 725 104 21 utskottet
576 725 39 21 och
639 728 30 18 att
693 726 34 20 det
749 725 54 21 varit
820 724 83 27 mycket
918 724 57 20 svårt
991 726 30 18 att

197 752 59 22 finna
274 753 100 27 lämpliga
393 754 38 20 ord
446 753 32 21 för
494 756 30 18 att
576 756 43 18 ersätta
636 760 81 15 samma
732 753 90 27 uttryck.
853 753 38 21 Att
907 753 39 20 den
963 752 59 20 loku-

198 782 51 21 tion,
270 788 45 14 som
339 782 60 26 ingår
415 782 6 20 i
437 782 131 27 paragrafen,
604 789 9 14 ir
633 782 85 21 alldeles
734 782 107 26 oegentlig
856 781 92 26 framgår
965 780 60 21 däraf

198 812 32 19 att
245 817 49 14 man
310 810 22 21 af
345 810 125 22 densamma
484 811 71 21 kunde
570 811 115 21 förutsätta
700 811 144 21 förekomsten
860 810 22 20 af
896 810 64 21 sådan
973 809 49 27 rysk

198 839 121 25 undersåte,
335 845 45 15 som
398 839 68 21 skulle
481 840 81 26 åtnjuta
578 840 182 26 medborgarerätt
777 839 6 20 i
799 838 95 22 Finland.
910 838 39 21 och
965 838 56 20 detta

198 869 23 19 är
246 867 46 22 icke
317 868 88 26 möjligt.
435 868 77 21 Därför
536 868 67 21 måste
626 868 105 27 uttrycket
755 869 97 20 ersättas.
881 867 50 20 Man
951 866 72 21 tänkte

198 896 54 21 först
275 897 27 26 på
318 896 25 21 de
359 896 22 21 af
398 897 24 20 hr
438 897 99 26 Lagerlöf
549 897 121 26 föreslagna
685 897 66 21 orden
770 896 62 27 »rysk
848 902 69 19 man»,
934 901 46 15 men
997 895 26 20 då

198 925 140 26 sakkunniga.
355 931 45 15 som
424 925 70 21 känna
509 926 63 23 ryska
587 926 92 26 språket,
696 925 130 26 tillfrågades,
860 925 12 20 så
888 924 88 21 befanns
992 926 30 18 att

198 954 151 20 motsvarande
372 953 62 27 ryska
458 954 82 21 uttryck
564 955 71 20 kunde
656 954 110 21 föranleda
785 953 154 21 missförstånd.
970 953 52 20 Där-

198 984 58 19 emot
278 982 108 21 användes
404 983 61 26 »rysk
481 983 106 26 inföding>
605 983 7 20 i
628 983 78 26 många
721 982 149 26 författningar
885 981 32 21 för
933 983 31 18 att
976 981 46 26 just

199 1010 103 21 beteckna
324 1011 39 20 den
390 1011 114 27 egenskap,
527 1018 44 14 som
595 1018 49 14 man
668 1006 37 26 här
724 1011 56 21 afser
796 1012 31 19 att
842 1010 102 26 uttrycka.
974 1009 49 21 Med

212 1039 52 26 rysk
279 1038 107 27 inföding»
404 1039 78 22 förstås
499 1040 88 21 sålunda
602 1040 45 21 icke
665 1040 75 21 endast
755 1039 80 21 sådana
851 1044 108 21 personer,
976 1044 45 15 som

198 1073 37 15 äro
262 1067 65 21 födda
349 1068 7 20 i
378 1068 37 26 Ryssland.
511 1063 55 35 utan
581 1063 71 35 också
664 1063 14 35 i
690 1063 91 35 Finland
795 1063 29 35 af
837 1063 66 35 ryska
927 1067 36 5 förä

416 1068 75 22 ssland,
513 1071 50 18 utan
587 1069 64 20 också
666 1069 5 20 i
688 1068 89 21 Finland
799 1067 22 21 af
841 1067 63 27 ryska
921 1067 103 21 föräldrar

198 1096 63 21 födda
285 1102 109 20 personer,
410 1097 39 20 och
467 1097 37 26 jag
519 1103 62 15 anser
599 1100 32 18 att
646 1097 61 20 äfven
723 1097 67 20 andra
807 1089 62 34 ryska
884 1095 140 26 medborgare

199 1124 61 21 skola
274 1125 73 20 kunna
365 1125 99 21 hänföras
481 1126 66 21 under
563 1132 81 14 samma
660 1126 100 26 begrepp.
790 1125 41 25 Jag
847 1127 45 18 tror
907 1123 71 22 därför
993 1126 31 18 att

198 1153 6 20 i
221 1153 59 20 detta
295 1153 99 21 afseende
410 1154 45 21 icke
472 1155 64 26 något
552 1161 50 14 vore
617 1156 32 19 att
664 1156 61 19 rätta.

269 1181 170 22 Vidkommande
461 1183 35 20 det
511 1183 23 20 af
551 1183 24 20 hr
593 1183 107 20 Schwindt
714 1182 110 21 anmärkta
841 1181 106 26 uttrycket
962 1187 62 14 anser

196 1210 38 26 jag
256 1210 44 25 mig
323 1210 51 21 böra
397 1211 97 21 meddela
514 1214 31 18 att
560 1211 37 27 jag
612 1211 46 21 icke
674 1211 86 26 deltagit
776 1211 7 20 i
799 1204 116 27 utskottets
931 1210 71 20 beslut
1018 1209 5 20 i

199 1239 70 20 denna
285 1231 33 28 del
333 1238 23 21 af
374 1240 132 26 paragrafen.
536 1241 41 25 Jag
592 1246 63 14 anser
671 1227 105 38 nämligen
792 1241 32 18 att
839 1237 124 28 paragrafen
979 1238 45 21 icke

199 1267 67 21 borde
282 1267 79 20 erhålla
376 1268 71 26 någon
462 1268 114 21 förändrad
592 1268 80 27 lydelse
688 1255 60 34 från
751 1268 41 20 den
809 1267 77 26 nådiga
896 1266 128 27 propositio-

199 1301 47 15 nen.
277 1295 33 21 De
326 1301 108 21 personer,
450 1297 71 20 hvilka
537 1297 36 21 här
589 1299 36 18 äro
641 1296 94 26 afsedda,
750 1297 47 20 läsa
812 1296 6 20 i
834 1295 70 26 regeln
921 1295 44 20 icke
976 1295 48 20 Fin-

198 1324 62 21 lands
276 1324 106 21 allmänna
399 1325 106 26 tidningar
520 1325 38 21 och
574 1325 33 20 för
620 1325 47 20 dem
684 1325 40 20 kan
740 1325 36 20 det
792 1331 50 14 vara
857 1323 86 21 alldeles
957 1323 67 26 likgil-

199 1353 45 26 tigt,
261 1359 35 14 om
320 1359 108 15 annonser
451 1354 81 21 införas
554 1354 74 21 endast
653 1353 71 27 hvarje
744 1353 81 21 kvartal
846 1352 50 21 eller
914 1352 27 27 på
957 1351 67 21 skilda

199 1381 61 21 tider.

269 1439 33 20 Hr
323 1439 135 26 Wegelius:
488 1440 42 25 Jag
551 1439 68 21 skulle
643 1439 26 20 be
690 1441 30 18 att
736 1438 20 21 få
771 1438 75 21 förena
861 1438 43 25 mig
919 1437 48 20 med
983 1437 40 20 den

199 1469 53 18 sista
268 1467 63 20 ärade
346 1467 81 21 talaren
443 1468 79 24 därom,
538 1471 31 17 att
584 1467 117 21 utskottets
716 1467 81 26 förslag
812 1466 109 26 angående
934 1465 91 26 skyldig-

199 1495 35 20 het
258 1497 30 19 att
312 1495 66 21 införa
396 1496 108 27 stämning
519 1497 6 20 i
541 1496 56 21 vissa
613 1502 98 15 nummer
730 1495 22 21 af
768 1495 112 21 allmänna
890 1495 135 25 tidningarna
