1086 1767
178 98 50 40 220
529 104 144 31 Utskottsval.
915 107 13 17 9
940 111 62 13 mars.

182 176 94 26 bifallen;
292 176 38 22 och
345 176 135 28 uppmanade
494 176 26 22 hr
535 176 122 22 talmannen
673 176 55 28 förty
743 176 97 22 ståndets
852 175 105 22 elektorer
972 177 32 20 att

182 206 51 20 utan
249 205 129 22 tidsutdräkt
392 207 49 20 utse
456 211 26 15 en
498 205 69 27 tredje
582 205 115 28 suppleant
712 206 6 20 i
734 205 77 21 nämda
826 204 89 22 utskott.

251 354 89 21 Plenum
357 354 110 27 upplöstes
482 354 27 21 kl.
525 354 48 26 8,15
588 360 17 15 e.
621 360 27 15 m.

790 422 23 17 In
825 421 66 18 fidem:

731 474 26 21 A.
783 473 21 21 V.
820 473 117 27 Lindberg.

327 645 145 34 Fredagen
490 646 55 26 den
564 645 17 27 9
600 653 78 20 mars
696 645 39 26 kl.
753 645 16 26 7
788 652 22 19 e.
828 652 36 19 m.

253 720 41 21 Vid
317 720 117 22 värkstälät
456 727 84 21 upprop
560 720 106 22 befunnos
682 720 96 22 ständets
795 719 98 27 samtliga
907 719 99 21 medlem-

184 754 46 15 mar
252 749 137 26 närvarande,
410 749 94 21 förutom
527 749 36 21 hrr
586 749 128 27 Löfgren
730 748 39 21 och
785 747 97 27 Lindh,
902 747 71 22 hvilka
986 747 24 21 af

185 776 99 27 sjukdom
300 783 51 16 voro
366 777 104 22 hindrade
484 780 32 19 att
530 778 197 25 tillstädeskomma,
744 778 56 20 samt
815 777 25 20 hr
883 776 124 27 Nordling,

185 811 46 15 som
246 805 91 28 tidigare
353 806 99 21 utvärkat
467 807 33 26 sig
514 807 96 21 tillstånd
626 808 31 19 att
673 806 107 21 uteblitva.

254 971 115 28 Upplästes
391 973 31 20 till
440 973 109 26 justering
571 973 39 20 och
632 973 123 26 godkändes
771 971 105 22 särskilda
891 971 77 27 utdrag
983 977 25 15 ur

185 1000 188 27 borgareständets
390 1001 35 21 vid
441 1003 85 20 senaste
541 1001 87 27 plenum
643 1001 61 21 förda
719 1001 115 27 protokoll.

254 1155 149 21 Antecknades
426 1157 32 20 att
480 1155 46 22 frän
549 1156 140 21 medständen
713 1155 87 22 anländt
818 1154 105 21 särskilda
937 1156 72 25 proto-

184 1183 140 28 kollsutdrag.

254 1338 120 27 Föredrogs
390 1340 31 20 ett
436 1338 46 22 frän
500 1339 97 21 ständets
613 1338 104 21 elektorer
732 1337 119 21 inkommet
866 1336 107 27 protokoll
987 1336 24 21 af

184 1366 93 27 följande
292 1367 87 27 lydelse:

459 1424 31 27 Är
512 1430 55 21 1900
589 1430 40 21 den
646 1430 13 20 6
674 1436 56 14 mars
754 1428 54 22 efter
827 1428 80 21 slutadt
921 1428 86 27 plenum

391 1458 171 22 sammanträdde
582 1458 191 26 borgareständets
796 1457 106 21 elektorer
923 1456 33 21 för
976 1458 32 19 att

390 1489 50 19 utse
454 1487 121 27 ytterligare
591 1493 26 15 en
633 1486 132 28 suppleant
780 1485 38 23 uti
834 1485 125 22 allmänna
969 1484 38 22 be-
