1086 1764
204 97 43 21 236
468 95 286 34 Kommunikationsfonden.
940 103 14 16 9
966 106 65 13 mars.

205 177 47 15 som
270 171 35 22 vid
321 172 65 21 slutet
400 171 23 22 af
436 172 95 21 60-talet.
561 171 211 28 Kapitalbildningen
788 173 24 19 är
827 171 38 22 här
881 171 24 21 sä
919 171 65 26 stark,
998 173 32 19 att

205 199 37 22 det
256 206 52 16 vore
323 202 32 20 att
370 200 57 28 gifva
442 207 26 15 en
484 200 49 22 skef
547 200 138 28 uppfattning
704 206 34 16 om
755 200 135 27 ställningen,
905 206 34 16 om
955 200 26 26 vi,
996 199 34 22 sä-

205 234 47 16 som
269 229 117 22 emellertid
410 230 7 21 i
440 229 158 27 offentligheten
622 229 90 27 tidigare
734 229 58 21 skett
814 229 39 21 och
872 228 80 28 jämväl
967 229 7 21 i
989 229 41 26 dag

204 257 95 27 uttalats,
322 258 68 21 skulle
411 258 56 22 hälla
488 258 47 22 före
557 260 32 20 att
611 260 31 19 ett
663 258 108 21 inhemskt
790 258 88 21 statslän
901 258 46 20 icke
962 257 68 21 skulle

204 285 75 22 kunna
294 288 112 26 upptagas.
436 287 43 21 Det
494 286 69 22 blefve
578 287 55 21 visst
648 286 27 28 1/,
690 288 90 26 procent
794 286 82 27 dyrare,
898 292 48 15 men
965 286 65 26 omöj-

205 310 39 36 ligt
260 316 29 48 a
312 316 36 20 det
369 315 45 21 icke
436 318 32 19 att
490 315 108 27 upplägga
619 317 32 19 ett
673 315 101 27 tämligen
790 315 119 27 betydande
923 314 108 22 inhemskt

205 345 95 20 statslän.

276 400 68 22 Sedan
361 401 148 21 diskussionen
526 401 51 21 härä
591 400 115 22 förklarats
721 400 99 27 afslutad,
843 400 69 22 beslöt
930 400 100 27 borgare-

206 428 92 26 ständet,
317 429 7 21 i
339 429 94 27 enlighet
447 430 49 21 med
511 429 247 22 talmanskonferensens
774 429 86 27 förslag,
876 431 31 19 att
921 429 111 21 remittera

205 457 161 27 propositionen
384 458 31 21 till
429 458 209 27 järnvägsutskottet
653 461 61 23 samt,
730 458 71 22 sävidt
816 458 124 21 densamma
955 457 75 27 angick

205 486 76 26 anslag
302 486 33 21 för
357 493 29 15 nu
408 486 161 28 ifrägavarande
591 487 105 25 ändamäl,
715 487 80 27 jämväl
816 486 32 22 till
864 486 166 25 statsutskottet,

206 514 119 28 hvarjämte
344 515 210 27 järnvägsutskottet
576 516 69 21 skulle
667 515 79 22 erhälla
769 515 33 21 del
826 515 23 21 af
869 515 26 21 de
912 515 119 27 yttranden,

206 549 47 15 som
269 542 94 28 afgifvits
379 544 23 21 af
414 544 36 22 hrr
466 544 100 27 Lagerlöf
578 544 40 21 och
631 544 106 27 Kyander,
748 544 110 21 äfvensom
872 544 160 21 statsutskottet

206 571 22 21 af
241 572 40 21 hrr
296 572 70 26 Lilles,
381 572 114 28 Tallgvists
511 572 38 22 och
565 573 161 27 Schybergsons
742 573 158 27 andraganden.

276 744 121 28 Föredrogs
418 745 28 21 H.
462 745 26 21 K.
503 745 49 22 M:ts
568 745 35 21 vid
619 747 86 20 senaste
720 745 87 28 plenum
822 745 117 26 bordlagda
954 744 77 27 nädiga

207 773 134 27 proposition
357 780 33 15 n:o
406 774 26 21 31
450 774 109 27 angäende
574 773 331 26 kommunikationsfonden;
928 773 39 21 och
986 772 47 22 blef

206 801 129 24 densamma,
350 802 7 21 i
372 802 94 27 enlighet
482 803 48 20 med
545 802 249 22 talmanskonferensens
807 801 86 28 förslag,
908 801 124 22 remitterad

206 829 31 21 till
253 830 166 22 statsutskottet.

275 1002 120 27 Föredrogs
419 1003 27 20 H.
462 1002 26 21 K.
503 1003 50 20 M:ts
568 1003 35 21 vid
619 1005 86 19 senaste
719 1003 87 27 plenum
822 1002 117 27 bordlagda
954 1002 78 27 nädiga

206 1030 135 27 proposition
357 1037 34 14 n:o
406 1031 28 21 32
450 1031 110 27 angäende
575 1031 76 27 anslag
661 1031 31 21 till
702 1031 150 22 fullbordande
862 1030 23 22 af
895 1030 135 28 Uleäborgs

207 1057 132 29 —Torneä,
367 1059 221 28 Kuopio—lisalmi
613 1059 47 23 och
685 1059 256 28 Helsingfors—Karis
961 1059 69 28 järn-

205 1087 210 28 vägsbyggnader.

276 1145 33 21 Hr
324 1145 95 21 Lilius
442 1146 71 21 anhöll
538 1152 33 15 om
595 1146 62 21 ordet
679 1146 40 21 och
741 1146 89 27 yttrade:
848 1146 73 20 Koska
935 1146 94 20 Tornion

206 1172 125 28 kaupungin
354 1174 108 22 edusmies
486 1175 112 21 sairauden
621 1174 57 22 takia
701 1181 27 15 on
745 1176 79 25 estetty
839 1174 103 21 olemasta
957 1176 71 19 tämän

205 1202 60 20 asian
281 1202 136 27 käsittelyssä
431 1205 39 25 nyt
484 1203 65 25 läsnä,
572 1203 43 21 niin
639 1203 83 27 pyydän
746 1203 64 21 saada
834 1202 71 22 Oulun
924 1203 105 21 Tornion

206 1230 106 21 rautatien
327 1230 150 22 rakennuksen
490 1231 103 27 johdosta
607 1232 76 20 lausua
697 1234 64 18 erään
777 1231 156 21 toivomuksen.

276 1258 152 22 Armollisessa
449 1260 130 27 esityksessä
594 1260 76 21 sivulla
685 1260 13 21 3
713 1266 27 15 on
756 1260 112 21 ehdotettu
884 1260 76 25 90,000
975 1266 55 14 mar-

205 1286 42 21 kan
263 1287 124 21 määräraha
401 1288 133 27 höyrylossin
550 1288 172 26 hankkimiseksi,
734 1288 53 27 joka
802 1288 143 27 Tornionjoen
958 1288 72 27 poikki

205 1315 102 21 välittäisi
322 1316 151 27 matkustajain
486 1317 24 27 ja
524 1317 95 21 tavarain
635 1317 117 27 kuljetusta
762 1316 203 24 rautatieasemalta,
977 1316 53 27 joka

206 1343 59 22 tulisi
280 1344 187 22 rakennettavaksi
482 1345 143 27 Tornionjoen
641 1345 122 27 itäpuolelle
775 1345 52 27 joen
843 1345 100 21 rannalle.
964 1344 67 22 Halli-

206 1372 78 22 tuksen
308 1372 91 22 ehdotus
422 1374 37 21 siis
482 1374 118 27 edellyttää,
623 1376 44 19 että
681 1374 99 26 puheena
794 1374 75 21 olevaa
884 1374 112 20 rautatietä
1012 1373 19 21 ei

205 1400 59 32 tulisi
277 1401 152 27 jatkettavaksi
444 1402 94 22 Tornion
553 1402 132 27 kaupunkiin
701 1402 46 26 asti,
762 1408 54 15 vaan
832 1402 93 27 loppuisi
940 1408 24 15 se
978 1402 53 20 Tor-

205 1429 102 27 nionjoen
323 1430 101 21 rannalle.
445 1430 98 22 Ehdotus
559 1431 142 27 perustuukin
719 1431 53 21 1897
785 1431 85 21 vuoden
881 1430 149 27 valtiopäiväin

205 1458 138 26 päätökseen,
355 1458 52 27 joka
422 1459 85 21 lähinnä
520 1459 70 27 johtui
606 1460 53 25 siitä,
675 1461 44 19 että
734 1460 18 20 ei
768 1459 54 21 ollut
837 1459 55 21 vielä
905 1459 72 25 tietoa,
992 1458 38 21 mi-

205 1485 66 21 hinkä
286 1486 91 22 Ruotsin
394 1487 144 21 valtakunnan
553 1488 94 26 puolella
661 1488 128 21 hankkeissa
805 1488 61 21 oleva
876 1488 90 20 rautatie
977 1486 53 22 Suo-
