1086 1753
49 107 26 17 27
86 107 52 16 febr.
237 107 204 17 Privatskollärares
453 105 238 22 tjänsteårsberäkning.
831 100 42 21 203

51 175 115 28 opettajilla
182 175 136 22 samanlaiset
333 175 77 27 palkat,
426 175 82 26 vieläpä
517 175 154 27 paremmatkin
684 175 128 26 palkkaedut
822 175 51 21 kuin

51 204 196 25 valtionkouluissa,
269 205 45 19 että
335 204 26 20 he
382 204 91 21 voisivat
495 210 36 15 sen
548 203 78 27 nojalla
641 203 75 22 valvoa
731 203 143 22 taloudellista

51 233 198 21 tulevaisuuttansa.
280 232 70 21 Mutta
371 234 37 25 nyt
430 233 18 20 ei
464 232 43 21 niin
523 232 33 21 ole
571 232 56 21 laita.
656 233 40 20 Jos
712 234 37 25 nyt
763 233 110 26 myönnet-

50 261 70 21 täisiin
136 261 191 27 yksityiskoulujen
343 261 116 26 opettajille
475 267 28 18 se,
519 261 51 20 mitä
580 261 182 21 anomusehdotus
774 260 100 21 ehdottaa

51 289 189 28 myönnettäväksi,
263 289 44 21 niin
330 289 46 21 sillä
397 289 146 22 korvattaisiin
560 296 38 14 osa
613 289 49 22 siitä
677 289 131 27 vahingosta,
823 289 51 20 mitä

51 318 104 27 opettajat
170 318 81 21 tulevat
266 318 171 21 taloudellisessa
452 318 112 21 suhteessa
576 318 120 21 kärsimään
708 318 52 26 siitä,
772 319 42 20 että
826 319 48 20 ovat

51 347 191 27 yksityiskoulujen
264 346 107 27 opettajia.
400 347 39 21 Jos
454 347 191 26 yksityiskoulujen
662 347 114 26 opettajien
792 348 49 19 etua
856 345 19 21 ei

51 375 91 25 katsota,
166 375 43 21 niin
225 375 48 21 siitä
288 376 82 20 saattaa
385 374 41 22 olla
445 375 145 21 seurauksena
605 381 28 19 se,
650 377 43 19 että
708 375 76 21 näiden
799 374 75 22 koulu-

49 404 36 26 jen
102 404 101 27 merkitys
216 403 22 27 ja
254 403 99 21 vaikutus
368 403 57 21 tulee
440 404 152 20 alenemistaan
608 403 124 21 vähitelleen
746 403 129 21 alenemaan.

51 432 67 22 Jottei
139 432 48 21 näin
208 432 121 26 tapahtuisi,
351 432 43 21 niin
413 438 28 15 on
457 432 164 21 asianomaisten
638 432 136 21 velvollisuus
790 432 86 21 koettaa

52 461 57 21 asiaa
125 462 72 20 auttaa
212 461 50 25 niin,
278 462 43 20 että
336 460 164 28 yksityiskoulut
511 460 138 28 täydellisesti
660 461 116 27 pysyisivät
787 460 87 22 valtion-

52 489 101 27 koulujen
176 489 96 21 rinnalla.
302 489 74 21 Koska
400 490 200 26 yksityiskouluissa
622 489 143 27 opettajaluku
784 489 91 27 oppilas-

52 518 82 21 lukuun
158 520 123 19 verrattuna
302 524 27 15 on
351 518 121 27 jotensakin
496 525 57 14 sama
574 518 51 21 kuin
643 518 233 25 valtionkouluissakin,

52 547 43 21 niin
113 547 19 21 ei
147 547 33 21 ole
195 546 82 27 pelkoa,
293 548 44 20 että
355 553 158 15 suuremmassa
529 548 108 20 määrässä
651 546 59 22 tulisi
725 546 150 28 tapahtumaan

53 575 124 27 siirtymistä
198 575 198 27 yksityiskouluista
411 575 197 26 valtionkouluihin,
624 582 53 14 vaan
694 575 122 21 ainoastaan
832 574 44 28 pie-

53 604 115 21 nemmissä
191 604 74 21 osissa.
295 604 25 21 Ei
344 604 47 21 olisi
414 604 37 21 siis
471 604 72 21 minun
560 604 118 21 mielestäni
694 604 115 21 ensinkään
826 603 51 21 koh-

54 635 105 24 tuutonta,
175 635 44 19 että
234 639 32 20 ne,
279 632 61 28 jotka
355 633 131 27 yksityisistä
500 633 109 21 kouluista
624 632 103 28 siirtyvät,
743 632 87 22 saisivat
840 632 36 27 hy-

54 661 105 22 väksensä
180 661 63 22 lukea
266 661 70 22 kaikki
352 662 138 21 virkavuodet
506 662 42 21 niin
564 662 64 27 hyvin
645 661 76 28 palkan
732 661 145 22 korotukseen

53 690 51 21 kuin
120 690 162 21 eläkkeesenkin
298 690 89 26 nähden,
400 691 51 20 mitä
461 690 27 21 he
501 690 200 27 yksityiskouluissa
712 690 104 21 ollessaan
828 692 50 18 ovat

54 718 116 27 palvelleet.
200 718 65 22 Tästä
287 720 71 26 syystä
380 718 101 22 tahtoisin
504 719 105 25 ehdottaa,
634 720 44 20 että
697 720 58 26 sääty
771 718 106 21 lähettäisi

53 749 70 19 tämän
145 746 142 22 valiokunnan
311 747 116 21 mietinnön
447 747 150 21 valiokuntaan
617 747 90 21 takaisin
723 747 155 21 muodostetta-

53 775 59 21 vaksi
128 776 66 21 siihen
212 778 106 19 suuntaan
334 776 50 21 kuin
401 776 132 21 anomuksen
550 776 73 26 tekijät
639 776 128 21 ehdottavat.

122 833 32 21 Hr
178 833 153 21 Sundvall:
361 833 48 21 Med
432 833 115 27 anledning
568 837 21 17 at
610 833 40 21 den
670 833 145 26 anmärkning,
831 838 46 16 som

53 862 87 26 gjordes
156 868 34 14 om
206 864 32 19 att
253 861 85 27 profvet
353 864 22 18 är
392 862 143 21 bortlämnadt
549 861 33 21 för
597 862 68 20 lärare
682 862 5 20 i
702 862 82 26 privata
800 860 78 26 skolor,

54 890 35 21 vill
109 890 37 27 jag
177 890 82 27 påpeka
290 890 75 22 endast
395 890 40 21 den
467 890 191 27 omständigheten,
677 892 31 19 att
731 890 45 22 icke
796 890 82 21 mindre

54 919 82 26 garanti
152 919 124 27 därigenom
293 918 114 22 förefinnes
423 918 32 22 för
472 921 31 19 att
517 918 216 28 privatskollärarena
744 921 36 19 äro
792 918 86 27 dugliga

53 947 74 26 lärare,
143 949 21 26 ty
180 948 36 20 det
238 947 84 21 fordras
344 947 130 22 fortfarande
489 949 31 19 att
536 948 25 20 de
577 947 60 22 skola
652 947 62 22 hafva
729 947 97 27 fullgjort
842 947 36 21 sitt

53 976 149 21 auskultantär
217 976 36 21 vid
276 976 144 22 normalskola
439 976 39 21 och
494 976 110 22 därstädes
620 976 63 21 hafva
698 976 82 22 erhällit
795 977 31 19 ett
841 975 37 21 all-

54 1006 59 19 mänt
137 1005 60 27 intyg
221 1004 59 22 öfver
305 1004 96 28 förmåga
424 1004 38 22 och
487 1004 114 28 duglighet.
632 1005 37 21 Att
688 1004 83 28 profvet
786 1004 92 21 lämnats

54 1033 49 20 bort
118 1033 38 20 har
172 1033 57 21 skett
243 1033 23 21 af
280 1034 63 20 orsak
357 1035 31 19 att
404 1034 36 20 det
455 1035 23 19 är
494 1034 110 26 olämpligt
618 1036 32 18 att
665 1033 72 22 fordra
751 1036 31 19 att
793 1039 25 14 en
830 1038 47 21 per-

54 1067 38 15 son
110 1061 53 22 skall
178 1062 28 26 pä
221 1061 90 22 förhand
327 1061 81 28 aflägga
424 1061 50 28 prof
487 1061 32 22 för
535 1068 25 15 en
572 1062 72 27 tjänst,
656 1068 45 15 som
716 1062 90 21 ansökes
817 1060 61 22 tiotal

54 1090 23 21 är
101 1096 75 15 senare
197 1090 39 21 och
251 1090 88 21 hvarom
355 1097 48 14 man
419 1090 46 21 ieke
481 1092 56 19 ännu
553 1091 40 20 kan
610 1090 123 26 bestämma,
748 1090 72 21 hvilka
835 1091 43 19 äm-

55 1124 40 15 nen
119 1118 61 21 skola
202 1125 51 15 vara
275 1119 87 22 därmed
382 1119 157 21 kombinerade.
569 1119 43 21 Det
631 1119 63 21 beror
708 1119 80 21 således
804 1118 27 27 pä
847 1120 31 19 att

55 1153 48 14 man
119 1147 56 21 velat
195 1147 121 22 underlätta
331 1147 32 22 för
378 1148 99 21 lärarena
496 1147 135 28 möjligheten
646 1149 33 20 att
694 1148 6 21 i
715 1147 121 26 framtiden,
852 1147 26 20 dä

54 1175 41 21 han
121 1176 92 21 ansöker
237 1182 26 15 en
289 1176 126 27 statstjänst,
431 1176 72 21 kunna
525 1176 82 27 aflägga
628 1176 50 27 prof
694 1177 82 20 direkte
790 1175 33 22 för
837 1175 40 21 den

55 1204 98 27 tjänsten,
170 1211 46 14 som
240 1205 105 21 utskottet
366 1205 129 21 bortlämnat
511 1205 89 26 profvet.
631 1205 49 21 Icke
696 1205 39 21 blir
750 1204 128 28 privatskol-

54 1233 108 21 lärarenas
176 1233 165 27 lärareförmäga
356 1233 123 27 därigenom
495 1234 83 21 mindre
592 1236 32 19 att
639 1234 26 21 de
681 1234 44 21 icke
737 1233 83 27 aflägga
831 1232 50 27 prof
896 1251 5 4 .

55 1261 39 21 och
106 1261 45 21 icke
163 1261 64 22 blifva
242 1262 31 26 de,
285 1268 46 15 som
341 1262 59 21 skola
411 1262 90 21 anställa
512 1263 53 25 dem,
575 1263 122 26 därigenom
707 1262 81 21 mindre
798 1262 7 21 i
816 1261 62 21 ständ

54 1291 30 20 att
100 1290 91 21 bedöma
206 1291 53 25 dem,
271 1292 22 25 ty
304 1291 70 21 säsom
386 1291 63 21 sades
459 1290 22 21 fä
488 1291 25 26 ju
525 1291 243 21 lärareauskultanterna
778 1292 30 19 ett
819 1290 60 26 intyg

55 1317 58 22 öfver
137 1319 32 20 sin
190 1319 165 26 lärareförmäga
369 1319 7 21 i
391 1319 115 21 allmänhet
521 1319 39 21 och
576 1320 58 21 detta
649 1319 41 21 kan
703 1319 23 27 ju
742 1319 84 27 bifogas
842 1325 36 14 an-

55 1347 144 26 sökningarna
209 1347 31 21 till
252 1347 229 27 privatskoletjänster;
493 1348 109 21 dessutom
616 1350 37 19 äro
664 1347 216 28 privatskollärarena

55 1375 96 22 anstälda
174 1375 66 28 enligt
263 1376 105 24 kontrakt,
392 1376 39 22 och
454 1376 96 22 befinnas
566 1377 26 21 de
608 1377 104 26 omöjliga,
728 1377 72 21 kunna
816 1375 26 22 de
854 1375 25 27 ju

55 1406 114 25 uppsägas.
198 1405 38 20 Att
253 1405 154 21 äterremittera
422 1405 89 21 ärendet
526 1405 30 20 till
573 1405 105 21 utskottet
693 1405 32 21 för
740 1407 32 19 att
787 1403 91 22 omredi-

55 1438 50 21 gera
126 1432 106 22 klämmen
248 1433 6 20 i
271 1433 222 22 öfverensstämmelse
511 1434 48 21 med
578 1434 152 26 petitionärens
744 1433 82 21 önskan
842 1439 36 14 an-

55 1467 34 14 ser
110 1461 38 26 jag
164 1467 49 15 vara
236 1467 26 15 en
279 1462 79 27 onödig
372 1462 44 21 sak.
446 1462 47 21 Den
510 1462 95 21 kommer
621 1463 5 20 i
642 1462 41 21 alla
697 1462 35 21 fall
747 1464 31 19 att
794 1461 86 21 komma

55 1489 83 21 likadan
162 1489 91 27 tillbaka,
274 1492 21 25 ty
311 1491 35 20 det
366 1492 23 19 är
405 1497 25 14 en
447 1497 37 14 ren
501 1491 122 26 omöjlighet
639 1491 31 20 tör
686 1491 104 21 utskottet
806 1491 31 19 att
854 1489 26 27 gä
