1086 1775
186 123 42 21 466
490 130 110 20 Offentligt
612 130 96 21 register.
938 130 12 17 3
962 130 48 20 maj.

186 198 68 20 skulle
277 200 76 25 utgöra
377 199 26 20 12
425 198 29 26 år,
477 198 62 22 hafva
561 199 71 27 utgått
654 198 46 22 från
723 199 40 21 den
781 198 187 28 förutsättningen,
979 201 31 19 att

186 228 30 19 ett
237 226 59 26 barn,
318 226 65 22 innan
405 227 36 21 det
464 228 46 20 nått
525 228 69 20 denna
609 228 64 25 ålder,
689 228 38 20 har
742 227 81 21 tillhört
838 228 109 21 lutherska
962 228 47 26 kyr-

185 254 40 21 kan
248 255 39 21 och
310 255 83 21 erhållit
408 256 6 20 i
431 256 73 21 skolan
521 256 153 26 undervisning
689 256 6 21 i
712 256 39 21 den
767 256 243 26 evangelisk-lutherska

185 283 64 26 läran,
265 283 40 21 och
322 286 31 18 att
372 284 75 21 barnet
463 284 57 21 därför
548 285 67 20 borde
631 291 50 14 vara
696 288 73 23 moget
783 287 32 18 att
830 284 78 27 afgöra,
923 291 35 14 om
974 285 36 20 det

189 311 36 21 vill
248 313 77 20 stanna
339 313 7 20 i
361 312 86 27 kyrkan,
463 313 26 20 då
506 287 137 57 Poräldrarna
659 313 61 27 skilja
735 313 33 27 sig
783 313 98 21 därifrän.
911 313 42 21 Det
968 313 41 24 fall,

186 347 45 14 som
254 341 7 20 i
284 340 69 21 denna
375 341 101 26 paragraf
497 341 132 26 förutsättes,
652 344 23 18 är
693 342 45 21 icke
754 342 123 21 detsamma.
906 342 46 21 Här
968 342 41 21 kan

184 368 133 22 förekomma
338 371 31 19 att
391 370 53 21 barn
467 370 45 21 icke
534 370 62 21 hafva
614 370 84 21 erhållit
716 371 69 26 någon
807 371 155 26 undervisning
977 370 32 21 uti

185 397 110 21 lutherska
319 397 58 22 läran
399 398 39 21 och
462 399 80 20 således
561 399 7 20 i
587 399 35 20 det
645 401 59 19 stora
727 399 47 21 hela
795 401 37 19 äro
848 399 98 21 likstälda
961 399 48 20 med

185 432 109 20 personer,
317 433 45 14 som
379 427 76 21 utifrån
472 427 49 27 vilja
536 428 84 20 inträda
634 428 7 20 i
657 427 86 27 kyrkan.
773 428 61 21 Inom
851 427 105 22 utskottet
970 427 38 21 har

185 454 64 21 också
264 455 63 26 ingen
343 455 90 22 medlem
448 456 61 27 yrkat
522 456 27 27 på
560 456 70 21 denna
640 456 218 27 åldersbestämnings
870 456 139 21 nedsättande

184 483 32 20 till
232 483 27 21 12
274 483 29 22 år.

254 541 68 21 Sedan
346 541 150 22 diskussionen
519 542 52 21 härå
594 542 114 21 förklarats
729 542 99 26 afslutad,
843 542 125 21 framstälde
983 542 25 21 hr

184 569 122 22 talmannen
322 570 91 27 följande
429 571 289 27 omröstningsproposition:

253 627 39 26 De,
308 627 74 21 hvilka
399 628 118 27 godkänna
538 628 110 21 utskottets
662 628 83 28 förslag
762 628 35 21 till
813 628 78 28 lydelse
906 628 36 28 för
958 630 12 24 $
988 629 18 26 6,

183 657 59 19 rösta
252 656 40 26 ja;
308 656 30 26 de,
355 656 34 21 det
403 656 45 21 icke
462 659 59 25 göra,
537 658 59 19 rösta
611 657 48 27 nej;

252 684 80 21 vinner
352 686 41 26 nej,
409 685 42 21 har
469 685 175 27 borgareståndet
659 686 37 27 för
710 686 73 20 denna
797 686 112 27 paragraf
920 686 88 26 antagit

183 713 41 20 den
241 713 79 27 lydelse
334 714 28 20 hr
378 714 109 20 Sundvall
501 714 119 28 föreslagit.

253 770 49 21 Med
318 770 155 27 öfvervägande
485 771 23 27 ja
522 771 45 21 blef
581 772 115 20 utskottets
712 772 80 26 förslag
807 774 92 24 antaget.

252 828 10 20 I
278 828 115 26 anledning
407 828 23 21 af
444 828 11 28 $
471 829 11 20 7
498 828 70 21 anhöll

251 884 25 21 hr
292 884 85 21 Idman
394 891 34 14 om
445 885 61 20 ordet
521 885 39 20 och
574 886 92 25 yttrade:
690 885 149 21 Valiokunnan
857 886 148 20 suomenkieli-

182 919 37 14 sen
246 913 116 20 mietinnön
387 913 28 21 20
434 913 23 27 ja
479 914 23 19 21
525 913 84 21 sivuilla
631 913 103 22 ilmoittaa
757 913 128 26 valiokunta,
904 916 44 19 että
967 920 37 15 sen

183 941 139 21 vähemmistö
344 941 28 21 oli
390 942 101 23 vaatinut,
507 944 43 19 että
568 949 51 14 sana
639 942 150 21 »loukkaavia»
811 943 131 20 viimeisessä
960 949 44 14 mo-

182 970 102 20 mentissa
300 970 131 21 seitsemättä
446 971 87 26 pykälää
546 971 124 26 jätettäisiin
687 971 153 20 ehdotuksesta
855 971 53 26 pois,
921 971 23 26 ja
958 971 46 21 ker-

181 1002 36 17 too
241 999 63 20 sitten
328 1005 26 14 ne
370 1001 51 24 syyt,
442 999 71 26 joiden
537 999 77 20 tähden
633 999 143 21 valiokunnan
795 999 125 21 enemmistö
937 1000 19 20 ei
971 1000 33 21 ole

181 1027 76 20 voinut
277 1027 63 26 yhtyä
355 1027 142 21 valiokunnan
513 1027 155 22 vähemmistön
684 1027 166 22 vaatimukseen.
879 1028 59 21 Minä
957 1028 47 21 olen

180 1055 136 21 tarkastanut
331 1056 51 20 niitä
397 1056 155 25 vastalauseita,
565 1056 54 27 joita
634 1056 64 21 tähän
714 1056 125 21 mietintöön
855 1063 27 14 on
898 1057 76 26 liitetty
981 1057 24 26 ja

177 1084 73 26 joiden
276 1084 77 21 takana
372 1084 59 27 juuri
447 1087 36 18 tuo
499 1085 140 20 vähemmistö
651 1091 33 19 on,
697 1085 23 26 ja
735 1085 48 20 olen
799 1085 139 26 huomannut,
954 1086 50 20 ettei

180 1112 146 26 vähemmistö,
349 1113 18 20 ei
389 1113 102 20 ainakaan
514 1115 73 23 enään,
603 1113 61 21 vaadi
687 1114 131 22 ainoastaan,
835 1115 43 19 että
899 1115 37 19 tuo
952 1120 52 15 sana

181 1141 150 20 »loakkaavia»
356 1141 124 26 jätettäisiin
503 1142 53 26 pois.
579 1148 53 14 vaan
656 1144 44 19 että
722 1142 56 21 koko
801 1142 60 21 lause
881 1142 122 21 »kuitenkin

179 1169 64 21 ilman
265 1169 126 21 loukkaavia
409 1170 186 27 hautausmenoja»
613 1170 158 27 poistettaisiin,
784 1170 60 27 joten
861 1171 37 21 siis
914 1171 89 27 pykälän

179 1200 96 19 määräys
298 1198 182 27 yksinkertaisesti
501 1199 58 21 tulisi
579 1199 90 25 oleman,
686 1201 42 19 että
743 1199 121 21 rekisteriin
880 1199 122 27 kirjoitetun

179 1226 99 21 henkilön
300 1227 81 21 ruumis
405 1228 97 23 saadaan,
525 1227 43 21 kun
592 1228 96 26 säädetyt
710 1228 87 20 maksut
817 1230 50 18 ovat
882 1228 120 26 suoritetut,

178 1257 60 24 myös
266 1255 92 21 haudata
381 1255 231 27 kirkkoyhdyskunnan
637 1256 189 21 hautausmaahan.
856 1256 94 21 Minusta
974 1263 28 14 on

179 1285 102 25 määräys,
301 1284 66 26 johon
391 1284 19 20 ei
433 1284 158 21 minkäänlaisia
614 1284 71 27 ehtoja
702 1284 34 21 ole
751 1286 73 25 pantu,
840 1285 96 26 parempi
951 1285 51 21 kuin

178 1312 146 21 tuommoinen
347 1312 48 21 ehto
413 1312 159 22 »loukkaavista
590 1313 218 21 hautausmenoista».
838 1314 98 20 Mainittu
953 1313 49 21 ehto

178 1340 53 21 voisi
247 1340 83 21 ainakin
346 1340 107 22 aiheuttaa
467 1341 70 27 riitoja
552 1342 54 24 siitä,
622 1342 66 20 mitkä
703 1344 50 18 ovat
765 1341 126 21 loukkaavia
901 1342 100 21 hautaus-

177 1368 90 27 menoja,
289 1369 66 21 mitkä
375 1370 61 20 eivät.
465 1370 89 20 Muuten
578 1370 88 20 tukevat
680 1376 27 15 ne
722 1370 127 26 perustelut,
862 1370 60 26 joilla
938 1370 63 21 valio-

177 1396 87 22 kunnan
287 1398 126 20 enemmistö
429 1404 26 15 on
472 1400 138 19 vastustanut
624 1399 125 20 ainoastaan
765 1405 66 15 sanan
849 1398 150 22 »loukkaavia»

177 1425 169 27 poisjättämistä,
367 1426 50 26 yhtä
439 1426 82 27 hyvästi
541 1427 23 26 ja
586 1427 54 21 vielä
662 1427 119 26 paremmin
805 1427 45 25 sitä,
873 1429 44 19 että
931 1427 70 21 kaikki

176 1455 73 19 nämät
270 1454 55 26 neljä
344 1461 65 15 sanaa
421 1455 125 26 jätettäisiin
562 1455 53 26 pois.
645 1456 75 20 Minun
737 1455 144 21 ehdotukseni
895 1455 48 21 olisi
958 1456 42 24 siis,

176 1483 44 19 että
236 1483 73 20 7:neen
326 1483 31 26 S:n
370 1483 129 21 viimeisestä
514 1484 136 20 momentista
666 1483 56 27 neljä
734 1483 105 22 viimeistä
850 1490 70 19 sanaa,
931 1484 69 21 nimit-

175 1511 43 20 täin
230 1513 63 18 sanat
302 1511 122 21 »kuitenkin
433 1511 62 22 ilman
504 1511 126 22 loukkaavia
638 1512 198 27 hautausmenoja»,
845 1512 155 27 poistettaisiin.
