1025 1686
336 100 19 17 R
368 105 17 12 o.
398 101 22 16 A.
433 101 55 16 1891.
512 101 14 16 4
538 101 48 20 Maj.
806 96 40 20 749

115 180 73 21 vinner
204 179 39 27 nej,
260 179 168 22 äterremitteräs
455 181 9 19 1
482 186 63 15 mom.
562 181 32 20 till
610 180 106 21 utskottet
731 180 33 20 för
784 183 30 18 att
831 187 42 14 om-

46 208 128 21 formuleras
197 208 5 21 i
234 208 77 21 sådant
338 208 54 27 syfte
416 210 32 19 att
480 209 196 26 begynnelseorden
704 225 4 9 ,
712 209 88 21 Skadas
825 210 52 20 eller

46 236 130 21 förkommer
198 243 57 18 vara,
278 237 53 20 skall
348 237 119 26 ersättning
483 237 71 20 derför
569 237 105 26 utgifvas'*
692 243 17 14 0.
726 243 16 14 s.
758 244 18 13 v.
789 238 86 26 utbytas

48 267 57 19 emot
121 265 77 20 orden:
225 282 4 8 ,
232 265 138 26 Ersättning,
387 271 45 15 som
448 265 66 26 enligt
531 266 11 26 $
559 266 12 20 8
587 265 54 21 skall
657 265 97 27 utgifvas,
771 266 104 20 beräknas

46 293 55 21 efter
116 293 74 21 värdet
206 300 17 14 o.
241 300 14 14 s.
273 299 18 14 v.

116 350 74 20 Denna
205 350 133 26 proposition
354 350 129 21 besvarades
499 351 47 20 med
563 350 153 26 öfvervägande
733 351 40 26 nej,
783 351 32 21 till
823 350 52 27 följd

48 378 75 21 hvaraf
138 380 8 18 1
165 385 64 14 mom.
245 378 66 21 borde
327 378 32 21 till
376 379 106 21 utskottet
498 378 175 26 äterremitteras,
685 378 33 22 för
727 379 148 26 undergäende

47 407 23 20 af
86 407 154 21 ofvannämnda
256 407 179 26 omformulering.

116 463 33 21 Dä
165 470 61 14 mom.
244 464 11 20 2
272 470 28 14 nu
316 466 47 24 togs
379 464 6 20 i
402 464 163 26 öfvervägande,
583 464 126 20 hemställde

117 520 56 21 Frib.
189 520 24 21 R.
231 521 24 20 A.
273 520 109 24 Wrede,
399 521 105 20 huruvida
519 521 46 21 icke
582 522 10 25 $
609 521 5 21 i
631 522 31 20 sin
678 521 71 21 helhet
765 522 70 20 kunde
845 521 32 21 till

49 549 105 20 utskottet
178 549 174 24 äterremitteras,
376 549 32 20 för
432 551 32 18 att
482 550 73 19 ställas
571 550 7 19 i
594 550 219 20 öfverensstämmelse
829 550 48 20 med

49 577 37 21 det
101 577 22 21 af
137 577 23 21 R.
179 584 18 14 o.
215 577 22 21 A.
255 580 72 18 senast
343 577 81 21 fattade
440 577 99 21 beslutet.

119 633 44 22 Och
187 640 44 15 som
255 634 24 21 R.
303 641 18 14 o.
347 635 23 20 A.
390 634 26 26 pä
434 634 30 21 Hr
481 635 218 20 Landtmarskalkens
714 635 71 21 derom
802 635 75 26 gjorda

49 663 132 26 proposition
204 663 73 20 härtill
299 662 67 26 biföll,
386 662 44 21 blef
445 663 89 20 sålunda
551 663 12 26 S
579 663 5 20 i
601 664 30 20 sin
648 663 71 22 helhet
735 663 142 22 äterremitte-

50 691 38 21 rad
103 691 31 20 till
150 691 106 21 utskottet
271 691 6 20 i
294 691 62 21 ofvan
372 691 75 26 antydt
467 692 106 20 afseende.

118 749 27 26 $$
164 749 25 20 10
205 748 40 21 och
264 750 20 19 11
303 749 89 26 gillades
408 751 52 18 utan
476 749 145 26 anmärkning.

119 805 40 21 Vid
175 805 14 27 8
207 806 24 20 12
248 805 85 27 yttrade

118 862 50 20 Frih
199 862 23 20 R.
247 863 25 19 A.
295 861 107 22 Wrede:
433 862 70 21 Jemte
527 862 35 21 det
581 863 36 25 jag
634 862 37 21 ber
686 862 20 20 få
722 862 109 24 anmärka,
847 864 32 18 att

50 890 170 26 uppställningen
237 890 23 21 af
274 890 70 21 denna
361 891 25 20 12
402 891 11 27 8
430 891 58 20 öfver
504 891 80 20 hufvud
600 891 47 20 icke
663 897 60 19 synes
739 892 41 24 mig
796 890 83 27 lycklig,

50 919 36 20 vill
100 919 36 26 jag
152 919 55 20 dock
222 919 46 21 icke
284 921 52 24 göra
353 919 79 26 förslag
448 926 33 14 om
498 926 46 14 mer
559 921 27 19 än
603 921 30 19 ett
649 919 91 27 uttryck,
757 919 79 20 hvilket
849 919 30 20 fö-

50 948 85 20 refaller
156 947 43 26 mig
221 948 104 20 innebära
340 954 25 14 en
382 954 40 20 nog
444 948 97 20 vårdslös
561 948 118 20 redaktion.
711 947 40 21 Det
769 947 59 21 heter
844 948 6 19 i
867 948 12 20 5

50 982 62 14 mom.
138 992 4 8 ,
145 976 38 24 De
199 976 86 26 möjliga
301 976 58 20 aftal
377 982 45 15 som
438 979 36 23 egt
489 977 68 24 rum",
573 976 6 20 i
595 976 72 20 stället
682 976 32 21 för
730 976 25 20 de
766 976 58 24 aftal,
834 982 45 14 som

52 1004 98 26 möjligen
167 1007 35 23 egt
218 1006 67 19 rum."
310 1005 40 26 Jag
366 1004 68 21 skulle
450 1004 119 26 hemställa,
586 1007 32 18 att
634 1004 35 21 det
685 1004 67 21 blefve
770 1004 110 21 öfverlem-

51 1033 52 20 nadt
126 1032 22 21 åt
173 1033 53 25 Lag-
242 1033 39 21 och
298 1033 212 21 Ekonomiutskottet
526 1035 33 18 att
574 1034 56 20 rätta
646 1033 68 20 denna
730 1032 102 26 felaktiga
848 1039 32 14 re-

52 1061 93 21 daktion.

120 1117 58 20 Frih.
202 1124 52 14 von
280 1118 88 20 Born:
399 1118 40 25 Jag
454 1118 44 20 kan
513 1118 46 20 icke
575 1117 113 21 underlåta
702 1119 32 18 att
750 1117 130 20 understöda

52 1145 108 27 förslaget,
177 1148 22 24 ty
215 1146 39 20 här
270 1146 42 20 kan
328 1146 34 20 väl
377 1146 46 21 icke
439 1152 53 15 vara
506 1146 61 26 fråga
583 1153 34 14 om
633 1146 99 26 omöjliga
748 1145 56 21 aftal.

121 1202 48 21 Med
195 1203 114 26 anledning
332 1202 22 21 af
376 1203 36 20 det
433 1202 90 21 sålunda
538 1202 75 27 gjorda
629 1202 103 27 yrkandet
749 1202 132 26 uppställdes

52 1231 32 21 till
109 1231 100 21 Ståndets
235 1231 132 21 besvarande
391 1237 25 15 en
442 1231 274 27 omröstningsproposition
742 1231 22 20 af
788 1230 93 26 följande

52 1260 91 26 lydelse:

121 1316 54 26 Den,
190 1322 45 15 som
251 1316 123 26 godkänner
390 1317 12 25 $
419 1318 25 19 12
461 1316 137 25 oförändrad,
615 1317 71 20 röstar
700 1316 32 26 ja;

122 1373 73 20 vinner
217 1372 41 26 nej,
282 1373 168 20 äterremitteras
474 1372 37 27 &:n
532 1373 31 20 till
579 1372 107 21 utskottet
702 1372 32 21 för
750 1374 30 18 att
800 1372 2 19 i
818 1377 63 15 mom.

54 1401 12 20 5
82 1401 86 26 vidtaga
184 1401 39 21 den
240 1401 125 25 förändring
380 1401 57 20 Frih.
454 1401 80 21 Wrede
549 1401 116 25 föreslagit.

123 1456 44 21 Och
183 1457 27 21 dä
226 1457 70 21 denna
312 1463 60 21 prop.
389 1458 23 20 af
427 1457 91 21 Ständet
534 1457 127 21 besvarades
677 1457 47 21 med
739 1456 88 21 allmänt
843 1456 40 26 nej,

55 1486 56 20 hade
134 1485 91 21 Ständet
245 1485 94 21 beslutat
356 1485 160 22 återremittera
531 1486 12 26 $
561 1486 24 20 12
602 1485 32 21 till
650 1485 104 21 utskottet
769 1485 33 20 för
818 1490 67 15 omre-

124 1526 36 15 N:o
173 1530 28 14 24.
792 1523 23 17 48
