1025 1686
163 94 41 21 916
418 99 25 15 R.
456 104 17 12 o.
490 100 18 15 A.
523 99 56 17 1891.
603 99 21 16 11
638 99 12 11 M

134 178 86 21 komma
243 178 67 21 under
330 185 81 14 samma
433 178 103 27 kategori.
568 178 48 21 Men
637 184 28 15 nu
681 179 25 20 är
721 177 65 24 fallet,
803 179 31 20 att
850 179 58 19 utom
924 179 42 18 sät-

134 209 46 18 tare
204 206 70 21 finnas
295 207 6 20 i
324 207 144 26 tryckerierna
484 207 65 20 också
565 207 66 20 andra
646 206 106 25 arbetare,
768 206 105 27 nämligen
889 205 26 21 de
931 205 34 20 vid

135 241 120 20 pressarna,
281 241 45 15 som
342 236 5 19 i
365 235 78 26 vanligt
465 235 29 21 tal
510 235 68 21 kallas
593 235 105 26 tryckare,
716 234 38 21 och
770 235 27 21 dä
813 235 59 20 desse
888 233 78 22 beträf-

134 263 62 21 fande
218 263 250 26 afiöningsförhällanden
484 265 33 19 stå
536 263 87 22 alldeles
643 263 7 20 i
667 263 127 26 jemnbredd
817 263 47 21 med
879 264 86 24 sättare,

134 291 39 21 och
189 291 58 21 såväl
263 294 79 18 sättare
358 298 45 14 som
420 292 97 26 tryckare
542 291 62 22 hafva
619 291 32 21 sin
667 297 157 21 gemensamma
839 290 128 27 benämning

134 320 21 21 af
176 320 349 26 ,boktryckerikonstförvandter'*
547 326 50 15 vore
619 320 35 21 det
682 322 43 18 rätt
751 322 32 19 att
810 319 99 22 förändra
933 321 33 19 ut-

134 348 85 28 trycket
234 349 102 23 ,sättare”
352 348 31 21 till
400 348 358 27 ,,boktryckerikonstförvandter''.

205 405 58 21 Frih.
285 405 139 21 Johannes
440 405 175 27 Gripenberg:
645 405 41 26 Jag
701 405 38 21 ber
755 407 31 19 att
802 405 20 21 få
837 404 131 22 understöda

136 433 57 21 Frih.
210 440 41 14 von
267 434 68 21 Borns
352 434 83 26 förslag,
459 436 32 19 att
510 434 73 26 hvarje
598 434 134 26 bestämning
755 440 33 14 om
804 433 164 27 lysningssedels

135 462 138 26 betungande
297 462 48 21 med
367 462 147 27 stämpelskatt
537 462 53 21 skall
614 462 43 21 helt
683 462 39 21 och
738 462 66 21 hållet
820 462 51 26 utgå
887 468 24 14 ur
927 461 42 21 för-

135 490 75 26 slaget.

206 548 31 20 Hr
253 548 24 20 L.
294 547 140 21 Mechelin:
450 547 41 26 Jag
506 548 39 20 ber
560 547 21 21 få
596 547 131 21 understöda
736 547 32 20 Hr
780 546 131 22 Schaumans
926 546 43 21 för-

136 575 46 27 slag
205 575 32 21 till
261 575 253 27 redaktionsförändring.
546 575 61 22 Hvad
624 575 131 21 vidkommer
770 575 58 21 Frih.
844 581 41 15 von
901 575 68 21 Borns

135 604 80 26 förslag
231 604 81 23 derom,
327 605 33 20 att
376 611 47 14 man
440 604 64 21 borde
520 603 87 22 afskaffa
623 603 167 27 beskattningen
807 603 88 21 medelst
904 605 63 19 stäm-

136 632 95 27 pelafgift
247 633 14 20 &
277 633 169 26 lysningssedlar,
462 633 23 20 sä
501 632 68 21 skulle
583 633 36 26 jag
634 633 32 20 för
679 632 43 21 min
738 632 34 21 del
789 632 63 21 också
868 631 57 22 finna
934 632 35 21 det

138 661 7 20 i
160 661 78 26 många
255 661 113 20 afseenden
385 661 125 23 tilltalande,
534 667 46 14 men
597 663 32 18 att
644 667 28 14 nu
690 660 132 21 omedelbart
837 660 71 21 skrida
925 660 45 21 der-

137 688 39 27 till,
199 695 50 15 vore
274 689 53 21 dock
348 691 32 19 att
394 691 51 24 göra
460 689 36 21 det
511 691 52 19 utan
579 689 124 26 erforderlig
719 689 121 26 beredning.
873 689 39 20 Om
933 689 37 26 jag

136 717 47 21 icke
205 718 113 25 misstager
341 718 50 26 mig,
406 719 62 25 utgör
483 718 120 21 inkomsten
619 723 77 20 genom
713 717 153 27 lysningssedel
883 723 24 15 en
924 717 45 21 icke

136 747 24 20 sä
183 745 61 27 ringa
268 745 33 22 del
323 745 23 22 af
372 745 342 28 stämpelbevillningsinkomsten.
745 746 32 21 En
804 745 119 27 minskning
949 745 23 21 af

138 774 36 21 det
197 781 28 14 nu
249 774 123 27 päräknade
395 775 183 20 skatteresultatet
599 774 66 21 borde
688 774 47 21 icke
758 776 63 24 göras
836 775 23 20 sä
875 773 96 27 plötsligt

136 804 52 19 utan
205 809 26 14 en
252 805 98 19 närmare
372 803 141 21 förberedelse
535 803 38 20 och
589 803 123 26 beräkning.
744 803 42 20 Det
802 802 39 21 har
857 803 113 22 dessutom,

137 837 35 15 om
188 837 49 14 man
254 831 65 21 ocksä
334 831 42 21 kan
392 833 56 24 säga,
472 833 32 19 att
521 831 68 21 denna
604 831 120 21 skattetitel
738 831 48 21 icke
802 833 24 19 är
841 831 48 20 fullt
905 830 66 21 ratio-

136 858 42 26 nel,
202 861 82 19 ansetts
307 860 29 25 sä,
362 861 31 19 att
415 860 25 20 de
455 859 66 27 fleste,
537 861 40 19 när
592 860 25 20 de
633 859 72 21 betala
721 860 129 25 densamma,
867 861 52 24 göra
935 858 36 21 det

136 887 31 21 uti
191 894 26 14 en
239 888 183 26 sinnesstämning,
446 888 26 21 dä
494 888 25 21 de
535 888 46 21 icke
597 887 70 21 alltför
684 888 84 26 mycket
784 890 36 18 äro
837 889 57 19 emot
910 886 61 27 utgif-

136 918 41 18 ter.
209 916 43 21 För
269 916 113 21 framtiden
398 916 48 21 ville
458 916 37 26 jag
510 916 130 21 understöda
655 916 109 26 förslaget,
782 922 47 15 men
846 916 46 21 icke
908 922 33 14 nu.

207 972 32 22 Hr
262 972 200 22 Wallensköld:
493 973 40 26 Jag
556 973 35 21 vill
615 973 75 21 endast
712 972 56 22 fästa
792 973 36 21 det
849 972 121 27 Höglofliga

137 1000 102 22 Ständets
262 1001 188 26 uppmärksamhet
474 1002 27 26 pä
523 1003 32 19 ett
577 1001 91 27 språkfel
685 1002 6 20 i
706 1001 161 27 ifrågavarande
883 1003 17 24 $.
931 1001 39 21 Ut-

137 1029 82 21 skottet
233 1029 41 21 har
290 1030 37 20 der
342 1029 100 27 företagit
457 1036 25 15 en
498 1030 122 26 förändring
639 1029 22 22 af
679 1030 76 21 formel
777 1032 70 19 natur.
877 1030 42 21 Det
935 1030 36 20 he-

137 1059 34 19 ter
186 1058 105 26 nämligen
308 1058 6 20 i
329 1058 68 26 punkt
413 1060 19 24 a)
450 1059 41 20 1:o:
508 1074 12 10 JA
557 1058 93 24 militär-,
667 1058 73 24 civilt-,
758 1058 163 21 ecklesiastiskt-
932 1058 39 21 och

137 1086 225 24 skollärareembete*,
379 1093 18 14 o.
413 1093 15 14 s.
442 1093 18 14 v.
485 1087 60 21 Efter
561 1087 64 21 orden
643 1086 86 25 ,,civilt'*
745 1087 39 21 och
800 1086 170 26 ,ecklesiastikt'*

137 1114 114 21 förefinnes
276 1117 30 18 ett
327 1114 139 24 bindestreck,
483 1115 80 21 hvilket
579 1117 24 19 är
618 1115 5 20 i
639 1115 106 26 spräkligt
761 1114 99 22 afseende
877 1115 93 26 oriktigt.

138 1142 51 21 Man
212 1143 42 20 kan
278 1142 47 21 icke
349 1143 43 21 tala
408 1149 33 15 om
458 1143 195 26 ,,civila-embeten*
671 1143 41 21 och
728 1142 243 27 ,,ecklesiastika-embe-

138 1172 50 19 ten'*
206 1171 70 21 såsom
293 1173 151 19 sammansatta
460 1172 44 21 ord.
535 1171 40 27 Jag
591 1171 67 22 skulle
674 1171 72 22 derför
760 1171 86 25 föreslå,
863 1174 31 19 att
910 1171 61 22 Stän-

138 1199 44 32 det
198 1199 49 22 ville
271 1199 110 22 remittera
404 1200 69 21 denna
495 1201 69 26 punkt
586 1200 32 21 till
633 1200 108 21 utskottet
757 1200 6 21 i
779 1200 39 21 och
834 1199 32 22 för
882 1200 89 21 omredi-

137 1233 82 21 gering.

208 1283 31 22 Hr
255 1283 74 22 Rein:
351 1285 47 20 Den
414 1285 144 27 anmärkning,
575 1292 44 15 som
635 1285 59 22 Frih.
712 1292 40 15 von
767 1285 108 26 Knorring
890 1285 80 26 gjorde,

138 1313 32 20 att
193 1313 110 26 uttrycket
326 1315 83 21 ..större
432 1314 72 26 gods',
528 1321 46 14 som
597 1314 142 21 förekommer
760 1315 12 20 ä
788 1313 38 22 sid.
845 1315 26 20 18
887 1313 22 22 af
924 1313 47 21 nåd.

137 1346 70 21 prop.,
223 1347 51 15 vore
290 1342 58 21 svårt
364 1343 32 20 att
410 1342 66 24 tolka,
492 1342 42 21 kan
549 1342 62 22 hafva
627 1343 32 20 sin
674 1342 110 27 riktighet,
800 1348 48 15 men
865 1342 35 21 det
911 1341 61 21 torde

138 1368 65 22 blifva
219 1370 85 26 mycket
319 1371 59 20 svärt
393 1372 32 19 att
440 1370 6 21 i
462 1371 72 26 sjelfva
549 1371 150 26 författningen
716 1371 128 20 härutinnan
855 1370 70 21 införa
936 1371 36 20 nä-

138 1403 42 19 gon
203 1397 142 27 bestämning,
369 1405 45 14 som
436 1399 66 21 skulle
526 1399 63 21 blifva
611 1399 47 21 fullt
673 1399 105 27 praktisk.
808 1399 112 21 Utskottet
935 1398 38 21 h.r

137 1425 48 21 icke
200 1425 89 22 tilltrott
302 1427 31 26 sig
349 1429 32 19 att
403 1427 69 21 kunna
495 1430 97 18 närmare
607 1428 119 20 bestämma
742 1427 58 21 detta
816 1427 100 26 begrepp,
933 1427 39 21 och

138 1455 56 19 trott
220 1456 32 19 att
275 1454 35 22 det
332 1454 113 22 framdeles
464 1456 69 21 såsom
549 1456 75 21 hittills
640 1456 68 21 borde
723 1455 21 22 få
759 1455 51 22 bero
827 1456 27 26 på
869 1455 103 21 vederbö-

139 1482 80 22 randes
236 1483 99 21 omdöme
358 1486 32 18 att
405 1484 21 21 in
442 1490 49 15 casu
505 1484 124 25 bestämma,
646 1486 39 20 när
701 1486 32 19 ett
748 1484 52 26 gods
816 1483 54 22 skall
886 1484 87 21 betrak-
