1025 1686
177 105 41 20 934
428 110 25 17 R.
466 115 17 12 o.
495 111 22 16 A.
531 111 56 16 1891.
611 111 22 17 13
646 111 48 20 Maj.

276 257 156 33 Onsdagen
450 257 57 27 den
531 257 33 27 13
583 257 57 33 Maj
661 257 41 27 kl.
723 257 30 26 11
773 257 19 26 f.
813 265 38 19 m.

216 326 113 21 Protokoll
352 325 58 22 öfver
433 325 101 22 Ständets
549 326 35 20 vid
601 326 85 26 plenum
702 326 41 21 den
761 326 24 20 11
802 326 79 21 dennes
896 324 81 22 fattade

147 354 72 22 beslut
229 354 129 27 justerades.

408 484 129 29 Underdäniga
553 484 165 29 lyckönskningar.

218 542 50 21 Med
284 542 114 26 anledning
414 542 61 21 deraf
488 544 32 19 att
537 542 40 21 den
594 543 25 20 18
636 542 80 21 dennes
726 542 59 21 Hans
793 542 118 27 Kejserliga
921 541 56 26 Hög-

147 570 48 21 hets
221 570 133 22 Storfursten
377 570 158 27 Tronföljarens
557 570 124 27 födelsedag
702 570 113 21 inträffade
837 570 40 21 och
893 570 41 21 den
951 571 26 20 27

148 599 79 21 dennes
252 599 69 21 Deras
340 599 134 26 Majestäters
489 599 150 26 kröningsdag,
656 599 71 20 beslöt
743 599 24 20 R.
784 605 18 14 o.
819 599 24 20 A.
861 600 32 19 att
908 598 22 21 ät
947 598 31 21 Hr

147 627 209 22 Landtmarskalken
372 628 110 26 uppdraga
498 629 33 19 att
553 627 38 21 hos
606 627 60 21 Hans
681 627 112 21 Excellens
808 627 170 26 Generalguver-

148 657 68 19 nören
240 655 87 22 anhålla
350 662 34 15 om
407 656 142 21 framförarde
571 655 23 21 af
615 655 102 21 Ständets
734 656 184 26 lyckönskningar,
935 657 43 19 sär-

148 684 65 21 skildt
236 684 50 21 med
309 684 114 27 anledning
445 684 23 21 af
490 685 59 20 Hans
572 684 118 27 Kejserliga
712 683 96 27 Höghets
824 684 153 21 Storfurstens-

148 712 161 27 Tronföljarens
331 713 104 26 räddning
457 712 47 21 från
527 713 35 20 det
586 712 103 27 öfverfal!,
713 713 33 20 för
762 713 80 20 hvilket
858 712 120 27 Högstden-

148 747 81 15 samme
245 741 57 21 varit
317 743 74 19 utsatt.

219 906 32 20 Hr
267 906 207 21 Landtmarskalken
491 906 142 26 tillkännagaf
647 908 32 19 att
695 906 48 20 från
759 906 104 21 Senatens
871 906 107 20 allmänna

149 934 70 21 kansli
234 934 71 27 ingått
320 941 26 15 en
362 934 109 22 skrifvelse
487 935 48 21 med
552 935 84 26 tryckta
651 934 109 27 exemplar
776 934 22 21 af

219 991 120 21 Berättelse
364 991 33 21 till
420 991 101 21 Finlands
545 991 128 21 församlade
697 991 92 21 Ständer
808 998 34 14 om
859 990 119 27 Styrelsens

149 1019 130 27 tillgörande
295 1020 6 20 i
317 1019 113 28 anledning
452 1020 23 21 af
488 1020 130 21 Ständernas
634 1020 34 21 vid
684 1020 130 26 landtdagen
830 1020 24 20 år
871 1020 53 21 1885
941 1026 36 14 un-

149 1048 118 26 derdåniga
290 1048 89 27 petition
403 1048 90 22 rörande
509 1049 18 26 ej
543 1049 82 20 mindre
642 1055 25 14 en
692 1048 231 21 öfverensstämmande
946 1054 32 14 re-

148 1076 83 26 glering
246 1076 24 21 af
284 1077 84 21 landets
383 1077 106 27 indelning
505 1078 6 20 i
527 1077 174 26 administrativt,
722 1076 97 26 judicielt
828 1077 39 21 och
877 1077 101 21 ecklesia-

149 1104 53 21 stikt
217 1104 102 22 afseende
335 1107 26 18 än
378 1106 130 20 inrättandet
523 1105 24 21 af
560 1112 41 19 nya
617 1106 43 24 län;

219 1161 86 21 hvilken
322 1161 114 22 berättelse
452 1162 45 21 icke
513 1162 124 21 föranledde
654 1162 32 21 till
703 1161 73 21 vidare
792 1161 81 26 åtgärd.

446 1327 240 28 Bränvinslag-förslagen.

219 1383 41 21 Till
277 1384 157 26 handläggning
449 1383 110 27 föredrogs
576 1391 27 14 nu

219 1440 225 22 Ekonomiutskottets
467 1441 33 21 för
522 1441 67 20 andra
610 1440 84 27 gången
711 1440 117 26 bordlagda
844 1440 135 21 betänkande

148 1468 41 21 N:o
213 1469 12 20 3
250 1469 8 20 i
281 1469 114 26 anledning
415 1469 22 21 af
451 1469 47 21 nåd.
515 1475 59 20 prop.
591 1469 39 21 N:o
649 1471 22 19 11
690 1469 146 21 innefattande
852 1468 79 28 förslag
947 1469 32 21 till

148 1496 154 28 förordningar
324 1498 109 26 angående
456 1498 18 26 ej
499 1498 81 20 mindre
602 1497 138 27 tillverkning
755 1497 40 22 och
811 1497 126 27 distillering
952 1499 27 19 än
