1025 1686
311 111 24 17 R.
348 115 18 13 o.
378 111 23 16 A.
415 110 53 17 1891.
493 110 24 17 10
528 109 64 22 April.
797 105 41 21 603

173 185 30 26 År
221 191 52 20 1887
305 206 2 6 .
338 205 5 6 so
374 206 4 5 so
409 207 5 4 so
446 206 40 5 sov
518 206 5 5 >.
554 191 113 25 1,657,012
686 190 42 21 mk.

185 235 12 9 »
220 219 55 21 1888
303 235 4 5 .
339 235 5 5 .
376 236 3 6 .
410 235 5 5 ss
446 234 5 5 «+
482 234 4 4 «
517 234 5 5 +
553 219 114 25 2,329,693
698 235 12 10 ,,

185 263 11 10 »
220 247 55 22 1889
304 263 2 5 <
410 263 113 5 L.
555 247 113 26 1,699,086
698 263 12 11 >,

185 290 12 12 »
219 276 55 20 1890
301 292 4 4 .
338 292 4 4 .
373 291 41 5 so.
446 291 4 4 >
482 292 4 3 >
555 276 114 25 1,993,540
700 291 12 9 ,

424 315 98 21 Summa:
554 315 112 27 7,679,331
686 315 42 21 mk.

36 384 51 21 eller
102 384 6 20 i
124 384 101 21 medeltal
241 383 33 21 för
289 384 64 21 dessa
368 383 46 27 fyra
430 384 25 21 år
470 384 54 21 Fmk
541 384 121 26 1,919,833.

103 412 76 26 Någon
195 412 100 21 säkerhet
310 414 33 20 att
358 412 24 21 så
398 414 56 20 stort
474 412 78 27 belopp
568 412 69 21 skulle
653 411 74 27 inflyta
742 418 76 20 genom
833 418 35 15 ac-

35 441 30 21 cis
85 441 28 27 på
128 441 67 21 tobak
210 440 67 22 finnes
293 441 26 26 ej,
335 441 83 21 hvilket
432 441 79 27 belopp
527 441 108 21 sannolikt
651 440 47 22 icke
714 440 68 22 skulle
798 440 69 26 nedgå

36 472 51 18 utan
110 469 87 21 komma
219 471 32 19 att
267 470 61 26 stiga.
360 470 74 20 Skulle
450 476 28 14 nu
493 470 134 26 Regeringen
643 468 27 28 gå
686 469 20 21 in
722 468 27 28 på
765 470 33 20 att
812 475 55 15 sam-

35 498 82 21 manslä
132 498 41 21 tull
189 498 40 21 och
243 498 116 26 bevillning
374 498 28 26 på
417 498 67 21 tobak
499 498 33 21 till
548 504 26 15 en
589 498 88 21 tullsats
689 497 33 21 för
731 497 73 25 tobak,
812 499 55 19 samt

35 526 23 21 af
72 527 41 21 den
127 526 116 28 inflytande
259 526 146 22 tobakstullen
420 526 82 27 årligen
518 526 107 22 öfverföra
641 526 32 22 till
689 526 149 21 militieverket
854 527 13 19 2

36 555 98 26 miljoner
150 555 67 25 mark,
233 555 24 20 så
271 555 70 21 blefve
356 555 77 26 frågan
448 555 43 21 löst
506 555 29 26 på
550 557 31 19 ett
596 555 97 20 utmärkt
700 556 49 19 sätt.
772 554 95 21 Tobaks-

37 583 138 27 beskattning
197 589 76 21 genom
297 584 55 21 accis
374 583 40 22 har
429 584 7 20 i
451 583 104 22 Amerika
569 583 94 21 medfört
679 584 59 20 stora
752 583 114 21 missbruk.

36 612 11 21 I
69 612 106 27 Ryssland
197 612 39 21 har
255 612 78 27 olaglig
350 612 137 27 tillverkning
502 612 40 21 och
557 611 125 28 försäljning
698 611 22 21 af
733 611 67 21 tobak
815 611 52 21 kon-

37 642 101 19 staterats
154 641 40 20 och
209 641 62 21 äfven
286 641 40 20 här
341 640 69 22 skulle
426 642 32 20 ett
473 641 160 26 depraverande
641 640 143 27 kringgående
793 639 23 21 af
824 639 43 21 för-

36 669 119 26 fattningen
175 669 36 21 vid
233 669 145 27 tillverkning,
400 669 127 27 försäljning
550 669 39 22 och
610 669 141 26 förbrukning
766 668 23 21 af
802 675 25 14 en
843 667 24 22 så

37 698 89 21 allmänt
149 697 73 27 spridd
244 704 59 20 vara,
326 704 46 15 som
390 698 68 21 tobak
474 704 52 15 vara
540 699 33 20 att
587 697 90 21 förutse.
708 697 102 21 Deremot
825 697 42 20 blir

36 726 145 21 förhållandet
196 726 45 21 helt
262 726 140 27 annorlunda,
419 733 34 14 om
469 726 93 21 tobaken
579 726 139 21 beskattades
733 731 75 21 genom
818 725 49 21 tull-

38 757 78 19 satsen.
146 755 145 26 Tillverkning
307 755 39 21 och
361 755 127 26 försäljning
504 755 23 20 af
540 755 95 21 fabrikat
653 754 39 21 och
708 754 76 21 råvara
798 754 70 21 blefve

37 783 70 22 såsom
130 783 59 21 förut
211 789 26 16 en
259 783 28 21 fri
309 783 76 27 näring
408 783 39 22 och
471 783 168 22 öfvervakandet
661 783 24 20 af
705 783 61 26 olaga
780 782 88 21 införsel

38 812 67 21 skulle
128 812 47 21 icke
197 811 96 22 medföra
315 812 70 26 någon
407 814 61 19 extra
489 812 92 21 kostnad
598 812 27 21 då
641 818 26 15 en
683 811 185 26 accisförvaltning

36 840 34 21 för
92 842 32 19 att
144 846 53 15 vara
213 840 91 26 effektiv,
319 841 69 20 måste
404 841 66 20 blifva
486 841 44 26 dyr.
547 852 28 3 —
590 840 41 26 Jag
646 839 98 21 anbåller
758 840 110 20 vördsamt

36 870 47 48 att,
93 869 58 21 detta
173 869 111 21 uttalande
304 868 68 22 måtte
394 868 22 22 få
431 868 76 28 åtfölja
523 869 41 21 den
579 868 48 21 nåd.
643 874 87 21 prop:ns
744 868 76 21 remiss
835 868 33 20 till

36 899 88 19 utskott.

106 960 32 21 Hr
160 960 23 21 L.
207 959 185 27 Gripenberg:
423 960 47 21 Den
491 960 144 26 beskattning,
652 965 46 15 som
714 960 39 20 den
768 965 29 14 nu
812 958 56 21 före-

37 988 99 27 liggande
158 988 49 21 nåd.
231 994 60 21 prop.
314 988 98 25 föreslår,
434 990 30 24 är,
488 988 70 22 såsom
581 989 66 20 redan
663 988 23 21 af
700 988 25 21 de
740 987 129 27 föregående

36 1017 65 21 ärade
122 1017 85 21 talarne
229 1017 135 25 framhållits,
388 1017 23 21 så
433 1017 53 26 godt
509 1024 45 14 som
577 1017 88 21 alldeles
680 1023 34 20 ny.
744 1016 124 26 Detaljerna

36 1046 24 20 af
73 1046 103 25 förslaget
191 1045 65 21 hafva
270 1046 47 20 icke
333 1046 67 20 heller
416 1046 92 26 tidigare
525 1046 54 20 varit
595 1045 78 26 kända,
690 1044 24 22 så
725 1046 31 19 att
765 1044 25 21 de
799 1044 69 21 skulle

36 1074 82 21 kunnat
133 1074 86 27 pröfvas
235 1074 40 21 och
291 1074 124 27 öfvervägas
430 1074 103 21 särskildt
548 1074 48 21 utaf
610 1074 55 26 dem,
682 1080 46 14 som
743 1073 66 21 saken
819 1074 49 19 när-

36 1105 56 19 mast
106 1103 85 21 komme
208 1104 32 20 att
255 1102 89 24 drabba,
360 1103 19 21 d.
396 1109 18 15 v.
432 1109 16 15 s.
464 1103 24 21 af
503 1102 169 22 fabrikanterna.
702 1102 74 20 Under
791 1101 77 21 sådant

36 1131 134 21 förhållande
194 1137 61 20 synes
274 1131 37 21 det
326 1131 43 26 mig
384 1137 52 15 vara
451 1131 24 20 af
489 1137 46 15 mer
550 1133 27 18 än
592 1131 71 26 vanlig
678 1131 52 25 vigt,
745 1131 33 19 att
793 1129 75 21 försla-

36 1161 36 25 get
87 1159 34 21 vid
137 1159 130 27 behandling
281 1160 58 20 inom
356 1159 121 28 Ständerna
492 1159 108 27 undergår
611 1159 41 21 den
662 1160 156 25 noggrannaste
828 1157 40 21 och

37 1187 182 27 omsorgsfullaste
235 1188 136 26 granskning.
394 1188 70 21 Äfven
480 1195 35 14 om
531 1190 108 25 systemet,
655 1187 137 26 tillämpadt
784 1182 13 37 i
804 1186 64 27 Ryss-

36 1216 56 25 land,
116 1217 69 20 skulle
207 1216 61 27 gifvit
283 1217 114 26 anledning
413 1217 32 20 till
461 1217 82 20 mindre
560 1217 165 25 anmärkningar
748 1217 27 18 än
790 1215 56 20 hvad
861 1215 8 20 i

39 1245 74 26 sjelfva
127 1245 75 20 verket
217 1245 56 21 varit
287 1245 67 26 fallet,
371 1247 24 19 är
411 1245 36 21 det
463 1245 56 21 dock
533 1245 47 21 icke
596 1245 68 26 sagdt,
680 1246 32 19 att
724 1243 145 21 förhållandet

37 1273 54 22 skall
113 1273 66 21 blifva
201 1273 97 21 likadant
320 1274 7 20 i
350 1273 48 21 vårt
418 1274 57 25 land,
493 1274 38 21 der
545 1273 163 22 förhållandena
723 1273 7 20 i
745 1272 77 26 många
837 1271 32 21 af-

36 1302 93 21 seenden
145 1304 37 19 äro
199 1302 23 21 så
237 1302 116 27 väsentligt
369 1302 57 21 olika
449 1302 49 21 dem
513 1303 7 20 i
535 1302 169 26 Kejsaredömet.
735 1300 33 21 Då
781 1300 37 27 jag
833 1300 35 20 vid

36 1331 175 26 genomläsandet
226 1330 23 21 af
263 1331 41 21 den
320 1330 49 21 nåd.
385 1337 60 20 prop.
461 1331 49 20 icke
525 1331 82 20 kunnat
622 1330 81 27 frigöra
717 1329 43 26 mig
772 1329 46 20 från
827 1329 42 20 den

38 1359 112 26 farhågan,
165 1361 33 18 att
213 1359 177 26 genomförandet
404 1359 24 21 af
441 1359 41 21 den
498 1359 48 21 nåd.
562 1365 87 20 prop:ns
659 1358 161 21 bestämmelser
829 1357 40 20 här

38 1387 68 21 skulle
120 1387 81 25 ganska
217 1389 62 25 tungt
295 1388 86 20 komma
396 1389 33 19 att
444 1388 84 20 drabba
544 1394 26 14 en
585 1387 66 21 delaf
657 1387 40 21 den
706 1385 162 27 ifrågavarande

36 1416 113 26 industrin,
173 1416 39 20 har
233 1416 36 26 jag
290 1416 54 26 tagit
369 1416 43 26 mig
434 1416 95 21 friheten
543 1417 33 19 att
591 1416 48 20 med
655 1415 67 26 några
738 1414 38 21 ord
791 1414 78 20 beröra

36 1444 60 21 detta
111 1444 86 26 förslag.
228 1444 34 21 Då
277 1444 119 21 emellertid
412 1444 24 21 så
451 1444 78 27 många
544 1444 7 21 i
567 1444 41 21 den
624 1444 49 20 nåd.
689 1449 59 21 prop.
764 1441 105 27 ingående

35 1472 162 22 bestämmelser
219 1472 66 22 redan
308 1473 23 21 af
352 1473 26 21 de
393 1472 130 28 föregående
545 1473 82 21 talarne
651 1471 146 25 skärskådats,
814 1470 55 21 skall

34 1501 37 27 jag
94 1501 116 21 inskränka
233 1502 42 26 mig
299 1502 76 20 endast
390 1501 34 21 till
440 1508 25 14 en
482 1502 23 20 af
519 1502 114 20 desamma.
663 1500 38 22 Uti
717 1500 12 26 &
748 1500 24 20 17
788 1499 23 21 af
824 1498 45 21 för-
