1025 1686
315 95 25 17 R.
352 99 18 13 o.
377 92 29 20 A.
419 95 55 17 1891.
498 95 23 17 10
532 95 63 21 April.
801 91 39 20 621

40 176 36 27 jag
98 178 51 24 tror,
173 176 32 20 att
228 175 20 21 vi
264 175 37 22 der
316 175 72 21 kunna
404 175 90 22 alldeles
511 177 52 20 utan
579 175 78 21 tvekan
673 175 114 26 godkänna
803 182 68 15 reser-

43 205 105 20 vationen.

111 243 58 22 Frih.
185 244 26 22 R.
227 243 24 22 A.
268 243 115 21 Wrede:
399 243 44 21 För
459 243 43 21 min
519 243 33 22 del
567 243 39 21 ber
619 243 36 27 jag
671 245 32 20 att
717 243 7 22 i
739 243 69 21 likhet
822 244 49 21 med

46 274 76 19 tvänne
145 272 127 26 föregäende
295 272 75 24 talare,
394 272 46 20 Hrr
455 272 148 26 Montgomery
619 272 39 21 och
674 272 110 26 Mechelin,
800 271 21 21 fä
836 272 36 21 be-

44 300 104 22 träffande
173 301 78 21 minsta
272 300 82 21 antalet
377 300 126 21 aktionärer
525 300 90 21 omfatta
630 300 41 21 den
687 300 47 21 näd.
750 306 60 20 prop.
840 300 33 21 De

44 329 161 27 invändningar,
222 335 45 15 som
283 330 44 19 mot
343 335 25 15 en
385 328 144 27 begränsning
543 329 24 21 af
579 329 82 21 antalet
676 328 123 22 aktionärer
810 328 63 21 hafva

45 358 70 21 blifvit
130 358 81 26 gjorda,
229 357 67 21 skulle
312 363 52 15 vara
379 357 49 21 fullt
444 357 139 27 berättigade,
601 364 33 15 om
650 358 36 20 det
701 357 46 21 icke
755 357 73 27 gäfves
836 356 37 22 nä-

44 393 43 20 gon
102 393 69 14 annan
187 386 56 22 form
257 386 34 20 för
305 386 207 26 bolagsassociation
528 388 27 18 än
571 385 222 27 aktiebolagsformen.
817 386 56 21 Vore

46 416 59 20 detta
127 415 67 26 fallet,
217 414 70 22 kunde
310 420 49 15 man
381 414 102 21 betrakta
499 414 36 22 det
551 414 69 22 såsom
636 416 32 20 ett
683 414 87 26 onödigt
785 414 88 27 ingrepp

46 444 28 26 pä
88 443 208 26 föreningsfriheten,
312 444 33 20 att
360 443 48 21 icke
424 442 36 22 tvä
476 443 52 21 eller
543 445 32 19 tre
591 449 101 21 personer
708 443 60 21 skola
783 442 21 22 fä
816 443 58 21 bilda

47 474 32 19 ett
94 472 68 26 dylikt
177 472 70 26 bolag,
263 478 48 14 men
326 472 37 20 det
378 477 63 21 synes
457 471 65 21 ocksä
537 472 48 26 mig,
602 471 70 21 säsom
688 472 32 20 Hr
728 471 146 27 Montgomery

47 500 67 22 redan
129 500 93 27 yttrade,
238 502 32 19 att
285 500 34 20 för
334 500 63 26 bolag
413 500 49 21 med
478 500 24 21 sä
517 500 21 21 fä
553 506 108 21 personer,
678 500 36 20 det
729 502 70 24 öppna
814 500 61 21 bola-

47 531 47 25 gets
109 529 54 21 form
179 531 25 19 är
219 529 41 21 den
283 529 113 26 naturliga.
427 528 70 22 Dessa
512 528 66 27 begge
594 528 78 22 former
688 528 62 21 hafva
766 528 56 21 olika
838 530 36 19 än-

48 557 71 22 damäl
136 558 39 20 och
191 558 54 20 böra
266 563 51 14 vara
333 557 88 20 bundna
436 556 24 21 af
474 557 58 20 olika
547 557 74 21 vilkor.
652 557 151 26 Aktiebolaget
818 556 57 21 afser

47 587 8 20 i
71 586 71 27 regeln
150 588 33 19 att
191 585 67 22 samla
273 585 81 26 kapital
377 585 47 21 från
441 585 77 27 många
533 585 88 27 spridda
635 585 51 26 håll,
702 585 22 21 af
738 585 50 21 flere
803 591 72 21 perso-

48 621 46 18 ner,
117 614 39 22 och
179 615 38 20 der
239 614 96 21 kommer
358 614 36 21 det
415 613 47 22 icke
478 614 24 21 så
517 614 84 27 mycket
616 621 26 14 an
658 614 28 27 på
702 614 35 21 det
752 613 123 22 förtroende

49 643 148 21 kreditorerne
219 643 72 20 kunna
313 643 53 26 hysa
388 642 32 21 till
436 643 41 20 den
494 649 40 14 ena
549 643 52 21 eller
616 643 67 21 andra
698 642 177 27 bolagsmannens

50 671 106 24 omtanke,
180 671 102 21 karaktär
304 671 39 21 och
366 671 123 26 personliga
503 671 158 27 förmögenhet;
677 671 38 22 der
730 671 95 22 kommer
840 671 36 21 det

50 705 54 23 mest
126 707 26 14 an
175 700 28 26 på
224 699 115 27 insigtsfull
362 700 86 26 ledning
470 699 39 22 och
525 700 116 27 företagets
656 706 52 21 egen
724 699 149 22 beskaffenhet.

50 730 31 20 Är
104 729 36 21 det
163 728 46 21 åter
232 730 31 19 ett
283 727 53 22 fåtal
351 734 109 21 personer,
477 728 27 21 då
520 728 67 21 måste
603 735 55 20 man,
675 728 69 22 såsom
759 729 32 20 Hr
806 728 70 21 Hack-

50 764 49 15 man
122 757 117 26 medgifvit,
261 758 76 25 trygga
360 757 32 26 sig
410 757 33 20 till
459 757 73 21 dessas
547 763 108 20 personer.
685 757 48 21 Men
748 757 55 21 hvad
818 757 58 21 inne-

51 787 39 20 bär
106 786 64 26 detta,
194 792 33 15 om
250 785 46 21 icke
317 785 43 26 det,
376 787 32 19 att
424 785 159 27 borgenärerna
598 786 27 21 då
641 786 66 21 borde
723 785 71 21 kunna
810 785 67 21 räkna

50 815 35 27 på,
102 816 32 19 att
149 815 26 20 de
191 814 65 21 också
270 814 135 27 personligen
422 815 62 20 skola
498 820 91 15 ansvara
604 815 47 20 icke
667 814 55 21 blott
737 814 48 21 med
796 820 26 15 en
834 814 43 21 viss

50 843 71 27 aflagd
143 842 230 26 förmögenhetsandel,
396 844 54 19 utan
466 843 47 20 med
529 843 49 21 hela
593 843 32 21 sin
640 843 154 26 förmögenhet.
826 843 51 20 Häri

51 872 67 26 ligger
133 871 47 21 icke
195 870 70 27 någon
277 871 92 26 juridisk
384 870 179 28 spetsfundighet,
579 873 52 19 utan
646 871 70 27 något,
733 877 45 15 som
793 870 33 22 för
842 870 36 22 det

51 900 65 21 enkla
137 899 121 21 förståndet
280 901 24 19 är
319 906 46 14 mer
380 900 121 20 tilltalande
517 901 26 19 än
559 902 123 19 motsatsen.
712 900 30 26 Ty
758 906 34 14 om
808 906 25 14 en
849 899 29 21 el-

52 929 31 21 ler
98 928 36 21 två
149 934 102 20 personer
266 928 63 20 hafva
344 928 73 21 drifvit
433 934 26 15 en
475 928 54 21 affär
539 928 70 21 såsom
620 928 128 27 aktiebolag,
760 928 39 21 och
810 928 68 20 denna

52 957 54 21 affär
120 958 40 26 gör
175 956 109 25 bankrutt,
301 956 23 21 så
339 956 68 22 måste
424 957 37 21 det
476 957 34 21 för
525 956 57 22 såväl
601 957 88 27 jurister
704 963 45 15 som
769 956 110 27 icke-juri-

52 988 45 19 ster
112 984 97 22 förefalla
225 985 99 27 temligen
340 986 90 26 obilligt,
448 987 32 19 att
495 986 47 25 den,
559 992 44 14 som
620 986 98 20 bedrifvit
733 986 69 20 denna
816 984 63 26 affär,

52 1014 43 21 kan
118 1014 52 21 sitta
192 1014 49 21 med
263 1020 25 14 en
312 1016 44 19 stor
371 1014 156 27 förmögenhet,
544 1014 39 22 och
599 1014 155 26 borgenärerne
770 1013 21 21 få
807 1014 72 26 ingen-

52 1044 53 24 ting.
135 1042 48 27 Nog
205 1042 66 21 finnes
295 1043 35 20 det
352 1042 83 22 således
450 1042 50 22 fullt
515 1043 47 20 skäl
576 1043 33 21 för
625 1043 48 21 idén
690 1049 32 15 om
738 1048 26 15 en
779 1042 100 27 begräns-

53 1072 50 26 ning
118 1071 65 21 nedåt
197 1071 24 21 af
235 1071 160 21 aktionärernes
411 1071 65 21 antal.
508 1072 46 20 Här
572 1073 60 25 säges
647 1071 122 27 visserligen
785 1070 12 21 å
812 1076 67 15 reser-

53 1102 113 18 vanternes
181 1102 80 24 vägnar
276 1100 6 20 i
298 1100 117 21 utskottets
431 1100 141 24 betänkande,
588 1102 32 18 att
635 1106 34 14 om
686 1099 34 22 två
735 1105 101 21 personer
846 1104 33 16 as-

54 1128 82 21 sociera
158 1127 32 26 sig
213 1128 32 21 till
268 1127 128 28 aktiebolag,
420 1128 80 21 sådant
521 1128 46 21 icke
589 1128 60 21 alltid
665 1127 136 22 föranleddes
817 1127 22 21 af
854 1133 25 15 en

54 1157 82 20 mindre
152 1157 68 26 redlig
235 1156 188 27 bevekelsegrund.
455 1157 66 20 Detta
536 1159 24 18 är
575 1163 42 20 nog
632 1157 88 21 alldeles
735 1156 80 27 riktigt,
832 1161 47 15 men

53 1185 67 21 också
142 1191 35 15 om
200 1185 25 21 de
249 1187 36 19 äro
308 1185 88 27 redliga,
420 1185 54 21 böra
489 1185 156 27 borgenärerne
661 1185 54 21 dock
730 1185 7 21 i
752 1184 76 21 sådant
842 1184 38 21 fall

54 1213 64 22 hafva
140 1215 43 19 rätt
206 1215 32 19 att
253 1213 66 21 räkna
334 1213 34 27 på,
384 1215 33 20 att
433 1215 63 20 dessa
511 1220 100 20 personer
627 1214 47 20 med
691 1213 47 22 hela
754 1213 31 21 sin
800 1212 80 21 förmö-

55 1242 78 27 genhet
155 1242 61 21 skola
238 1248 91 15 ansvara
350 1241 34 22 för
399 1242 88 21 affären.
519 1242 30 21 På
564 1242 62 21 dessa
640 1243 94 26 grunder
749 1241 39 21 och
803 1241 27 21 de
845 1247 35 15 re-

55 1271 42 20 dan
120 1271 58 20 förut
200 1270 23 21 af
243 1271 68 20 andra
333 1271 65 21 ärade
414 1271 69 21 talare
504 1270 137 27 framställda,
659 1271 38 20 ber
709 1271 37 26 jag
761 1269 21 22 få
796 1269 85 22 ansluta

56 1299 42 26 mig
112 1299 33 21 till
160 1299 160 26 propositionen
335 1299 134 22 beträffande
493 1299 78 21 minsta
585 1300 81 20 antalet
681 1299 122 21 aktionärer
819 1298 39 21 och
873 1298 7 21 i

56 1327 64 27 öfrigt
135 1327 87 21 förorda
237 1328 116 21 utskottets
369 1328 80 26 förslag
472 1328 32 21 till
520 1328 78 27 lydelse
613 1328 23 21 af
649 1328 11 27 $
677 1329 19 20 1.
726 1328 60 21 Hvad
802 1327 77 21 beträf-

55 1356 34 21 far
110 1355 143 22 förhällandet
275 1357 77 20 mellan
375 1357 118 20 utskottets
515 1356 79 27 förslag
616 1357 39 20 och
678 1355 162 26 reservationen,
857 1354 24 21 sä

55 1385 67 26 gifver
135 1385 38 25 jag
188 1384 107 22 företräde
317 1385 23 21 ät
356 1391 26 15 en
397 1385 144 27 begränsning
556 1385 32 21 till
603 1387 32 19 tre
651 1385 89 21 framför
755 1383 126 22 reservatio-

57 1419 52 15 nens
124 1412 87 27 förslag.

92 1486 4 4 =
126 1458 32 21 Hr
174 1458 33 20 W.
223 1458 149 21 Hackman:
388 1458 43 21 Det
443 1465 39 15 var
497 1458 46 22 icke
559 1459 42 21 min
617 1458 62 27 afsigt
695 1460 32 20 att
742 1459 44 21 tala
800 1464 33 16 om
846 1458 35 27 ju-

57 1486 81 22 ridiska
145 1486 200 27 spetsfundigheter,
361 1492 48 16 men
414 1486 39 28 jag
473 1487 94 27 grundar
583 1488 42 20 min
641 1486 55 28 äsigt
710 1487 27 27 pä
752 1488 42 20 min
810 1487 72 27 mäng-

126 1527 36 16 N:o
181 1528 25 15 18.
768 1526 23 18 40
