1025 1686
327 99 24 17 R.
364 103 17 13 o.
394 100 22 16 A.
430 100 54 16 1891.
505 100 24 16 10
541 99 63 22 April.
810 96 42 20 613

52 178 74 26 styrka
153 178 117 21 utskottets
292 179 142 24 betänkande,
450 179 56 21 hvad
522 179 69 22 denna
604 179 116 22 hufvuddel
735 180 24 21 af
772 181 112 26 lagförsla-

50 208 36 25 get
100 206 139 21 vidkommer.

119 235 102 21 Deremot
237 242 64 15 anser
313 235 38 27 jag
366 236 43 27 mig
423 236 47 21 icke
487 237 72 20 kunna
574 237 86 21 biträda
673 237 117 21 utskottets
800 237 81 28 förslag

50 263 7 20 i
73 269 25 14 en
115 270 73 14 annan
203 264 85 26 mycket
303 265 66 25 vigtig
384 265 75 26 punkt,
481 265 106 26 nämligen
602 266 7 20 i
624 265 62 27 fräga
702 271 32 15 om
751 266 77 20 minsta
844 273 37 13 an-

50 291 54 21 talet
122 291 23 21 af
158 292 55 26 dem,
230 298 44 15 som
290 292 22 22 fä
328 293 58 21 bilda
402 294 32 20 ett
448 293 129 27 aktiebolag.
600 294 41 26 Jag
655 294 42 20 kan
713 294 46 21 icke
773 294 109 27 öfvertyga

50 320 43 26 mig
110 322 32 19 att
158 320 37 22 det
211 322 23 20 är
249 327 25 15 en
290 321 68 21 fördel
375 323 33 19 att
422 321 109 22 fastställa
546 324 31 19 ett
593 322 76 21 sädant
685 322 37 26 tal,
739 328 44 15 som
796 323 83 21 3-talet.

50 348 66 22 Detta
138 351 25 19 är
184 349 25 27 ju
232 351 31 19 ett
286 350 84 26 mycket
392 350 117 21 intressant
525 350 39 21 och
580 350 163 27 aktningsvärdt
758 351 37 26 tal,
811 357 47 15 men
873 352 8 20 i

50 376 62 28 fräga
127 384 34 14 om
178 377 123 27 aktiebolag
316 378 42 20 kan
374 378 111 27 högeligen
501 378 144 27 ifrägasättas,
657 386 35 14 om
708 380 60 20 detta
782 380 58 20 antal
857 381 24 19 är

49 405 106 27 lämpligt.
186 407 41 26 Jag
242 406 42 21 kan
300 407 99 26 möjligen
416 407 44 21 låta
476 407 110 27 öfvertyga
602 408 43 26 mig
667 408 23 20 af
703 408 55 20 hvad
775 408 38 21 här
820 408 60 21 kom-

53 440 45 15 mer
121 437 33 19 att
176 435 33 21 till
229 435 82 21 försvar
326 435 34 21 för
376 436 59 20 detta
451 436 58 20 antal
526 438 68 25 sägas,
610 442 48 15 men
674 436 118 22 tillsvidare
807 438 24 19 är
843 437 39 27 jag

54 463 114 21 deciderad
183 464 34 20 för
231 464 171 26 propositionens
417 464 80 26 femtal,
507 464 39 22 och
562 471 34 15 om
613 464 36 22 det
664 464 69 26 faller,
742 465 33 21 för
784 465 54 21 hvad
848 472 32 14 re-

54 492 135 21 servationen
211 492 124 26 innehäller,
359 492 51 22 eller
431 495 33 19 att
480 493 62 26 ingen
557 493 135 27 bestämning
707 492 73 22 härom
797 494 6 20 i
819 494 61 25 lagen

53 520 85 26 införes,
162 523 23 24 ty
201 521 74 21 ställer
291 527 48 15 man
355 527 43 21 upp
414 522 83 20 antalet
512 524 40 21 tre,
568 522 23 21 sä
607 522 81 21 händer
704 522 42 26 det,
762 524 33 19 att
811 522 69 21 denna

53 548 136 27 bestämning
211 549 98 21 inverkar
331 549 28 26 pä
377 550 39 20 den
433 550 108 21 allmänna
556 550 169 27 uppfattningen,
742 550 39 21 och
796 552 32 19 att
844 551 36 20 det

53 577 108 26 verkligen
183 578 43 21 kan
229 573 7 36 :
248 578 66 21 blifva
335 577 61 27 fråga
418 585 42 19 om,
484 580 32 19 att
531 579 6 20 i
553 581 68 18 större
637 579 147 26 utsträckning
800 579 80 21 inrätta

52 605 123 28 aktiebolag
191 606 48 21 med
254 608 32 19 tre
303 606 131 27 bolagsmän,
451 607 39 21 och
506 608 36 20 det
557 613 52 15 vore
625 607 65 26 enligt
705 607 42 21 min
758 607 64 22 tanke
832 607 47 22 icke

52 634 56 21 blott
124 635 111 26 olämpligt
249 637 52 18 utan
316 635 86 26 vädligt.
434 635 74 22 Sävidt
516 635 35 27 jag
566 636 42 21 kan
623 635 62 27 fatta,
701 637 37 19 äro
754 635 6 21 i
776 635 60 27 fråga
844 643 34 14 om

52 663 200 28 associationer
214 659 36 37 för
259 664 78 21 affärer
345 663 36 22 två
390 664 237 27 organisationsformer
637 664 24 21 af
670 664 209 27 omständigheterna

52 691 120 28 betingade.
203 692 43 21 Aro
262 693 25 20 de
303 693 134 20 associerade
453 692 94 27 fåtaliga,
564 693 24 21 sä
603 693 40 20 bör
657 693 7 20 i
679 693 121 21 afseende
785 687 10 37 å
811 693 67 27 tredje

51 726 61 15 mans
135 722 44 19 rätt
201 721 119 26 uppställas
337 721 41 20 den
394 721 92 26 garanti,
502 723 32 19 att
549 722 26 21 de
591 723 38 19 äro
645 721 143 26 obegränsadt
804 728 74 15 ansva-

52 749 46 26 riga
119 749 49 21 med
192 749 47 21 hela
258 750 31 20 sin
305 749 155 27 förmögenhet.
490 747 43 23 Det
549 752 24 19 är
589 750 26 21 dä
631 750 35 21 vid
682 750 61 21 deras
758 751 121 26 personliga

52 777 132 27 egenskaper
200 777 38 22 och
255 777 147 28 förmögenhet
423 785 49 14 man
489 778 39 21 har
543 781 32 18 att
591 780 76 25 trygga
683 779 31 26 sig
730 779 39 20 och
784 779 48 21 med
847 778 32 21 af-

52 806 76 21 seende
144 806 51 21 derå
211 806 101 21 behöfver
328 807 62 20 deras
406 807 135 21 verksamhet
557 807 83 21 mindre
655 809 57 25 yttre
721 807 99 21 kontroll.
846 807 32 21 De

50 840 108 20 personer,
175 841 46 15 som
237 837 37 19 äro
289 835 8 21 i
313 837 31 19 ett
359 835 77 21 sådant
450 836 91 26 företag,
557 838 37 18 äro
610 836 118 26 angelägna
743 837 33 19 att
784 835 95 21 bedrifva

50 862 80 22 affären
146 864 48 21 med
210 863 66 21 sådan
292 870 85 20 omsorg
393 864 39 21 och
448 864 143 27 försigtighet,
607 870 46 15 som
669 864 97 26 betingas
776 864 61 20 deraf
844 866 33 19 att

50 892 26 22 de
91 892 80 22 insätta
186 892 49 22 hela
251 893 31 21 sin
298 892 138 22 ekonomiska
451 892 86 22 framtid
554 893 51 21 deri.
636 893 72 21 Annat
723 894 24 19 är
762 892 115 21 förhållan-

50 921 42 26 det,
117 928 33 14 om
167 921 181 21 associationerna
370 923 37 19 äro
431 923 68 24 stora;
517 922 26 20 då
559 922 66 26 ligger
641 922 36 20 det
693 922 6 20 i
714 921 77 21 sakens
806 925 70 20 natur,

50 952 32 18 att
108 950 25 21 de
157 950 96 21 enskilda
275 950 46 21 icke
337 950 72 21 kunna
424 956 54 21 egna
494 950 47 21 dem
559 956 25 15 en
600 950 66 21 sådan
682 950 195 26 uppmärksamhet,

50 980 30 19 ett
103 978 24 22 så
150 979 117 26 personligt
290 978 126 27 deltagande
432 979 6 21 i
454 978 112 27 företaget,
588 980 32 20 att
635 985 49 14 man
700 978 42 21 kan
757 978 79 26 begära
851 984 26 15 en

50 1006 66 22 sådan
132 1008 134 26 obegränsad
281 1007 144 27 ansvarighet.
456 1007 34 21 Då
506 1009 23 19 är
545 1008 37 20 det
598 1007 110 27 naturligt,
724 1009 32 19 att
766 1013 48 15 man
825 1006 52 22 kon-

50 1036 102 21 stituerar
175 1042 25 15 en
223 1036 125 21 ekonomisk
366 1036 58 24 fond,
440 1038 31 18 ett
487 1036 87 26 kapital,
591 1042 45 14 som
652 1042 102 14 ansvarar
769 1037 108 25 gentemot

49 1064 69 27 tredje
141 1071 56 17 man,
219 1064 39 22 och
274 1064 39 21 har
329 1071 49 14 man
393 1064 145 22 konstituerat
553 1064 107 26 företaget
675 1064 27 26 på
718 1070 25 15 en
758 1064 66 21 sådan
839 1064 37 25 fot,

50 1092 24 22 så
88 1093 86 21 fordrar
190 1093 69 21 denna
275 1093 145 26 organisation
436 1094 66 20 redan
518 1095 31 19 ett
564 1095 70 19 större
650 1093 57 21 antal
716 1098 107 21 personer.
844 1092 33 21 Då

49 1121 41 21 bör
104 1122 7 20 i
126 1122 122 21 kontrollen
265 1122 59 20 öfver
339 1122 26 20 de
381 1122 7 20 i
404 1122 178 26 affärsledningen
591 1122 128 26 deltagande
730 1121 146 21 medlemmar-

48 1155 38 16 nes
102 1150 140 27 förfoganden
258 1150 85 27 deltaga
360 1150 108 27 åtskilliga
483 1156 107 21 personer,
609 1156 45 15 som
671 1150 127 21 åtminstone
814 1149 63 22 hafva

48 1178 66 27 något
135 1179 91 21 intresse
249 1179 23 20 af
294 1178 239 22 affärsverksamhetens
552 1179 86 26 utgång.
669 1178 50 21 Man
734 1177 101 22 behöfver
850 1184 26 15 en

48 1207 124 27 bestyrelse,
197 1214 26 14 en
239 1207 175 27 bolagsstämma,
430 1207 100 27 möjligen
546 1213 26 15 en
587 1207 82 21 mindre
685 1207 129 26 församling,
830 1213 45 14 som

47 1236 105 26 granskar
168 1236 114 26 styrelsens
298 1236 143 21 verksamhet.
472 1236 46 21 Allt
533 1236 60 21 detta
608 1237 24 20 är
642 1235 131 27 nödvändigt
781 1235 33 20 för
824 1235 52 21 kon-

47 1265 77 20 trollen
147 1264 39 22 och
209 1265 49 23 kan,
281 1265 66 26 enligt
362 1265 43 20 min
421 1264 142 27 uppfattning,
579 1264 46 21 icke
641 1266 92 19 ersättas
748 1270 75 20 genom
839 1263 38 21 nå-

46 1293 88 26 gonting
157 1295 72 19 annat.
260 1293 54 21 Häri
335 1293 67 26 ligger
417 1293 65 22 också
498 1293 96 26 grunden
610 1293 32 21 till
657 1293 44 20 alla
716 1293 85 20 länders
816 1292 60 27 lagar

46 1327 35 15 om
98 1323 70 25 öppna
183 1322 40 21 och
239 1322 128 27 aktiebolag.
390 1322 69 21 Dessa
475 1322 58 21 olika
549 1321 45 27 slag
609 1321 52 22 bero
677 1321 47 21 icke
736 1321 28 26 på
771 1321 104 26 godtycke

46 1353 51 18 utan
122 1350 27 27 på
165 1351 77 20 sakens
257 1353 70 18 natur.
358 1351 42 20 Det
418 1357 63 20 synes
496 1351 43 26 mig
554 1356 45 15 som
615 1356 35 15 om
665 1350 55 26 Lag-
735 1349 39 21 och
790 1349 85 21 Ekono-

45 1379 136 21 miutskottet
197 1379 8 20 i
219 1379 70 26 någon
304 1379 50 21 mån
369 1379 101 21 förbisett
486 1379 70 21 denna
571 1378 164 27 omständighet.
765 1377 111 22 Utskottet

44 1406 40 22 har
100 1413 60 15 mera
176 1407 61 21 ställt
253 1408 32 26 sig
299 1407 28 27 på
343 1407 41 21 den
400 1407 97 21 enskilda
508 1407 102 21 frihetens
626 1407 39 21 och
681 1406 37 22 det
732 1406 96 21 enskilda
842 1406 33 20 in-

44 1437 90 19 tressets
149 1435 139 27 ståndpunkt.
319 1435 112 22 Utskottet
446 1436 41 21 har
503 1437 125 20 resonnerat
643 1435 30 27 så,
687 1436 33 20 att
728 1435 35 21 det
771 1434 42 21 kan
823 1440 52 14 vara

44 1463 64 21 hårdt
123 1465 40 24 att,
179 1470 35 15 om
229 1464 23 21 af
267 1470 25 15 en
308 1464 53 21 eller
376 1470 70 15 annan
462 1464 114 27 anledning
591 1464 70 26 någon
679 1464 52 20 eller
747 1462 65 27 några
827 1468 48 21 per-

45 1498 62 15 soner
123 1492 50 26 afgå
188 1492 47 22 från
250 1492 94 27 bolaget,
360 1493 71 21 dettas
447 1493 137 21 verksamhet
599 1492 72 22 derför
688 1492 67 21 måste
770 1490 104 28 upphöra.
