1025 1686
337 103 25 16 R.
376 107 11 12 o
405 103 22 16 A.
442 103 53 16 1891.
517 102 12 16 9
542 101 47 21 Maj.
806 96 40 21 885

48 183 70 27 aktigt
141 182 125 22 handledas,
289 181 34 22 må
346 181 82 22 erhålla
450 181 66 21 sådan
533 181 151 26 undervisning
699 181 5 20 i
722 181 87 21 stående
825 181 52 21 eller

48 211 168 22 ambulatoriska
239 211 93 25 skolor',
356 210 39 21 och
410 211 6 20 i
432 211 10 25 $
460 211 40 20 116
517 212 70 25 säges:
611 226 4 10 ,
619 209 65 26 öfver
700 210 177 26 undervisningen

47 240 7 21 i
70 240 158 21 barnskolorna
244 239 58 21 såväl
319 245 44 15 som
379 239 5 20 i
401 239 98 21 hemmen
515 239 73 26 vakar;
605 239 65 26 enligt
681 239 97 26 gällande
790 239 34 26 lag
837 238 39 21 och

47 269 159 26 författningar,
231 267 163 27 församlingens
415 267 144 27 presterskap,
584 273 45 15 som
645 267 39 21 ock
700 267 74 21 derom
790 267 87 26 årligen,

47 297 45 21 före
108 296 105 27 utgången
230 296 23 21 af
267 296 91 26 Augusti
376 291 72 36 månad,
459 291 43 36 till
506 296 168 26 Öfverstyrelsen
683 295 88 27 afgifver
779 295 98 21 fullstän-

47 326 36 26 dig
98 326 123 25 berättelse,
237 325 66 26 enligt
319 324 22 21 af
356 330 81 15 samma
452 325 89 26 styrelse
556 324 111 21 faststäldt
681 324 123 21 formulär."
834 324 43 20 Det

47 360 62 20 synes
132 354 43 26 mig
200 360 45 14 som
269 360 34 14 om
325 353 69 21 denna
410 358 75 16 senare
501 352 11 28 8
530 354 39 19 116
585 353 94 26 tydligen
696 352 65 21 borde
777 353 52 24 visa,
845 353 32 20 att

48 383 26 21 de
96 382 161 26 ifrågavarande
272 382 147 21 småskolorna
434 382 47 20 icke
498 384 37 24 äro
551 381 104 27 kyrkliga,
672 380 27 22 då
714 381 26 21 de
756 381 22 21 af
792 380 85 22 författ-

47 412 78 26 ningen
141 411 74 21 ställas
231 411 68 21 under
315 412 81 19 statens
412 410 20 20 d.
449 416 11 14 v
484 416 15 15 s.
517 410 179 26 Öfverstyrelsens
712 409 32 21 för
756 410 121 20 skolväsen-

48 440 37 21 det
100 440 76 26 högsta
192 440 128 26 myndighet.
337 452 24 2 --
379 439 61 20 Hvad
456 439 107 21 utskottet
580 438 70 21 anfört
666 438 32 21 för
712 441 31 18 att
754 438 72 21 bevisa
839 438 38 21 be-

48 468 72 21 hofvet
136 468 22 20 af
172 471 31 18 ett
219 470 68 19 större
310 468 58 20 antal
384 467 169 21 ambulatoriska
569 468 69 20 lärare
654 468 26 20 än
696 467 33 21 för
745 467 132 21 närvarande

48 496 66 22 finnes
138 499 32 19 att
192 496 66 28 tillgå,
282 503 62 14 anser
365 496 36 26 jag
416 502 53 15 vara
484 496 147 26 fullkomligen
647 496 106 26 befogadt,
770 502 48 14 men
834 495 44 21 lika

48 526 47 20 litet
116 532 44 14 som
185 528 167 23 reservanterne,
369 525 41 21 kan
424 525 37 26 jag
476 525 63 25 finna,
555 526 33 19 att
604 524 106 22 utskottet
726 524 71 21 anfört
812 524 66 26 något

49 554 37 21 det
108 554 77 21 minsta
209 554 46 20 skäl
270 554 33 20 för
319 553 187 26 nödvändigheten
522 556 32 18 att
571 553 119 26 öfvettlytta
706 553 134 20 utbildandet
855 552 24 21 af

51 583 71 26 dylika
139 583 69 20 lärare
224 582 52 21 ifrån
293 581 156 27 Skolstyrelsen
466 582 32 20 till
514 581 157 26 Domkapitlen.
696 581 49 22 Icke
760 581 68 21 heller
838 581 40 20 har

51 611 33 20 Hr
107 611 224 26 Ecklesiastikchefen,
354 611 6 20 i
377 611 37 20 sitt
429 610 118 21 anförande
562 611 27 26 pä
606 611 59 20 detta
680 617 46 14 rum
742 610 35 21 vid
793 612 85 19 senaste

50 640 91 26 plenum,
158 640 82 21 kunnat
256 639 108 27 öfvertyga
380 639 42 27 mig
439 639 81 24 derom,
537 641 32 19 att
577 639 147 26 utbildningen
733 639 22 20 af
762 639 116 20 småskole-

48 669 72 20 lärare
136 669 163 26 nödvändigtvis
307 668 69 21 måste
388 668 106 21 bedrifvas
506 674 76 20 genom
593 667 158 26 Domkapitlen.
777 667 30 20 Hr
816 667 62 26 Yrjö-

52 697 121 21 Koskinens
195 697 156 26 framställning
374 703 33 14 om
426 697 55 20 hvad
498 703 26 14 en
540 697 71 26 privat
626 696 115 26 inrättning
756 696 7 20 i
778 695 101 21 Tavaste-

50 725 40 21 hus
107 726 33 20 för
156 725 174 22 småskollärares
347 725 119 27 utbildning
482 725 79 21 lemnat
577 725 34 20 för
627 725 89 20 resultat
731 725 41 20 kan
787 725 36 26 jag
835 724 44 21 för-

50 753 46 26 stå;
112 761 47 14 men
176 756 32 19 att
223 761 26 14 en
265 754 57 27 dylik
338 755 117 25 inrättning
471 753 68 22 måste
551 754 74 21 ställas
636 754 67 20 under
716 753 163 26 Domkapitlens

51 783 71 26 tillsyn
139 783 39 20 och
194 783 46 21 icke
256 783 43 20 lika
313 789 66 20 gerna
395 783 71 20 kunde
482 782 33 21 stå
531 783 68 20 under
612 782 155 26 Skolstyrelsen
778 782 39 21 och
831 782 48 20 dess

52 811 66 21 öfver-
141 811 38 21 och
204 811 207 26 underinspektorer,
436 812 36 19 det
494 811 41 21 kan
550 811 37 26 jag
602 811 46 20 icke
664 810 72 21 förstå.
768 810 73 21 Såsom
857 809 24 21 af

52 840 40 20 den
116 840 99 26 upplästa
239 841 12 25 &
268 841 39 19 116
323 839 101 27 framgår,
440 840 34 20 stä
490 839 175 27 kyrkoherdarne
681 839 51 21 eller
748 839 131 26 presterska-

50 870 37 24 pet
109 868 5 20 i
136 868 39 21 och
197 868 32 21 för
252 868 62 21 dessa
329 868 163 26 ifrågavarande
509 868 118 21 småskolor
643 868 65 20 redan
724 868 6 20 i
746 867 75 21 officiel
837 867 43 21 för-

50 896 96 21 bindelse
162 897 48 21 med
226 896 223 27 Skolöfverstyrelsen,
466 897 39 21 och
523 897 36 21 det
573 897 43 20 kan
632 896 32 20 väl
681 896 70 21 derför
767 896 45 20 icke
828 902 51 14 vara

52 925 95 26 omöjligt
162 926 34 20 för
211 926 159 26 presterskapet
386 927 32 19 att
434 926 48 20 med
499 932 80 14 samma
603 924 201 27 Skolöfverstyrelse
821 924 58 21 med-

54 954 46 20 dela
125 955 31 25 sig
179 960 33 15 om
229 954 100 21 behofvet
344 954 23 20 af
381 954 177 21 smäskolelärare
575 954 37 20 och
629 960 75 20 genom
721 953 121 21 densamma
858 952 22 21 få

51 982 101 21 behofvet
167 983 23 20 af
204 982 79 22 sädana
298 983 59 26 fyldt.

120 1011 155 27 Föreliggande
290 1012 88 26 petition
396 1011 41 21 kan
451 1011 37 27 jag
504 1011 71 21 deriör
592 1011 46 21 icke
654 1010 100 21 betrakta
763 1010 68 21 såsom
843 1010 37 21 nä-

52 1040 88 26 gonting
156 1045 64 15 annat
240 1042 26 19 än
283 1043 30 18 ett
329 1040 86 26 uttryck
431 1040 22 21 af
467 1040 94 26 kyrkans
577 1039 141 27 outsläckliga
733 1041 98 24 trängtan
848 1040 32 20 att

52 1074 51 14 vara
118 1068 140 21 herskarinna
274 1069 58 21 öfver
348 1068 87 28 skolan,
444 1068 103 21 särskildt
557 1068 128 21 folkskolan.
716 1068 165 26 ,Ettafgrund-

52 1096 103 26 vilkoren,
175 1099 62 25 säger
252 1098 148 26 petitionären,
417 1098 33 20 för
466 1097 38 21 vär
519 1097 116 21 nationella
651 1097 83 21 tillvaro
751 1098 29 24 är,
796 1099 32 17 att
837 1096 42 21 kri-

52 1125 136 21 stendomens
203 1126 56 21 anda
274 1125 65 22 lafver
352 1126 5 20 i
370 1125 50 21 våra
431 1125 207 21 smäbarnsskolor.'*
661 1125 63 26 ,,Men
732 1125 45 26 just
787 1125 94 26 derför",

54 1153 111 22 fortsätter
182 1154 48 25 han,
247 1155 46 25 ,,fär
309 1155 40 20 den
365 1155 46 20 icke
428 1154 66 21 blifva
508 1154 103 27 indragen
627 1154 57 20 inom
701 1156 80 18 statens
790 1153 42 21 sfer
842 1153 39 21 och

52 1182 66 20 blifva
141 1185 67 18 utsatt
229 1183 33 21 för
284 1183 114 20 allehanda
419 1183 106 20 vidkast.'
556 1183 41 26 Jag
617 1182 72 27 frågar
705 1182 47 21 med
768 1182 113 26 anledning

53 1211 69 20 häraf:
147 1213 23 18 är
193 1211 36 22 det
252 1211 27 21 då
297 1212 44 21 icke
359 1212 135 25 nödvändigt,
512 1213 31 19 att
560 1211 170 21 kristendomens
745 1211 55 22 anda
816 1211 65 20 lefver

55 1239 61 21 äfven
138 1241 5 19 i
166 1240 41 21 den
223 1240 64 27 högre
303 1240 120 21 folkskolan
441 1240 39 21 och
497 1242 24 19 är
537 1240 69 21 denna
621 1240 56 20 anda
692 1239 108 26 verkligen
815 1239 66 21 bann-

56 1268 41 26 lyst
112 1268 54 21 ifrån
183 1269 38 20 vår
236 1269 122 21 nuvarande
375 1269 113 26 folkskola,
505 1268 72 21 derför
593 1271 32 18 att
641 1269 39 20 den
696 1268 68 21 blifvit
779 1268 102 26 indragen

53 1297 57 20 inom
134 1299 81 19 statens
240 1297 58 22 sfer?
328 1297 46 27 Nej,
391 1297 31 21 till
440 1297 25 21 de
481 1300 60 18 stora
555 1297 64 24 idéer,
636 1297 27 26 på
679 1297 70 20 hvilka
765 1296 46 21 vårt
827 1296 55 21 folk-

55 1325 158 26 skoleväsende,
231 1326 76 21 sådant
323 1327 35 20 det
374 1326 23 21 af
412 1325 45 22 Uno
474 1325 104 27 Cygneeus
594 1325 112 27 skapades,
722 1327 24 18 är
768 1325 114 26 grundadt,

54 1353 40 21 hör
110 1354 75 21 främst
201 1355 46 24 den,
264 1359 32 17 att
312 1355 74 20 skolan
403 1355 54 20 skall
473 1361 52 14 vara
541 1355 90 26 kristlig,
648 1355 19 20 d.
684 1361 17 13 v.
719 1361 15 14 s.
750 1356 33 18 att
791 1353 91 21 kristen-

54 1382 88 21 domens
157 1383 56 21 anda
229 1383 54 21 skall
299 1383 55 21 lefva
369 1384 7 20 i
392 1383 131 26 densamma,
539 1383 38 21 och
595 1384 87 20 dernäst
698 1383 45 25 den,
760 1384 32 19 att
808 1382 75 21 skolan

52 1410 46 20 icke
123 1411 54 21 skall
201 1418 51 14 vara
275 1412 90 26 kyrklig,
385 1412 12 20 d.
421 1418 17 14 v.
456 1418 16 14 s.
490 1414 32 18 att
538 1412 40 20 den
593 1412 46 20 icke
656 1411 53 21 skall
726 1411 73 20 ställas
815 1410 68 21 under

52 1439 94 26 kyrkans
163 1441 89 25 styrelse
270 1441 39 21 och
325 1440 93 26 ledning.
448 1442 39 19 Att
504 1447 27 14 nu
548 1440 26 27 på
591 1440 39 21 den
647 1442 46 24 väg,
710 1445 44 15 som
770 1439 112 26 petitionä-

54 1473 37 15 ren
107 1468 110 27 föreslagit
227 1469 38 21 och
281 1470 113 20 Ailmänna
402 1469 199 21 Besvärsutskottet
614 1468 148 26 beklagligtvis
773 1467 109 27 tillstyrkt,

53 1498 53 24 göra
129 1503 25 15 en
179 1497 51 21 liten
251 1498 75 26 början
343 1497 32 21 till
391 1497 134 21 folkskolans
541 1497 147 21 öfverförande
704 1496 46 21 från
766 1498 70 19 staten
852 1496 32 20 till
