1025 1686
160 92 43 21 696
412 97 24 17 R.
449 102 17 12 o.
478 97 22 17 A.
515 97 54 18 1891.
589 97 27 17 29
627 97 64 22 April.

130 177 38 27 jag
184 177 47 21 icke
248 183 53 15 vara
317 177 93 26 obilligt;
426 177 54 21 dock
496 177 69 21 mäste
579 177 37 26 jag
631 179 45 19 mot
689 179 73 23 sättet,
778 177 71 21 säsom
861 177 60 20 detta
932 182 35 15 en-

132 206 40 26 ligt
195 206 32 21 Hr
250 205 165 28 Pippingskölds
437 205 80 27 förslag
533 206 69 21 skulle
618 206 68 26 tillgå,
702 207 52 25 göra
770 206 40 21 den
826 205 141 26 anmärkning

134 236 32 19 att
187 234 37 26 jag
246 235 48 20 icke
317 234 68 21 finner
407 235 35 20 det
465 234 103 27 lämpligt.
599 235 50 20 Man
673 234 68 21 mäste
762 234 26 21 dä
805 234 66 21 tänka
886 234 32 26 sig
934 235 32 19 att

133 269 50 14 man
199 263 33 20 för
248 263 71 20 denna
334 263 44 20 lilla
396 263 111 26 banstump
525 263 38 20 bör
579 262 64 21 hafva
659 269 25 14 en
701 263 87 21 alldeles
804 263 92 20 särskild
906 262 61 21 redo-

134 291 91 26 visning.
257 291 95 21 Numera
375 293 37 19 äro
435 291 46 21 icke
505 292 91 20 allenast
619 291 82 21 sådana
719 291 83 21 mindre
817 291 104 21 bandelar
937 290 31 21 öf-

133 320 79 21 verallt
235 320 88 26 intagna
339 320 6 20 i
362 320 40 20 den
424 320 108 20 allmänna
545 320 164 26 redovisningen
725 322 52 18 utan
793 320 43 20 alla
851 319 69 21 banor
936 319 32 21 öf-

134 348 120 21 verhufvud
279 348 38 21 och
339 348 37 21 det
392 350 23 18 är
431 348 75 21 endast
521 354 76 21 genom
614 348 115 21 reduktion
745 348 23 21 af
782 348 70 21 siffror
868 348 39 20 och
923 348 46 20 vid-

134 376 77 28 lyftiga
227 376 151 27 beräkningar,
395 383 44 15 som
455 377 103 21 anställas
581 377 28 26 på
629 377 128 26 jernvägens
773 376 120 22 statistiska
909 376 58 26 byrå,

135 412 47 14 som
198 412 49 14 man
265 406 41 20 blir
321 406 6 20 i
343 405 83 21 tillfälle
442 407 32 19 att
488 407 53 25 göra
557 406 46 20 sina
619 406 153 20 konklusioner
795 412 34 14 om
850 405 56 21 hvad
922 411 45 15 som

135 435 6 20 i
158 434 37 20 det
218 440 42 14 ena
276 434 51 21 eller
342 434 68 21 andra
430 434 109 21 afseendet
555 434 87 26 belöper
658 434 32 26 sig
702 434 28 26 på
746 434 25 20 de
788 434 69 21 skilda
873 434 94 20 delarne.

135 462 50 22 Men
209 469 50 14 man
283 463 42 20 kan
347 462 66 21 tänka
428 463 31 26 sig
474 464 32 19 att
523 463 59 21 detta
598 463 81 26 bidrag,
697 462 44 21 ifall
758 463 36 20 det
810 462 68 21 skulle
894 462 73 21 behöf-

135 497 44 20 vas,
203 491 74 21 kunde
300 492 67 20 under
390 492 66 20 andra
478 490 80 22 former
581 492 85 20 komma
682 492 76 20 staden
774 492 32 20 till
821 491 56 27 godo
893 492 27 19 än
936 492 33 20 att

136 526 49 14 man
209 519 135 21 fortfarande
368 520 68 20 skulle
460 519 63 21 hafva
545 520 66 26 något
628 520 66 20 konto
711 522 31 18 att
758 520 47 20 med
822 520 76 20 staden
913 519 54 21 föra.

135 548 44 21 Det
202 550 25 18 är
247 548 47 21 icke
311 548 67 21 heller
394 548 106 21 sannolikt
516 550 33 19 att
564 548 27 26 på
607 548 78 26 många
700 548 24 21 år
739 548 79 21 framåt
832 548 70 26 någon
919 554 50 20 syn-

136 577 68 25 nerlig
221 576 124 27 behållning
360 577 23 20 af
398 583 24 14 en
438 576 66 21 sådan
520 577 83 20 mindre
619 577 76 20 bandel
712 577 68 20 skulle
795 577 73 20 kunna
884 576 83 26 uppstå,

137 605 89 20 emedan
243 605 91 21 trafiken
350 605 13 20 å
380 605 80 21 sådana
476 607 60 19 extra
551 605 62 21 linier
629 605 59 21 alltid
706 605 40 21 blir
762 605 155 26 jemförelsevis
933 605 35 26 dy-

137 640 48 14 rare
209 635 26 18 än
259 633 28 26 på
310 634 72 25 längre
404 633 102 21 sträckor.
538 634 65 21 Detta
619 634 87 21 hindrar
722 634 46 21 icke
784 636 32 19 att
832 633 136 21 hamnbanan

138 662 43 20 kan
197 664 54 24 göra
265 662 117 26 jernvägen
398 664 44 19 stor
464 664 67 25 nytta,
548 669 75 20 genom
639 664 33 19 att
688 665 94 24 upptaga
798 662 60 27 gods,
875 668 45 15 som
936 668 32 15 se-

137 691 42 20 dan
195 690 38 27 går
257 690 63 27 långa
342 692 72 25 vägar,
436 697 47 14 men
499 691 40 20 den
555 691 100 24 inkomst,
672 697 45 15 som
734 691 88 26 belöper
837 691 32 26 sig
884 691 27 26 på
927 691 40 20 den

137 719 45 20 lilla
197 719 113 26 bandelen,
326 719 41 21 blir
383 719 59 21 alltid
456 719 153 26 jemförelsevis
625 720 58 21 liten.

207 776 155 21 Diskussionen
385 776 133 21 förklarades
539 777 53 20 härä
615 777 100 26 afslutad,
740 777 106 21 hvarefter
865 777 24 20 R.
907 783 18 14 o.
942 776 25 21 A.

137 804 71 21 beslöt
223 805 114 26 godkänna
353 805 116 21 utskottets
484 805 143 21 betänkande.

371 948 179 28 Näringsbevillning
565 948 31 22 för
611 948 126 27 utländingar.

209 1004 121 27 Föredrogs
353 1004 247 28 Bevillningsutskottets
624 1005 134 21 betänkande
782 1005 40 20 N:o
846 1004 13 21 3
875 1004 6 20 i
897 1004 71 20 anled-

138 1033 51 26 ning
213 1033 24 21 af
259 1033 48 21 nåd.
332 1040 59 19 prop.
408 1034 39 20 N:o
466 1034 24 20 18
507 1034 109 26 angående
632 1034 40 20 den
698 1033 208 27 näringsbevillning,
923 1039 44 15 som

139 1061 53 21 skall
217 1062 98 26 erläggas
338 1062 23 20 af
382 1062 142 26 utländingar,
542 1062 71 21 hvilka
629 1063 5 20 i
651 1062 89 21 Finland
757 1062 51 20 idka
823 1062 78 20 handel
917 1062 52 20 eller

138 1096 71 14 annan
227 1092 82 24 näring.

209 1147 81 20 Härvid
306 1147 84 26 yttrade

209 1203 32 20 Hr
258 1203 23 21 L.
298 1203 154 21 Mechelin:
474 1204 144 27 Regeringens
633 1204 81 25 förslag
730 1203 108 27 angående
855 1203 114 26 prolonga-

139 1231 44 21 tion
207 1232 24 19 af
253 1233 129 25 stadgandet
402 1233 108 25 angående
527 1233 148 26 näringsafgift
692 1232 27 27 på
735 1233 136 25 utländingar
894 1232 39 20 har
949 1232 24 21 af

138 1260 240 26 Bevillningsutskottet
401 1262 63 25 tagits
486 1261 33 20 till
540 1261 113 26 anledning
669 1263 33 18 att
717 1261 142 21 framkomma
874 1261 48 20 med
938 1262 33 19 ett

138 1291 67 18 annat
221 1289 235 27 beskattningsförslag,
473 1290 106 26 nämligen
596 1289 26 26 på
637 1290 116 20 utländska
766 1289 202 26 försäkringsbolag,

138 1317 89 25 hvilket,
251 1317 70 21 såvidt
334 1318 37 26 jag
386 1318 42 21 kan
449 1319 60 25 fatta,
526 1319 96 26 omöjligt
638 1319 41 20 kan
693 1319 131 26 godkännas.
854 1318 41 26 Jag
911 1317 35 21 vill
962 1317 6 21 i

138 1345 90 22 främsta
250 1350 91 17 rummet
366 1346 82 27 påpeka
468 1349 32 18 att
517 1347 74 26 sjelfva
606 1347 36 21 det
657 1346 248 27 beskattningsföremål,
923 1352 45 15 som

138 1373 238 27 Bevillningsutskottet
392 1376 96 25 upptagit
504 1376 31 20 uti
551 1376 40 20 den
607 1375 23 21 af
645 1376 119 20 detsamma
780 1375 90 26 tillagda
886 1375 12 26 $
915 1375 18 26 2,
945 1377 24 18 är

138 1402 67 26 något
221 1403 45 20 helt
282 1405 71 23 annat,
370 1405 26 19 än
413 1404 65 26 enligt
493 1410 29 14 nu
545 1404 98 26 gällande
658 1404 128 26 författning
801 1410 35 14 om
852 1403 116 27 näringsaf-

137 1430 40 26 gift
200 1430 33 21 för
256 1432 143 25 utländingar.
431 1432 73 20 Denna
526 1432 61 26 afgift
609 1432 94 21 drabbar
718 1432 106 26 nämligen
840 1432 81 20 sådana
937 1434 31 18 ut-

138 1459 119 27 ländingar,
275 1466 45 14 som
336 1460 134 27 tillfälligtvis
486 1461 80 21 besöka
583 1461 71 21 landet
670 1461 34 21 för
720 1463 32 19 att
768 1461 39 20 här
822 1462 53 24 göra
891 1460 78 21 affärer

138 1488 52 20 eller
213 1488 91 26 uppvisa
327 1488 111 28 skådespel
462 1495 26 14 m.
512 1496 27 14 m.
572 1489 148 27 Utländingar,
744 1496 45 14 som
813 1489 27 26 på
863 1489 68 26 grund
948 1488 22 21 af
