1025 1686
336 95 25 17 R.
374 99 18 13 o.
404 95 22 16 A.
439 95 55 17 1891.
521 95 22 17 13
557 95 47 21 Maj.
803 90 52 21 1011

59 183 51 14 vara
126 176 69 21 denna
210 175 55 22 vinst
280 175 33 22 för
329 176 37 21 det
380 175 114 26 allmänna,
509 175 43 21 kan
567 175 63 22 deraf
645 175 122 26 naturligen
778 175 46 21 icke
835 175 52 26 följa

60 205 70 27 nägon
153 204 120 27 skyldighet
296 204 32 21 för
351 204 100 21 städerna
473 205 33 20 att
526 203 56 22 afstä
597 210 26 15 en
639 203 34 22 del
689 203 23 22 af
725 203 162 28 ifrägavarande

60 234 55 21 vinst
130 233 23 22 ät
168 234 77 21 staten.

128 279 32 21 Hr
175 278 136 22 Lindelöf:
327 278 33 21 Dä
376 279 147 21 diskussionen
539 278 23 21 af
576 278 69 21 denna
660 278 60 26 fräga
735 278 67 20 redan
817 277 70 22 blifvit

59 307 73 22 alltför
155 307 84 27 mycket
261 306 90 27 uttänjd,
375 306 23 22 sä
416 307 39 21 ber
468 307 36 27 jag
521 308 75 20 endast
611 306 6 21 i
633 306 88 21 korthet
736 306 21 21 få
773 306 114 22 tillkänna-

58 336 63 27 gifva,
145 338 33 18 att
198 335 36 27 jag
255 334 132 22 beträffande
412 336 147 26 fördelningen
586 335 22 21 af
629 335 257 27 utskänkningsbolagens

59 364 125 22 vinstmedel
199 364 45 21 helt
259 364 39 21 och
309 364 66 22 hållet
390 364 102 22 omfattar
508 364 36 21 det
558 364 89 27 förslag,
663 370 45 14 som
727 364 31 20 Hr
769 364 118 21 Rönnbäck

58 394 8 21 i
81 394 32 21 sin
129 393 132 21 reservation
283 392 121 22 framställt.
435 393 41 26 Jag
498 393 39 21 har
553 392 45 22 icke
614 392 82 21 kunnat
712 392 66 21 blifva
793 392 94 27 öfverty-

58 423 42 26 gad
116 428 41 20 om,
173 423 33 20 att
221 422 36 20 det
272 421 68 21 skulle
357 428 50 15 vara
422 422 85 21 rättvist
530 422 51 20 eller
597 421 154 27 principenligt,
768 422 32 20 att
816 422 70 20 staten

59 450 107 22 förbehöll
182 450 31 27 sig
228 450 69 27 någon
313 450 35 21 del
371 450 23 21 af
407 450 258 26 utskänkningsbolagens
680 450 134 20 vinstmedel.
844 450 43 21 Det

59 486 62 21 synes
144 479 43 26 mig
209 479 46 21 icke
274 485 51 15 vara
346 479 139 27 konsegvent,
506 480 33 20 att
555 485 25 15 en
596 478 66 22 sädan
678 478 209 22 konsumtionsskatt

59 508 69 22 skulle
143 508 102 26 päläggas
261 507 69 27 bolag,
354 514 45 15 som
423 508 74 21 arbeta
513 508 5 20 i
535 507 128 27 ordningens
677 506 40 22 och
732 507 154 27 nykterhetens

58 537 98 26 intresse,
171 543 48 15 men
235 538 33 19 att
283 536 96 22 deremot
394 537 26 21 de
436 536 97 22 enskilda
548 542 107 21 personer,
667 542 45 15 som
728 536 51 21 idka
794 536 91 21 utminu-

59 566 89 26 terings-
169 565 40 21 och
231 564 243 27 utskänkningsrörelse,
497 565 47 21 icke
563 564 90 21 behöfde
669 564 119 21 vidkännas
803 565 31 20 ett
850 564 34 26 dy-

59 595 40 20 likt
114 594 81 26 afdrag.
226 593 40 21 Om
281 594 36 21 det
332 593 94 22 befinnes
442 593 79 26 skäligt
535 594 33 20 att
583 594 70 20 staten
669 593 69 21 skulle
753 593 79 21 skörda
847 593 39 20 nä-

58 629 42 21 gon
115 623 124 26 ytterligare
260 622 93 21 inkomst
368 622 23 21 af
412 622 256 27 bränvinshandteringen
684 621 84 22 utöfver
784 622 40 21 den
839 627 46 16 som

59 651 77 22 hittills
158 651 90 22 kommit
270 652 70 20 staten
363 650 32 22 till
417 651 62 26 godo,
501 650 24 22 sä
540 652 25 19 är
580 651 36 20 det
631 651 34 20 väl
680 650 100 27 riktigast
794 652 33 19 att
841 650 45 21 till-

58 680 200 27 verkningsskatten
272 679 65 28 höjes.
360 679 33 22 Dä
402 679 85 22 komme
496 680 40 21 den
545 681 32 20 att
585 679 64 21 bäras
664 679 23 21 af
700 679 43 21 alla
758 679 128 21 konsumen-

59 711 38 25 ter,
114 709 111 21 hvaremot
234 709 40 20 den
283 709 77 26 afgäld,
369 715 45 15 som
427 709 6 20 i
449 708 146 21 betänkandet
609 707 98 27 föresläs,
723 707 69 22 skulle
802 707 84 22 drabba

57 738 57 21 blott
136 744 26 15 en
185 737 34 21 del
240 737 192 22 stadskommuner.
463 737 123 21 Inkomsten
601 736 23 21 af
638 736 40 21 den
694 736 86 27 rörelse,
797 736 88 22 hvarom

58 767 38 21 här
112 768 24 19 är
151 766 68 27 fräga,
235 772 62 21 synes
312 766 43 27 mig
371 765 133 27 rättvisligen
519 765 47 22 icke
581 765 72 21 kunna
669 765 85 21 komma
770 765 67 21 andra
851 765 35 21 till

57 795 55 27 godo
121 797 26 19 än
156 795 26 21 de
191 795 131 26 kommuner,
331 795 38 21 der
380 794 66 22 sädan
456 795 80 21 rörelse
544 793 113 26 bedrifves,
667 794 39 21 och
717 793 72 22 hvilka
797 794 88 21 vidkän-

58 831 38 14 nas
117 823 166 27 olägenheterna
306 823 23 21 af
350 823 130 26 densamma,
503 823 84 21 säledes
608 824 96 20 närmast
720 823 40 20 den
776 823 54 25 stad,
847 823 38 20 der

57 852 94 22 rörelsen
175 852 113 26 bedrifves,
312 851 40 22 och
374 852 26 21 de
421 852 132 25 kommuner,
569 858 45 14 som
629 851 91 27 bidraga
735 850 77 22 dertill.
842 851 43 21 Det

58 881 111 27 riktigaste
185 881 68 21 skulle
269 880 82 22 säledes
374 881 66 26 enligt
455 880 43 21 min
514 880 64 21 tanke
593 886 58 20 vara,
668 882 32 19 att
715 880 83 20 vinsten
813 879 23 21 af
850 881 34 19 ut-

57 910 147 27 skänkningen
219 909 45 21 helt
280 909 39 21 och
335 909 67 21 hållet
418 909 68 21 skulle
502 908 85 22 tillfalla
595 909 221 26 stadskommunerna,
823 908 62 21 hvar-

57 940 58 20 emot
130 938 84 22 vinsten
229 938 22 21 af
265 938 187 27 utminuteringen,
469 938 31 21 till
511 938 85 21 hvilken
605 937 217 21 landskommunerna
830 937 54 27 jem-

57 968 34 21 väl
106 967 95 27 bidraga,
218 967 68 21 skulle
302 966 94 22 fördelas
412 966 90 22 emellan
518 966 48 22 stad
582 966 39 21 och
637 966 55 21 land.
722 966 33 20 En
770 966 66 21 sädan
852 966 32 21 ät-

57 996 83 21 skilnad
162 996 37 21 vill
219 995 38 27 jag
272 996 54 21 dock
341 995 47 22 icke
404 995 85 26 föreslä,
505 995 90 21 emedan
609 995 41 21 den
667 994 87 27 onödigt
770 994 67 22 skulle
852 994 32 22 in-

57 1025 75 21 veckla
146 1024 73 22 saken.
250 1024 49 21 Men
315 1024 27 22 dä
358 1031 48 14 man
422 1026 61 24 tager
498 1024 6 21 i
521 1023 141 22 betraktande
677 1024 33 20 att
725 1023 83 21 vinsten
821 1023 62 21 afut-

57 1054 120 26 skänkning
199 1053 40 21 och
262 1053 152 27 utminutering
432 1052 56 22 varit
503 1052 89 27 ungefär
607 1052 44 21 lika
666 1052 128 21 ätminstone
809 1052 7 20 i
831 1052 53 21 Hel-

57 1082 98 27 singfors,
178 1082 24 21 sä
224 1088 62 21 synes
308 1082 60 21 detta
390 1082 32 20 för
438 1082 43 26 mig
496 1088 51 14 vara
563 1082 31 20 ett
609 1081 47 21 skäl
673 1082 33 20 att
721 1080 85 22 biträda
821 1080 40 22 den
877 1081 7 21 i

57 1111 158 21 reservationen
231 1110 120 26 föreslagna
367 1110 154 26 fördelningen,
537 1110 66 26 enligt
617 1109 86 21 hvilken
719 1109 28 27 3/,
762 1109 68 21 skulle
840 1109 44 20 till-

57 1139 85 22 komma
166 1139 75 21 staden
265 1139 39 21 och
320 1139 27 26 1/,
362 1139 223 24 landskommunerna,
601 1137 71 22 såsom
688 1137 88 27 ungefär
792 1139 92 20 motsva-

57 1168 66 21 rande
139 1168 36 21 det
191 1167 78 27 riktiga
283 1167 150 22 förhällandet.
464 1167 43 22 Det
522 1169 24 19 är
561 1167 27 26 pä
603 1166 80 22 sädana
691 1166 94 27 grunder
796 1172 44 15 som
848 1165 37 28 jag

56 1197 64 21 alltsä
136 1196 142 21 understöder
292 1196 167 21 reservationen.

126 1237 32 20 Hr
173 1235 190 28 Jägerskjöld:
379 1236 67 21 Afven
460 1236 37 27 jag
512 1236 42 21 kan
569 1236 46 21 icke
631 1235 114 27 godkänna
754 1235 40 21 den
804 1235 79 21 fördel-

56 1265 50 26 ning
128 1265 24 20 af
165 1264 258 27 utskänkningsbolagens
443 1265 133 26 vinstmedel,
598 1271 45 15 som
659 1266 23 19 är
698 1265 107 26 upptagen
820 1263 7 21 i
843 1263 41 22 den

56 1293 78 28 nädiga
148 1293 161 28 propositionen
331 1295 56 20 samt
405 1293 118 22 utskottets
539 1293 140 22 betänkande.
711 1293 44 26 Mig
770 1298 62 21 synes
848 1292 37 21 det

56 1329 52 14 vara
131 1322 48 21 med
203 1322 90 21 rättvisa
309 1323 38 21 och
364 1322 96 27 billighet
477 1322 104 24 förenadt,
597 1323 33 20 att
646 1321 64 22 också
725 1321 158 21 landskommu-

56 1357 68 16 nerna
138 1350 70 22 blefve
224 1350 129 27 ihågkomna
369 1351 47 21 med
439 1350 71 27 någon
525 1351 63 20 andel
603 1350 23 21 af
641 1350 40 21 den
697 1350 61 25 vinst,
775 1356 44 15 som
834 1349 50 21 här-

56 1379 67 22 intills
145 1379 90 22 kommit
257 1379 215 22 stadskommunerna
494 1385 109 15 ensamma
625 1379 33 20 till
679 1379 34 20 del
737 1378 53 21 ifrån
812 1378 72 21 ofvan-

56 1408 93 21 nämnda
171 1408 132 21 vinstmedel.
333 1408 42 26 Jag
398 1408 59 20 delar
480 1408 47 20 icke
543 1408 26 20 de
584 1407 170 27 betänkligheter
770 1406 56 22 Frih.
843 1412 41 15 von

56 1436 58 22 Born
129 1437 6 20 i
152 1437 69 21 denna
236 1436 39 22 sak
290 1442 49 22 nyss
355 1436 85 26 uttalat,
457 1438 53 19 utan
534 1438 45 19 tror
597 1436 36 27 jag
648 1437 32 20 att
696 1436 51 21 vära
762 1435 123 21 landskom-

56 1471 81 20 muner,
153 1465 24 21 af
190 1465 71 21 hvilka
277 1465 26 21 de
323 1464 62 22 flesta
404 1464 65 22 hafva
484 1465 81 27 ganska
581 1464 60 27 ringa
656 1464 69 22 medel
740 1464 33 21 till
788 1464 38 21 sitt
840 1463 43 21 för-

56 1493 98 28 fogande,
171 1494 49 22 med
235 1494 135 22 tacksamhet
386 1494 60 22 skola
462 1495 96 25 mottaga
573 1494 26 20 de
615 1493 83 27 bidrag,
714 1499 46 15 som
770 1492 32 22 Hr
812 1493 71 21 Rönn-
