1025 1686
333 92 25 17 R.
370 97 18 12 0.
400 93 23 16 A.
435 93 53 17 1891.
512 93 9 16 1
534 92 63 21 April.
811 87 41 20 557

50 177 51 15 nom
124 177 26 15 en
174 171 28 26 pä
221 171 127 27 uthällighet
363 171 90 22 baserad
470 171 125 27 afverkning
611 172 23 21 af
647 172 181 27 kronoskogarne,
843 172 38 21 be-

49 200 55 21 reda
126 199 85 27 ständig
226 199 172 28 arbetsförtjenst
413 200 23 21 ät
451 200 55 21 bäde
522 201 41 20 den
578 200 86 21 bofasta
680 200 40 21 och
735 201 47 20 icke
797 201 84 21 bofasta

51 228 151 26 befolkningen
225 228 39 21 och
285 228 126 27 möjliggöra
434 229 48 21 dess
505 229 99 21 existens.
635 229 42 21 Det
700 231 24 18 är
746 228 82 22 säledes
848 229 33 21 för

50 256 72 21 denna
138 257 134 26 befolknings
288 257 91 21 existens
394 257 24 21 af
432 258 85 26 mycket
532 260 45 19 stor
587 257 50 27 vigt,
649 259 32 19 att
692 257 46 22 icke
751 257 130 21 vidsträckta

51 284 152 28 skogsmarker
226 285 99 27 upplätas
348 285 22 21 ät
393 286 97 21 enskilda
515 288 52 19 utan
590 288 33 18 att
645 286 26 20 de
690 285 99 21 förblifva
806 286 7 20 i
832 286 49 20 kro-

51 319 54 15 nans
120 320 46 20 ego.

121 342 63 21 Hvad
197 342 36 26 jag
249 348 27 15 nu
293 346 47 23 sagt
355 343 67 26 gäller
437 343 253 26 författningsförslagets
705 342 100 26 innehäll,
816 342 6 21 i
830 342 52 21 hvil-

51 370 38 22 ket
110 370 101 22 afseende
231 371 37 26 jag
283 370 82 22 säledes
380 372 125 26 föredrager
520 372 159 20 reservationen
695 370 89 22 framför
798 371 83 21 utskot-

51 401 44 19 tets
110 399 135 21 betänkande
261 400 39 20 och
318 400 166 26 propositionen.
515 400 49 21 Men
579 400 7 21 i
602 400 158 20 reservationen
776 399 105 22 förekom-

52 433 46 15 mer
121 428 64 20 ocksä
207 428 32 20 uti
261 428 109 26 ingressen
393 429 33 21 till
448 428 242 27 författningsförslaget
709 430 31 19 ett
754 428 81 27 förslag
850 428 32 21 till

51 455 112 22 uttalande
179 456 74 21 derom
268 458 33 19 att
317 456 119 22 Ständerna
452 459 81 19 emotse
548 459 32 19 att
589 458 25 20 de
623 456 132 27 principiella
763 456 119 21 förändrin-

50 490 48 21 gar,
120 484 73 22 hvilka
216 484 72 22 kunna
303 491 52 15 vara
370 486 22 20 af
406 486 211 26 omständigheterna
633 485 113 27 päkallade
761 486 7 20 i
783 485 98 27 gällande

52 513 151 26 författningar
225 514 92 20 rörande
339 514 181 26 kronojordarnas
543 514 124 26 disposition
691 520 19 14 0.
729 520 17 14 s.
761 520 19 14 v.
798 515 84 19 komma

50 543 35 19 att
106 542 129 20 uderställas
257 542 131 22 Ständernas
415 542 106 27 pröfning.
555 542 74 21 Säsom
655 542 48 21 utaf
723 542 160 21 reservationen

51 569 102 27 framgär,
177 572 25 19 är
225 570 60 21 detta
299 571 95 26 yrkande
410 573 97 19 närmast
521 570 108 21 föranledt
645 570 23 21 af
682 570 41 21 den
738 570 82 26 ätgärd,
836 576 46 15 som

51 597 110 28 Styrelsen
183 598 73 27 vidtog
277 599 24 20 är
318 599 54 21 1885
388 599 48 22 med
452 599 100 22 afseende
568 599 12 21 å
596 599 152 26 lägenheterna
763 599 32 20 uti
811 599 72 20 Kemi-

51 627 62 20 träsk
136 627 84 21 socken.
253 627 45 21 Här
313 627 40 22 har
370 627 34 22 väl
420 627 55 22 både
491 628 34 21 vid
541 628 52 21 sista
608 628 93 26 plenum,
717 627 39 21 och
772 627 35 21 vid
823 627 60 21 detta

51 655 34 21 Hr
106 655 172 27 Yrjö-Koskinen
294 656 49 21 sökt
359 656 101 27 förklara,
477 658 32 19 att
525 657 69 20 denna
610 656 76 26 åtgärd
703 655 179 22 öfverensstämde

52 683 49 22 med
117 683 131 22 Ständernas
263 685 70 20 beslut
349 685 35 20 vid
401 685 142 21 1877—1878
559 685 34 21 års
609 685 103 26 landtdag
728 684 39 21 och
778 686 32 19 att
821 684 62 21 Stän-

53 712 79 21 dernas
155 713 85 26 mening
261 713 47 21 icke
329 713 43 21 kan
390 713 63 22 hafva
468 714 56 20 varit
540 714 69 26 någon
625 719 76 15 annan.
732 713 43 21 För
790 713 43 20 min
848 712 35 21 del

53 740 69 22 finner
141 741 37 26 jag
198 741 53 26 icke,
276 741 56 22 huru
353 749 49 14 man
418 742 41 21 kan
476 742 85 21 komma
577 742 32 21 till
625 748 26 15 en
666 742 66 21 sådan
748 741 135 27 uppfattning

53 769 24 21 af
100 769 131 22 Ständernas
253 771 91 26 mening.
374 771 42 20 Det
432 777 62 20 synes
509 771 43 26 mig
567 772 92 19 tvärtom
675 770 35 21 vid
725 769 158 28 genomgående

52 797 26 21 af
91 797 132 22 Ständernas
239 805 48 14 svar
302 799 27 26 på
345 799 49 21 nåd.
410 805 60 20 prop.
487 799 39 21 N:o
543 800 12 20 6
571 799 35 21 vid
621 805 82 14 samma
720 799 102 26 landtdag
837 798 46 27 tyd-

54 826 40 26 ligt
108 826 84 23 framgå
207 829 33 18 att
255 827 120 21 Ständerna
390 828 46 20 icke
447 828 49 20 ville
507 827 110 21 utsträcka
629 827 135 21 tilldelandet
776 826 23 21 af
810 827 73 26 skogs-

54 854 86 22 marker
162 854 23 22 åt
203 855 151 27 lägenheterna
370 856 7 20 i
399 856 156 21 vidsträcktare
571 856 55 25 mån,
642 857 27 19 än
686 855 54 21 efter
754 855 27 21 de
797 855 86 22 mantal,

52 888 49 16 som
124 883 27 21 då
172 884 83 20 funnos.
285 884 42 20 Det
342 884 62 21 heter
418 884 107 27 nämligen
541 884 12 21 &
568 885 12 20 5
597 884 38 21 sid.
652 884 23 20 af
689 884 131 20 Ständernas
835 890 48 14 svar

52 913 36 19 att
110 912 155 26 samfällighets
286 912 126 27 delegarene
432 913 18 26 ej
466 913 82 21 mindre
566 912 34 22 för
615 912 62 21 deras
693 912 110 21 hemmans
818 918 66 14 nuva-

54 940 70 20 rande
148 941 80 20 mantal
251 942 26 19 än
299 940 34 22 för
354 941 26 21 de
404 941 111 27 nybyggen
531 941 12 21 ä
559 943 55 24 torp,
630 941 72 21 hvilka
717 940 55 22 efter
787 940 97 27 pröfning

54 968 73 22 kunna
149 969 58 21 bilda
229 969 164 27 sjelfbestäende
416 970 131 26 lägenheter,
568 970 68 20 skulle
659 969 21 21 få
699 970 31 25 sig
746 969 138 26 provisionelt

54 997 98 21 tilldelad
159 997 94 21 blandad
259 998 99 21 skattbar
364 998 39 21 och
414 998 86 21 skattfri
511 998 60 21 mark
579 998 53 21 efter
643 998 118 26 beräkning
773 997 28 26 pä
811 997 73 27 hvarje

53 1026 140 26 provisionelt
209 1026 81 21 mantal
305 1026 23 21 af
345 1027 75 25 12,000
435 1027 105 21 tunnland
555 1027 7 21 i
577 1026 110 22 Kuusamo
704 1026 39 21 och
758 1026 126 26 Kuolajärvi

53 1054 93 21 socknar
169 1054 40 22 och
232 1055 63 25 8,000
314 1055 7 21 i
336 1055 124 21 Kemiträsk
476 1062 19 14 o.
511 1061 16 15 s.
543 1062 19 14 v.
593 1055 46 21 Här
654 1055 107 26 begagnas
776 1054 108 27 uttrycket

53 1083 136 26 nuvarande
211 1084 99 20 mantal.*
339 1084 79 20 Vidare
434 1086 52 24 säga
501 1083 120 22 Ständerna
636 1083 27 27 pä
679 1084 12 20 3
708 1084 37 20 sid.
761 1083 7 21 i
784 1082 36 22 sitt
836 1089 48 15 svar

53 1111 15 20 å
90 1111 49 20 nåd.
162 1118 68 20 prop:
261 1112 53 20 Lika
335 1112 49 21 med
409 1113 53 20 1872
480 1112 34 21 års
534 1112 92 21 Ständer
646 1118 51 15 anse
712 1118 28 14 nu
755 1111 128 21 församlade

53 1139 96 22 Ständer
170 1140 36 21 det
228 1146 51 15 vara
301 1140 64 27 högst
386 1140 187 27 maktpäliggande
594 1142 32 19 att
641 1140 40 21 den
698 1139 108 27 betydliga
820 1141 63 19 stats-

53 1168 113 26 egendom,
182 1174 44 15 som
243 1169 32 20 för
290 1169 133 21 närvarande
438 1169 7 21 i
461 1169 63 21 dessa
539 1169 97 26 nordliga
651 1168 94 21 trakters
754 1168 77 26 skogar
839 1168 45 21 stär

54 1197 127 26 obegagnad
203 1197 39 21 och
265 1199 68 19 utsatt
348 1197 33 21 för
397 1197 101 26 vanvärd,
513 1197 77 21 varder
605 1197 97 26 skyddad
718 1197 38 21 och
773 1197 110 20 bevarad.*

54 1224 123 22 Ständerna
193 1225 108 26 förbisägo
317 1225 83 22 säledes
415 1226 47 21 icke
478 1227 71 26 vigten
564 1225 23 21 af
601 1227 32 20 att
648 1226 93 21 kronans
760 1225 78 26 skogar
846 1225 39 20 här

56 1253 69 21 skulle
141 1254 95 25 bevaras,
253 1254 40 21 och
309 1255 59 20 detta
383 1261 38 14 var
434 1254 46 27 just
495 1255 90 20 orsaken
601 1254 33 21 till
650 1254 40 21 den
707 1253 98 22 beslutna
813 1253 72 26 ätgär-

54 1281 43 22 den
119 1289 34 14 om
176 1282 149 27 upphäfvande
341 1283 23 20 af
377 1283 216 26 knektekontrakten,
610 1283 85 20 hvilken
712 1282 77 27 åtgärd
804 1282 81 26 möjlig-

54 1310 76 27 gjorde
153 1317 26 15 en
201 1311 129 26 provisionel
348 1311 115 27 afrösning.
496 1311 72 22 Skulle
583 1312 36 20 det
634 1311 85 21 fordras
735 1310 69 26 nägon
818 1312 67 25 ytter-

55 1339 69 26 ligare
139 1339 108 26 bevisning
263 1339 33 22 för
311 1342 33 19 att
359 1341 59 20 detta
434 1346 38 15 var
488 1339 130 22 Ständernas
633 1340 91 25 mening,
740 1339 24 21 sä
780 1339 61 20 torde
850 1339 35 20 det

55 1367 34 21 väl
113 1368 66 21 ocksä
199 1368 82 27 framgä
305 1368 61 21 deraf
379 1370 33 19 att
427 1368 122 21 Ständerna
564 1369 78 20 uttalat
657 1368 31 26 sig
704 1367 87 26 derhän,
807 1369 33 18 att
854 1367 30 20 in-

55 1402 43 14 nan
121 1397 68 25 nägra
211 1397 72 20 vidare
302 1397 101 26 ätgärder
421 1397 69 21 skulle
505 1397 107 26 företagas
628 1397 55 20 efter
698 1396 70 21 denna
783 1395 102 26 provisio-

55 1424 59 21 nella
129 1424 115 27 afrösning,
260 1431 26 15 en
302 1425 159 27 undersökning
479 1425 24 21 af
516 1424 163 22 förhällandena
696 1424 64 21 borde
776 1424 44 20 ske.
842 1423 43 21 Det

56 1452 73 22 heter:
151 1469 4 11 ,
158 1453 40 27 för
214 1453 132 21 bedömande
362 1453 23 21 af
399 1453 75 27 frågan
490 1460 35 14 om
541 1454 18 26 ej
575 1454 81 20 mindre
677 1453 134 26 lämpligaste
826 1451 59 21 tiden

55 1480 35 22 för
104 1482 114 26 intagande
234 1482 23 20 af
270 1482 124 21 storskiften
409 1482 7 21 i
430 1482 141 21 förenämnda
586 1482 97 26 socknar,
700 1483 26 19 än
742 1480 40 22 ock
792 1480 36 21 det
838 1482 47 19 tun-

126 1522 37 16 N:o
177 1523 24 15 16.
796 1519 22 17 36
