1025 1686
357 105 19 17 R
388 109 18 13 o.
418 106 23 16 A.
454 106 55 17 1801.
534 107 13 16 2
558 106 49 21 Maj.
825 103 42 20 719

67 187 55 18 samt
144 184 70 21 stämd
230 185 33 20 för
278 191 25 15 en
320 185 79 26 ökning
414 185 23 22 af
450 185 103 22 Finlands
568 187 72 20 Banks
654 186 83 25 filialer,
754 187 89 22 emedan
857 188 37 26 jag

66 219 62 15 anser
152 213 96 21 bankens
272 214 144 26 organisation
438 220 54 15 vara
514 215 101 27 olämplig
635 215 35 21 för
683 215 90 24 sådana,
789 215 28 22 dä
832 217 62 20 dessa

65 241 78 22 kontor
158 242 6 20 i
181 241 123 22 landsorten
321 242 47 21 frän
384 242 200 28 centralstyrelsens
599 243 48 22 sida
661 244 47 21 icke
725 244 23 21 sä
760 243 135 28 fullständigt

65 269 73 21 kunna
160 270 103 26 dirigeras
280 271 39 20 och
335 271 128 21 öfvervakas
478 277 45 15 som
540 272 135 26 erforderligt
690 279 56 19 vore,
763 273 40 20 och
818 273 76 26 styrel-

66 304 36 15 sen
127 300 25 19 är
174 298 107 22 beroende
297 298 23 21 af
333 299 41 21 den
390 300 106 26 personal,
513 306 45 15 som
574 300 43 21 kan
633 300 93 22 erhållas
740 301 6 21 i
762 301 26 21 de
804 301 89 25 trakter,

66 326 38 22 der
120 327 25 21 de
160 327 99 21 inrättas.
289 328 67 20 Detta
371 330 24 18 är
410 328 55 21 dock
481 328 178 27 betänkligheter,
675 336 46 14 som
737 336 63 20 synas
808 330 86 21 betrak-

64 358 34 18 tas
113 355 70 21 säsom
198 356 124 24 teoretiska,
338 356 39 22 och
391 356 37 27 jag
442 357 38 21 vill
495 357 47 21 icke
557 358 116 26 uppehälla
688 358 43 26 mig
746 358 80 22 dervid.
852 358 41 27 Jag

64 383 100 27 förutser,
187 386 33 19 att
243 384 82 22 antalet
347 384 24 22 af
391 385 62 21 dessa
476 385 76 21 filialer
575 392 45 15 mer
635 386 40 21 och
690 392 46 16 mer
750 386 96 22 kommer
861 388 33 20 att

65 412 59 26 ökas,
147 412 28 22 dä
190 413 37 21 det
243 413 139 27 ovilkorligen
398 416 24 18 är
438 420 26 15 en
480 414 56 22 vinst
551 414 33 21 för
607 421 26 15 en
649 416 34 20 ort
698 417 33 19 att
744 415 23 21 få
782 421 26 15 en
824 415 66 22 sådan

64 441 51 21 filial
138 442 23 20 af
181 441 102 21 Finlands
304 442 64 21 bank.
399 442 42 22 Det
460 443 64 21 räder
539 442 74 22 härför
628 450 25 14 en
670 444 221 26 opinionsströmning,

65 476 45 15 som
132 470 47 21 icke
202 470 41 21 kan
266 470 98 25 motstäs,
382 470 26 22 dä
424 471 41 21 den
482 472 141 21 understödes
638 472 23 21 af
675 474 97 19 orternas
788 472 105 22 särskilda

64 498 112 22 intressen.
207 498 65 22 Detta
295 501 24 19 är
344 506 25 14 en
385 500 130 25 erfarenhet,
531 506 45 16 som
592 502 24 19 är
632 501 56 21 känd
704 500 46 21 frän
766 501 67 21 andra
848 501 45 21 län-

65 527 43 27 der,
132 529 14 19 t.
172 534 32 16 ex.
220 527 126 25 Frankrike,
362 528 38 21 der
415 535 49 14 man
481 529 50 21 sökt
545 531 103 19 motsätta
664 530 32 26 sig
712 529 93 21 ökandet
820 529 22 21 af
856 536 37 14 an-

64 556 54 21 talet
140 556 98 21 Franska
260 556 98 21 Bankens
374 557 86 26 kontor,
476 563 49 15 men
541 557 113 27 förgäfves.
686 558 27 20 Sä
728 560 60 19 snart
803 558 36 21 det
853 558 38 20 fin-

64 590 38 15 nes
124 586 32 19 ett
178 585 106 20 nationelt
298 585 92 25 institut,
407 585 40 21 blir
462 585 169 28 pätryckningen
647 586 6 21 i
670 586 60 21 detta
744 586 100 21 afseende
859 586 33 21 för

64 613 66 21 stark.

133 642 62 21 Hvad
206 641 194 28 Bankfullmäktige
414 642 87 27 upplyst
517 649 34 14 om
567 643 227 27 sedeltillverkningen,
808 649 44 16 som
863 650 29 14 nu

65 670 105 21 bedrifves
185 671 7 20 i
207 670 102 21 Finlands
332 671 72 20 Banks
420 677 53 20 egen
489 671 64 27 lokal,
570 671 39 22 och
626 672 68 21 under
709 672 115 27 styrelsens
840 678 52 21 egen

63 699 79 27 tillsyn,
166 699 39 21 har
219 699 8 20 i
242 699 42 26 hög
298 699 54 26 grad
372 699 60 27 gladt
447 700 50 26 mig,
514 699 27 22 dä
556 700 36 21 det
607 701 56 20 visat
678 701 38 26 sig,
732 702 33 19 att
780 701 112 21 kostnads-

63 727 77 27 frägan
164 727 59 22 ställt
239 728 31 26 sig
287 727 175 28 fördelaktigare,
478 730 28 19 än
519 729 38 26 jag
571 729 33 20 för
619 729 44 20 min
678 729 34 21 del
728 729 87 27 antagit.
844 729 48 21 Den

64 758 69 19 större
157 756 98 26 kostnad,
278 762 45 15 som
339 757 27 20 de
382 757 126 21 meddelade
524 757 99 21 siffrorna
637 757 61 27 gifvit
712 757 34 21 vid
762 757 90 26 handen,
868 760 25 19 är

64 785 7 20 i
94 785 39 21 och
155 785 34 21 för
211 785 32 26 sig
265 785 40 20 alls:
326 785 47 21 icke
389 785 94 27 betydlig
498 786 7 21 i
519 785 121 28 jemförelse
656 786 48 21 med
720 786 40 21 den
776 788 68 19 större
859 788 33 19 sä-

63 813 83 27 kerhet,
170 820 45 15 som
239 813 40 22 den
302 814 134 21 närvarande
456 813 145 28 inrättningen
617 815 22 20 af
653 815 173 26 sedeltryckeriet
841 815 51 21 lem-

64 848 40 15 nar
128 842 91 26 banken,
243 842 39 21 och
305 843 37 20 det
364 843 94 26 framgär
482 843 88 21 alldeles
585 843 78 27 tydligt
678 843 23 21 af
714 843 177 21 Bankutskottets

64 870 165 27 framställning,
252 872 33 19 att
301 871 124 21 densamma
439 871 58 21 inom
512 872 51 20 kort
577 872 42 20 blir
635 873 26 19 än
677 871 165 27 fördelaktigare
865 874 27 18 än

63 900 41 21 den
127 899 58 21 förut
208 906 44 19 var,
273 899 24 21 sä
320 901 33 19 att
368 900 99 21 sedlarna
482 900 122 26 derigenom
620 900 87 21 komma
728 902 32 19 att
782 901 62 20 ställa
859 901 32 25 sig

63 928 97 27 billigare
177 930 27 19 än
219 928 65 26 förut,
294 928 27 21 dä
336 928 141 27 tryckningen
499 928 97 22 utfördes
611 929 127 21 utomlands.
770 929 64 21 Detta
848 929 43 21 kan

62 963 50 15 man
128 958 78 26 antaga
221 956 55 22 efter
297 957 40 21 den
353 957 120 27 utredning,
490 963 46 15 som
551 957 120 27 föreligger.
702 958 40 26 Jag
758 957 38 21 ber
810 957 33 21 för
858 964 33 14 re-

62 988 47 19 sten
133 986 66 20 redan
223 992 29 14 nu
274 985 22 21 fä
317 986 132 21 understöda
471 986 104 26 förslaget
594 986 79 25 derom,
690 988 32 19 att
737 986 154 22 sedeltillverk-

62 1014 147 27 ningslokalen
225 1012 69 24 blefve
309 1014 110 27 utvidgad,
428 1014 28 27 pä
472 1016 43 20 sätt
530 1014 196 27 Bankfullmäktige
741 1014 40 21 och
796 1015 95 21 Bankut-

63 1043 81 21 skottet
166 1042 111 27 föreslagit
301 1042 39 22 och
356 1043 95 26 tydligen
468 1042 115 28 ädagalagt
597 1049 53 15 vara
665 1043 23 21 af
702 1042 100 22 behofvet
817 1043 74 27 päkal-

62 1072 52 22 ladt.
144 1071 10 21 I
170 1071 61 27 fråga
247 1077 33 15 om
296 1071 180 22 Bankutskottets
496 1072 111 20 omdömen
618 1072 92 20 rörande
718 1071 173 27 bankstyrelsens

62 1102 44 19 sätt
121 1102 32 19 att
162 1106 95 20 operera,
267 1100 41 20 kan
315 1100 37 26 jag
359 1100 47 21 icke
415 1102 66 19 annat
492 1102 51 24 säga
551 1102 26 19 än
589 1102 32 19 att
629 1100 178 21 Bankutskottets
816 1100 74 21 härom

62 1129 86 26 yttrade
170 1128 81 27 äsigter
265 1130 37 19 äro
318 1128 82 27 ganska
421 1129 33 20 väl
470 1129 117 26 grundade.
618 1129 76 20 Likväl
709 1129 80 26 nödgas
802 1129 37 26 jag
854 1129 36 21 be-

61 1157 105 21 träffande
189 1157 66 26 nägra
277 1157 23 21 af
318 1157 118 21 utskottets
458 1157 68 21 motiv
548 1157 119 25 framhälla,
690 1159 32 19 att
735 1157 36 26 jag
786 1157 46 21 icke
847 1157 43 21 kan

61 1185 89 22 alldeles
164 1185 135 27 fullständigt
315 1185 48 22 dela
380 1186 115 21 desamma.
526 1186 40 26 Jag
581 1192 74 15 menar
662 1186 128 26 yttrandena
805 1186 27 26 pä
850 1186 38 21 sid.

63 1215 26 20 16
113 1214 39 21 och
177 1215 25 20 17
226 1214 110 27 angäende
360 1215 98 26 reglerna
484 1214 34 21 för
533 1214 96 21 bankens
644 1214 136 21 verksamhet
795 1215 48 20 med
859 1215 30 21 af-

62 1243 77 21 seende
156 1243 12 20 &
184 1243 41 20 den
237 1243 56 20 vinst
309 1243 96 21 bankens
420 1243 82 21 rörelse
517 1243 42 20 kan
575 1244 76 20 lemna.
674 1243 168 21 Bankutskottet
850 1243 40 21 har

61 1272 107 26 nämligen
184 1271 124 25 framhällit,
325 1273 33 20 att
373 1272 94 26 utsigten
483 1271 28 27 pä
527 1271 66 26 högre
608 1271 57 21 vinst
679 1271 46 22 icke
741 1271 40 21 bör
795 1278 51 15 vara
859 1274 32 19 ett

62 1299 116 28 afgörande
185 1300 47 21 skäl
243 1300 35 21 vid
287 1300 172 21 bestämmandet
470 1301 24 20 af
501 1300 94 21 bankens
605 1300 141 26 operationer.
770 1300 65 21 Detta
843 1300 47 21 skäl

62 1329 68 21 skulle
144 1329 37 26 jag
196 1329 7 20 i
219 1329 39 20 och
275 1329 33 20 för
323 1329 32 26 sig
371 1329 38 21 och
426 1329 23 20 in
466 1328 109 21 abstracto
590 1329 47 20 icke
651 1329 73 20 kunna
738 1329 90 25 biträda,
842 1335 48 14 men

62 1357 28 21 dä
112 1357 105 21 utskottet
240 1357 48 21 litet
303 1357 74 27 längre
392 1357 55 22 fram
462 1359 70 24 säger,
549 1359 32 19 att
596 1359 63 25 ,utan
675 1357 71 21 tvifvel
762 1359 24 19 är
802 1357 35 22 det
852 1357 39 21 be-

61 1386 110 26 rättigadt,
195 1387 32 19 att
250 1385 23 21 af
294 1386 96 21 bankens
412 1386 82 20 rörelse
510 1386 53 20 söka
577 1386 103 20 realisera
695 1386 68 26 skälig
778 1386 72 25 vinst*,
867 1386 24 20 sä

62 1415 24 19 är
102 1414 59 21 detta
177 1416 31 19 ett
223 1414 156 21 modererande
402 1414 23 21 af
439 1414 37 21 det
492 1414 137 26 föregäende,
644 1420 45 15 som
705 1416 39 24 gör
759 1416 32 19 att
806 1416 84 25 yttran-

62 1442 35 21 det
112 1442 42 21 kan
171 1442 96 22 försvara
283 1443 31 21 sin
330 1443 62 27 plats.
424 1443 50 21 Men
488 1443 37 27 jag
541 1442 68 22 skulle
617 1443 50 26 vilja
682 1443 7 20 i
705 1443 113 27 anledning
828 1442 64 22 häraf

60 1471 126 25 framställa,
209 1473 33 19 att
264 1471 103 21 Finlands
389 1472 61 20 Bank
472 1472 46 26 just
536 1471 7 21 i
559 1472 60 20 detta
635 1471 105 27 afseende,
757 1471 132 21 beträffande

61 1500 119 21 ordnandet
196 1500 22 20 af
232 1500 31 21 sin
279 1500 81 21 rörelse
377 1500 46 21 icke
443 1500 132 26 väsentligen
594 1502 24 18 är
633 1500 6 20 i
655 1500 69 26 nägon
747 1506 69 15 annan
831 1500 60 21 ställ-
