1025 1686
315 113 25 16 R.
354 117 16 12 o.
383 112 22 17 A.
419 112 57 17 1891.
500 112 21 17 13
533 112 49 21 Maj.
798 107 38 21 991

40 199 64 15 varor
127 192 46 21 icke
189 192 68 21 blefve
273 192 89 21 förenad
378 193 48 20 med
440 191 71 28 nägon
531 192 56 21 vinst
603 191 33 22 för
651 197 49 16 vare
716 192 31 27 sig
762 192 107 27 förlägga-

41 228 37 15 ren
102 221 52 21 eller
176 221 153 24 utskänkaren,
353 220 23 21 sä
398 222 33 19 att
450 227 50 14 man
516 220 55 21 hade
587 221 28 20 all
630 220 66 27 utsigt
711 221 33 20 till
758 221 110 20 bränvins-

41 249 176 22 konsumtionens
233 249 131 26 minskande,
380 249 34 20 för
429 249 37 21 det
474 249 74 24 andra,
557 251 33 19 att
598 249 151 26 försäljningen
757 249 23 20 af
786 249 84 21 brända

41 278 129 26 rusdrycker
185 280 46 18 mot
245 280 52 24 pant
313 278 52 20 eller
380 277 27 27 pä
428 278 72 20 kredit
521 277 139 26 ovilkorligen
675 277 93 27 upphör;
784 277 33 21 för
832 278 37 20 det

40 307 69 26 tredje
125 308 33 19 att
173 306 110 21 lokalerna
298 306 33 21 för
348 306 68 21 denna
432 306 80 21 rörelse
529 305 69 22 blefve
611 306 84 26 ljusare,
704 306 98 25 sundare,
811 312 58 20 rym-

40 336 74 26 ligare,
137 341 110 20 snyggare,
270 335 39 21 och
332 334 34 21 för
388 334 36 21 det
446 334 69 27 fjerde
530 336 33 19 att
577 334 41 26 god
634 336 44 19 mat
692 334 33 21 för
741 334 69 26 billigt
824 335 45 25 pris

41 364 38 21 der
102 363 179 22 tillhandahälles.
312 363 66 21 Detta
400 363 178 26 sammanhänger
595 363 49 21 med
659 363 41 21 den
715 363 66 21 redan
797 363 72 21 disku-

40 393 74 21 terade
136 392 129 26 paragrafen
285 392 81 24 derom,
387 394 33 18 att
435 392 146 26 utskänkning
596 391 68 21 skulle
679 391 22 21 fä
716 398 39 20 ega
770 398 46 15 rum
833 398 37 14 en-

42 422 48 20 dast
112 421 7 21 i
141 420 153 27 sammanhang
315 420 49 21 med
379 420 146 26 spishällning,
541 420 35 21 vid
591 420 84 21 hvilken
692 426 65 19 varm,
774 420 95 21 närande

41 452 45 18 mat
102 449 70 21 tillika
187 449 68 21 skulle
271 449 101 26 erbjudas
387 449 117 21 kunderna.
535 448 41 27 Jag
591 448 33 21 fär
640 448 72 22 derför
727 448 33 21 för
776 449 42 21 min
834 448 35 21 del

41 478 107 26 tillstyrka
164 478 130 26 antagandet
310 477 48 21 utaf
372 477 118 21 utskottets
507 477 80 27 förslag
602 477 7 21 i
625 477 69 21 denna
710 477 40 26 del,
766 483 48 15 men
825 476 44 22 för-

41 506 96 22 behäller
152 506 43 26 mig
210 508 32 19 att
258 506 47 21 litet
320 506 74 26 längre
408 506 62 24 fram,
487 506 28 20 dä
529 506 36 20 det
582 506 41 20 blir
637 506 60 26 fräga
711 512 34 15 om
754 505 115 22 fördelnin-

41 542 40 20 gen
96 535 24 21 af
132 535 149 25 vinstmedlen,
297 534 21 21 fä
333 541 52 14 vara
400 534 23 21 af
437 541 71 14 annan
523 534 56 27 äsigt
594 536 27 19 än
636 535 112 21 utskottet.

109 591 57 21 Frih.
183 591 20 21 J.
219 591 181 27 Gripenberg:
417 591 10 20 I
442 591 81 21 midten
539 591 23 20 af
576 592 11 19 3
604 597 63 15 mom.
683 591 31 20 uti
729 591 140 22 förevarande

40 620 103 27 paragraf
164 620 118 21 innehälles
305 621 31 20 ett
360 619 118 26 stadgande
493 619 23 21 af
530 619 67 21 sådan
612 619 92 27 lydelse:
733 619 37 28 ,Ej
786 619 35 22 mä
836 620 33 21 till

40 649 124 21 reservfond
180 648 34 21 för
229 648 68 27 dylikt
312 648 63 27 bolag
390 648 24 21 af
427 649 41 20 den
484 648 68 26 ärliga
567 649 83 20 vinsten
666 654 58 15 mera
736 649 27 20 än
774 648 36 21 tvä
820 655 49 20 pro-

41 679 48 20 cent
104 677 13 22 &
132 677 37 21 det
183 677 81 21 insatta
280 677 103 26 kapitalet
399 677 94 26 atläggas
509 677 52 21 eller
577 676 157 27 reservfonden,
750 677 65 21 sedan
828 677 42 21 den

41 707 58 26 stigit
123 706 33 21 till
179 705 81 21 hälften
282 705 23 21 af
319 705 110 27 kapitalet,
446 705 73 21 vidare
537 705 64 25 ökas;
617 705 18 27 ej
652 705 67 22 heller
734 705 34 22 mä
783 705 87 27 bolaget

40 737 52 19 utan
108 734 165 27 länestyrelsens
288 734 126 27 begifvande
430 733 43 22 fast
489 734 103 27 egendom
608 733 126 22 förvärfva*.
764 734 105 27 Paragra-

40 763 36 21 fen
91 763 118 21 innehåller
232 763 118 21 emellertid
371 763 63 26 ingen
450 763 94 26 antydan
567 762 133 22 beträflande
716 763 25 21 de
756 763 115 26 grundsat-

41 799 34 14 ser
98 798 26 15 en
146 791 138 27 länestyrelse
308 791 55 21 skall
385 791 45 21 läta
448 792 50 20 leda
514 792 31 26 sig
560 791 28 26 af,
612 791 27 21 dä
662 791 123 21 densamma
800 791 70 22 skulle

41 821 70 26 äligga
136 822 32 19 att
191 820 75 26 pröfva
287 826 27 15 en
335 820 103 26 ansökan,
454 820 67 21 sädan
537 826 44 15 som
597 826 30 15 nu
641 821 24 20 är
680 819 118 27 ifrägasatt.
828 820 43 26 Jag

40 852 46 18 tror
100 850 33 20 att
147 848 155 27 länestyrelsen
318 848 52 21 eller
384 850 133 24 guvernören
527 848 34 21 vid
570 848 77 21 sådant
656 848 134 21 förhållande
798 848 71 21 kunde

41 877 53 21 räka
108 878 8 20 i
132 884 25 14 en
173 877 82 27 ganska
270 879 45 19 stor
330 876 142 28 förlägenhet.
502 877 103 21 Deremot
625 876 69 22 finner
708 876 36 28 jag
759 877 36 21 det
810 876 60 28 längt

41 906 132 26 lämpligare,
197 912 34 14 om
254 912 26 15 en
303 905 66 21 sädan
391 905 110 21 föreskrift
524 906 55 20 skall
602 905 124 26 bibehällas,
749 907 33 19 att
800 905 71 21 denna

41 935 99 26 pröfning
163 934 141 22 öfverlemnas
327 934 23 21 ät
372 934 147 26 magistraten.
550 934 126 21 Emellertid
699 940 61 20 synes
776 934 37 21 det
826 934 44 27 mig

41 963 150 27 tvifvelaktigt,
214 963 106 21 huruvida
342 969 26 14 en
392 962 67 22 sådan
482 962 135 27 bestämning
638 962 39 21 alls
700 964 24 19 är
742 962 129 27 nödvändig.

41 992 42 21 Det
106 993 24 19 är
152 992 50 26 föga
225 991 112 25 sannolikt,
356 993 33 19 att
403 991 248 27 utskänkningsbolagen
667 991 68 21 skulle
750 991 52 27 vilja
816 991 7 20 i
838 990 34 22 fa-

42 1020 104 27 stigheter
167 1020 66 21 binda
247 1026 60 15 mera
321 1020 89 26 kapital,
426 1022 27 18 än
470 1026 45 14 som
530 1022 25 18 är
569 1020 131 26 nödvändigt
715 1019 33 21 för
764 1020 106 20 rörelsens

41 1048 146 22 bedrifvande.
219 1048 44 22 Och
286 1048 68 21 skulle
378 1048 25 21 de
427 1048 65 21 också
511 1048 70 26 någon
597 1048 55 26 gång
667 1050 53 24 göra
734 1048 42 27 det,
792 1048 24 21 sä
830 1048 42 20 bör

40 1078 23 27 ju
78 1078 7 20 i
101 1078 42 20 alla
159 1077 38 21 fall
214 1077 65 26 enligt
295 1077 192 27 bolagsstadgarna
508 1077 40 21 och
563 1077 66 26 enligt
643 1077 35 26 lag
694 1076 28 21 all
737 1077 62 25 vinst,
815 1076 57 21 utöf-

41 1112 37 15 ver
94 1107 50 25 6%
166 1106 13 20 å
202 1106 170 25 aktiekapitalet,
394 1106 109 20 användas
519 1105 32 21 till
566 1106 57 20 vissa
638 1105 110 21 bestämda
764 1104 106 21 ändamål.

42 1135 50 20 Mitt
113 1134 81 27 förslag
217 1133 38 28 gär
277 1136 95 19 närmast
387 1136 25 19 ut
426 1133 29 27 pä
470 1135 33 20 att
518 1133 94 22 utesluta
627 1133 47 21 frän
689 1135 117 20 momentet
821 1133 51 21 hela

41 1163 112 27 perioden:
166 1163 33 26 ,,ej
210 1162 35 21 mä
259 1163 33 20 till
307 1162 136 21 reservfond*
459 1175 29 2 —
503 1175 27 2 —
546 1175 28 2 —
589 1162 56 21 ända
659 1162 33 21 till
707 1162 52 27 ,fast
767 1162 103 26 egendom

42 1191 128 22 förvärfva*.
202 1191 49 21 Men
266 1191 7 20 i
288 1191 101 21 händelse
404 1191 25 20 R.
446 1197 19 14 o.
482 1192 25 20 A.
524 1191 69 20 skulle
608 1197 51 14 anse
674 1191 74 26 nödigt
763 1189 108 22 bibehälla

42 1221 130 25 densamma,
196 1220 48 21 ville
265 1219 36 27 jag
320 1219 86 25 föreslå,
422 1222 32 19 att
470 1219 62 21 ordet
547 1219 163 27 ,länestyrelse*
726 1219 67 21 måtte
808 1219 63 26 utby-

42 1251 34 19 tas
91 1251 45 19 mot
152 1249 143 26 ,magistrat*.

111 1305 33 21 Hr
158 1305 211 27 Pippingsköld:
385 1305 87 21 Liksom
487 1305 58 20 Frih.
561 1311 41 15 von
612 1305 94 25 Alfthan,
720 1304 23 21 sä
755 1304 42 21 kan
809 1305 62 20 äfven

42 1335 35 26 jag
92 1334 46 21 icke
154 1337 66 18 annat
235 1335 27 19 än
278 1334 116 26 lyckönska
409 1333 108 22 utskottet
532 1333 32 21 till
580 1335 33 19 att
628 1333 39 21 hos
683 1339 35 15 oss
741 1339 76 20 genom
833 1333 39 21 sitt

43 1363 80 26 förslag
146 1362 63 21 hafva
232 1362 93 27 bidragit
348 1362 33 21 till
405 1362 37 21 det
457 1361 150 28 Göteborgska
622 1363 112 25 systemets
748 1361 123 26 utveckling

44 1391 39 21 och
98 1391 88 27 hoppas,
203 1393 32 18 att
250 1391 61 21 äfven
327 1391 163 26 tillämpningen
505 1390 62 21 deraf
581 1391 55 20 skall
645 1390 57 26 gifva
710 1391 32 19 ett
750 1390 38 21 allt
799 1390 72 20 bättre

44 1420 39 21 och
99 1420 71 20 bättre
186 1419 103 26 resultat;
312 1426 48 14 men
380 1419 23 21 af
417 1426 25 13 en
458 1419 44 21 viss
516 1418 188 27 nationalfäfänga,
720 1418 34 21 mä
769 1418 43 27 mig
826 1418 46 20 för-

43 1448 56 21 lätas
114 1448 67 25 detta,
197 1448 38 21 ber
249 1448 36 26 jag
301 1450 32 18 att
348 1448 75 20 härvid
438 1447 22 21 fä
476 1447 70 21 säsom
563 1449 31 19 ett
609 1447 46 21 litet
665 1447 74 27 tillägg
750 1447 75 21 endast
833 1446 38 27 pä-

43 1478 51 24 visa,
110 1476 56 21 huru
189 1477 79 21 vackra
290 1476 118 21 resultaten
424 1476 7 21 i
446 1475 49 22 värt
515 1476 49 21 land
579 1476 56 20 varit
649 1476 7 20 i
671 1476 56 20 vissa
742 1475 126 27 riktningar,

44 1505 62 21 äfven
122 1505 37 21 der
175 1506 36 20 det
224 1505 150 27 Göteborgska
388 1506 104 26 systemet
506 1504 39 22 hos
561 1510 34 16 oss
610 1504 46 21 icke
671 1504 55 21 varit
742 1504 129 27 tillämpadt,
