1025 1686
351 100 25 16 R.
389 104 17 12 o.
418 100 22 16 A.
454 99 54 17 1891.
523 99 22 17 13
557 99 50 21 Maj.
824 94 41 20 949

412 139 4 8 v

66 180 66 27 ringa,
156 185 37 15 var
215 181 52 18 nära
289 185 41 20 nog
353 178 89 27 fientligt
458 179 70 20 stämd
551 181 58 19 emot
624 179 100 26 förslaget
741 179 38 21 och
796 179 24 21 de
836 181 61 18 stora

66 207 150 22 brännerierna
239 210 54 18 samt
315 207 100 21 fordrade
440 209 32 19 ett
496 207 77 21 sädant
598 207 152 26 medgifvande,
778 209 30 19 att
833 207 62 21 kom-

66 242 102 15 munerna
190 235 6 21 i
219 235 159 27 landsbyggden
398 235 68 22 skulle
482 235 116 27 berättigas
613 237 33 19 att
662 235 123 26 bestämma,
801 242 25 15 en
842 235 54 21 hvar

67 265 57 20 inom
139 264 38 21 sitt
193 264 92 25 omräde,
302 270 34 14 om
351 266 31 18 ett
397 263 100 21 bränneri
512 264 39 20 der
565 263 69 21 skulle
649 263 20 22 fä
684 264 95 21 inrättas.
811 264 30 20 Pä
856 264 38 20 nä-

66 298 37 21 gra
125 292 80 22 sädana
227 292 160 26 medgifvanden
410 292 76 21 endast
500 292 95 21 berodde
615 292 42 25 det,
679 298 34 15 om
736 292 160 21 Bondeständet

66 320 68 22 skulle
148 321 27 26 gä
191 320 21 21 in
228 321 27 26 pä
267 320 107 26 förslaget,
390 320 38 22 och
445 321 59 21 detta
520 320 152 27 medgifvande,
684 320 66 22 ehuru
762 320 134 22 ekonomiskt

67 349 93 26 oriktigt,
177 349 96 26 avarstär
288 351 56 19 ännu
359 349 7 20 i
382 349 46 26 dag,
445 355 47 15 men
507 348 69 22 blefve
592 349 49 21 med
657 349 40 21 den
714 349 46 27 dag,
777 350 27 20 dä
813 348 82 22 utskot-

66 380 42 19 tets
130 377 134 21 betänkande
287 378 6 20 i
315 377 63 27 öfrigt
399 380 94 23 antoges,
510 377 87 21 alldeles
613 377 100 25 skällöst;
730 378 38 20 och
784 377 59 21 äfven
860 383 35 15 om

66 406 115 21 utskottets
197 406 133 21 betänkande
346 406 46 21 icke
408 406 67 21 skulle
491 408 94 24 antagas,
603 406 24 21 sä
642 407 67 20 mäste
724 406 60 26 dock,
801 405 43 21 ifall
853 405 42 21 för-

68 436 32 20 sta
122 440 63 16 mom.
207 434 6 20 i
233 435 92 20 nämnda
343 435 13 25 8
377 434 92 27 utginge,
485 434 129 26 rättigheten
635 434 32 21 för
682 434 213 22 landskommunerna

68 464 85 25 qvarstå
168 464 32 20 att
215 462 97 26 förbjuda
327 462 157 27 försäljningen,
500 463 58 21 hvari
574 463 82 21 således
672 462 46 27 läge
734 465 31 19 ett
773 462 122 26 tillräckligt

67 491 114 21 korrektiv.
204 503 25 3 —
252 491 40 26 Jag
315 491 104 21 erkänner
441 493 33 19 att
492 491 165 21 öfvervakandet
675 491 6 21 i
696 492 100 20 städerna
810 493 29 23 är,
855 490 41 21 bör

68 520 40 21 och
130 520 41 20 kan
194 526 50 14 vara
264 525 58 15 mera
343 520 100 21 intensivt
464 522 26 19 än
511 520 6 20 i
537 519 158 26 landsorterna;
715 522 31 18 att
762 520 81 21 säledes
859 519 37 21 det

67 548 47 21 icke
128 550 24 19 är
168 548 68 26 nägon
253 548 160 26 inkonsegvens,
430 554 34 15 om
480 555 48 14 man
547 548 106 21 förmenar
668 548 152 21 kommunerna
836 548 59 20 istä-

70 576 64 21 derna
150 578 33 19 att
197 576 73 27 afgöra
285 576 58 21 öfver
359 576 141 27 anläggandet
515 576 22 21 af
551 578 31 19 ett
597 576 99 21 bränneri
711 576 57 21 inom
779 576 61 21 deras
851 582 44 14 om-

68 605 61 25 råde;
150 611 48 14 men
221 605 48 20 med
290 604 41 21 alla
354 605 26 21 de
401 604 83 27 brister,
506 605 71 21 hvilka
593 605 5 20 i
615 605 149 26 författningen
780 604 32 21 för
833 604 64 26 öfrigt

68 633 71 21 kunna
154 633 112 21 förefinnas
282 633 5 20 i
310 633 97 21 afseende
422 634 13 20 å
451 633 120 21 kontrollen
591 633 59 21 öfver
666 632 231 22 bränvinstillverknin-

67 668 46 20 gen,
122 662 24 21 sä
153 663 24 20 är
186 661 53 21 dock
247 661 68 21 denna
324 661 94 22 kontroll
426 662 48 21 med
483 662 98 21 afseende
589 663 13 20 å
610 661 149 27 försäljningen
772 662 24 20 sä
803 664 45 18 stor
857 663 38 24 att,

68 697 33 14 om
117 690 45 21 icke
179 696 48 15 man
240 689 124 22 förutsätter
374 690 163 21 demoraliserad
547 690 54 27 polis
610 690 39 21 och
657 689 177 22 demoraliserade
843 689 54 21 kon-

68 718 104 24 trollörer,
195 718 23 21 sä
240 718 42 21 kan
305 725 49 14 man
377 719 46 20 icke
442 725 65 20 gerna
523 719 68 20 frukta
609 718 32 21 för
656 720 32 19 att
703 718 119 27 kontrollen
838 718 59 21 öfver

67 747 150 26 försäljningen
233 746 46 21 från
295 749 28 18 ett
341 747 160 21 landsbränneri
518 747 68 21 blefve
595 747 132 26 otillräcklig.
750 746 66 22 Afven
828 746 69 21 deruti

67 775 67 27 ligger
156 777 32 19 ett
207 775 90 26 mäktigt
312 775 74 21 hinder
401 776 33 19 för
449 777 32 19 att
496 775 89 27 anlägga
601 776 6 20 i
623 775 72 27 hvarje
710 775 132 26 undangömd
859 775 38 20 vrä

68 806 31 19 ett
114 803 106 24 bränneri,
236 809 45 16 som
297 803 7 21 i
320 809 25 15 en
362 803 91 27 aflägsen
469 804 58 21 trakt
542 803 68 22 skulle
626 803 137 27 undandraga
781 803 31 26 sig
822 803 75 26 nödigt

68 831 159 25 öfvervakande,
243 833 32 19 att
291 832 131 26 gvantiteten
438 831 32 21 för
485 833 156 25 produktionen
660 832 34 20 vid
710 832 71 26 hvarje
796 831 100 21 bränneri

67 862 23 19 är
106 862 62 24 tagen
184 861 24 20 sä
223 860 48 26 hög,
287 863 32 18 att
334 860 46 21 icke
402 860 73 27 hvarje
494 860 247 21 lönnbrännarkandidat
756 866 71 15 ensam
843 859 52 21 eller

66 888 7 21 i
88 888 64 27 bolag
166 889 42 21 kan
224 888 49 22 falla
288 889 28 26 pä
336 889 40 21 den
399 889 78 21 tanken
494 891 31 19 att
540 888 87 22 försöka
642 888 33 21 vid
692 890 30 20 ett
738 888 76 21 tillätet
829 888 65 21 brän-

67 917 45 21 neri
135 919 31 19 ett
189 917 137 26 smugglande
347 917 142 26 lönnkrögeri.
520 917 99 21 Kontroll
632 916 74 24 härför
722 917 75 21 saknas
812 916 83 22 säledes

66 945 53 21 icke.
150 946 43 20 Det
213 945 66 27 gäller
301 946 81 24 endast,
405 951 34 15 om
456 946 68 21 denna
539 945 173 21 kontrollerande
727 945 168 21 embetsmanna-

66 974 98 26 persona]
187 974 68 20 skulle
276 973 95 22 befinnas
392 974 141 26 underhaltig,
556 976 32 19 att
611 974 41 21 öka
670 974 92 25 lönerna,
783 974 23 20 sä
821 975 31 19 att
869 973 26 21 de

67 1002 77 21 lättare
160 1002 70 21 kunde
246 1003 79 20 motstä
340 1002 73 25 hvarje
432 1002 101 21 frestelse.
566 1002 62 21 Hvad
644 1002 35 21 det
694 1002 148 26 ,symboliska*
859 1001 37 21 be-

68 1030 77 26 träffar,
169 1031 24 21 sä
216 1030 121 27 imponerar
358 1031 76 21 sådant
448 1030 128 22 härutinnan
591 1030 46 22 icke
653 1031 83 26 mycket
751 1036 36 15 ens
803 1030 26 26 pä
845 1030 49 26 mig.

66 1058 158 22 Kommunerna
240 1059 39 21 och
296 1058 104 27 allmogen
416 1059 60 21 skola
492 1060 47 20 med
555 1059 88 27 mycken
659 1059 77 21 lätthet
751 1058 87 27 begripa
846 1058 49 21 skä-

66 1087 34 21 len
115 1087 33 21 för
164 1088 69 20 denna
247 1087 23 21 af
283 1088 43 26 mig
346 1087 120 27 föreslagna
488 1087 127 27 förändring.
647 1088 67 20 Deras
729 1086 92 22 kontroll
837 1086 58 21 öfver

66 1116 249 25 bränvinsförsäljningen
337 1116 57 21 inom
418 1116 128 21 kommunen
569 1118 24 19 är
616 1116 87 20 alldeles
723 1114 119 27 tillräcklig,
859 1114 36 21 det

67 1143 45 21 inse
127 1144 26 21 de
168 1150 51 20 nog;
236 1143 39 22 och
289 1144 36 27 jag
341 1146 46 19 tror
401 1144 116 26 verkligen,
531 1146 32 19 att
578 1144 63 27 ingen
656 1143 70 22 bonde
741 1145 23 19 är
779 1143 23 21 sä
818 1143 77 26 oprak-

66 1171 48 25 tisk,
130 1174 32 19 att
177 1172 41 21 han
235 1172 46 21 icke
296 1172 68 21 skulle
387 1172 65 21 förstä
476 1173 64 25 detta,
557 1179 47 14 men
621 1172 41 21 han
678 1172 78 21 förstär
770 1171 60 21 äfven
846 1171 48 21 allt-

66 1199 32 22 för
120 1200 33 21 väl
177 1202 32 19 att
232 1200 35 21 det
289 1203 24 18 är
327 1201 133 26 förständigt,
478 1207 33 15 om
528 1201 132 26 lagstiftaren
675 1201 45 20 icke
736 1200 105 21 förmenar
857 1199 38 21 ho-

66 1235 48 14 nom
130 1230 32 20 att
177 1229 28 26 pä
219 1231 53 19 nära
287 1229 43 21 häll
346 1229 77 21 afsätta
438 1235 26 15 en
481 1229 34 21 del
534 1229 117 27 produkter
668 1229 22 21 af
704 1229 52 21 hans
771 1228 123 26 landtbruk,

65 1257 72 21 hvilka
152 1257 46 22 icke
213 1263 65 21 gerna
293 1257 45 22 tåla
354 1257 34 21 vid
403 1257 50 27 lång
468 1259 115 25 transport.
614 1257 41 26 Jag
673 1259 45 20 tror
732 1257 115 26 ingalunda
862 1259 33 18 att

66 1285 131 27 svårigheter
219 1285 68 22 skulle
308 1287 78 26 uppstå
401 1292 76 20 genom
493 1286 147 21 förkastandet
655 1286 20 21 af
692 1286 34 21 det
741 1285 67 21 första
822 1291 73 20 mom.,

65 1313 93 22 hvarken
174 1314 115 21 moraliska
305 1315 51 20 eller
372 1315 66 20 andra
453 1314 136 27 svårigheter,
606 1321 49 14 men
670 1314 33 21 väl
718 1313 97 22 fördelar.

135 1371 31 20 Hr
189 1370 202 27 Montgomery:
414 1371 40 26 Jag
474 1371 43 21 kan
532 1371 33 21 för
581 1371 42 21 min
640 1371 33 21 del
690 1371 45 21 icke
750 1371 56 20 fästa
822 1370 72 27 någon

66 1398 23 21 så
106 1401 45 18 stor
166 1399 45 25 vigt
227 1400 32 20 vid
276 1399 118 21 utskottets
409 1399 87 27 förslag,
512 1406 45 14 som
572 1399 47 21 från
635 1399 67 26 några
717 1399 43 20 håll
775 1399 39 20 här
829 1399 65 20 fram-

65 1426 79 22 hållits.
175 1428 41 26 Jag
231 1427 68 21 måste
314 1428 34 20 för
363 1428 43 20 min
422 1428 34 20 del
478 1428 68 20 uttala
569 1428 40 20 den
633 1427 136 27 uppfattning
784 1429 38 22 att,
846 1426 48 21 sedt

66 1455 69 21 säsom
156 1458 31 18 ett
209 1456 118 26 stadgande
349 1456 7 20 i
378 1456 155 27 nykterhetens
555 1456 96 26 intresse,
675 1456 115 21 utskottets
812 1455 82 26 förslag

65 1484 46 20 icke
134 1484 42 20 kan
199 1484 66 21 blifva
287 1484 135 27 synnerligen
446 1484 115 22 verksamt.
592 1484 41 27 Jag
655 1484 42 21 kan
719 1484 105 26 nämligen
846 1483 49 21 icke
