1025 1686
319 97 26 17 R.
357 101 18 13 o.
386 97 24 17 A.
423 97 56 16 1891.
502 97 13 16 6
527 96 49 21 Maj.
790 91 41 21 833

36 176 50 27 logr.
95 176 33 21 till
134 176 41 21 och
182 175 47 22 frän
237 176 62 21 söder
310 177 39 21 och
358 176 115 25 4,120,000
481 176 28 26 kg
517 176 33 21 till
559 176 40 21 och
608 175 47 22 frän
663 181 57 15 norr.
736 175 125 22 Persontra-

36 204 52 21 fiken
101 204 68 21 finner
177 210 48 15 man
234 204 46 21 åter
286 205 71 27 uppgå
364 205 33 21 till
407 205 77 26 15,318
492 211 102 20 personer
601 204 32 21 till
642 204 39 21 och
689 203 47 22 från
747 204 63 21 söder
820 204 41 21 och

36 233 74 26 12,316
117 233 33 20 till
157 233 39 21 och
203 232 46 22 från
257 239 56 15 norr.
330 233 88 22 Således
426 235 31 23 är,
466 233 71 21 såsom
544 233 7 20 i
559 232 226 22 komitebetänkandet
792 234 68 25 säges,

36 261 107 22 skilnaden
166 261 47 21 icke
236 261 72 22 alltför
330 264 51 23 stor,
402 261 130 22 åtminstone
556 261 46 22 icke
626 261 23 22 så
666 263 46 19 stor
726 262 33 20 att
774 261 87 21 dermed

35 289 69 21 kunde
119 289 114 21 motiveras
249 295 25 15 en
289 290 104 27 dragning
412 290 22 21 af
448 290 71 20 banan
535 291 45 19 mot
595 290 68 25 söder,
679 289 137 26 hvarigenom
825 290 36 19 vä-

35 324 40 20 gen
90 317 47 22 från
152 318 115 27 Jyväskylä
281 320 76 19 norrut
377 318 69 22 skulle
462 318 109 26 förlängas
586 318 48 21 med
650 318 27 21 45
692 318 42 26 km,
750 317 68 22 under
826 318 35 20 det

35 348 65 25 vägen
121 346 88 22 söderut
231 346 68 22 skulle
321 347 108 21 förkortas
447 347 49 21 med
512 347 75 21 endast
603 347 11 20 7
630 346 42 22 km.
703 346 104 27 Slutligen
822 346 40 21 har

34 374 31 22 Hr
80 374 88 26 Schildt,
184 375 7 21 i
206 375 67 21 likhet
281 376 48 20 med
339 375 55 21 hvad
403 376 6 20 i
418 375 160 21 reservationen
586 374 40 22 N:o
635 376 12 20 6
655 374 130 26 framhålles,
793 376 69 26 yttrat

34 405 32 19 att
88 403 106 21 utskottet
215 404 46 20 icke
283 404 55 20 hade
360 404 65 21 bordt
448 404 169 26 proportionsvis
642 404 98 26 förlänga
762 404 100 26 Filppula

34 432 70 24 linien,
120 432 48 21 med
185 433 12 20 6
212 432 42 26 km,
267 432 70 21 såsom
353 433 36 20 det
403 432 57 27 gjort
475 432 28 26 på
518 432 68 26 grund
602 432 61 21 deraf
672 433 33 19 att
715 432 74 21 Keuru
796 432 65 21 linien

34 461 34 20 vid
83 460 158 27 undersökning
257 461 54 21 visat
327 460 31 27 sig
372 461 67 21 blifva
454 461 75 25 längre
543 462 27 20 än
585 461 7 21 i
605 460 155 22 ofvannämnda
770 460 92 21 komité-

34 489 134 21 betänkande
184 489 55 21 varit
254 491 94 25 antaget,
363 490 55 20 samt
434 491 33 19 att
483 489 99 27 Filppula
597 489 64 21 linien
675 489 67 21 skulle
750 488 66 22 blifva
824 488 37 21 be-

34 518 77 26 tydligt
126 517 103 27 billigare.
254 518 49 20 Men
319 518 22 20 af
355 517 228 22 komitébetänkandet
597 518 95 26 framgår
706 517 116 27 ingalunda
829 518 33 20 att

34 546 110 21 skilnaden
159 546 7 20 i
182 546 248 26 terrängsvårigheterna
441 546 79 21 mellan
531 546 56 21 båda
595 546 89 21 linierna
695 552 49 14 vore
753 546 24 19 så
788 545 74 26 betyd-

35 574 30 26 lig
81 574 39 21 och
135 574 132 21 beträffande
283 574 144 21 kostnaderna
448 576 62 25 säges
525 574 148 27 uttryckligen,
689 573 65 27 något
770 579 44 16 som
830 573 33 21 Hr

36 602 81 21 Schildt
132 603 47 20 icke
195 603 66 20 heller
275 603 123 27 framhållit,
413 604 33 20 att
461 603 146 21 kostnaderna
622 603 33 20 för
670 602 112 21 utförande
799 602 22 21 af
835 607 26 15 en

32 631 90 26 jernväg
136 631 47 21 från
199 630 98 27 Filppula
312 632 79 21 station
406 631 73 21 kunna
494 631 87 26 pröfvas
596 631 65 21 blifva
676 637 39 20 par
728 633 61 19 tusen
800 630 61 21 mark

36 659 96 27 billigare
146 665 39 21 per
200 659 112 22 kilometer
333 662 27 19 än
372 660 118 27 jernvägen
505 660 48 21 från
568 660 74 21 Keuru
657 659 85 22 station.
774 659 88 21 Således

36 690 60 24 säges
117 688 149 27 uttryckligen,
288 688 55 21 huru
365 688 85 27 mycket
472 688 97 27 billigare
592 689 100 26 Filppula
714 688 63 21 linien
792 687 76 22 skulle"

35 716 66 21 blifva
120 718 27 19 än
173 717 39 20 den
233 717 32 20 till
280 717 80 21 Keuru.
391 717 40 21 Om
446 717 75 21 Keuru
537 717 64 21 linien
615 717 35 21 vid
665 717 121 21 sedermera
800 716 61 21 verk-

36 745 64 21 ställd
120 745 85 21 teknisk
220 745 156 27 undersökning
391 746 55 20 visat
462 746 32 26 sig
508 746 66 21 blifva
589 746 75 26 dyrare
680 747 26 19 än
722 745 6 21 i
744 745 117 21 komit6be-

34 773 118 22 tänkandet
173 774 98 26 antagits,
295 773 24 22 sä
338 775 68 20 mäste
431 780 50 15 man
507 774 72 21 derför
602 775 79 25 antaga
707 775 33 20 att
761 773 101 26 Filppula

36 802 64 21 linien
116 802 65 21 ocksä
196 802 40 21 blir
251 803 168 26 proportionsvis
428 803 83 26 dyrare.
535 802 42 21 Det
588 804 24 19 är
623 802 81 21 säledes
716 803 5 20 i
729 802 132 26 konsegvens

35 830 49 21 med
92 831 233 24 komitebetänkandet,
334 837 44 15 som
386 831 108 21 utskottet
500 831 57 26 gjort
564 831 45 20 sina
616 830 243 26 kostnadsantaganden.

35 859 43 21 För
94 858 64 27 öfrigt
174 860 24 20 är
214 859 35 21 det
265 859 135 27 naturligtvis
415 859 84 27 möjligt
511 861 32 19 att
555 859 100 27 Filppula
665 859 64 21 linien
737 859 47 21 icke
792 858 70 22 blefve

36 887 23 21 sä
75 887 45 27 dyr,
133 893 47 15 men
196 894 48 14 man
260 888 39 20 har
314 888 46 20 skäl
376 889 32 19 att
424 894 34 14 om
474 888 75 20 Keuru
563 888 65 21 linien
643 889 78 25 antaga
736 888 125 24 detsamma,

36 915 27 22 dä
78 922 48 14 man
139 916 46 26 just
199 916 23 20 af
231 916 41 21 den
287 916 157 21 ofvannämnda
461 916 231 27 systemförändringen
703 918 76 19 väntar
790 916 31 26 sig
829 917 32 19 att

35 944 145 21 kostnaderna
202 944 60 21 skola
283 944 74 27 nedgä.
386 945 42 26 Jag
450 945 97 21 anhåller
562 947 33 19 att
610 945 25 21 R.
651 951 20 15 o.
686 944 26 22 A.
728 944 67 22 måtte
810 944 51 26 god-

35 972 71 22 känna
123 972 117 22 utskottets
255 972 86 27 förslag.

101 1030 57 20 Frih.
174 1030 25 20 R.
215 1031 25 20 A.
263 1030 109 22 Wrede:
402 1030 41 27 Jag
458 1030 39 22 ber
511 1032 33 19 att
558 1030 7 21 i
581 1032 80 19 största
679 1030 86 21 korthet
780 1029 22 21 få
816 1029 43 21 för-

32 1064 40 15 ena
91 1058 43 27 mig
149 1064 34 16 om
200 1059 31 21 Hr
247 1059 80 21 Antells
344 1058 80 27 förslag
438 1059 8 21 i
462 1059 70 21 denna
546 1059 74 26 punkt,
637 1058 80 22 hvilket
736 1064 61 20 synes
818 1059 43 25 mig

32 1087 8 20 i
55 1087 77 21 sakens
146 1087 133 21 närvarande
295 1088 105 20 outredda
414 1088 61 20 skick
490 1094 51 14 vara
557 1088 36 20 det
606 1088 55 20 enda
672 1088 78 26 riktiga
761 1086 39 22 och
812 1086 47 21 sak-

34 1116 70 25 enliga
118 1115 77 27 beslut,
211 1122 44 14 som
272 1115 119 22 Ständerna
406 1116 74 21 kunna
494 1116 61 21 fatta.

102 1172 32 21 Hr
148 1171 220 28 Pippingsköld:
396 1171 74 22 Skulle
494 1172 35 21 det
544 1173 120 26 föreslagna
679 1172 79 21 studiet
770 1171 34 21 för
814 1171 46 21 vin-

32 1200 70 21 nande
125 1200 23 21 af
162 1202 31 19 ett
209 1200 96 27 billigare
321 1201 154 26 byggnadssätt
491 1201 86 21 komma
592 1203 33 19 att
640 1201 44 21 afse
700 1201 75 21 endast
790 1200 71 27 nägon

32 1229 82 21 mindre
129 1228 84 21 teknisk
229 1229 72 26 detalj,
317 1229 39 21 och
372 1229 114 21 resultatet
500 1229 24 21 af
537 1230 60 21 detta
611 1230 93 21 studium
730 1229 65 21 redan
816 1229 45 20 visa

32 1257 32 26 sig
80 1257 51 26 deri,
147 1259 33 19 att
195 1264 48 14 man
259 1258 75 21 endast
349 1258 84 21 komme
449 1260 33 19 att
497 1258 70 21 tilläta
582 1258 67 27 nägra
659 1258 102 26 skarpare
772 1257 88 26 stignin-

32 1291 38 21 gar
93 1286 46 25 och,
160 1285 34 22 för
217 1288 32 19 att
269 1286 46 21 icke
331 1286 81 21 förlora
427 1287 6 20 i
449 1286 170 27 trafikförmäga,
634 1287 7 20 i
657 1287 71 21 stället
744 1286 42 21 öka
801 1286 59 21 loko-

32 1314 76 21 motiv-
131 1314 39 21 och
194 1315 130 26 skenvigten,
344 1315 23 21 sä
382 1321 50 15 vore
446 1315 25 26 ju
486 1315 28 26 pä
529 1315 59 21 detta
603 1317 44 19 sätt
662 1315 48 21 hela
725 1315 65 21 saken
806 1315 54 20 mest

32 1349 28 14 nu
82 1343 65 21 redan
173 1343 155 21 undanstökad.
358 1344 41 27 Jag
415 1345 33 20 för
463 1344 44 21 min
523 1344 33 21 del
571 1343 66 27 vägar
653 1343 55 22 dock
723 1343 87 26 hoppas,
827 1345 32 18 att

32 1371 59 21 detta
114 1371 93 22 studium
231 1372 54 21 skall
307 1371 66 22 blifva
396 1372 48 21 vida
469 1378 47 15 mer
530 1372 127 27 mängsidigt
672 1372 38 21 och
726 1371 133 27 djupgäende

31 1399 39 21 och
86 1399 61 21 äfven
162 1400 45 21 afse
223 1400 127 27 spärvidden
366 1401 48 20 med
430 1401 50 21 dess
498 1401 163 26 konsegvenser.
690 1401 115 20 Dessutom
821 1400 39 20 har

31 1428 105 20 utskottet
158 1428 47 21 icke
223 1428 134 26 kategoriskt
372 1429 112 27 föreslagit
497 1429 66 27 jemte
579 1429 26 21 de
621 1429 77 26 skarpa
714 1428 145 27 stigningarna

32 1456 55 21 ökad
109 1456 126 22 lokomotiv-
251 1457 40 21 och
304 1457 103 27 skenvigt,
422 1459 23 25 ty
460 1458 52 21 kort
527 1457 54 22 efter
596 1458 37 21 det
648 1458 73 20 derom
736 1457 56 21 varit
807 1456 29 21 tal
852 1456 7 21 i

30 1485 117 21 utskottets
162 1484 142 27 betänkande,
321 1485 23 22 sä
359 1486 62 21 heter
437 1486 49 21 det:
509 1486 27 26 ,ä
551 1486 67 21 andra
633 1486 60 21 sidan
708 1486 39 21 har
763 1485 45 22 åter
824 1484 37 22 be-
