1025 1686
328 93 25 17 R.
366 98 18 13 o.
396 94 22 17 A.
433 94 54 17 1891.
505 95 26 16 25
543 94 64 21 April.
810 91 41 20 677

55 174 38 19 äro
108 172 50 21 fullt
174 173 137 26 upplysande,
328 173 27 21 dä
371 173 36 21 det
420 173 24 27 ju
460 175 24 19 är
498 173 164 27 familjefadren,
685 180 45 15 som
745 174 33 21 fär
794 175 87 27 erlägga

55 201 114 26 hushyran.
199 201 41 27 Jag
255 201 39 21 har
309 201 78 26 derför,
403 202 33 21 för
451 204 33 19 att
499 202 101 27 kalkylen
615 202 34 21 mä
664 202 65 21 blifva
751 202 24 21 sä
797 204 84 25 mycket

55 229 94 26 säkrare,
166 229 118 27 frändragit
299 230 26 21 de
341 230 91 27 gvinliga
448 231 125 21 arbetarnes
588 233 33 19 tre
637 237 93 20 grupper
749 231 39 21 och
805 232 76 21 endast

55 258 54 26 tagit
125 258 25 21 de
166 258 93 26 manliga
273 259 7 20 i
295 259 123 25 beräkning,
435 259 137 27 hvarigenom
583 259 198 27 arbetsförtjensten
792 266 38 20 per
840 261 41 25 dag

55 286 88 26 belöper
159 285 32 27 sig
205 286 32 21 till
260 287 5 20 2
281 286 62 22 mark
359 287 26 21 73
401 288 70 25 penni.
502 287 39 21 Om
557 294 49 14 man
627 288 61 26 höjer
708 288 69 20 denna
799 294 82 15 summa

55 314 33 22 till
104 315 13 20 2
132 315 62 21 mark
210 316 26 20 75
251 315 71 26 penni,
338 315 24 21 sä
377 317 39 25 gör
431 316 37 20 det
482 316 35 20 för
531 316 42 21 300
589 316 66 26 dagar
671 322 25 14 en
709 316 172 27 arbetsförtjenst

56 343 23 21 af
93 344 41 20 825
150 343 61 21 mark
227 343 51 21 eller
293 344 28 21 68
336 344 61 20 mark
413 345 27 20 75
455 345 64 26 penni
535 345 6 20 i
556 344 113 22 mänaden.
692 345 66 27 Höjes
773 351 29 15 nu
812 345 70 21 denna

55 378 83 14 summa
152 372 125 26 ytterligare
292 372 33 21 till
341 373 27 20 70
384 372 62 21 mark
462 373 39 21 och
516 373 94 21 fördelas
626 373 28 26 pä
676 373 116 21 mänadens
807 374 74 20 trettio

56 400 72 26 dagar,
145 400 24 21 sä
183 406 38 20 ger
236 401 123 21 densamma
375 401 114 21 arbetaren
505 408 38 20 per
559 402 41 26 dag
623 408 25 14 en
671 402 145 26 dagspenning
831 402 23 21 af
869 402 12 21 2

56 428 62 22 mark
134 428 26 22 33
175 429 68 26 penni
276 428 39 22 Om
331 436 48 14 man
395 431 89 25 antager
499 430 92 26 utgiften
606 430 33 21 för
654 430 68 27 hyran
737 430 32 21 till
782 431 28 20 20
821 430 61 21 mark

56 458 7 20 i
78 457 113 26 månaden,
207 457 81 21 hvilket
303 458 115 26 ingalunda
434 460 24 19 är
473 458 33 22 för
529 459 52 25 högt
603 459 69 21 under
694 458 51 21 våra
765 458 117 22 förhällan-

57 486 47 25 den,
121 485 24 21 sä
160 486 67 26 gifver
242 486 142 26 uträkningen
400 487 34 21 vid
451 487 85 21 handen
551 489 33 19 att
599 487 23 21 af
635 487 125 21 arbetarens
775 487 49 21 hela
839 486 43 22 för-

57 514 64 26 tjenst
136 514 28 26 2/,
181 514 52 21 eller
247 515 28 21 66
290 515 64 26 penni
376 521 33 15 om
426 516 68 26 dagen
516 515 63 27 utgår
594 516 7 20 i
616 516 59 26 hyra,
699 515 39 21 och
759 516 27 26 5/,
802 516 51 20 eller
870 516 10 20 1

56 543 62 21 mark
139 544 26 20 67
187 544 63 25 penni
272 549 34 15 om
328 544 68 25 dagen
418 543 93 21 äterstär
526 544 33 21 för
578 543 147 21 anskaffandet
740 544 24 20 af
777 544 49 21 föda
842 544 39 21 och

56 571 76 21 kläder
147 571 40 21 och
204 571 146 21 bestridandet
362 571 24 21 af
394 571 42 21 alla
451 572 68 21 andra
534 572 89 27 utgifter
637 572 34 21 för
686 572 104 27 familjens
805 572 77 21 under-

56 599 50 22 håll.
137 599 70 21 Häraf
228 606 67 20 synes,
317 602 33 19 att
370 600 155 27 hyresutgiften
540 601 39 20 hos
603 607 34 14 oss
653 602 56 19 ännu
724 601 116 26 uppslukar
856 606 26 15 en

57 630 45 19 stor
118 627 34 22 del
168 628 23 21 af
200 628 125 22 arbetarens
337 628 107 27 förtjenst,
460 629 7 20 i
483 629 114 26 synnerhet
619 635 34 15 om
671 635 49 14 man
735 629 147 26 ihägkommer

57 658 33 19 att
104 657 70 20 denna
188 657 34 20 för
237 657 25 20 de
279 657 105 26 arbetare,
407 663 45 15 som
468 657 47 21 icke
531 658 42 20 lärt
588 658 31 26 sig
637 657 66 27 nägot
716 657 57 28 yrke,
794 659 24 19 är
832 657 50 21 vida

56 685 58 26 lägre
131 687 27 18 än
173 685 34 21 för
221 685 169 26 yrkesarbetare.

126 713 172 27 Olägenheterna
313 714 23 21 af
350 714 40 21 den
406 714 56 27 höga
477 714 67 27 hyran
560 714 63 21 hafva
639 714 65 21 ocksä
719 715 65 20 redan
800 714 82 27 ganska

57 742 63 26 tidigt
136 741 85 28 ädragit
237 743 30 26 sig
282 743 192 26 uppmärksamhet
488 743 40 20 hos
547 749 41 18 oss,
611 743 39 20 och
666 742 27 27 pä
709 743 119 21 1870-talet
842 742 40 21 bil-

58 770 72 26 dades,
146 770 70 21 säsom
233 771 106 21 utskottet
354 771 116 25 meddelar,
486 771 66 26 nägra
572 771 62 26 bolag
657 771 35 21 för
713 771 132 27 uppförande
861 770 23 21 af

58 799 208 22 arbetarebostäder.
296 800 68 21 Dessa
379 800 64 26 bolag
464 799 63 22 hafva
549 800 118 21 emellertid
688 799 47 21 från
758 799 124 21 arbdetarnes

58 827 46 21 sida
119 827 47 21 icke
182 828 107 20 tillvunnit
304 829 31 25 sig
350 828 70 27 nägon
436 828 107 26 synnerlig
558 829 97 25 sympati,
679 828 88 20 emedan
789 828 26 20 de
834 827 48 21 icke

58 855 108 21 sträfvade
182 857 33 19 att
229 858 52 24 göra
297 856 114 22 arbetaren
426 856 33 21 till
476 863 63 20 egare
555 856 23 22 af
591 857 41 20 den
645 856 98 27 lägenhet
755 856 42 20 han
808 856 73 21 bebor.

57 884 43 21 Det
114 890 38 15 var
167 884 55 22 först
237 891 75 15 senare
328 885 53 21 eller
396 885 24 21 är
436 885 55 21 1883
507 891 45 15 som
568 885 113 21 arbetarne
700 884 74 27 sjelfva
791 884 91 26 begynte

58 914 32 20 att
105 914 51 26 taga
170 913 76 26 frägan
261 920 35 15 om
312 914 46 21 sina
373 914 101 20 bostäder
490 920 34 14 om
541 914 61 20 hand.
629 914 45 20 Här
684 913 96 21 bildades
791 912 92 29 nämnda

58 941 24 21 år
97 942 246 27 arbetareaktiebolaget
358 942 88 26 ,,Alku'*
462 942 23 21 af
499 942 26 21 30
541 948 108 20 personer,
673 948 45 15 som
740 941 80 21 enhvar
841 941 42 21 till-

58 970 70 27 skjöto
145 971 63 25 2,000
223 971 68 25 mark;
299 973 71 19 resten
386 970 23 22 af
422 971 36 21 det
474 970 106 27 behöfliga
594 970 105 26 kapitalet
714 970 78 21 erhölls
807 975 76 21 genom

58 1000 31 20 ett
105 1000 78 25 90,000
198 1000 71 20 marks
285 1000 35 20 län
336 999 47 21 från
399 999 146 26 aktiebolaget
559 1016 12 9 ,,
574 998 105 26 Kaleva",
704 998 32 21 för
751 998 81 21 hvilket
848 998 35 20 län

57 1028 111 20 betalades
184 1028 12 20 5
213 1028 28 26 9/,
257 1030 62 19 ränta
335 1028 33 21 för
384 1028 78 26 50,000
478 1028 61 20 mark
562 1027 40 21 och
625 1028 12 20 6
653 1027 28 27 %/,
697 1027 33 21 för
752 1026 130 21 återstoden.

58 1056 43 22 För
117 1058 82 19 tomten
215 1057 71 21 erlade
302 1057 86 26 bolaget
403 1062 26 15 en
444 1056 143 26 köpeskilling
609 1056 23 20 af
654 1056 77 25 36,000
753 1055 67 21 mark.
850 1055 33 21 De

58 1085 40 21 här
112 1084 107 28 uppförda
234 1085 130 21 bostäderna
378 1085 90 21 kostade
494 1085 91 26 145,000
607 1084 61 21 mark
691 1084 38 21 och
752 1085 86 25 utgöras
861 1083 24 21 af

58 1114 126 25 lägenheter
199 1113 27 26 pä
241 1115 32 19 ett
288 1120 47 14 rum
351 1114 39 20 och
406 1114 48 25 kök,
471 1113 72 21 hvilka
563 1113 124 26 lägenheter
702 1112 64 21 bebos
789 1112 23 20 af
825 1112 58 20 bola-

58 1143 47 25 gets
121 1141 130 26 aktionärer,
267 1141 27 27 pä
310 1143 30 20 ett
356 1148 39 20 par
410 1143 45 24 när,
472 1148 46 15 som
533 1143 38 19 äro
586 1141 91 26 uthyrda
698 1141 32 20 för
752 1139 131 22 bekostande

58 1169 24 21 af
96 1170 181 21 omkostnaderna
291 1171 34 20 för
341 1171 91 25 bolaget.
459 1169 112 22 Storleken
587 1169 24 22 af
621 1169 160 21 aktionärernes
794 1168 89 21 afbetal-

59 1199 75 26 ningar
148 1199 130 21 bestämmes
293 1199 81 26 ärligen
390 1199 39 20 och
445 1205 49 14 man
510 1198 39 21 har
564 1199 105 20 beräknat
686 1200 32 18 att
732 1197 152 26 lägenheterna

60 1233 33 15 om
110 1227 58 21 cirka
185 1228 26 20 15
227 1227 24 21 är
265 1227 72 21 kunna
353 1227 65 21 blifva
432 1227 162 21 aktionärernes
610 1226 108 27 egendom.
748 1225 136 22 Hufvudsak-

58 1256 64 26 ligast
138 1255 27 27 pä
181 1262 81 15 samma
276 1256 94 26 grunder
384 1261 46 16 som
446 1255 60 21 detta
522 1255 63 26 bolag
607 1254 63 21 hafva
692 1255 26 21 de
742 1254 66 21 andra
830 1254 54 21 efter

60 1284 119 21 detsamma
194 1284 86 21 bildade
296 1285 150 26 organiserats.
476 1284 69 21 Dessa
561 1283 67 21 andra
643 1283 63 26 bolag
728 1285 47 18 äro:
799 1283 85 26 bolaget

60 1312 110 27 »Taimi',
187 1313 83 21 bildadt
285 1313 25 20 är
326 1313 54 21 1889
397 1313 23 21 af
434 1313 26 20 10
476 1313 130 25 aktionärer,
628 1312 23 21 af
671 1312 72 21 hvilka
758 1311 80 22 enhvar
853 1311 31 20 in-

59 1341 99 21 betalade
175 1341 63 25 2,000
253 1341 70 22 mark.
352 1341 66 21 Detta
433 1341 65 26 bolag
512 1341 39 21 har
571 1340 47 21 från
640 1340 107 21 Nordiska
769 1339 115 22 Aktieban-

59 1370 42 21 ken
116 1369 86 22 erhållit
218 1372 31 19 ett
264 1369 35 22 lån
315 1369 28 27 på
359 1370 77 25 10,000
452 1370 62 21 mark
528 1371 46 20 mot
589 1370 12 20 6
617 1369 28 26 9/,
663 1371 68 19 ränta.
762 1368 122 21 Tomtlösen

59 1398 99 26 utgjorde
176 1399 75 23 12,160
267 1399 67 23 mark,
351 1398 39 21 och
406 1398 48 20 hela
470 1398 127 26 byggnaden
619 1397 89 21 kostade
725 1397 77 25 35,000
816 1396 67 21 mark.

59 1426 76 26 Någon
150 1426 33 21 tid
197 1432 76 16 senare
293 1426 97 21 bildades
412 1426 87 26 bolaget
522 1442 5 9 ,
529 1426 110 27 Koetus',
663 1426 63 20 hvars
748 1424 136 26 aktiebelopp

60 1456 64 25 utgör
141 1455 77 27 10,000
232 1455 62 21 mark
309 1454 107 22 fördeladt
431 1454 28 27 på
484 1456 26 20 10
532 1455 75 21 aktier.
637 1454 89 26 Bolaget
749 1454 87 26 inköpte
859 1458 26 15 en

60 1483 52 27 gård
127 1482 34 22 för
177 1484 78 25 39,000
270 1484 62 20 mark
348 1483 39 21 och
402 1483 119 27 tillbyggde
536 1484 123 20 densamma
673 1482 34 22 för
724 1482 78 27 41,000
817 1481 66 21 mark.
