1025 1686
167 72 42 20 914
422 77 24 16 R.
462 81 17 12 o.
492 77 22 16 A.
527 77 54 17 1891.
607 78 20 16 11
640 77 47 20 Maj.

207 156 33 21 Hr
257 156 23 20 A.
297 155 24 22 L.
337 162 51 15 von
404 156 147 27 Knorring:
581 157 11 20 I
611 156 99 21 afseende
726 155 12 21 å
754 155 11 28 $
781 157 13 20 4
810 156 38 21 har
863 155 106 22 utskottet

140 184 116 27 föreslagit,
282 186 31 19 att
335 184 6 21 i
366 184 66 26 tredje
455 184 132 27 afdelningen
611 185 23 21 af
655 185 27 21 de
697 185 13 20 å
726 190 46 21 pag.
791 185 25 20 16
832 183 137 28 uppräknade

138 213 150 26 myndigheter
303 213 67 21 skulle
385 213 78 21 införas
482 213 239 27 Generalpostdirektör
736 212 54 22 efter
805 212 162 28 Poststyrelsen.

139 241 71 26 Något
225 241 68 21 motiv
308 241 32 21 för
356 241 58 21 detta
430 241 38 21 har
483 241 7 22 i
509 241 248 27 Bevillningsutskottets
773 241 134 21 betänkande
923 240 45 22 icke

138 269 69 21 blifvit
223 269 91 25 anfördt,
331 270 38 20 och
383 270 36 26 jag
434 269 77 21 förstår
526 270 53 26 icke,
595 270 80 21 hvilket
691 276 45 14 som
752 269 68 21 skulle
836 270 71 20 kunna
921 269 48 21 här-

138 297 33 21 för
187 297 92 27 anföras,
295 300 22 24 ty
333 298 48 20 med
397 304 80 15 samma
492 298 46 21 skäl
553 298 67 22 borde
637 304 47 15 man
700 298 68 21 införa
784 298 184 21 Generaldirektö-

138 332 38 15 ren
199 326 32 21 för
255 326 58 20 Tull-
336 326 40 21 och
396 326 32 21 för
444 326 216 28 Medicinalstyrelsen
675 328 56 20 samt
747 326 67 27 öfriga
838 326 129 22 verkchefer.

138 354 39 22 Ett
199 354 78 22 sådant
299 354 152 27 uppräknande
470 354 107 22 förefaller
599 355 42 26 mig
657 355 53 21 dock
727 354 87 22 alldeles
830 354 136 26 öfverflödigt,

139 383 27 21 då
189 383 61 21 dessa
265 382 147 22 funktionärer
430 384 71 20 kunna
517 383 135 21 subsumeras
675 383 69 21 under
764 382 158 22 vederbörande
938 382 29 21 öf-

138 411 145 27 verstyrelser.
313 412 40 26 Jag
368 411 32 22 får
416 412 70 21 derför
507 412 84 26 föreslå,
608 414 31 19 att
655 412 117 21 utskottets
788 411 179 27 ändringsförslag

137 439 47 21 icke
207 440 67 20 måtte
298 440 62 21 vinna
376 440 99 22 Ståndets
490 440 161 27 godkännande,
667 440 28 21 då
711 440 36 21 det
762 440 84 21 komme
863 442 31 19 att
909 440 58 21 inne-

136 467 53 22 bära
205 474 25 15 en
245 468 162 27 inkonsegvens.

206 536 32 21 Hr
255 536 22 22 O.
294 536 24 22 G.
338 537 223 27 Standertskjöld:
593 537 66 21 Ordet
675 536 238 28 Generalpostdirektör
929 536 37 21 har

138 563 69 22 blifvit
221 565 7 20 i
244 565 116 21 utskottets
376 565 133 22 betänkande
525 565 78 21 infördt
620 566 26 26 pä
654 565 99 26 grundaf
768 565 90 21 nämnde
874 564 91 21 funktio-

137 594 50 19 närs
203 593 107 26 anhällan,
327 593 87 22 emedan
430 594 105 26 ätskilliga
555 594 143 26 ansökningar
714 593 39 22 och
769 592 195 28 tjensteutnämnin-

136 627 38 20 gar
183 621 126 22 verkställas
317 621 22 22 af
346 622 77 21 honom
433 629 77 19 ensam,
528 623 38 20 och
583 623 88 20 emedan
689 622 36 21 det
740 622 96 27 uppstäit
852 621 113 21 osäkerhet

136 649 58 21 inom
216 649 80 26 verket,
318 650 104 22 huruvida
440 650 47 21 bref
501 651 136 21 adresserade
653 650 32 21 till
702 650 262 27 Generalpostdirektören

136 677 67 22 borde
219 684 52 15 vara
286 679 112 21 karterade
413 679 88 21 likasom
517 679 121 21 skrifvelser
653 679 32 21 till
702 679 162 20 embetsverket.

205 740 32 21 Hr
260 747 40 14 von
327 741 117 27 Knorrings
462 741 78 27 förslag
556 748 54 15 vann
626 742 45 21 icke
688 741 124 25 understöd,
828 743 51 19 utan
895 740 42 21 blef
953 741 10 26 $

135 769 13 20 4
163 768 65 27 gillad
244 769 66 26 enligt
325 769 115 22 utskottets
455 770 84 26 förslag.

203 831 41 21 Vid
261 831 11 27 $
288 832 12 20 5
316 831 71 21 anhöll

204 893 59 21 Frih.
287 900 50 15 von
356 895 135 27 Knorring
507 901 34 15 om
558 895 61 21 ordet
635 895 38 21 och
690 895 94 27 yttrade:
814 895 37 21 Uti
867 895 70 21 denna
952 894 11 27 $

134 922 143 21 förekommer
300 924 27 25 pä
350 923 38 21 sid.
413 924 25 20 18
461 924 66 20 under
542 924 73 26 punkt.
634 925 23 19 11
675 923 135 27 bestämning
826 930 34 14 om
876 925 31 19 att
923 923 40 27 lys-

134 950 121 27 ningssedel
271 950 32 21 till
319 952 117 26 äktenskap
452 952 32 20 för
499 958 62 21 egare
577 952 22 22 af
613 954 68 20 större
698 952 52 25 gods
766 952 53 21 skall
834 952 90 21 skrifvas
937 952 26 26 pä

134 980 28 20 80
185 979 72 21 marks
279 979 69 22 karta.
378 980 119 27 Begreppet
517 997 5 9 ,
525 983 74 23 större
615 981 66 27 gods'
698 980 107 22 förefaller
820 980 43 27 mig
877 980 24 21 sä
916 982 47 19 osä-

134 1006 49 22 kert
205 1007 40 21 och
269 1008 119 26 sväfvande,
412 1010 32 20 att
467 1009 35 21 det
517 1009 119 26 framdeles,
652 1010 71 21 säsom
738 1008 76 22 hittills
830 1009 63 21 ocksä
909 1008 54 22 varit

133 1035 66 27 fallet,
216 1036 69 21 mäste
300 1036 64 21 blifva
379 1038 57 20 svärt
451 1037 32 21 för
499 1038 46 24 den,
565 1044 45 15 som
630 1038 97 21 utfärdar
742 1037 173 27 lysningssedeln,
931 1039 32 19 att

134 1066 53 22 veta,
205 1066 38 19 när
260 1064 103 22 hanskall
379 1065 95 27 tillämpa
490 1066 68 22 denna
574 1066 79 27 rubrik,
669 1069 23 25 ty
708 1067 58 20 svärt
781 1066 74 20 förblir
871 1068 31 18 att
913 1068 50 24 säga

132 1092 56 21 hvad
204 1099 45 15 som
267 1099 71 15 menas
354 1094 48 21 med
418 1096 67 19 större
500 1095 59 26 gods.
591 1095 41 21 Det
647 1101 63 21 synes
726 1095 42 26 mig
784 1094 76 26 derför,
871 1100 45 15 som
929 1100 32 14 om

132 1120 36 21 det
191 1120 67 21 borde
280 1121 79 22 införas
382 1123 68 25 nägon
466 1122 115 28 förklaring
597 1129 33 15 om
646 1123 57 21 hvad
720 1123 85 21 dermed
821 1122 60 21 afses.
912 1122 50 21 Man

132 1148 71 21 kunde
219 1151 14 18 t.
252 1156 31 14 ex.
299 1151 51 25 taga
366 1150 198 22 mantalsstorleken
579 1157 46 16 som
639 1157 60 16 norm
711 1151 72 21 härför
790 1151 38 21 och
838 1151 124 21 bestämma.

132 1179 32 19 att
180 1179 31 19 ett
226 1178 60 26 gods,
303 1178 63 21 hvars
382 1179 172 21 mantalsstorlek
570 1181 38 25 gär
624 1180 58 21 öfver
698 1181 32 20 ett
746 1179 51 22 visst
813 1179 82 27 belopp,
907 1179 55 21 skall

131 1205 79 22 räknas
225 1206 33 21 till
275 1208 67 19 större
358 1207 58 26 gods,
433 1207 38 21 och
496 1208 165 27 lysningssedeln
682 1208 34 21 för
731 1208 47 21 dess
795 1214 63 21 egare
873 1207 89 22 skrifvas

131 1234 28 26 pä
175 1234 116 27 stämpladt
307 1241 80 21 papper
402 1235 32 22 till
450 1236 152 22 ofvannämndt
621 1237 84 26 belopp.
736 1237 40 26 Jag
794 1237 39 20 har
849 1237 64 21 ocksä
928 1236 34 21 vid

131 1262 106 32 särskilda
252 1263 96 21 tillfällen
365 1264 49 21 hört
429 1267 81 24 prester
526 1266 27 26 pä
568 1265 146 28 landsbygden
730 1265 63 26 klaga
808 1265 64 26 öfver,
889 1267 31 19 att
937 1265 25 21 de

130 1292 56 19 varit
208 1297 7 14 i
237 1297 26 15 en
285 1292 83 27 mycket
387 1293 47 21 svär
450 1293 132 26 belägenhet,
609 1294 26 21 dä
651 1294 36 21 det
703 1293 33 21 för
752 1293 47 21 dem
815 1293 52 27 gällt
883 1295 32 20 att
930 1295 31 19 ut-

131 1318 61 32 färda
207 1319 161 27 lysningssedel,
383 1327 45 15 som
444 1321 69 22 kunde
529 1322 88 21 hänföra
636 1322 31 27 sig
679 1322 34 21 till
727 1322 44 26 just
787 1322 69 21 denna
871 1322 91 21 bestäm-

130 1353 57 20 ning.
218 1348 41 26 Jag
278 1348 123 21 hemställer
423 1349 70 22 derför
512 1350 39 21 hos
567 1351 36 20 det
618 1350 121 27 Höglofliga
754 1350 96 27 Ständet,
867 1357 33 14 om
916 1350 46 30 icke

130 1374 148 23 betänkandet
293 1377 67 21 borde
375 1379 166 20 äterremitteras
563 1379 32 20 till
614 1379 112 25 utskottet,
747 1379 32 20 för
798 1381 31 19 att
844 1379 118 21 detsamma

130 1404 68 21 måtte
221 1404 86 22 komma
329 1405 6 20 i
359 1405 81 21 tillfälle
464 1408 30 19 att
518 1409 97 19 närmare
637 1406 122 27 formulera,
782 1407 55 22 hvad
853 1413 44 16 som
914 1408 48 21 med

128 1433 84 24 »Större
227 1433 68 26 gods*
311 1433 39 21 bör
366 1433 81 23 förstås.
