1025 1686
333 48 24 16 R.
373 53 17 12 o.
403 49 22 16 A.
438 48 53 17 1891.
517 48 23 17 13
552 47 47 22 Maj.
776 41 53 21 1015

120 128 32 21 Hr
167 128 26 21 A.
209 127 24 21 F.
250 127 144 22 Granfelt:
425 128 33 21 Då
473 128 35 26 jag
524 128 38 21 sist
577 127 55 22 hade
653 127 67 25 ordet,
736 127 92 26 undgick
844 126 37 21 det

52 157 48 26 mig,
124 158 32 19 att
180 157 2 20 i
206 156 31 21 Hr
259 156 127 21 Rönnbäcks
402 157 131 20 reservation
548 156 71 26 ingick
635 157 32 20 ett
682 155 81 26 förslag
778 155 32 20 till
826 161 54 14 sam-

52 185 147 26 manslagning
220 184 24 21 af
265 185 67 20 andra
355 185 39 21 och
417 185 67 26 tredje
504 187 123 19 momenten
644 185 5 20 i
667 185 27 20 10
710 185 17 25 &,
744 184 39 22 och
798 183 32 21 får
843 183 38 26 jag

53 214 69 21 derför
137 213 86 25 föreslå,
239 215 32 19 att
286 213 67 21 andra
369 215 115 20 momentet
500 213 123 27 godkännes
633 213 66 26 enligt
710 212 32 21 Hr
752 211 128 22 Rönnbäcks

52 242 137 21 reservation.

121 288 31 20 Hr
168 287 220 27 Pippingsköld:
412 288 41 26 Jag
468 288 97 20 anhäller
581 288 56 20 blott
647 286 22 22 fä
679 286 131 22 understöda
821 286 58 20 Frih.

52 316 143 26 Gripenbergs
211 316 166 27 tilläggsförslag
393 317 32 20 till
442 317 30 20 Hr
488 316 128 21 Rönnbäcks
632 316 145 26 formulering.

121 362 31 21 Hr
168 362 124 21 Schildt:
323 362 41 26 Jag
386 362 39 21 har
447 363 6 20 i
468 362 68 21 likhet
551 362 48 20 med
615 362 31 20 Hr
661 361 153 27 Pippingsköld
829 360 52 22 bedt

53 396 33 16 om
103 391 61 21 ordet
179 391 76 21 endast
270 391 33 21 för
319 393 32 19 att
369 391 133 21 understöda
517 390 57 21 Frih.
591 390 145 27 Gripenbergs
752 390 84 26 förslag.

121 437 31 20 Hr
168 436 145 21 Lindelöf:
345 437 48 20 Med
414 437 36 21 det
466 436 22 21 af
502 436 43 26 mig
560 436 77 21 väckta
653 436 103 26 förslaget
772 436 58 26 afsäg
843 435 38 26 jag

53 466 7 20 i
76 465 74 27 sjelfva
166 466 73 20 verket
255 467 32 19 att
302 466 70 20 lemna
388 465 22 21 ät
426 465 214 21 stadskommunerna
656 464 65 21 friare
737 465 80 20 händer
832 464 6 20 i
847 464 32 20 af-

52 494 77 21 seende
153 494 12 20 ä
184 494 149 20 användandet
356 494 22 20 af
397 494 25 21 de
438 494 133 25 vinstmedel,
587 500 46 14 som
649 494 39 20 här
704 495 37 19 äro
757 493 73 26 ifråga,
847 492 33 21 sä-

53 522 65 21 lunda
140 524 33 19 att
189 523 25 20 de
230 522 71 21 kunde
319 522 108 21 användas
443 524 14 19 t.
474 529 30 14 ex.
522 522 31 21 till
569 522 145 26 förstärkning
730 521 22 21 af
767 521 113 27 polismak-

52 553 36 18 ten
104 551 51 20 eller
171 551 74 26 dylikt.
276 551 46 20 Den
338 551 141 26 bestämning,
496 557 45 14 som
557 551 76 20 hittills
649 550 56 21 varit
719 551 105 25 gällande,
840 549 40 21 och

53 585 45 15 som
121 579 62 21 äfven
205 580 7 20 i
236 580 156 20 reservationen
410 579 96 25 föresläs,
523 579 106 26 nämligen
645 580 32 19 att
693 579 83 21 medlen
792 579 18 26 ej
827 577 55 27 finge

53 608 107 21 användas
185 608 30 21 till
233 608 106 26 ändamål,
356 608 72 21 hvilka
443 614 76 20 genom
536 608 123 21 kommunal
676 607 136 26 beskattning
828 607 53 20 böra

54 637 129 26 tillgodoses,
207 643 61 20 synes
287 637 42 26 mig
344 637 104 20 innebära
464 643 25 14 en
506 637 77 26 onödig
599 637 39 20 och
655 636 99 26 olämplig
770 635 111 22 inskränk-

54 665 55 26 ning.
134 665 10 21 I
155 665 53 27 följd
217 665 60 21 deraf
284 665 63 21 hafva
360 665 246 26 utskänkningsbolagen
617 665 46 21 ofta
673 671 42 20 nog
726 665 54 20 varit
789 667 94 23 tvungna

54 695 32 20 att
101 694 98 26 uppsöka
214 694 113 21 allehanda
343 694 81 21 mindre
440 694 79 26 vigtiga
534 693 160 26 användningar
706 693 22 20 af
738 693 88 24 medlen,
836 699 45 14 som

53 723 81 20 kanske
150 723 61 26 eljest
227 723 45 20 icke
289 723 54 20 hade
352 723 89 21 kommit
454 723 6 20 i
470 723 66 26 fräga.
560 723 43 20 Det
613 723 68 20 skulle
693 722 65 26 enligt
767 722 42 21 min
818 721 64 21 tanke

54 751 39 21 alls
117 751 46 21 icke
185 751 73 26 skada,
275 757 34 15 om
325 751 62 22 dessa
402 751 127 21 vinstinedel
545 751 60 21 äfven
622 751 67 20 delvis
705 751 53 26 finge
774 750 109 21 användas

54 780 32 21 till
102 779 81 22 sädana
199 779 106 26 ändamäl,
321 786 45 15 som
382 787 29 14 nu
426 780 125 27 tillgodoses
566 785 76 21 genom
658 780 122 25 uttaxering
793 778 22 21 af
822 779 60 20 kom-

53 815 89 14 munens
158 809 145 26 medlemmar,
320 809 23 20 sä
358 811 33 18 att
406 809 62 20 dessa
484 809 122 26 derigenom
623 808 81 21 erhölle
712 808 70 26 någon
792 807 91 26 lindring

54 837 6 21 i
76 837 46 20 sina
137 837 45 21 ofta
197 843 42 19 nog
255 837 135 26 betungande
407 843 71 15 onera.

122 888 32 20 Hr
170 888 58 21 Edv.
244 888 194 26 Björkenheim:
462 889 10 21 1
488 888 99 22 afseende
603 888 12 21 &
631 888 11 28 &
660 889 23 19 11
703 888 37 21 ber
754 887 129 28 jagfäfästa

54 917 217 26 uppmärksamheten
293 917 28 27 pä
344 917 169 27 ordalydelsen
509 913 12 36 i
535 917 48 21 nåd.
605 923 66 21 prop.:
704 917 179 25 ,Stadskommun

54 945 38 21 och
110 945 63 27 bolag
188 946 66 26 enligt
275 947 4 25 $
299 946 24 20 10
339 946 160 21 tillkommande
515 946 69 21 medel
600 946 61 20 skola
676 946 108 20 användas
799 945 32 21 till
845 945 38 20 all-

54 976 59 18 mänt
135 974 83 26 nyttiga
233 974 105 26 ändamål,
355 974 77 22 främst
446 974 100 22 afseende
562 974 153 27 nykterhetens
732 974 151 26 befrämjande,

54 1008 47 15 men
124 1002 46 22 icke
195 1003 85 26 sådana,
305 1003 71 21 hvilka
398 1003 128 21 kommunen
550 1002 48 28 sjelf
617 1009 77 20 genom
710 1003 136 25 beskattning
862 1002 23 20 af

54 1032 46 20 sina
119 1032 138 20 medlemmar
275 1032 40 20 bör
330 1032 131 26 tillgodose".
492 1032 45 21 Och
553 1032 66 20 beder
633 1032 36 26 jag
684 1031 21 21 få
720 1031 79 21 föreslå
814 1031 70 21 denna

55 1060 140 27 ordalydelse.

123 1106 32 20 Hr
170 1106 134 21 Norrmön:
335 1106 58 21 Frih.
417 1106 134 26 Gripenberg
569 1106 39 21 och
625 1106 25 21 de
666 1106 65 21 ärade
747 1106 75 23 talare,
838 1111 46 14 som

54 1134 129 21 understödt
204 1135 53 20 hans
280 1135 155 26 amendement,
455 1135 61 20 torde
531 1135 106 24 förbisett,
653 1136 33 19 att
702 1134 66 27 enligt
784 1133 100 22 Ständets

55 1168 49 21 nyss
119 1163 82 20 fattade
217 1163 71 21 beslut
304 1169 25 15 en
346 1163 34 21 del
396 1163 22 21 af
432 1163 163 27 ifrägavarande
611 1163 126 21 vinstmedel
748 1163 95 20 kommer
852 1163 33 20 att

54 1190 85 22 tillfalla
155 1191 225 22 landskommunerna.
405 1192 42 21 Det
462 1192 62 21 torde
541 1191 72 22 derför
629 1198 50 14 vara
696 1191 95 26 omöjligt
803 1191 33 21 för
847 1191 38 20 bo-

54 1220 70 26 lagets
146 1220 113 26 direktion,
277 1219 84 22 hvilken
378 1221 40 20 har
434 1220 36 21 sitt
486 1222 46 19 säte
547 1221 7 20 i
571 1226 25 15 en
612 1221 55 24 stad,
683 1222 33 18 att
731 1221 95 25 uppgöra
842 1219 43 21 för-

55 1248 45 26 slag
123 1249 32 20 till
178 1249 140 21 användande
336 1249 23 21 af
372 1249 26 21 de
415 1249 132 25 vinstmedel,
564 1255 45 14 som
625 1249 86 20 tillfalla
727 1249 157 20 landskommu-

55 1283 73 19 nerna,
144 1278 22 25 ty
181 1277 46 21 icke
244 1277 41 21 kan
304 1277 134 22 direktionen
454 1278 71 20 känna
541 1278 32 20 till
589 1277 43 21 alla
648 1277 25 21 de
690 1277 69 26 behof,
776 1283 45 15 som
837 1277 6 20 i
860 1276 26 21 de

55 1305 58 21 olika
128 1305 158 22 landsändarna
301 1308 53 24 göra
370 1307 32 26 sig
416 1306 105 27 gällande.

124 1357 58 21 Frih.
203 1358 19 20 J.
246 1357 173 27 Gripenberg:
450 1358 31 21 Hr
503 1358 106 21 Norrmen
629 1357 39 21 har
691 1357 49 21 hört
763 1358 41 25 mig
820 1358 65 20 orätt.

55 1385 50 21 Mitt
127 1385 80 27 förslag
224 1393 36 13 var
276 1387 69 20 afsedt
360 1388 32 19 att
409 1386 58 26 lyda:
499 1402 5 8 ,
505 1386 68 24 Dock
588 1387 6 19 i
611 1386 47 20 stad
674 1385 28 27 pä
716 1386 80 26 förslag
812 1385 22 21 af
848 1385 37 21 bo-

55 1413 73 27 lagens
148 1414 103 27 styrelse*
271 1414 46 22 icke
340 1415 7 20 i
366 1414 225 26 landskommunerna;
616 1414 38 21 der
669 1420 39 15 var
723 1414 35 21 det
773 1414 63 26 klart,
854 1415 32 19 att

56 1442 64 27 nägot
136 1442 80 27 förslag
231 1443 23 21 af
268 1443 97 26 bolagets
382 1443 88 27 styrelse
487 1443 46 21 icke
549 1443 68 21 skulle
633 1443 87 21 komma
736 1443 7 20 i
760 1442 66 27 fräga.
