1025 1686
181 91 43 21 650
431 96 25 17 R.
468 100 18 13 0.
498 96 24 17 A.
535 96 55 18 1891.
610 97 24 16 14
645 96 64 22 April.

152 181 141 22 ogynsamma
314 175 149 22 förhällanden
478 176 7 21 i
500 175 105 26 hemmen,
629 175 111 28 försjunka
762 176 32 21 uti
809 176 88 21 kronisk
912 175 72 28 galen-

152 204 61 27 skap.
242 204 45 21 Det
301 205 25 20 är
340 204 74 21 vidare
429 204 26 21 de
471 210 72 18 orena,
559 204 82 27 häftiga
659 204 41 22 och
715 204 77 27 farliga
808 204 175 26 sinnesrubbade,

152 233 73 21 hvilka
248 233 67 21 redan
336 232 34 21 för
392 232 37 21 det
448 232 119 22 allmännas
583 233 100 21 säkerhet
699 232 68 22 mäste
782 233 7 20 i
804 233 106 21 anstalter
924 233 59 21 inne-

152 261 75 22 slutas.
257 261 130 21 Samhällets
410 267 52 20 egen
483 261 76 26 fördel,
582 261 46 22 icke
649 261 84 22 mindre
748 263 27 19 än
792 261 48 21 dess
855 261 54 27 pligt
923 263 60 25 gent-

152 291 59 19 emot
226 289 64 21 dessa
305 289 112 27 olyckliga,
432 289 85 21 fordrar
532 291 33 20 att
580 290 120 21 detsamma
715 289 68 27 sörjer
793 289 33 21 för
834 292 33 19 att
876 290 27 21 de
911 290 73 21 kunna

152 318 29 27 pä
195 318 78 21 sädant
289 320 43 19 sätt
346 317 84 22 värdas.
461 317 74 22 Under
549 319 123 21 nuvarande
688 318 149 22 förhällanden
853 318 78 27 uppstä
943 318 40 21 tal-

153 346 48 22 rika
222 346 139 26 olägenheter
384 346 60 21 deraf
458 348 32 19 att
505 346 158 22 värdanstalter
677 346 85 26 saknas,
778 346 47 22 icke
840 346 56 22 blott
912 346 23 22 sä
950 347 32 21 till

152 375 56 23 vida,
231 376 34 20 att
287 375 37 21 det
345 376 71 20 möter
437 376 81 20 största
538 375 108 27 svärighet
661 377 33 19 att
709 375 21 21 fä
746 381 49 21 nyss
810 374 126 28 insjuknade
951 375 32 21 in-

152 405 79 25 tagna;
253 404 53 20 utan
329 403 97 27 verkliga
440 403 88 27 olyckor
543 403 78 27 uppstå
636 404 61 21 äfven
714 404 18 26 ej
748 404 69 21 sällan
832 403 63 22 deraf
907 405 33 20 att
955 403 28 21 de

152 432 63 26 sjuka
235 432 48 20 icke
305 431 73 21 kunna
401 432 27 26 på
443 432 97 26 lämpligt
555 434 44 19 sätt
614 432 161 27 oskadliggöras
790 434 110 24 gentemot
915 432 68 21 andra

152 460 41 22 och
207 462 112 25 gentemot
332 460 32 27 sig
380 460 74 26 sjelfva.
490 460 47 21 Fall
559 460 24 22 af
596 460 111 27 sjelfmord
722 460 24 21 af
759 460 63 22 dårar
837 462 38 20 äro
891 460 91 22 sålunda

151 488 8 22 i
174 488 49 22 vårt
237 489 52 21 land
303 489 81 26 ganska
400 488 45 22 ofta
459 488 180 22 förekommande.

222 516 40 22 Om
278 523 49 15 man
343 523 26 15 en
384 516 56 27 gång
455 517 106 21 erkänner
576 518 60 21 detta
651 517 181 25 sakförhållande,
847 518 33 20 att
888 519 31 19 ett
927 518 56 20 stort

152 545 60 21 antal
227 545 24 20 af
265 546 27 19 de
307 545 174 25 sinnesrubbade,
496 545 131 26 fjerdedelen
643 546 53 20 eller
715 551 87 15 snarare
824 546 81 20 inemot
927 545 54 21 hälf-

152 575 43 24 ten,
215 573 40 21 bör
271 573 7 21 i
294 573 104 21 anstalter
419 573 124 26 inneslutas,
559 574 30 26 (ty
605 574 60 21 detta
680 579 76 16 senare
771 573 66 25 antal,
846 573 88 24 hälften,
943 573 39 21 fin-

152 607 39 16 ner
216 608 50 14 man
289 602 7 21 i
318 608 59 15 mera
399 601 142 22 framskridna
563 602 74 21 länder
658 602 136 26 tillämpadt),
810 601 24 21 så
849 601 68 22 måste
933 608 49 15 man

152 629 68 28 fråga,
243 629 88 22 hvarför
354 629 27 22 då
402 630 58 21 töfva
484 630 49 21 med
555 630 178 27 genomförandet
753 630 23 21 af
790 637 26 14 en
832 630 23 21 så
871 630 6 21 i
893 630 43 21 alla
951 630 30 21 af-

152 658 93 21 seenden
261 658 101 27 påkallad
378 658 84 25 reform,
478 658 87 21 hvarför
583 659 45 21 låta
643 659 125 21 densamma
782 659 117 20 fortskrida
913 659 69 26 knap-

152 688 50 25 past
217 687 109 26 hastigare
341 689 27 18 än
384 688 32 20 att
432 687 103 21 dårarnas
550 687 59 21 antal
624 687 7 21 i
646 687 74 21 landet
734 689 65 19 växer
814 687 7 20 i
837 693 81 15 samma
932 693 49 21 pro-

152 715 104 26 gression,
273 722 44 15 som
334 717 32 20 ett
381 715 65 21 ökadt
468 716 59 21 antal
547 716 80 26 platser
642 715 110 22 inrättas?
780 715 150 22 Förevarande
945 722 37 20 pe-

152 744 89 21 titioner
263 744 56 27 syfta
339 744 32 21 till
387 746 31 19 ett
433 745 106 20 snabbare
554 744 134 27 fullföljande
703 744 24 21 af
740 743 48 22 vårt
803 743 180 22 dårvårdsväsen-

153 772 38 21 des
206 772 123 28 utveckling
351 772 39 21 och
412 772 120 22 desammas
556 773 55 26 syfte
634 773 68 21 måste
718 772 73 22 derför
805 773 6 20 i
828 773 42 20 allo
885 773 96 26 godkän-

153 807 45 14 nas.
228 796 69 25 Äfven
312 801 41 20 den
368 801 106 26 placering
490 801 23 22 af
535 801 40 22 den
590 801 124 27 föreslagna
728 807 42 21 nya
785 801 114 26 anstalten,
914 807 45 15 som
975 801 7 21 i

153 829 41 21 den
210 835 40 15 ena
265 829 119 26 petitionen
398 829 66 27 ingår,
481 832 24 19 är
520 830 46 21 icke
582 831 66 19 annat
663 832 28 18 än
706 830 35 20 väl
756 829 96 26 betänkt,
869 829 27 21 då
902 830 24 26 ju
937 829 44 21 lan-

154 857 47 21 dets
224 863 66 15 norra
312 858 60 21 delar
394 858 75 21 hittills
492 856 77 24 saknat
584 858 81 21 sådana
679 858 118 21 anstalter...
821 858 49 21 Men
886 858 96 21 deremot

153 886 42 20 kan
217 886 37 26 jag
275 886 34 20 för
324 886 43 21 min
383 886 33 21 del
432 887 46 21 icke
493 887 114 27 godkänna
621 889 33 19 att
669 887 42 21 den
726 886 122 26 föreslagna
863 886 118 22 anstaltens

153 914 125 21 inrättande
293 916 63 24 göres
378 914 106 22 beroende
500 915 23 21 af
537 921 26 15 en
578 915 220 27 anslagsproposition
813 915 32 21 till
861 914 121 22 Ständerna

152 942 37 22 vid
204 944 63 20 nästa
282 943 109 26 landtdag.
421 943 42 21 Det
478 946 24 19 är
517 944 122 26 visserligen
655 946 49 19 sant
720 945 33 19 att
769 944 55 20 1878
840 942 35 22 års
890 943 92 21 Ständer

153 971 88 26 anslogo
258 977 26 15 en
300 978 83 15 summa
405 972 22 21 af
442 972 93 27 900,000
549 972 62 22 mark
625 972 33 22 för
673 974 33 20 att
721 972 91 26 påbörja
826 971 41 21 den
882 972 100 21 beslutna

152 1000 89 26 planens
265 1000 149 26 realiserande,
434 1007 48 15 men
497 1001 65 21 sedan
579 1001 69 21 denna
663 1001 31 21 tid
710 1001 40 21 har
766 1000 36 22 det
814 1000 73 21 vidare
902 1000 79 21 fullföl-

149 1028 77 26 jandet
241 1028 24 21 af
279 1029 77 27 planen
372 1029 57 21 skett
444 1030 47 20 med
506 1030 126 21 statsmedel
653 1030 40 21 och
709 1030 66 20 sedan
792 1029 54 21 1878
862 1028 35 22 års
912 1028 69 22 landt-

152 1056 42 28 dag
217 1056 65 22 hafva
303 1057 163 22 förhållandena
482 1058 108 22 dessutom
605 1058 7 21 i
627 1058 79 27 många
722 1058 114 21 afseenden
851 1057 129 21 förändrats.

152 1085 133 22 Ständernas
308 1085 194 28 bevillningsmedel
526 1088 61 25 tagas
607 1093 90 15 numera
711 1087 7 21 i
734 1086 93 26 anspräk
842 1086 19 26 ej
877 1086 56 21 blott
947 1086 34 20 för

151 1114 121 21 folkskolor
294 1114 39 21 och
356 1114 214 25 kommunikationer,
585 1117 53 19 utan
653 1116 41 20 ock
709 1115 7 21 i
732 1115 63 26 högst
810 1114 103 27 väsentlig
928 1114 53 26 grad

152 1142 33 21 för
207 1142 115 26 militären,
344 1144 32 19 ett
390 1143 54 26 kraf,
467 1149 45 16 som
529 1144 65 21 sedan
611 1144 54 21 1878
682 1143 36 22 ärs
734 1143 102 26 landtdag
852 1143 129 21 tillkommit.

152 1165 19 26 Ä
187 1171 68 20 andra
271 1171 60 21 sidan
346 1171 57 21 finna
418 1172 20 20 vi
453 1172 7 20 i
476 1174 81 19 statens
572 1172 75 21 fonder
667 1172 107 21 millioner
789 1171 57 26 hopa
861 1172 38 25 sig,
915 1171 66 22 delvis

152 1199 99 26 liggande
268 1200 118 25 oanvända,
402 1200 38 21 och
463 1201 68 20 under
547 1200 80 22 sådana
642 1200 152 21 förhållanden
809 1206 62 20 synes
887 1201 36 20 det
938 1200 43 27 mig

151 1228 29 25 på
201 1228 55 21 intet
272 1229 44 20 sätt
336 1235 52 14 vara
410 1229 113 26 anledning
538 1231 32 19 att
585 1229 46 21 från
647 1229 132 21 Ständernas
794 1228 47 21 sida
856 1230 31 19 ett
901 1229 80 26 förslag

150 1257 65 25 göres
229 1258 34 19 att
278 1257 72 20 afvika
364 1256 48 21 från
427 1257 40 21 den
483 1257 119 28 utveckling
618 1257 23 22 af
654 1257 48 22 vårt
718 1257 201 26 dårvårdsväsende,
935 1263 46 15 som

152 1284 70 21 blifvit
237 1284 29 27 på
281 1291 75 15 senare
372 1285 55 22 tider
442 1285 102 27 inslagen,
561 1286 69 21 deruti
646 1287 107 25 nämligen
764 1287 32 20 att
812 1285 117 21 detsamma
945 1285 36 21 be-

151 1313 84 21 kostats
251 1313 49 22 med
316 1314 75 26 medel,
407 1320 44 15 som
467 1315 23 20 af
496 1315 132 26 Regeringen
643 1315 101 20 anvisats.
774 1314 41 27 Jag
830 1317 35 18 tar
879 1315 43 26 mig
933 1314 48 21 der-

150 1341 35 21 för
199 1341 93 22 friheten
307 1343 33 20 att
354 1342 78 21 föreslå
447 1344 33 19 att
495 1343 24 20 R.
536 1349 19 15 o.
571 1344 25 20 A.
612 1343 48 21 ville
676 1343 116 26 godkänna
804 1342 177 27 petitionsförsla-

151 1371 47 25 gets
221 1370 62 27 syfte,
306 1377 48 14 men
378 1371 133 26 omredigera
533 1371 65 26 något
621 1372 48 21 dess
688 1371 58 22 kläm
761 1372 7 20 i
784 1371 40 21 den
840 1371 93 26 riktnirg
949 1373 32 19 att

152 1397 123 22 Ständerna
296 1399 50 21 ville
368 1399 83 21 besluta
466 1405 26 15 en
513 1400 90 26 petition
619 1400 80 24 derom,
715 1402 33 18 att
761 1401 67 25 jemte
843 1400 36 20 det
894 1400 87 26 anlägg-

151 1426 78 26 ningen
252 1426 24 22 af
297 1427 106 21 anstalten
425 1428 7 20 i
454 1428 144 21 Tammerfors
617 1428 110 21 verksamt
750 1428 111 26 slutföljes,
882 1428 99 26 åtgärder

150 1454 69 22 måtte
234 1455 99 27 vidtagas
349 1456 38 21 och
403 1456 79 26 nödiga
501 1456 69 21 medel
586 1456 68 22 blefve
671 1457 103 26 anslagna
789 1456 33 21 för
838 1456 143 27 uppförandet

150 1483 8 20 i
173 1482 110 28 Uleåborg
298 1484 52 21 eller
365 1484 65 21 Wasa
444 1484 24 22 af
481 1490 25 16 en
522 1484 133 22 vårdanstalt
669 1486 35 20 för
720 1484 139 27 sinnessjuka.
