1025 1686
168 101 13 20 >

183 100 13 22 SS

197 100 14 21 [+]

428 105 26 17 R.
466 109 18 13 o.
496 105 23 16 A.
532 105 55 18 1891,
611 105 12 16 9
635 104 49 21 Maj.

141 192 42 19 ras,
199 191 48 15 men
264 185 35 21 vid
315 187 83 19 senaste
415 185 84 26 plenum
515 185 40 20 har
571 184 36 21 det
622 183 122 28 Höglofliga
760 183 90 22 Ständet
870 183 46 21 haft
932 183 40 21 till-

140 214 51 21 fälle
209 215 32 20 att
255 215 76 20 votera
346 215 45 19 rätt
405 213 120 26 betydande
541 213 93 21 tillskott
649 213 33 21 till
699 212 220 27 folkskolebudgeten,
940 211 33 21 sä-

142 243 59 20 ledes
215 243 42 20 har
272 243 46 20 icke
334 244 144 24 uppmuntran
495 241 33 21 för
544 241 40 21 den
600 241 66 27 högre
681 241 121 21 folkskolan
814 241 97 25 saknats;
925 246 48 15 men

141 271 37 26 jag
193 272 54 23 tror,
264 272 33 19 att
311 272 52 19 utan
380 271 61 19 dessa
460 270 91 26 positiva
575 269 100 27 ätgärder
698 269 34 21 för
755 271 33 19 att
810 269 6 21 i
840 269 134 21 ekonomiskt

143 299 101 21 afseende
260 298 102 22 befordra
376 298 215 26 folkskoleväsendet,
607 298 103 21 behöfves
725 296 61 22 äfven
807 298 46 26 just
873 298 41 20 den
929 304 44 14 am-

143 327 136 21 bulatoriska
294 327 82 24 skolan,
392 328 23 25 ty
430 327 75 21 endast
520 332 76 20 genom
613 326 40 22 den
668 326 74 21 kunna
756 326 81 21 barnen
849 326 125 20 förberedas

144 356 33 21 till
191 356 86 20 inträde
294 356 6 20 i
315 355 67 27 högre
397 355 112 21 folkskola.
534 355 43 21 Det
592 356 24 20 är
631 355 54 21 visst
701 356 54 22 sant,
771 356 33 20 att
816 361 55 20 man,
883 354 27 21 dä
920 354 54 21 folk-

144 384 214 26 skoleförordningen
374 384 145 25 utarbetades,
536 383 115 21 förutsatte
664 383 229 27 hemundervisningen
905 382 69 21 säsom

144 413 41 21 den
200 412 70 21 första
285 412 96 27 grunden
397 412 33 21 för
445 412 72 21 vidare
534 412 156 26 skolbildning;
715 418 49 14 men
784 412 36 20 det
836 414 25 18 är
876 411 41 21 lätt
931 411 44 21 för-

143 442 95 25 klarligt,
255 442 34 20 att
304 441 35 21 det
355 440 66 22 finnes
436 442 78 26 ytterst
529 440 22 21 få
566 440 149 26 allmogehem,
738 446 45 15 som
806 440 63 21 hafva
891 439 84 22 tillfälle

144 471 33 19 att
192 470 115 20 undervisa
322 470 46 20 sina
384 469 60 26 barn,
462 469 28 21 dä
512 475 26 15 en
561 468 67 22 sädan
650 469 201 26 hemundervisning
874 468 6 21 i
904 468 71 21 bättre

144 498 84 21 lottade
245 498 185 21 samhällsklasser
448 498 62 26 högst
533 498 68 20 sällan
623 497 152 21 förekommer.
805 497 38 21 Ett
859 497 116 21 understöd

144 526 23 22 åt
183 527 26 21 de
225 526 171 21 ambulatoriska
410 526 100 21 skolorna
529 528 24 18 är
576 526 72 21 derför
671 526 62 21 äfven
756 527 31 20 ett
808 526 52 26 godt
882 525 48 21 stöd
953 525 23 21 åt

144 555 99 21 hemmen
259 555 7 20 i
282 555 62 20 deras
360 554 76 26 många
451 554 39 21 och
506 554 62 21 svåra
583 554 115 27 uppgifter.

215 611 32 21 Hr
270 611 59 21 Nils
352 611 179 21 Grotenfelt:
556 611 45 20 Den
623 617 51 15 sena
690 611 88 21 timmen
793 617 75 14 manar
883 610 42 27 mig
941 612 34 19 att

146 639 55 22 fatta
217 640 43 25 mig
275 639 57 21 kort.
357 639 41 26 Jag
413 639 39 21 har
466 639 7 21 i
488 639 39 21 sak
541 639 47 21 icke
599 640 85 26 mycket
695 641 33 19 att
739 639 93 26 tillägga.
855 639 42 26 Jag
907 639 69 20 skulle

146 669 81 20 kanske
243 668 47 21 icke
306 668 76 26 begärt
401 668 67 25 ordet,
491 673 48 16 men
562 668 7 20 i
592 668 116 26 anledning
730 667 23 21 af
774 667 65 27 några
862 668 45 24 ord,
931 673 45 15 som

146 697 117 21 Allmänna
279 696 209 21 Besvärsutskottets
504 697 65 20 ärade
586 696 129 21 ordförande
726 696 35 21 vid
773 697 37 20 sitt
820 696 69 21 första
899 695 78 22 andra-

146 725 70 26 gande
231 725 57 25 fällt,
304 725 40 20 har
357 725 37 26 jag
409 726 70 19 ansett
493 725 43 26 mig
552 725 53 20 böra
620 726 59 25 yttra
694 725 50 26 mig.
775 725 61 20 Efter
859 726 32 19 att
913 724 64 21 hafva

147 753 126 26 framhållit,
289 755 32 19 att
336 753 252 21 utskottsbetänkandets
604 753 134 27 ståndpunkt
753 755 24 19 är
799 753 177 26 hufvudsakligen

147 782 108 26 praktisk,
271 781 91 27 begynte
378 781 41 21 han
435 782 37 21 sitt
487 781 137 27 andragande
640 782 49 21 med
706 783 31 20 ett
759 781 111 22 uttalande
886 781 91 21 rörande

146 810 238 26 hemundervisningen,
407 810 38 21 och
460 810 8 21 i
486 810 37 21 sitt
545 812 84 19 senaste
653 810 138 27 andragande
812 810 101 21 fortsatte
935 810 42 20 han

148 839 61 21 detta
224 839 184 20 betraktelsesätt.
436 838 28 21 Så
478 839 45 20 vidt
536 839 37 26 jag
588 839 110 26 uppfattat
709 839 53 20 hans
773 838 143 27 andragande,
929 838 48 26 gick

148 867 37 21 det
199 869 25 19 ut
239 866 35 27 pä,
291 868 32 20 att
339 866 62 22 dessa
416 866 169 22 ambulatoriska
600 867 73 21 skolor
688 867 70 21 skulle
774 867 67 21 finnas
854 866 32 22 till
901 866 34 21 för
945 867 32 20 att

147 896 126 20 underlätta
288 895 233 27 hemundervisningen,
539 897 33 19 att
587 896 26 21 de
628 896 92 20 kommit
735 896 32 20 till
782 896 47 21 med
844 896 59 20 detta
913 895 65 21 ända-

148 924 43 21 mäl
206 924 35 20 för
257 925 89 25 ögonen.
376 924 41 26 Jag
432 924 32 20 för
479 924 43 20 min
538 924 34 21 del
588 926 45 19 tror
649 924 62 22 detta
734 924 50 21 bero
808 924 28 27 pä
859 923 119 27 fullkomlig

148 952 194 27 missuppfattning.
373 952 47 21 Den
435 952 170 21 ambulatoriska
623 952 76 22 skolan
722 954 24 19 är
768 959 26 15 en
817 952 160 24 nödfallsskola,

148 982 25 20 är
188 980 76 22 afsedd
279 980 34 21 för
329 980 87 27 sädana,
431 980 71 22 hvilka
517 980 46 22 icke
579 982 72 20 kunna
661 981 22 21 fä
694 981 205 26 hemundervisning.
925 980 53 21 Der-

148 1009 35 21 för
197 1011 25 19 är
238 1009 41 21 den
295 1010 100 20 inrättad.
421 1010 37 20 Att
474 1009 46 21 äter
535 1009 230 27 hemundervisningen
780 1009 68 21 blifvit
861 1011 69 19 sämre
943 1015 34 19 nu,

149 1040 28 18 än
193 1037 27 21 dä
235 1037 120 21 folkskolor
371 1037 53 21 först
445 1038 118 21 inrättades
579 1038 6 21 i
600 1038 48 21 värt
663 1038 59 27 land,
745 1039 43 20 kan
808 1038 37 27 jag
867 1038 46 21 icke
936 1039 41 19 tro.

148 1066 41 27 Jag
205 1068 46 19 tror
267 1068 101 24 tvärtom,
391 1068 32 19 att
438 1066 65 21 sedan
525 1067 150 21 lärarinnorna
698 1068 7 20 i
729 1066 103 27 hemmen,
857 1067 121 24 mödrarna,

149 1095 75 26 sjelfva
247 1095 57 20 varit
319 1095 6 21 i
341 1094 84 22 tillfälle
447 1097 32 19 att
502 1095 80 21 besöka
604 1095 109 22 folkskola
736 1095 52 21 eller
811 1096 68 20 andra
899 1094 79 26 skolor,

148 1123 231 26 hemundervisningen
395 1123 63 26 stigit.
489 1124 41 25 Jag
546 1125 46 19 tror
607 1124 72 21 derför
695 1125 34 20 att
752 1124 227 25 hemundervisningen

149 1152 7 20 i
171 1151 136 20 närvarande
322 1151 32 21 tid
370 1153 24 19 är
409 1151 103 27 betydligt
529 1151 77 27 bättre,
623 1153 26 20 än
665 1153 42 20 den
723 1159 38 14 var
776 1153 41 20 den
834 1152 39 27 tid,
889 1151 28 22 dä
932 1151 47 21 värt

148 1179 212 22 folkskoleväsendes
376 1180 59 21 fader
449 1180 76 21 trodde
541 1180 66 27 derpä
625 1180 24 21 sä
671 1181 93 26 mycket,
787 1182 33 20 att
843 1181 43 21 han
909 1179 70 22 kunde

149 1208 84 26 grunda
248 1208 51 21 hela
314 1209 70 20 denna
399 1209 97 26 byggnad
518 1208 28 27 pä
569 1209 75 21 endast
666 1209 237 27 hemundervisningen.
934 1208 46 21 Och

147 1237 46 26 just
209 1237 32 25 de,
250 1242 46 15 som
313 1243 28 14 nu
357 1243 51 15 anse
423 1237 67 21 denna
506 1237 202 28 hemundervisning
723 1244 51 14 vara
784 1238 22 21 af
816 1238 23 21 sä
850 1238 48 21 litet
909 1237 70 25 värde,

149 1265 92 26 pästodo
258 1264 28 21 dä
301 1267 32 19 att
349 1265 41 21 den
405 1272 38 14 var
458 1265 120 27 tillräcklig.
609 1266 33 21 Dä
662 1267 38 26 jag
722 1272 26 15 en
771 1266 55 27 gäng
848 1266 40 21 har
911 1265 68 26 ordet,

149 1293 44 21 kan
206 1293 37 26 jag
258 1293 47 21 icke
321 1293 113 22 underläta
449 1295 32 20 att
496 1294 70 21 uttala
581 1294 36 22 det
631 1295 85 27 intryck
735 1295 60 21 detta
810 1295 114 21 Allmänna
939 1293 41 21 Be-

150 1322 181 21 svärsutskottets
347 1322 135 21 betänkande
497 1322 28 27 pä
541 1323 42 26 mig
598 1323 81 27 gjorde,
705 1323 28 21 dä
746 1323 36 27 jag
797 1323 54 22 först
866 1323 41 22 fick
923 1322 36 21 det
974 1322 7 20 i

149 1350 60 21 mina
223 1351 89 20 händer.
342 1351 42 26 Jag
399 1353 37 24 tog
450 1351 46 21 icke
512 1351 34 21 del
561 1351 7 21 i
584 1354 83 19 senaste
683 1352 115 27 landtdags
812 1351 167 26 förhandlingar,

150 1385 49 15 men
215 1385 38 14 var
268 1379 7 20 i
291 1379 85 22 tillfälle
392 1381 32 19 att
442 1380 31 20 uti
495 1379 109 27 bygderna
626 1381 53 25 godt
703 1381 53 26 följa
778 1381 47 21 med
850 1381 25 20 de
896 1379 84 27 intryck

149 1407 307 27 landtdagsförhandlingarna
476 1408 74 26 gjorde
571 1408 7 20 i
599 1408 44 22 vidt
666 1409 72 21 skilda
758 1408 90 22 kretsar.
879 1408 41 26 Jag
935 1410 46 18 tror

150 1436 44 26 mig
209 1436 47 20 icke
273 1437 52 25 säga
339 1436 34 21 för
387 1436 90 27 mycket,
500 1442 35 16 om
548 1436 38 27 jag
601 1439 95 24 nämner,
720 1439 33 19 att
774 1437 65 21 bland
863 1437 26 21 de
911 1437 70 21 landt-

150 1463 163 27 dagsätgärder,
329 1470 45 16 som
390 1464 75 22 väckte
481 1466 80 20 största
575 1466 188 21 tillfredsställelse
778 1472 38 14 var
829 1466 46 26 just
890 1466 47 26 den,
954 1464 27 22 dä

151 1498 26 14 en
192 1493 93 26 petition
306 1493 2 21 i
323 1499 82 15 samma
420 1493 60 27 syfte,
497 1499 45 15 som
559 1493 74 28 denna,
650 1494 23 21 af
691 1494 13 21 3
721 1494 67 22 Ständ
804 1494 45 21 blef
863 1494 117 21 förkastad.
