1025 1686
154 95 42 21 738
416 101 24 17 R.
453 106 17 12 o.
482 103 23 15 A.
519 103 54 16 1891.
597 103 13 15 4
622 101 46 22 Maj.

127 181 42 20 kan
185 180 80 21 affären
282 180 45 21 icke
344 180 66 21 blifva
432 180 116 27 synnerligt
571 180 104 27 räntabel,
699 180 99 21 hvarföre
821 180 46 21 icke
890 180 67 21 heller

126 209 67 26 något
208 209 117 26 synnerligt
340 210 56 19 stort
411 209 160 26 rörelsekapital
588 209 41 20 kan
645 209 91 24 fordras,
753 214 48 15 men
815 209 64 26 något
894 214 62 21 synes

127 237 43 26 mig
186 237 6 20 i
208 237 43 20 alla
267 237 36 21 fall
319 243 52 14 vara
386 237 23 20 af
423 237 105 21 behofvet.
559 237 89 26 Följden
664 237 24 21 af
702 239 32 18 att
750 237 79 21 affären
852 237 47 21 icke
914 237 43 20 kan

127 265 68 21 blifva
210 265 23 21 så
249 266 135 25 synnerligen
399 265 112 27 profitabel
527 267 24 19 är
567 272 27 14 nu
611 266 46 25 den,
678 267 34 19 att
734 272 50 14 man
806 265 46 21 icke
876 265 81 21 kunnat

127 294 109 26 uppställa
252 293 87 21 fordran
355 293 28 27 på
405 294 69 26 någon
497 294 172 26 kapitaltillgäng
692 295 60 19 utom
775 294 107 26 fastighet.
914 294 43 20 För

128 322 43 20 min
188 322 34 20 del
237 324 48 18 tror
298 322 42 26 jag,
358 324 32 19 att
406 322 128 21 lånerörelse
550 322 47 21 icke
613 322 61 26 länge
690 322 43 20 kan
756 322 141 21 undanhällas
913 328 44 15 ma-

127 351 95 25 gasinen.
255 350 9 20 I
281 350 77 26 många
374 350 79 26 länder,
470 351 38 20 der
527 350 82 21 sådana
624 351 96 26 magasin
737 352 37 19 äro
789 350 113 25 inrättade,
918 350 40 21 har

128 385 25 15 en
170 378 88 21 dermed
274 378 89 22 förenad
379 378 129 22 lånerörelse
524 381 81 19 ansetts
621 378 112 26 sjelffallen
750 378 38 22 och
811 385 34 15 ser
861 385 48 14 man
924 378 33 21 till

128 408 32 19 att
177 409 31 17 ett
223 406 126 27 tillräckligt
365 407 80 26 kapital
461 407 72 27 finnes,
549 408 41 20 kan
605 407 36 26 jag
656 407 48 21 icke
720 414 50 14 anse
787 408 68 25 någon
871 407 87 26 olägen-

128 435 37 21 het
181 441 52 15 vara
248 435 88 21 förenad
353 436 48 20 med
416 437 32 19 att
463 436 122 26 magasinen
602 442 39 20 ega
656 438 45 18 rätt
712 438 32 18 att
755 435 76 21 belåna
842 436 25 20 de
879 435 79 21 insatta

128 470 99 14 varorna.
264 464 55 20 Hela
341 464 80 21 affären
444 464 68 21 blefve
536 464 90 20 sålunda
649 464 102 21 solidare.
780 464 42 26 Jag
844 464 36 20 vill
904 464 55 21 dock

128 492 47 21 icke
191 493 6 19 i
213 492 61 20 detta
289 492 153 26 sammanhang
456 493 54 26 yrka
525 492 28 26 pä
568 494 32 19 att
616 493 61 25 lagen
694 493 69 20 skulle
781 492 86 21 afftattas
883 492 34 21 för
932 498 26 15 en

129 520 68 21 sådan
214 521 150 26 utsträckning
379 520 23 21 af
415 521 79 21 affären
509 524 51 18 utan
577 523 88 19 nämner
681 522 74 20 derom
769 521 55 21 blott
840 520 71 22 derför
926 523 32 19 att

128 549 36 26 jag
181 555 63 14 anser
261 555 25 14 en
302 551 70 18 större
387 550 120 25 utveckling
523 549 22 20 af
560 549 79 20 affären
656 550 77 20 endast
749 549 121 26 derigenom
887 550 72 19 kunna

129 577 84 21 tänkas.
230 577 56 25 Men,
300 577 36 26 jag
353 583 104 20 upprepar
473 578 42 25 det,
529 577 60 21 äfven
601 580 50 18 utan
663 577 131 21 lånerörelse
809 577 42 21 kan
867 577 92 21 affärens

129 605 96 21 soliditet
240 605 75 21 kräfva
330 605 66 27 något
410 606 80 26 kapital
506 606 40 21 och
568 612 25 14 en
617 606 99 26 pröfning
738 606 63 21 häraf
822 606 40 21 bör
883 606 76 21 liksom

130 633 22 21 af
166 639 143 21 personernas
326 635 170 25 respektabilitet
511 635 120 20 tillkomma
647 634 101 21 Senaten.

199 663 46 20 Den
262 663 67 20 andra
344 663 118 26 väsentliga
477 663 82 26 frågan,
583 669 44 14 som
651 669 50 14 man
725 663 64 20 också
812 663 66 21 redan
900 663 57 20 förut

130 691 74 20 berört
220 691 39 20 och
275 691 6 20 i
298 691 85 21 hvilken
397 691 36 27 jag
450 692 99 20 omfattat
565 698 24 14 en
606 698 69 14 annan
693 691 55 26 åsigt
764 693 25 18 än
808 691 111 25 utskottet,
936 693 24 18 är

130 718 76 27 frågan
222 725 34 14 om
273 719 145 21 förmånsrätt.
449 720 41 21 Det
514 720 41 21 kan
579 720 32 20 väl
635 720 47 21 icke
703 719 66 21 nekas
790 722 32 19 att
844 719 116 26 kreditlag-

130 747 137 26 stiftningens
283 747 130 27 förbättring
428 748 131 27 väsentligen
583 750 24 18 är
630 749 108 20 beroende
760 749 28 25 af,
810 750 32 25 att
866 748 25 21 de
907 755 16 14 s.
940 748 20 20 k.

130 777 58 25 tysta
203 775 193 22 förmånsrätterna
412 777 5 20 i
434 777 119 26 möjligaste
570 777 48 20 mån
641 777 136 20 inskränkas.
808 777 104 20 Öfverallt
928 778 32 19 sö-

130 804 39 21 ker
185 810 50 15 man
252 805 6 20 i
275 811 45 14 mer
335 805 52 21 eller
403 805 80 21 mindre
498 805 53 26 grad
567 807 33 19 att
615 805 87 21 komma
726 805 32 21 till
781 807 31 19 ett
834 805 77 21 sådant
927 811 34 14 re-

130 833 75 25 sultat,
221 834 34 20 att
271 833 36 21 det
322 833 33 21 för
371 833 54 24 dem,
442 833 71 21 hvilka
529 833 49 27 vilja
593 833 97 21 anförtro
706 840 26 14 en
753 840 70 14 annan
844 833 117 26 penningar

130 862 47 20 mot
193 861 102 21 säkerhet
310 862 6 20 i
331 861 107 27 fastighet,
454 863 62 25 göres
531 862 89 26 möjligt,
636 864 33 19 att
685 861 69 21 skaffa
776 862 31 26 sig
822 862 63 20 säker
907 868 53 20 upp-

130 889 85 27 lysning
231 896 35 14 om
281 890 56 20 hvad
352 890 128 26 fastigheten
496 890 58 21 förut
573 892 24 18 är
619 890 106 26 graverad
749 890 39 20 för.
819 890 78 20 Skälen
913 890 49 20 här-

130 918 34 20 till
190 918 91 21 behöfva
308 918 46 21 icke
377 920 97 20 närmare
496 918 121 26 utvecklas;
643 919 26 21 de
693 920 37 19 äro
754 918 117 26 sjelfklara.
910 918 49 21 Man

130 946 38 20 vill
183 946 7 20 i
205 946 101 22 afseende
321 946 12 21 å
349 947 219 27 realkreditsystemet
584 947 142 21 öfverhufvud
744 946 69 22 införa
828 947 37 21 det
881 946 80 22 förhål-

131 974 71 26 lande,
218 976 33 20 att
267 975 126 26 fastigheter
412 976 46 20 icke
473 976 72 21 kunna
560 982 101 20 graveras
678 976 134 20 annorlunda
835 977 27 19 än
878 975 33 21 för
926 975 34 21 be-

132 1003 85 21 stämda
233 1003 78 27 belopp
327 1004 40 21 och
383 1004 27 26 på
426 1004 76 21 sådant
517 1006 50 25 sätt,
591 1006 32 19 att
639 1004 36 21 det
691 1004 42 21 blir
748 1004 41 20 lätt
804 1004 33 20 för
852 1004 53 20 hvar
921 1003 40 21 och

132 1038 26 14 en
174 1033 33 19 att
222 1032 69 20 skaffa
307 1032 30 27 sig
352 1032 119 22 kännedom
488 1033 80 21 derom.
599 1033 38 21 Att
652 1032 34 22 för
702 1032 215 27 upplagsmagasinen
933 1032 29 21 in-

131 1060 48 20 föra
194 1066 26 14 en
236 1062 45 25 tyst
296 1060 140 22 förmånsrätt
451 1062 47 20 med
515 1062 98 26 prioritet
628 1061 92 21 framför
736 1061 123 26 inteckning
881 1060 32 21 för
929 1067 32 13 va-

131 1094 98 21 ruegare,
246 1089 53 21 eller
314 1089 34 21 för
363 1090 25 20 de
404 1089 127 27 fordringar,
547 1096 46 14 som
609 1090 62 20 dessa
688 1090 73 20 kunna
783 1089 22 21 få
827 1089 40 21 hos
890 1095 73 20 maga-

131 1116 68 25 sinen,
215 1118 24 19 är
255 1118 120 20 detsamma
390 1124 44 15 som
450 1120 32 19 att
501 1120 52 25 göra
575 1118 299 25 inteckningsinnehafvarnes
891 1118 72 20 säker-

131 1145 38 20 het
191 1145 132 27 fullkomligt
344 1146 113 21 illusorisk.
488 1147 42 20 Det
553 1148 24 19 är
602 1146 27 21 då
651 1145 67 22 också
741 1146 66 25 enligt
830 1146 66 25 enligt
919 1146 43 20 min

131 1173 66 21 tanke
214 1173 71 22 bättre
301 1176 32 19 att
348 1177 76 23 genast
439 1176 47 20 rent
502 1177 24 19 ut
541 1175 101 26 förklara,
664 1176 34 19 att
722 1175 25 20 de
770 1174 46 21 icke
838 1174 73 21 kunna
931 1175 31 19 in-

131 1201 96 26 tecknas,
243 1201 25 22 så
283 1204 34 19 att
331 1203 63 26 ingen
408 1203 35 20 må
464 1205 52 25 göra
538 1204 32 26 sig
593 1203 130 21 chimäriska
745 1203 168 26 förhoppningar
928 1209 35 14 om

132 1231 32 19 att
187 1236 77 20 genom
288 1231 122 26 inteckning
432 1231 21 22 få
476 1238 26 15 en
526 1232 100 21 säkerhet
649 1232 5 20 i
678 1231 68 22 sådan
769 1231 124 26 inrättning.
923 1231 40 26 Jag

132 1258 71 21 skulle
218 1258 73 22 derför
306 1266 29 14 nu
351 1260 25 21 be
392 1262 33 19 att
440 1260 6 21 i
462 1260 70 21 denna
547 1261 35 20 del
597 1261 75 26 genast
688 1259 46 22 från
750 1259 74 27 början
841 1259 22 21 få
879 1261 83 23 nämna,

132 1288 33 19 att
178 1287 37 26 jag
230 1287 97 22 biträder
343 1288 40 21 den
399 1288 23 21 af
435 1289 43 20 Hrr
489 1295 40 14 von
540 1288 72 21 Pfaler
623 1288 39 21 och
673 1288 89 21 Kumlin
778 1287 79 27 afgifna
868 1294 94 15 reserva-

132 1315 81 22 tionen.
244 1316 33 21 Hr
299 1317 104 20 Norrmén
427 1317 39 20 har
488 1317 74 21 berört
584 1317 75 26 frågan
683 1323 36 14 om
743 1317 36 20 det
799 1315 164 26 förhållande,
951 1311 15 37 i

132 1343 84 22 hvilket
231 1345 148 26 stadgandena
394 1345 32 20 uti
449 1345 36 21 det
499 1345 7 21 i
521 1345 50 21 nåd.
595 1351 59 20 prop.
679 1345 127 21 meddelade
828 1345 80 26 törslag
930 1344 33 21 till

132 1371 59 27 dylik
207 1372 128 27 kungörelse
351 1373 44 21 står
410 1374 33 20 till
458 1373 75 27 sjelfva
548 1374 67 26 lagen,
633 1374 39 21 och
689 1373 34 22 för
738 1374 43 21 min
796 1373 34 21 del
845 1373 68 20 måste
926 1373 37 26 jag

133 1400 96 20 erkänna
243 1403 34 18 att
290 1401 37 26 jag
342 1401 47 21 icke
404 1402 80 20 förmår
504 1403 45 20 inse
573 1404 32 18 att
628 1402 36 21 det
688 1402 70 20 skulle
781 1401 90 27 erbjuda
893 1401 70 26 någon

133 1428 115 26 olägenhet
263 1431 33 19 att
311 1429 47 21 från
379 1430 141 26 kungörelsen
544 1431 6 20 i
573 1430 61 26 lagen
656 1431 75 25 intaga
754 1429 62 22 äfven
838 1429 27 21 de
889 1430 26 26 $$
932 1429 31 21 Hr

132 1456 107 22 Norrmén
255 1457 111 27 åberopat,
382 1461 22 23 ty
420 1459 20 20 vi
455 1458 64 21 hafva
534 1458 77 27 många
627 1459 69 21 andra
711 1459 67 26 lagar,
801 1464 45 14 som
869 1458 27 26 gå
914 1458 49 21 fullt

132 1486 24 19 ut
173 1485 44 21 lika
231 1486 86 26 mycket
331 1486 7 21 i
354 1486 72 27 detalj,
447 1493 48 15 men
510 1489 33 19 att
559 1488 35 20 det
610 1490 49 18 vore
679 1487 87 21 absolut
789 1486 133 26 nödvändigt
937 1492 25 14 ur
