1025 1686
170 88 11 19 3

185 88 12 20 en

200 89 11 19 K

428 105 22 4 PR.
464 98 16 11 0.
494 94 21 15 A.
530 94 53 16 1801,
609 95 13 15 4
634 94 48 20 Maj.

142 178 38 20 per
203 172 90 21 allmänt
317 173 131 20 omfattande
464 173 34 26 lag
514 173 42 20 kan
572 173 87 21 komma
674 173 33 20 till
724 173 68 20 stånd.
823 173 9 19 I
848 173 73 26 frågan
938 179 34 15 om

142 201 59 20 tiden
223 202 25 19 är
269 200 37 27 jag
328 201 24 21 af
373 207 82 15 samma
473 201 62 26 äsigt,
551 207 45 16 som
613 201 57 21 Frih.
688 201 86 25 Wrede,
790 202 105 26 nämligen
911 203 32 19 att
959 201 14 21 3

142 229 102 21 mänader
260 231 24 19 är
299 236 26 14 en
342 235 42 20 nog
400 229 48 21 kort
464 230 30 20 tid
510 229 40 22 och
565 232 33 19 att
613 231 13 20 4
642 230 103 21 mänader
760 236 50 15 vore
826 230 77 21 bättre.

211 291 59 21 Frih.
293 292 26 20 R.
341 292 24 20 A.
390 291 106 21 Wrede:
527 292 41 26 Jag
588 292 38 21 ber
641 294 32 19 att
689 292 22 21 fä
727 292 69 21 uttala
811 292 43 21 min
869 292 52 21 fulla
936 298 37 15 an-

143 320 94 26 slutning
250 320 33 20 till
299 320 36 21 det
351 320 166 27 önskningsmäl,
533 327 46 14 som
594 321 33 20 Hr
642 321 149 27 Montgomery
806 321 80 21 uttalat
898 327 35 15 om
941 322 33 20 att

143 348 135 26 Regeringen
301 348 49 21 vilie
369 348 27 27 gå
411 349 6 20 i
433 348 125 27 författning
574 355 34 15 om
624 351 31 19 att
671 349 46 21 låta
733 349 99 21 utarbeta
848 355 25 15 en
889 350 34 25 lag
939 355 34 15 om

142 376 155 22 mortifikation
320 376 23 21 af
357 376 151 28 kreditpapper
524 378 5 20 i
546 378 123 20 allmänhet.
702 378 42 20 Det
759 378 41 20 kan
816 378 47 21 icke
878 378 43 20 lida
937 377 36 21 nä-

142 407 37 25 got
201 404 74 22 tvifvel
295 411 33 15 om
345 407 33 19 att
394 405 80 21 bristen
490 406 27 26 pä
533 406 107 21 allmänna
656 406 133 26 stadganden
806 412 33 15 om
857 405 117 22 mortifika-

143 433 192 22 tionsförfarandet
350 436 24 18 är
388 434 65 26 jemte
468 434 77 26 mänga
560 435 67 21 andra
643 441 26 14 en
685 435 23 20 af
723 435 25 20 de
764 435 152 26 väsentligaste
932 434 41 21 bri-

143 464 72 20 sterna
231 462 6 20 i
254 462 37 21 vär
306 462 211 27 kreditlagstiftning,
534 469 47 15 men
598 464 41 20 den
655 463 186 26 omständigheten
857 467 32 17 att
905 469 24 15 en
940 463 35 27 lag

143 490 110 27 angäende
269 490 154 22 mortifikation
439 492 21 20 af
475 492 153 26 kreditpapper
643 492 6 20 i
669 492 117 20 allmänhet
802 494 24 18 är
842 492 83 26 önsklig
941 498 32 20 sy-

143 525 38 15 nes
196 519 43 26 mig
255 519 55 21 ändå
325 520 47 20 icke
388 522 76 24 utgöra
479 520 124 26 tillräckligt
619 520 46 21 skäl
678 522 33 19 att
724 520 72 21 bifalla
806 520 31 21 till
846 520 61 21 dessa
917 520 58 20 stad-

143 548 90 26 ganden,
258 548 73 20 hvilka
354 548 113 27 väsentligt
482 548 71 21 afvika
569 548 47 21 frän
633 549 25 20 de
675 549 113 26 principer,
805 555 43 14 som
866 549 5 20 i
887 548 88 21 allmän-

144 576 37 21 het
196 576 58 25 gälla
269 577 7 20 i
292 576 60 21 detta
367 578 61 19 ämne
444 577 39 20 och
500 576 64 21 också
580 577 39 20 hos
635 583 34 14 oss
685 577 81 20 funnits
782 577 109 26 uttryckta
907 577 5 20 i
929 577 46 26 lag-

143 604 131 27 stiftningen,
298 605 105 26 nämligen
426 605 6 20 i
454 605 156 26 vexelstadgan.
642 605 78 21 Derför
743 605 103 21 vidhäller
868 605 36 26 jag
927 606 50 20 mitt

143 633 80 26 förslag

214 696 31 21 Hr
269 695 202 27 Montgomery:
501 696 41 26 Jag
557 696 81 21 tilläter
653 697 44 26 mig
712 698 33 19 att
760 698 57 19 ännu
832 696 71 21 säsom
919 696 54 26 skäl,

143 724 87 21 hvarför
243 724 38 26 jag
297 725 35 20 vill
348 724 44 21 läta
407 725 74 26 frägan
497 724 58 24 bero,
572 725 43 20 tills
631 725 19 20 vi
665 725 23 20 fä
704 731 25 14 en
746 725 78 20 allmän
840 725 35 26 lag
891 725 80 24 härom,

144 753 76 20 anföra
241 755 32 18 att
295 755 103 19 warrants
421 753 5 20 i
448 753 42 20 alla
511 753 37 20 fall
571 753 86 21 komma
679 755 34 19 att
728 753 22 21 fä
766 759 25 14 en
808 753 38 20 bra
862 753 112 21 inskränkt

145 781 117 26 spridning.
290 781 41 21 Det
347 783 23 19 är
386 781 44 21 helt
445 783 64 19 annat
518 781 47 21 med
577 788 25 15 en
613 782 66 25 vexel,
688 788 46 15 som
744 782 117 21 cirkulerar
868 781 49 22 vida
929 787 44 16 om-

144 810 69 26 kring,
235 809 63 21 äfven
320 811 7 20 i
349 809 131 22 främmande
503 810 56 21 land.
590 811 115 20 Dessutom
726 810 64 21 hafva
805 810 19 20 vi
840 811 6 20 i
863 809 60 28 fräga
939 817 34 14 om

145 839 70 20 aktier
239 839 40 19 och
305 838 189 26 depositionsbevis
517 841 32 18 ett
571 839 48 20 med
639 839 36 20 det
691 845 29 14 nu
736 839 120 25 föreslagna
871 839 5 19 i
892 839 81 26 princip

145 866 232 22 öfverensstämmande
393 866 127 22 förfarande.

215 929 31 21 Hr
263 930 24 20 A.
305 930 22 20 L.
344 935 54 15 von
414 930 158 25 Knorring:
596 930 32 20 De
643 931 79 19 tvänne
739 930 65 20 ärade
820 929 118 21 ledamöter
953 929 24 21 af

146 958 114 25 utskottet,
287 958 73 21 hvilka
382 958 65 26 jemte
464 958 40 26 mig
529 958 157 21 undertecknat
710 958 158 21 reservationen
891 958 40 21 N:o
955 958 19 26 2,

146 986 63 20 hafva
225 986 74 21 dervid
315 986 57 27 gjort
388 992 24 15 en
429 986 132 26 hemställan,
577 986 81 27 gående
675 988 24 19 ut
715 986 27 26 på
758 988 32 20 att
812 986 163 27 ifrågavarande

145 1015 11 27 &
173 1014 67 22 måtte
256 1014 87 27 bringas
359 1016 6 20 i
379 1014 219 22 öfverensstämmelse
609 1015 48 21 med
669 1016 42 20 den
722 1014 122 28 föreslagna
857 1015 117 21 förändrin-

144 1049 41 21 gen
201 1043 6 20 i
223 1044 12 26 $
254 1044 32 20 19.
310 1044 47 20 Den
373 1043 224 24 öfverensstämmelse,
614 1050 44 14 som
675 1044 39 20 här
731 1044 86 26 åsyftas,
834 1043 56 21 afser
907 1044 66 20 orden

144 1071 29 27 pä
188 1074 48 18 näst
252 1072 53 20 sista
320 1072 65 21 raden
400 1072 50 26 ,hos
465 1072 212 26 upplagsmagasinet
694 1072 107 26 deponera
817 1072 36 21 det
877 1072 96 26 belopp".

144 1100 42 26 Jag
201 1100 64 21 utber
281 1101 42 26 mig
339 1103 33 18 att
391 1100 21 21 få
435 1100 107 27 tillstyrka
565 1101 36 20 det
622 1102 7 19 i
652 1101 145 26 nyssberörda
819 1101 67 21 måtto
911 1100 64 21 fram-

146 1128 78 21 ställda
239 1128 111 27 förslaget.

215 1191 32 20 Hr
272 1191 171 26 Stjernvall:
466 1187 68 25 Äfven
554 1192 37 25 jag
607 1197 62 15 anser
686 1193 32 19 att
736 1191 12 21 3
764 1197 62 15 mom.
843 1191 6 20 i
865 1191 11 27 $
893 1192 22 20 31
936 1191 39 21 bör

146 1219 86 26 bringas
248 1219 7 20 i
272 1219 218 23 öfverensstämmelse
506 1220 47 21 med
577 1220 37 21 det
629 1220 79 25 beslut,
731 1226 45 15 som
792 1220 24 20 R.
834 1226 19 14 o.
871 1221 22 19 A.
911 1220 65 21 fattat

145 1248 35 20 vid
196 1247 11 27 $
224 1248 25 20 19
267 1248 40 21 och
323 1250 33 19 att
370 1249 6 20 i
392 1249 36 20 det
443 1248 98 21 afseende
555 1248 122 21 återremiss
691 1249 31 20 till
736 1249 106 20 utskottet
853 1248 65 21 borde
931 1249 43 20 ske.

215 1310 32 21 Hr
263 1311 27 20 K.
314 1311 110 20 Antell:
446 1311 41 26 Jag
509 1311 38 20 ber
570 1311 75 20 endast
669 1312 34 19 att
726 1310 21 21 fä
770 1311 133 20 understöda
918 1311 57 20 Frih.

146 1339 89 20 Wredes
248 1339 80 26 förslag
339 1339 109 26 angäende
464 1339 179 21 mortifikationen
659 1339 24 20 af
692 1341 113 18 warrants.
830 1339 41 26 Jag
883 1339 38 20 har
933 1339 43 26 mig

146 1367 125 26 visserligen
289 1367 65 21 ocksä
370 1367 79 21 bekant
464 1369 31 19 att
511 1367 69 21 andra
595 1367 161 27 kreditpapper,
778 1367 70 21 säsom
865 1367 111 26 obligatio-

146 1401 39 14 ner
200 1396 129 20 mortitieras
345 1402 75 20 genom
436 1396 127 26 kungörelse
579 1396 22 20 af
615 1396 26 21 de
656 1397 93 24 institut,
766 1403 44 13 som
827 1396 84 20 utfärda
920 1397 55 24 dem,

146 1429 47 15 men
207 1424 37 26 jag
261 1424 57 20 inser
333 1424 47 21 icke
395 1426 32 18 att
443 1424 35 20 det
494 1430 50 14 vore
560 1424 65 26 nägot
648 1424 47 21 skäl
718 1426 32 19 ett
772 1424 108 21 bibehälla
896 1426 31 19 ett
942 1424 33 21 sä-

146 1452 52 20 dant
214 1452 117 27 oegentligt
346 1452 128 26 förfarande,
492 1452 27 21 dä
534 1459 27 14 nu
579 1459 25 14 en
620 1459 26 20 ny
662 1453 36 26 lag
714 1452 76 21 stiftas.
