1025 1686
324 97 25 17 R.
362 102 17 12 o.
392 97 21 16 A.
427 97 57 17 1891.
509 97 19 16 11
543 97 48 21 Maj.
802 92 40 21 925

42 179 99 21 fronten"
166 178 39 21 och
221 177 41 22 fått
277 184 26 14 en
319 177 66 22 sådan
401 177 91 26 lydelse:
512 177 155 27 ,embetsintyg
683 177 59 21 öfver
757 177 115 21 befordran

43 207 34 22 till
92 206 179 22 underofficerare
287 206 53 21 eller
356 206 86 21 dermed
464 206 96 21 likställd
576 205 126 27 befattning,
718 205 107 22 äfvensom
841 205 30 21 af-

44 236 75 21 skeds-
142 235 53 21 eller
210 234 136 27 afgångsbref
359 234 33 21 för
408 234 55 27 dem,
479 241 46 14 som
541 234 47 21 från
604 233 81 22 sådana
701 233 89 27 tjenster
805 234 66 27 afgå".

44 264 42 21 Det
102 270 61 20 synes
178 263 46 21 icke
240 269 51 14 vara
307 263 49 20 fullt
371 263 63 25 klart,
451 263 106 20 huruvida
580 262 69 21 denna
664 262 90 21 sålunda
769 262 103 21 affattade

43 292 69 26 punkt
134 298 29 14 nu
186 291 76 21 hänför
277 292 32 26 sig
324 291 33 21 till
372 290 147 26 befattningar
535 291 75 21 endast
625 291 57 21 inom
698 291 106 21 militären
820 291 52 21 eller

43 320 66 22 också
124 320 33 21 till
172 320 87 26 sådana,
276 326 45 15 som
337 319 133 21 förekomma
486 320 35 20 vid
537 320 66 20 andra
619 319 58 25 verk,
693 319 73 21 hvilka
780 320 7 20 i
802 319 70 27 någon

43 348 50 22 mån
109 349 72 21 kunna
196 348 105 21 likställas
317 348 48 21 med
388 348 249 26 underofficerstjenster,
653 348 69 20 såsom
738 348 34 21 vid
785 348 86 26 jernvä-

43 384 67 20 garna
126 384 18 14 o.
162 384 15 14 s.
194 384 18 14 v.
243 377 41 26 Jag
300 376 68 22 skulle
384 376 72 21 derför
472 378 51 24 taga
537 377 43 26 mig
595 376 93 21 friheten
703 376 118 26 hemställa,
834 376 38 20 hu-

44 406 75 21 ruvida
133 406 47 21 icke
197 406 36 20 det
255 405 70 21 kunde
349 404 95 22 befinnas
460 405 104 26 lämpligt,
580 407 33 19 att
627 405 8 20 i
650 404 72 22 stället
736 405 33 21 för
785 405 26 21 de
826 407 46 18 ute-

44 434 72 22 slutna
138 434 66 21 orden
226 436 70 24 ,utom
319 434 102 25 fronten",
443 433 46 21 ifall
505 434 26 20 de
546 434 47 20 icke
609 434 71 20 kunna
697 433 91 27 gvarstä,
804 433 68 21 skulle

45 462 81 22 införas
143 479 9 9 ,
157 463 34 21 vid
207 463 124 20 militären".
362 462 42 20 Det
420 468 62 21 synes
496 462 23 26 ju
534 468 58 18 vara,
609 462 70 21 såsom
695 462 38 20 här
748 462 66 20 redan
826 461 47 21 blif-

44 492 31 20 vit
91 491 106 25 anmärkt,
213 493 32 19 ett
260 491 52 21 visst
327 491 90 21 intresse
441 491 35 20 vid
492 492 33 20 att
539 490 8 21 i
563 497 24 15 en
604 490 125 26 författning
744 490 66 21 sådan
826 496 46 14 som

44 520 342 26 stämpelpappersförordningen,
408 519 95 21 undvika
526 519 148 26 otydligheter.
706 518 72 22 Skulle
804 518 69 21 denna

42 548 159 27 framställning
222 548 131 26 godkännas,
370 554 51 14 vore
442 548 37 20 det
494 548 33 20 väl
544 548 115 25 anledning
673 549 33 19 att
721 547 64 21 också
800 547 72 20 remit-

44 579 48 19 tera
108 577 69 20 denna
199 576 68 27 punkt
285 576 90 21 tillbaka
391 576 32 21 till
438 576 107 21 utskottet
560 575 33 22 för
609 575 137 27 företagande
762 576 23 20 af
799 574 75 22 behöf-

44 605 29 27 lig
89 605 161 26 omredigering.

114 662 31 21 Hr
161 661 167 27 Furuhjelm:
345 661 33 21 Då
391 661 37 26 jag
442 661 58 21 inom
517 661 106 20 utskottet
639 661 66 20 hörde
720 660 32 21 till
761 661 54 24 dem,
827 666 44 15 som

44 693 102 19 motsatte
162 691 31 26 sig
210 691 35 20 det
261 690 22 20 af
297 690 107 21 utskottet
426 689 123 27 föreslagna
569 689 99 26 tillägget
683 689 32 21 till
730 691 116 19 momentet
861 695 11 15 c

45 719 7 21 i
69 719 25 21 18
111 719 95 26 punkten
222 718 22 21 af
260 720 24 19 14
301 719 20 25 8,
337 718 37 21 ber
388 718 36 27 jag
440 720 33 19 att
488 718 22 21 få
525 717 74 22 förena
621 718 42 26 mig
678 717 48 21 med
741 718 32 20 Hr
789 717 82 21 Meche-

46 748 29 20 lin
91 748 6 20 i
113 747 106 27 yrkandet
233 747 28 26 på
277 747 135 21 uteslutande
428 746 23 21 af
465 746 162 27 ifrågavarande
643 746 79 27 tillägg.

116 804 32 21 Hr
164 804 22 21 C.
203 803 25 22 G.
244 803 235 26 Standertskjöld:
496 803 31 21 På
543 809 82 15 samma
640 803 46 20 skäl
702 809 45 14 som
762 802 32 21 Hr
805 803 68 20 Furu-

46 833 65 25 hjelm
128 833 71 20 anfört
214 833 33 20 för
263 832 118 20 understöd
396 832 22 20 af
432 832 33 20 Hr
481 832 115 20 Mechelins
613 831 189 26 anmärkning
762 827 39 36 mot
811 837 62 15 mom.

47 867 17 15 €.
81 861 7 20 i
104 860 94 26 punkten
217 861 26 20 18
258 860 38 21 ber
309 860 37 26 jag
361 860 21 21 få
397 860 87 21 biträda
499 860 32 21 Hr
553 860 116 20 Mechelins
684 859 85 27 förslag,
785 865 47 15 men
848 858 27 21 dä

46 890 38 25 jag
99 889 39 21 har
154 889 69 26 ordet,
239 889 48 21 ville
301 889 36 27 jag
352 890 45 20 mot
412 888 32 21 Hr
460 895 41 14 von
517 888 144 21 Christierson
678 888 108 25 anmärka,
796 890 38 23 att,
843 887 34 21 sä-

48 918 46 20 vidt
115 918 37 26 jag
175 918 39 20 har
237 918 42 25 mig
294 917 86 25 bekant,
397 916 179 22 underofficerare
591 918 47 20 icke
653 916 68 21 finnas
736 916 140 21 annorstädes

47 948 27 18 än
97 946 34 20 vid
154 946 113 20 militären.
297 946 34 20 Då
353 946 107 20 utskottet
483 946 60 20 strök
559 945 66 21 orden
647 947 69 25 utom
733 944 101 26 fronten",
850 944 24 21 sä

49 981 38 14 var
104 974 35 21 det
154 974 34 21 för
203 977 33 19 att
251 974 163 21 bestämmelsen
430 974 70 21 skulle
515 974 57 26 gälla
587 974 42 20 alla
644 972 185 24 underofficerare,
840 978 36 15 an-

49 1004 73 25 tingen
138 1003 26 21 de
181 1003 53 21 höra
248 1003 32 21 till
296 1002 85 22 fronten
397 1002 51 22 eller
464 1002 54 26 icke,
534 1001 160 27 trossmanskap
706 1002 51 20 eller
767 1002 110 20 lasaretts-

48 1032 116 26 betjening.
195 1032 40 20 Vid
257 1032 142 26 jernvägarna
420 1031 68 21 finnes
504 1031 53 25 icke,
573 1030 70 22 såsom
659 1030 32 21 Hr
706 1036 40 14 von
762 1030 114 20 Christier-

48 1066 38 15 son
102 1060 119 26 anmärkte,
238 1060 66 26 några
319 1059 180 22 underofficerare
516 1059 39 21 och
570 1059 116 26 veterligen
702 1058 46 21 icke
763 1058 66 21 heller
842 1058 33 20 vid

47 1088 71 27 någon
134 1095 69 14 annan
219 1088 129 22 institution.

118 1145 32 21 Hr
165 1151 53 15 von
234 1145 191 20 Christierson:
441 1144 43 27 Jag
498 1144 36 21 vill
550 1144 56 21 blott
621 1143 97 22 meddela
733 1143 41 21 den
790 1143 87 26 upplys-

50 1174 56 26 ning,
124 1173 55 22 efter
195 1180 44 15 som
256 1173 40 21 den
313 1179 62 21 synes
398 1173 100 26 behöflig,
515 1174 32 19 att
563 1172 62 21 äfven
640 1172 34 20 vid
690 1172 105 20 militären
810 1171 69 20 finnas

48 1202 153 27 befattningar,
225 1208 45 15 som
294 1204 37 19 äro
352 1201 110 21 likställda
485 1201 48 21 med
549 1200 195 25 underofficerares,
760 1205 48 15 men
824 1199 54 21 dock

48 1231 47 20 icke
111 1232 37 19 äro
173 1230 253 27 underofficerstjenster;
448 1230 63 21 deras
529 1229 138 21 innehafvare
683 1229 51 20 bära
750 1228 128 21 åtminstone

48 1259 47 21 icke
119 1259 60 20 detta
202 1265 69 15 namn.
303 1259 43 20 Det
368 1260 24 19 är
415 1258 61 21 fallet
491 1258 48 21 med
561 1258 42 20 alla
619 1259 59 19 utom
693 1257 84 21 fronten
793 1256 84 21 ställda.

48 1288 33 21 De
97 1287 64 21 hafva
177 1288 57 21 olika
249 1288 83 26 grader,
349 1287 25 21 de
390 1289 37 18 äro
441 1286 140 28 jemnställda
589 1286 48 21 med
646 1285 163 21 underbefälet
801 1281 13 38 i
822 1285 56 20 olika

48 1316 83 26 grader,
155 1322 48 15 men
227 1318 37 19 äro
287 1316 46 21 icke
354 1315 179 21 underofficerare
549 1315 40 20 och
605 1315 52 20 bära
672 1313 46 22 icke
734 1314 36 21 det
785 1315 92 18 namnet.

48 1345 43 20 Det
106 1346 25 19 är
148 1345 22 21 af
185 1345 68 20 denna
269 1345 64 20 orsak
348 1350 45 15 som
409 1350 26 14 en
452 1343 119 27 otydlighet
591 1343 96 21 kommer
702 1344 32 19 att
750 1341 77 27 uppstå
842 1347 35 20 ge-

48 1379 50 15 nom
115 1373 41 21 den
173 1373 179 26 ändringsåtgärd
367 1372 107 21 utskottet
489 1372 98 25 vidtagit.

119 1430 33 20 Hr
168 1430 90 20 Oskar
274 1429 203 26 Wasastjerna:
508 1428 31 21 På
555 1428 25 21 de
597 1428 22 20 af
633 1428 32 20 Hr
680 1433 40 15 von
737 1426 143 21 Christierson

50 1458 90 21 anförda
162 1458 100 27 grunder,
285 1458 39 21 och
348 1457 28 21 då
396 1457 36 27 jag
454 1457 42 21 har
511 1457 42 26 mig
569 1456 86 25 bekant,
671 1457 33 19 att
718 1454 163 22 förhållandena

790 1522 22 16 59
