1025 1686
167 104 42 21 576
422 108 24 16 R.
459 112 17 13 o.
489 108 22 16 A.
525 108 54 17 1891.
600 108 14 16 4
625 107 63 21 April.

140 187 171 28 arbetsgifvarne
334 188 39 21 och
394 188 87 21 dernäst
502 187 137 22 kommunen.
668 187 44 20 Det
734 186 67 26 ligger
818 185 47 22 icke
880 184 24 21 sä
920 185 51 20 nära

139 217 34 21 till
188 217 69 21 hands
273 219 32 18 att
321 218 69 19 staten
406 216 69 21 skulle
491 216 79 21 blanda
585 216 32 25 sig
632 216 7 20 i
655 215 70 21 denna
740 213 159 28 angelägenhet,
916 213 55 21 helst

140 246 26 21 de
182 245 91 26 företag,
291 251 44 15 som
351 245 6 21 i
374 245 59 21 detta
449 244 100 22 afseende
565 246 36 19 äro
618 245 57 20 satta
688 244 6 20 i
710 243 61 26 gång,
788 244 56 19 ännu
854 242 117 21 tillsvidare

140 276 37 19 äro
193 274 83 26 ganska
291 280 41 20 nya
348 273 39 21 och
403 273 36 21 det
454 273 67 21 finnes
537 273 81 26 ganska
634 273 51 20 liten
701 271 123 21 erfarenhet
839 277 34 15 om
886 271 36 20 det
935 272 36 18 än-

140 302 188 26 damälsenligaste
344 303 67 19 sättet
422 302 33 20 för
470 301 149 21 anordnandet
635 300 23 22 af
672 300 73 27 dylika
760 298 211 26 undervisningskur-

141 337 42 15 ser.
213 330 80 21 Tillika
315 330 37 21 ber
373 330 37 26 jag
432 332 32 19 att
479 330 21 20 fä
516 330 84 26 päpeka
615 331 57 19 ännu
688 334 27 16 en
732 328 162 26 omständighet.
926 327 45 21 Den

141 359 261 26 arbetareundervisning,
418 364 45 16 som
479 358 78 22 hittills
573 359 27 25 pä
615 357 109 26 åtskilliga
733 358 65 24 orter,
806 356 101 21 särskildt
915 354 57 22 inom

141 388 70 21 denna
231 387 57 26 stad,
315 387 116 25 bedrifvits,
460 387 39 21 har
522 387 7 21 i
556 386 117 22 alimänhet
699 385 71 27 utgätt
794 384 47 22 frän
867 386 31 20 ett
924 383 49 21 full-

140 416 91 26 komligt
254 416 147 26 oegennyttigt
422 416 91 20 intresse
536 416 40 20 och
599 415 124 26 derigenom
746 413 86 22 erhällit
847 420 25 14 en
888 412 83 26 vacker,

139 445 38 26 jag
198 444 49 21 ville
271 446 52 25 säga
344 444 48 21 ädel
407 444 80 27 prägel,
504 444 40 21 och
558 444 37 26 jag
610 444 37 20 vill
662 443 47 21 icke
724 448 66 20 gerna
806 441 88 22 beröfva
913 441 60 21 detta

141 473 75 21 arbete
239 473 70 21 denna
331 473 79 21 vackra
432 473 80 26 prägel,
529 478 76 21 genom
621 473 33 19 att
669 470 66 22 ocksä
750 473 53 24 göra
818 470 60 21 detta
893 470 33 20 till
941 471 32 19 ett

142 501 23 21 af
179 503 71 19 staten
272 501 114 21 besoldadt
400 501 89 26 företag.
506 513 28 2 —
550 501 41 21 Det
606 502 39 25 gör
660 500 111 26 verkligen
787 501 31 19 ett
834 498 91 26 ängsligt
940 498 33 21 in-

141 530 69 26 tryck,
227 529 27 22 dä
270 536 48 14 man
334 529 68 21 finner
418 530 39 20 den
474 529 149 26 föreställning
637 535 53 15 vara
706 528 23 21 sä
744 528 79 20 allmän
839 529 32 19 att
886 527 46 21 icke
942 529 31 19 ett

142 559 55 20 enda
219 558 54 26 godt
295 558 82 26 företag
398 558 54 21 skall
474 558 74 20 kunna
568 557 28 26 pä
612 557 83 21 enskild
711 558 39 24 väg
766 556 139 26 förverkligas
921 557 52 18 utan

142 588 33 19 att
198 588 71 19 staten
293 586 54 21 skall
367 586 81 27 nödgas
471 586 86 21 sträcka
572 586 32 20 sin
620 585 114 27 hjelpande
750 585 57 20 hand
822 584 77 21 dertill.
931 583 42 21 För

142 615 43 20 min
202 615 34 20 del
252 615 75 26 tycker
339 615 37 26 jag
391 617 33 19 att
439 621 48 14 man
503 614 133 21 beträffande
652 613 75 27 frägan
743 619 34 15 om
787 613 69 21 denna
864 612 109 21 arbetare-

142 643 154 26 undervisning
318 643 127 21 ätminstone
468 643 71 21 kunde
562 645 65 18 vänta
641 642 72 26 nägot,
736 642 43 21 tilis
795 647 49 15 man
860 641 67 21 skulle
944 647 29 18 se,

142 671 107 22 huruvida
274 673 31 20 ett
323 671 78 22 sädant
416 671 84 22 biständ
516 671 48 22 frän
579 671 142 21 statsverkets
736 671 47 20 sida
798 672 24 19 är
833 669 74 27 nödigt
923 669 52 21 eller

142 700 55 26 icke,
220 702 23 25 ty
267 700 45 21 helt
335 700 72 21 säkert
422 702 24 19 är
462 701 36 20 det
513 706 27 15 en
555 701 45 20 stor
615 699 68 22 fördel
698 699 34 21 för
748 698 71 28 dylika
834 698 89 26 företag,
939 703 35 16 om

144 729 25 20 de
185 729 74 20 kunna
274 728 106 21 bedrifvas
396 731 52 18 utan
463 730 82 19 statens
560 728 63 27 hjelp.

214 785 32 20 Hr
262 785 23 21 L.
302 785 150 21 Mechelin:
482 785 47 21 Den
551 785 65 21 ärade
632 785 75 26 talare,
724 790 44 15 som
784 786 72 19 senast
871 783 55 21 hade
941 789 34 15 or-

144 813 43 25 det,
209 813 101 22 framhöll
332 819 26 16 en
381 813 165 27 omständighet,
566 814 28 26 pä
609 813 87 22 hvilken
712 819 49 15 man
776 813 35 20 väl
826 812 39 21 har
881 812 46 21 skäl
943 813 32 19 att

144 842 67 20 tänka
231 842 7 20 i
254 842 114 26 anledning
383 842 23 21 af
419 842 144 26 föreliggande
579 842 86 26 förslag,
681 841 107 27 nämligen
804 841 26 21 de
845 841 79 20 vackra
939 840 36 20 be-

144 870 129 25 mödanden,
290 876 45 15 som
350 870 95 27 frivilligt
460 870 73 27 gjorts,
545 870 102 21 särskildt
662 870 29 26 pä
702 870 69 21 denna
780 871 40 22 ort,
828 869 34 21 för
869 870 33 20 att
911 868 64 21 bland

144 899 101 21 arbetare
261 898 73 27 sprida
348 898 104 27 kunskap,
468 899 38 21 der
522 898 67 22 sädan
604 899 85 21 saknas.
714 898 82 26 Frägar
806 904 49 14 man
863 898 38 26 sig,
911 897 65 21 huru-

144 927 50 21 vida
209 933 29 15 nu
254 933 27 15 en
296 933 59 15 mera
370 927 137 27 konsegvent,
524 934 59 14 mera
598 927 82 21 ordnad
696 926 137 22 verksamhet
843 926 34 21 för
884 928 33 18 att
924 925 52 27 fylla

144 956 105 20 luckorna
265 956 7 20 i
287 955 124 22 arbetarnes
426 956 91 21 vetande
533 956 68 21 skulle
619 956 67 21 verka
701 955 133 21 förlamande
850 954 28 27 pä
893 956 32 19 ett
940 954 35 21 fri-

144 984 69 26 villigt
229 984 75 21 arbete
319 984 48 21 frän
382 984 27 21 de
424 984 65 27 högre
506 984 85 22 bildade
607 984 123 22 klassernas
750 984 52 25 sida,
819 983 23 21 sä
858 983 68 21 skulle
939 983 38 26 jag

145 1013 108 25 knappast
275 1012 86 22 komma
383 1012 33 22 till
439 1013 40 21 den
494 1013 89 21 slutsats
599 1014 32 20 att
646 1019 27 15 en
689 1012 151 27 organisation,
857 1013 30 20 ett
902 1011 75 21 krafti-

145 1047 52 21 gare
220 1041 118 21 understöd
361 1040 23 22 af
398 1041 145 26 regelbundna
558 1041 75 21 kurser
649 1041 34 21 för
699 1041 113 21 arbetarne
829 1040 68 21 skulle
913 1040 64 20 hafva

145 1070 71 20 denna
238 1069 89 27 påföljd.
357 1069 111 27 Påföljden
483 1070 69 21 skulle
571 1076 45 15 som
631 1071 36 25 jag
683 1071 47 19 tror
746 1075 86 15 snarare
849 1068 64 22 blifva
929 1069 47 25 den,

145 1100 34 19 att
195 1098 36 21 det
246 1098 101 26 frivilliga
362 1098 84 21 arbetet
466 1098 69 21 skulle
552 1098 105 22 bedrifvas
673 1098 7 21 i
689 1098 65 26 nägot
763 1104 69 15 annan
842 1097 134 26 omfattning,

145 1125 35 22 för
196 1127 31 19 ett
242 1126 68 26 högre
325 1126 106 26 ändamäl,
447 1128 26 19 än
489 1127 43 25 det,
549 1133 45 14 som
603 1127 26 20 de
637 1133 29 14 nu
674 1127 152 26 organiserade
834 1126 104 21 kurserna
946 1125 31 20 af-

146 1155 58 26 sägo.
227 1154 65 21 Hvad
308 1154 99 22 behofvet
422 1155 23 20 af
458 1155 73 26 dylika
547 1155 75 21 kurser
637 1155 75 26 angår,
728 1155 23 20 sä
767 1155 69 20 tvitlar
849 1155 38 26 jag
901 1154 28 27 på
936 1154 41 21 den

146 1182 54 21 fulla
215 1182 157 27 befogenheten
387 1183 23 21 af
424 1185 31 19 att
470 1183 75 21 härvid
565 1184 88 21 hänvisa
667 1183 35 22 till
718 1183 55 21 hvad
788 1183 22 21 af
824 1183 155 21 kommunerna

146 1211 41 21 och
210 1213 72 19 staten
297 1213 24 19 är
336 1211 105 28 tillgjordt
455 1218 77 21 genom
547 1212 125 21 folkskolor.
704 1212 42 21 Det
762 1213 24 20 är
801 1212 123 25 visserligen
939 1211 39 21 fal-

146 1239 30 22 let
199 1241 33 20 att
256 1240 213 21 stadskommunerna
490 1240 53 21 böra
559 1241 57 26 sörja
630 1241 33 21 för
679 1242 33 19 att
728 1241 43 20 alla
786 1241 37 20 der
839 1239 139 28 uppväxande

146 1267 55 22 barn
224 1268 84 21 erhälla
329 1268 263 28 folkskoleundervisning,
613 1275 48 15 men
677 1269 127 21 derbredvid
820 1268 46 22 stär
881 1269 36 21 det
932 1268 47 21 fak-

146 1298 46 19 tum
209 1298 32 19 att
257 1303 27 15 en
300 1297 126 27 oupphörlig
441 1297 153 27 tillströmning
609 1298 23 21 af
645 1299 54 25 ungt
714 1297 44 21 folk
773 1297 48 21 från
830 1297 148 21 landsorterna

146 1330 51 21 eger
213 1331 48 15 rum
275 1325 45 26 just
334 1326 33 20 till
382 1326 27 21 de
424 1326 134 21 industriella
573 1327 80 26 yrkena
667 1327 8 20 i
691 1327 107 23 städerna,
815 1325 54 22 bäde
887 1325 92 22 fabriks-

146 1353 41 21 och
210 1353 217 28 handtverksyrkena,
451 1354 39 21 och
512 1356 34 19 att
566 1355 61 20 dessa
642 1355 120 26 ungdomar
778 1356 44 25 äro,
838 1354 70 21 såsom
925 1353 54 21 erfa-

147 1381 104 22 renheten
275 1382 76 21 hittills
373 1383 61 24 visat,
457 1383 7 20 i
484 1383 79 26 mänga
585 1383 44 25 fall,
647 1383 23 27 ja
686 1383 8 21 i
710 1383 25 21 de
750 1382 62 22 flesta
826 1383 38 20 fall
879 1383 45 20 helt
939 1381 40 22 och

147 1409 68 22 hållet
235 1410 8 20 i
267 1410 104 22 afsaknad
389 1411 24 21 af
425 1411 208 27 folkskolebildning.
663 1412 33 20 De
712 1411 86 21 komma
813 1411 119 21 emellertid
947 1410 33 21 till

146 1437 37 21 det
207 1438 137 22 industriella
365 1440 84 20 arbetet
472 1440 8 20 i
495 1440 102 21 städerna
611 1440 35 21 vid
661 1446 28 15 en
707 1439 65 26 ålder,
788 1439 28 21 dä
831 1440 26 20 de
873 1439 46 21 icke
935 1444 45 16 mer

145 1465 74 33 kunna
235 1469 68 20 sättas
318 1468 7 20 i
340 1467 113 22 folkskola.
476 1468 43 21 Det
535 1470 24 19 är
574 1468 46 21 icke
635 1468 69 22 heller
712 1468 200 21 stadskommunens
923 1467 57 27 skyl-

144 1494 76 27 dighet
235 1497 35 20 att
284 1496 57 21 förse
362 1496 48 22 dem
425 1497 49 21 med
488 1496 68 22 sädan
571 1496 159 27 undervisning.
760 1496 34 21 Nu
810 1496 40 21 har
865 1502 49 16 man
929 1496 51 21 tidi-
