1025 1686
317 99 19 17 R
348 104 18 12 o.
378 100 23 16 A.
414 100 55 16 1891.
494 100 26 17 25
532 99 63 22 April.
803 94 41 22 667

41 179 134 26 placeringar
197 179 58 21 inom
278 179 73 22 landet
374 179 67 22 under
456 180 63 21 dessa
535 181 84 20 senaste
635 179 46 28 fyra
697 179 23 22 är
736 179 63 22 hafva
815 181 6 20 i
836 180 37 22 det

42 209 108 20 närmaste
165 207 142 21 fördubblats.

110 236 71 21 Saken
203 236 43 21 kan
266 235 25 27 ju
309 236 32 21 till
358 242 25 15 en
398 237 43 21 viss
456 237 53 26 grad
525 237 64 21 hafva
605 237 56 21 blott
677 243 26 15 en
718 237 103 21 teoretisk
836 237 36 22 be-

41 264 89 26 tydelse,
146 270 49 15 men
211 265 36 20 det
263 271 61 20 synes
339 265 44 26 mig
398 265 56 21 dock
468 265 104 27 riktigare
587 267 33 19 att
635 265 125 21 uttalanden
776 266 6 21 i
798 265 24 21 sä
837 266 36 20 be-

42 292 135 28 tydelsefulla
191 292 74 27 frägor
279 298 46 16 som
341 294 63 20 dessä
418 293 36 21 mä
468 293 48 21 frän
532 294 57 20 olika
605 294 58 20 sidor
671 294 90 26 belysas.
784 294 89 21 Utskot-

41 322 31 20 tet
94 321 40 21 har
155 322 34 20 för
205 321 64 27 öfrigt
285 321 64 21 ocksä
364 322 57 21 velat
435 322 58 27 gifva
508 322 61 21 detta
584 322 112 21 uttalande
711 328 25 16 en
751 322 43 22 viss
808 322 63 27 prak-

41 349 43 21 tisk
99 350 109 26 betydelse
224 356 76 20 genom
316 350 135 26 påpekandet
467 350 28 27 pä
510 350 66 22 slutet
591 350 24 22 af
628 351 37 21 sid.
680 352 26 20 10
718 352 28 20 att
752 350 120 22 Ständerna

42 378 46 21 icke
103 379 56 20 varit
174 378 7 21 i
196 378 84 22 tillfälle
295 380 33 20 att
342 379 8 20 i
364 379 76 27 frägan
456 384 35 16 om
507 379 26 21 de
549 380 34 20 vid
600 381 84 19 senaste
699 380 103 26 landtdag
810 380 62 21 äska-

42 406 25 21 de
89 407 102 26 anslagen
214 409 50 24 taga
285 407 65 27 nödig
372 407 81 27 hänsyn
475 408 33 21 till
523 408 26 21 de
565 414 76 20 genom
657 407 215 27 tuilförhöjningarne

42 435 68 21 ökade
127 435 208 21 statsinkomsterna.
361 436 41 26 Jag
416 436 34 21 för
465 436 43 22 min
525 436 33 21 del
574 436 41 21 kan
631 436 46 22 icke
694 436 67 22 heller
771 436 57 21 finna
836 436 37 22 det

41 465 67 20 annat
124 465 27 19 än
166 464 112 26 olämpligt
293 464 40 21 och
348 464 95 27 oriktigt,
460 467 32 19 att
508 465 41 21 den
565 464 167 27 tullförfattning
746 464 54 22 afär
811 465 60 25 1888,

42 492 88 21 hvarom
146 492 40 21 här
201 494 25 19 är
241 492 67 27 fräga,
330 493 52 25 icke,
398 493 70 21 säsom
484 493 71 21 afsedt
570 500 44 19 var,
630 494 130 26 publicerats
775 494 7 20 i
798 493 75 27 början

41 520 23 21 af
79 521 52 24 äret,
148 527 48 15 men
212 521 26 21 de
254 521 112 26 praktiska
381 522 186 26 konsegvenserna
576 522 68 21 skulle
654 522 54 21 dock
717 522 46 21 icke
773 522 59 21 ställt
840 522 33 26 sig

42 549 7 20 i
70 549 70 26 nägon
162 550 117 20 nämnvärd
302 550 54 25 grad
378 550 141 21 annorlunda.
551 550 167 21 Statsutskottet
737 550 93 27 föreslog
846 550 27 21 dä

44 579 32 20 att
90 579 53 25 göra
158 577 157 28 framställning
330 578 40 21 hos
386 578 109 27 Styrelsen
512 584 34 15 om
562 580 33 19 att
610 578 107 21 öfverföra
732 578 32 21 till
775 579 97 20 kommu-

42 606 188 21 nikationsfonden
245 606 24 21 af
282 606 172 27 uppkommande
466 607 135 21 öfverskott
593 602 9 36 i
613 607 139 21 statskassan.
776 607 96 26 Ettnog-

42 636 77 25 grannt
133 634 108 22 fixerande
258 635 23 20 af
294 635 41 21 den
351 635 65 26 siffra,
432 641 46 15 som
488 635 89 22 sälunda
585 635 69 22 skulle
665 635 73 21 kunna
748 635 123 26 öfverföras,

42 663 55 21 hade
118 663 47 22 icke
187 663 64 27 skett,
275 663 39 22 och
333 663 91 22 faktiskt
440 666 24 19 är
480 666 32 19 att
527 665 50 20 vida
592 670 46 15 mer
653 666 27 19 än
696 664 28 21 dä
738 664 134 26 päräknades

42 691 70 22 blifvit
133 691 124 22 öfverfördt.
288 692 73 21 Skulle
381 693 188 20 tullinkomsterna
583 693 47 21 icke
645 693 55 21 visat
716 699 25 15 en
756 692 24 21 sä
795 693 78 21 vacker

42 720 90 26 tillväxt,
149 727 46 14 som
212 727 27 14 nu
254 721 56 20 varit
325 721 67 25 fallet,
408 721 22 22 sä
453 721 68 21 skulle
537 721 120 26 säkerligen
672 721 46 22 icke
734 721 48 27 91/,
797 721 76 22 millio-

42 755 39 15 ner
96 749 82 21 kunnat
193 749 33 21 till
241 749 277 22 kommunikationsfonden
535 749 123 23 öfverföras.

112 805 32 22 Hr
166 805 149 22 Lindelöf:
345 806 31 21 På
398 807 40 20 sid.
462 807 12 20 7
490 807 7 20 i
512 806 141 22 förevarande
669 807 135 21 betänkande
819 807 55 20 före-

43 834 97 21 kommer
155 840 27 15 en
197 834 90 27 uppgift,
303 840 45 15 som
364 837 24 19 är
403 835 145 21 vilseledande
564 835 39 21 och
619 835 73 21 derför
708 841 60 20 synes
784 835 42 27 mig
837 835 36 26 pä:

43 863 59 21 kalla
122 862 69 26 nägon
213 863 116 27 belysning.
359 863 114 21 Utskottet
496 865 62 25 säger
573 864 32 26 sig
620 863 65 21 hafva
700 863 22 21 af
736 864 138 20 Kammarex-

44 892 122 26 peditionen
183 891 84 21 erhällit
282 892 84 26 uppgift
380 892 28 27 pä
423 892 187 26 propriebalanser
625 892 35 21 vid
668 892 106 21 särskilda
782 892 93 21 embets-

43 920 58 26 verk,
124 920 42 21 och
189 920 65 21 bland
278 920 47 21 dem
340 922 89 20 nämnes
450 926 28 16 en
496 920 67 22 sådan
578 920 35 22 vid
629 920 215 27 Skolöfverstyrelsen
861 920 13 21 &

44 949 63 25 2,642
131 948 62 22 mark
215 949 26 21 97
263 949 70 27 penni.
364 949 126 21 Emellertid
511 949 40 21 har
569 949 35 21 vid
620 949 59 21 detta
695 948 139 27 embetsverk,
850 948 25 22 sä

43 978 63 26 länge
130 978 36 20 det
182 978 108 26 existerat,
306 977 70 27 nägon
391 978 75 21 balans
482 978 46 21 icke
543 977 145 27 förekommit,
704 977 86 21 hvarför
806 978 69 20 denna

44 1006 84 26 uppgift
150 1006 69 21 mäste
241 1006 112 21 betraktas
374 1006 70 22 säsom
460 1006 96 28 felaktig.
587 1006 113 22 Sannolikt
715 1006 55 21 afses
786 1006 88 21 härmed

44 1034 106 26 balanser,
173 1040 47 22 som
243 1036 35 25 egt
299 1041 47 15 rum
364 1035 34 21 vid
415 1035 67 26 nägra
497 1035 98 21 läroverk
611 1035 39 21 och
666 1035 72 21 hvilka
753 1034 69 22 blifvit
837 1034 37 21 be-

44 1063 106 21 handlade
166 1063 23 21 af
204 1063 174 27 Ofverstyrelsen.
402 1063 76 22 Säsom
494 1063 111 27 uppgiften
621 1064 39 20 här
675 1065 24 19 är
714 1063 118 25 meddelad,
840 1068 34 21 sy-

45 1097 37 15 nes
104 1092 41 21 den
164 1092 44 26 mig
222 1092 64 21 kasta
301 1092 81 27 skugga
398 1092 59 22 öfver
471 1093 60 21 detta
546 1092 142 25 embetsverk,
704 1092 86 21 hvartill
805 1092 69 26 nägon

44 1120 116 27 anledning
174 1121 7 20 i
197 1120 147 27 verkligheten
359 1121 46 21 icke
421 1121 150 21 förekommer.
597 1121 62 20 Huru
675 1120 37 22 det
727 1119 101 22 förhäller
843 1120 32 25 sig

44 1149 49 20 med
116 1149 26 21 de
157 1149 108 24 balanser,
280 1155 45 15 som
341 1149 112 27 uppgifvas
468 1149 64 21 hafva
547 1149 137 21 förekommit
700 1149 34 21 vid
750 1148 68 27 öfriga
832 1150 43 19 em-

44 1177 108 26 betsverk,
175 1177 42 21 kan
238 1177 37 27 jag
295 1177 46 22 icke
358 1177 100 27 bedöma;
474 1177 108 22 mähända
596 1178 67 26 gäller
677 1177 116 27 nägonting
808 1177 68 27 dylikt

45 1211 34 16 om
96 1211 26 16 en
138 1206 33 21 del
187 1205 24 22 af
228 1206 53 21 dem.
312 1206 42 27 Jag
370 1206 39 21 har
424 1208 72 20 ansett
511 1207 42 26 mig
568 1206 54 21 böra
636 1206 84 27 päpeka
736 1205 59 22 detta
802 1205 34 22 för
843 1207 33 19 att

44 1234 135 21 förekomma
194 1235 26 20 de
235 1235 93 26 oriktiga
342 1235 181 26 föreställningar,
539 1235 86 21 hvartill
640 1235 68 27 sagda
719 1235 108 26 uppgifter
835 1235 41 20 lätt

45 1263 72 21 kunna
132 1263 57 26 gifva
204 1263 120 27 anledning.

115 1320 33 21 Hr
170 1320 150 22 Norrm6n:
350 1321 43 21 Det
411 1321 53 26 skäl,
481 1323 46 19 som
542 1320 23 21 af
579 1321 32 20 Hr
626 1319 108 22 Mechelin
746 1319 82 21 anförts
842 1318 35 22 till

45 1347 87 22 försvar
152 1348 35 21 för
202 1349 41 21 den
258 1349 170 27 tullförhöjning,
444 1355 46 16 som
506 1349 53 26 egde
575 1353 47 17 rum
638 1348 25 21 år
678 1349 62 26 1888,
756 1349 66 26 synes
833 1347 44 26 mig

45 1377 47 21 icke
114 1383 52 15 vara
187 1377 50 22 fullt
251 1377 122 22 bevisände.
403 1378 33 21 Hr
451 1377 106 22 Mechelin
572 1377 39 22 här
627 1377 117 22 främhällit
759 1377 33 20 att
807 1377 72 20 denna

46 1405 77 27 åtgärd
137 1412 39 15 var
191 1406 69 21 delvis
272 1406 120 21 motiverad
406 1406 41 21 och
454 1406 143 26 rättfärdigad
605 1405 24 21 af
635 1405 41 22 den
684 1405 135 26 minskning
808 1398 10 38 i
827 1402 50 23 tull-

45 1434 154 27 inkomsterna,
215 1439 45 17 som
276 1436 36 25 egt
327 1436 47 20 rum
389 1435 69 21 under
473 1435 97 21 närmäst
586 1433 132 28 föregående
730 1433 31 21 är.
786 1433 50 32 Men
846 1431 31 21 äf-

45 1465 41 19 ven
101 1468 35 16 om
151 1468 27 16 en
193 1463 58 27 dylik:
267 1462 121 28 minskning
403 1466 35 24 egt
453 1468 55 21 rum,
524 1463 24 22 så
564 1468 62 22 synes
641 1463 44 26 mig
699 1462 47 30 icke
756 1458 121 38 densämmä

46 1491 73 21 ensam
134 1491 34 21 för
183 1492 33 26 sig
231 1491 63 23 hafva
308 1491 115 23 motiverat
438 1498 27 16 en
480 1492 124 27 förhöjning
616 1491 23 21 af
652 1491 144 25 tullsatserna;
808 1491 23 25 ty
841 1489 36 21 det
