1025 1686
179 93 42 20 674
428 97 25 18 R.
465 102 18 13 o.
494 97 23 17 A.
531 97 55 18 1891.
604 98 25 17 26
642 97 64 22 April.

150 177 46 21 helt
212 177 73 21 enkelt
300 177 130 21 öfverlemna
445 177 86 26 frägans
546 177 117 27 afgörande
679 177 23 22 ät
718 177 153 26 Delegationen
883 179 50 19 utan
948 179 33 19 att

150 205 50 27 ingä
215 205 7 22 i
237 205 68 27 nägot
320 206 72 21 vidare
408 205 110 22 uttalande
534 206 7 20 i
557 206 74 21 saken.

219 262 32 21 Hr
268 262 25 21 A.
309 262 153 21 Mechelin:
482 262 74 21 Sävidt
569 262 38 26 jag
622 263 42 20 kan
679 262 62 26 fatta,
758 263 67 26 ligger
844 263 88 20 motivet
947 261 34 22 för

150 290 187 27 framställningen
353 296 34 16 om
403 291 169 21 minnesstodens
588 290 138 27 förläggande
748 291 33 21 till
798 290 183 26 bankhusplatsen

150 318 189 27 hufvudsakligast
355 319 46 21 deri
416 320 32 20 att
463 319 70 21 denna
548 319 131 21 minnesstod
695 319 84 21 komme
800 320 33 20 att
855 319 66 21 blifva
935 319 46 26 pla-

150 348 65 20 cerad
228 347 90 21 framför
333 348 156 20 ständerhuset.
520 348 43 20 Det
578 348 67 26 ligger
669 354 26 14 en
717 348 77 20 vacker
816 347 65 21 tanke
902 348 31 20 uti
948 349 33 19 att

151 376 41 20 den
208 376 98 26 monark,
329 382 47 14 som
391 375 49 22 vårt
454 376 50 20 land
520 376 66 21 bland
609 378 66 19 annat
698 376 40 21 har
753 378 32 19 att
804 376 63 21 tacka
889 375 33 21 för
937 375 44 21 för-

150 404 95 26 nyandet
261 404 24 21 af
306 404 131 21 Ständernas
459 404 209 26 sammanträdande,
690 404 61 21 äfven
773 404 71 21 kunde
866 404 22 21 in
911 404 69 26 effigie

150 433 35 20 stä
200 434 32 19 att
247 432 97 21 beskäda
358 432 47 22 frän
422 433 58 21 detta
495 439 42 20 nya
558 433 137 24 ständerhus;
720 439 55 18 men,
798 433 70 21 säsom
884 432 32 21 Hr
930 432 51 26 Pip-

150 460 115 27 pingsköld
281 461 66 21 redan
362 460 123 27 framhällit,
502 462 70 20 denna
587 462 56 25 plats
659 461 109 21 förefaller
788 461 23 21 sä
833 461 63 26 träng
918 460 63 22 ochi

150 488 101 22 afseende
268 488 13 22 ä
296 489 213 26 höjdförhällandena
525 490 24 20 sä
565 490 107 26 olämplig,
686 491 33 19 att
734 490 36 21 det
780 490 46 21 icke
837 496 66 20 gerna
913 489 68 21 borde

151 517 74 21 kunna
240 517 67 21 blifva
321 517 62 27 fräga
398 524 33 14 om
448 518 170 21 minnesstodens
633 518 110 26 placering
758 518 43 21 der.
832 518 40 26 Jag
888 518 92 20 nämnde

152 551 35 15 om
203 545 228 26 höjdförhällandena;
447 546 46 21 från
509 553 26 14 en
551 547 47 20 sida
613 547 85 20 komme
714 553 48 14 man
773 548 32 19 att
815 546 101 21 betrakta
927 546 52 21 min-

152 573 118 21 nesstoden
285 574 7 20 i
308 574 36 20 459
360 574 70 21 vinkel
446 574 66 27 uppät
528 575 40 20 och
583 574 47 21 frän
647 575 41 21 den
705 575 73 26 andra,
794 576 103 19 motsatta
911 574 69 25 sidan,

150 602 108 26 nämligen
275 601 47 21 frän
338 602 127 26 bankhuset,
482 603 69 20 blefve
567 603 146 21 förhällandet
729 605 31 19 ett
778 605 71 18 annat.
881 602 99 21 Derifrän

151 630 48 21 sedt
214 629 86 22 komme
315 630 158 21 minnesstoden
488 633 33 19 att
536 631 85 21 befinna
637 632 31 26 sig
683 631 28 27 pä
727 638 25 14 en
768 631 35 27 låg
817 631 50 27 plan
879 631 39 21 och
930 633 51 24 ögat

150 658 69 21 mäste
235 658 85 21 säledes
336 659 67 20 riktas
418 659 70 25 nedät,
504 659 82 22 hvilket
598 660 37 26 jag
650 662 47 19 tror
720 660 33 21 för
775 659 150 22 konstverkets
945 659 36 21 be-

150 686 110 21 skädande
276 687 47 20 icke
337 693 51 15 vore
404 687 93 27 lyckligt.
529 688 62 21 Hvad
607 689 66 20 sedan
690 689 41 20 den
747 688 162 27 ursprungligen
925 688 55 21 före-

150 715 75 26 slagna
240 715 137 27 placeringen
400 716 27 25 pä
449 715 149 27 Senatstorget
613 716 109 26 beträffar,
746 723 34 14 om
803 716 85 21 hvilken
910 717 71 26 place-

150 743 48 26 ring
213 749 50 15 man
280 743 38 21 har
333 745 68 26 yttrat
416 744 40 21 den
472 745 90 26 farhäga
578 747 33 18 att
627 745 25 21 de
665 745 135 26 omgifvande
809 745 105 27 betydligt
925 745 56 26 höga

154 771 155 27 byggnaderna
325 772 39 21 och
380 772 88 21 framför
484 773 39 21 allt
543 773 181 27 Nikolaikyrkans
746 775 78 25 trappa
846 773 39 21 och
908 773 73 26 sjelfva

152 799 84 27 kyrkan
252 800 85 21 komme
353 802 33 19 att
401 801 21 20 sä
439 803 33 19 att
487 803 52 24 säga
553 807 104 21 ecrasera,
678 802 118 27 nedtrycka
816 801 164 27 minnesstoden,

151 827 24 21 sä
189 828 65 26 hyser
268 828 37 26 jag
320 829 34 20 för
369 829 43 21 min
428 829 33 21 del
478 836 25 14 en
519 832 91 19 motsatt
623 830 70 21 tanke.
720 830 147 26 Senatstorget
883 832 23 18 är
922 832 59 19 näm-

150 856 57 26 ligen
223 856 24 21 sä
263 857 125 26 vidsträckt,
404 859 32 19 att
452 858 46 25 den,
515 864 45 15 som
576 858 37 21 vill
628 859 184 26 taga
688 852 10 37 i
710 859 102 26 ögonsigte
827 860 152 24 monumentet,

150 884 119 27 ingalunda
283 891 90 21 generas
388 886 23 20 af
424 886 70 26 nägon
508 886 24 21 af
546 886 25 21 de
587 887 153 26 kringstäende
760 887 157 27 byggnaderna,
940 886 40 22 och

150 912 109 27 slutligen,
276 914 70 20 säsom
358 920 26 14 en
393 915 88 26 motvigt
489 916 58 20 emot
556 916 89 20 motivet
652 916 34 20 för
695 916 168 20 minnesstodens
874 916 105 20 ställande

149 941 55 21 midt
227 944 59 19 emot
309 942 156 26 ständerhuset,
484 949 64 15 anser
561 944 38 26 jag
614 944 33 20 för
662 944 44 20 min
722 944 34 21 del
770 946 32 19 ett
816 946 67 18 annat
904 944 75 26 vigtigt

149 970 68 20 motiv
231 970 74 21 kunna
320 970 130 27 framhällas,
474 972 36 20 det
533 972 106 26 nämligen
661 974 34 19 att
713 972 159 21 minnesstoden
894 972 85 22 komme

148 999 35 19 att
198 998 34 21 stä
254 999 55 21 midt
332 1001 57 19 emot
411 999 103 22 Senatens
535 1000 55 27 borg
612 1001 39 21 och
675 1001 91 21 sälunda
785 1001 82 26 hoppas
887 1001 37 27 jag
947 1002 32 20 att

149 1026 102 22 nationen
267 1027 97 21 kommer
379 1030 32 19 att
426 1034 50 16 anse
492 1030 73 25 statyn
580 1030 34 20 väl
629 1030 101 26 placerad
745 1029 28 27 pä
789 1029 152 27 Senatstorget.

219 1084 32 20 Hr
266 1084 24 21 B.
313 1084 24 21 O.
361 1084 166 22 Schauman:
552 1085 41 22 Vid
616 1086 54 22 1882
687 1086 35 21 års
737 1086 102 27 landtdag
854 1086 76 21 utsedd
946 1086 32 21 till

153 1112 115 26 suppleant
283 1113 7 20 i
306 1112 146 27 delegationen
470 1114 34 20 för
525 1115 144 25 uppresandet
693 1114 23 21 af
737 1121 24 14 en
784 1117 56 24 staty
863 1114 22 21 ät
907 1114 72 27 kejsar

150 1139 124 22 Alexander
289 1141 28 26 II,
334 1141 39 20 har
386 1141 37 26 jag
438 1141 60 22 äfven
514 1148 46 15 som
576 1145 75 24 expert
673 1143 91 26 deltagit
786 1143 6 21 i
815 1143 69 21 denna
905 1143 72 26 frägas

149 1167 133 28 behandling
301 1169 56 21 inom
374 1170 68 21 denna
463 1170 224 27 Ständerdelegation;
704 1171 64 22 ocksä
791 1171 72 26 deltog
883 1172 37 26 jag
942 1171 35 21 vid

149 1195 110 23 fattandet
275 1197 22 21 af
312 1197 92 22 beslutet
420 1200 32 19 att
467 1199 69 21 denna
551 1201 57 25 staty
629 1200 69 21 skulle
719 1200 102 27 uppföras
842 1199 29 28 pä
891 1200 86 21 Senats-

148 1227 73 24 torget
236 1225 7 21 i
259 1225 39 22 vär
313 1226 136 27 hufvudstad,
465 1227 70 22 säsom
551 1228 46 21 icke
613 1229 77 20 endast
705 1229 40 20 den
760 1229 119 20 förnämsta
894 1229 83 26 platsen

148 1253 7 20 i
171 1253 84 26 staden,
272 1256 52 19 utan
339 1255 41 21 ock
394 1255 7 21 i
416 1261 59 16 mera
497 1258 27 19 än
541 1258 31 19 ett
595 1257 99 21 afseende
717 1257 67 26 egnad
806 1257 34 21 för
861 1263 25 15 en
910 1257 66 21 sädan

146 1282 65 26 staty,
228 1282 40 21 och
285 1282 69 22 sävidt
366 1283 38 27 jag
418 1284 97 21 kommer
529 1285 8 20 i
552 1285 41 26 håg
608 1285 96 22 fattades
714 1286 60 21 detta
784 1285 72 22 beslut
867 1285 108 27 enhälligt.

146 1309 29 22 Då
185 1311 84 30 statyn
286 1311 62 21 likväl
364 1312 85 22 komme
465 1315 33 19 att
512 1319 104 21 uppresas
632 1314 103 21 särskildt
756 1314 48 21 med
826 1314 113 27 anledning
954 1314 23 21 af

147 1337 79 27 Kejsar
241 1339 123 22 Alexander
378 1341 40 20 II:s
434 1343 58 19 stora
500 1342 107 26 -förtjenst
629 1349 34 14 om
680 1342 195 27 äterupplifvandet
891 1343 23 20 af
926 1342 49 22 Fin-

146 1366 63 21 lands
224 1367 188 22 konstitutionella
427 1370 121 26 statsskick,
564 1370 55 22 hade
635 1371 48 21 dess
698 1373 58 19 rätta
768 1371 56 27 plats
835 1371 55 21 varit
905 1372 6 20 i
927 1373 48 19 när-

146 1394 65 22 heten
227 1395 24 21 af
266 1397 36 20 det
317 1397 105 21 blifvande
442 1399 157 25 ständerhuset,
625 1405 48 15 men
697 1399 27 21 då
746 1400 62 26 ingen
832 1400 66 26 utsigt
913 1399 61 21 fanns

144 1424 34 30 att
194 1424 61 20 detta
271 1424 24 21 så
310 1427 59 19 snart
385 1426 67 21 skulle
469 1426 64 21 blifva
548 1426 86 28 färdigt,
650 1428 50 20 med
716 1428 99 22 afseende
831 1428 12 20 å
859 1428 26 21 de
896 1428 78 27 många

146 1450 58 22 olika
233 1452 110 27 förslagen
372 1454 7 20 i
410 1454 68 21 denna
502 1455 68 26 fråga,
597 1456 38 20 och
659 1456 29 21 då
712 1462 49 15 man
786 1458 14 19 t
827 1462 19 15 o.
872 1463 26 14 m.
923 1457 50 21 ville

145 1479 89 25 placera
250 1480 61 22 detta
325 1481 39 21 hus
379 1482 28 27 på
423 1482 237 28 Ulrikasborgsbergen,
679 1484 25 21 så
726 1491 37 15 var
786 1484 148 28 Senatstorget
949 1484 24 22 så
