<?xml version="1.0" encoding="UTF-8"?>
<alto xmlns="http://www.loc.gov/standards/alto/ns-v3#" xmlns:xlink="http://www.w3.org/1999/xlink" xmlns:xsi="http://www.w3.org/2001/XMLSchema-instance" xsi:schemaLocation="http://www.loc.gov/standards/alto/ns-v3# http://www.loc.gov/alto/v3/alto-3-0.xsd">
	<Description>
		<MeasurementUnit>pixel</MeasurementUnit>
		<sourceImageInformation>
			<fileName>/tmp/tess_mvlk08yc_input.PNG</fileName>
		</sourceImageInformation>
		<OCRProcessing ID="OCR_0">
			<ocrProcessingStep>
				<processingSoftware>
					<softwareName>tesseract 5.3.4</softwareName>
				</processingSoftware>
			</ocrProcessingStep>
		</OCRProcessing>
	</Description>
	<Layout>
		<Page WIDTH="1025" HEIGHT="1686" PHYSICAL_IMG_NR="0" ID="page_0">
			<PrintSpace HPOS="0" VPOS="0" WIDTH="1025" HEIGHT="1686">
				<ComposedBlock ID="cblock_0" HPOS="166" VPOS="100" WIDTH="527" HEIGHT="25">
					<TextBlock ID="block_0" HPOS="166" VPOS="100" WIDTH="527" HEIGHT="25">
						<TextLine ID="line_0" HPOS="166" VPOS="100" WIDTH="527" HEIGHT="25">
							<String ID="string_0" HPOS="166" VPOS="100" WIDTH="41" HEIGHT="21" WC="0.96" CONTENT="706"/><SP WIDTH="209" VPOS="100" HPOS="207"/>
							<String ID="string_1" HPOS="416" VPOS="104" WIDTH="24" HEIGHT="17" WC="0.96" CONTENT="R."/><SP WIDTH="12" VPOS="104" HPOS="440"/>
							<String ID="string_2" HPOS="452" VPOS="109" WIDTH="18" HEIGHT="12" WC="0.78" CONTENT="o."/><SP WIDTH="12" VPOS="109" HPOS="470"/>
							<String ID="string_3" HPOS="482" VPOS="104" WIDTH="22" HEIGHT="18" WC="0.83" CONTENT="A."/><SP WIDTH="15" VPOS="104" HPOS="504"/>
							<String ID="string_4" HPOS="519" VPOS="105" WIDTH="54" HEIGHT="16" WC="0.96" CONTENT="1891."/><SP WIDTH="19" VPOS="105" HPOS="573"/>
							<String ID="string_5" HPOS="592" VPOS="105" WIDTH="26" HEIGHT="16" WC="0.97" CONTENT="29"/><SP WIDTH="12" VPOS="105" HPOS="618"/>
							<String ID="string_6" HPOS="630" VPOS="104" WIDTH="63" HEIGHT="21" WC="0.80" CONTENT="April"/>
						</TextLine>
					</TextBlock>
				</ComposedBlock>
				<GraphicalElement ID="cblock_1" HPOS="143" VPOS="136" WIDTH="824" HEIGHT="8"></GraphicalElement >
				<ComposedBlock ID="cblock_2" HPOS="139" VPOS="183" WIDTH="830" HEIGHT="253">
					<TextBlock ID="block_1" HPOS="139" VPOS="183" WIDTH="830" HEIGHT="253">
						<TextLine ID="line_1" HPOS="139" VPOS="183" WIDTH="828" HEIGHT="26">
							<String ID="string_7" HPOS="139" VPOS="183" WIDTH="48" HEIGHT="22" WC="0.92" CONTENT="frän"/><SP WIDTH="16" VPOS="183" HPOS="187"/>
							<String ID="string_8" HPOS="203" VPOS="183" WIDTH="92" HEIGHT="26" WC="0.93" CONTENT="tidigare"/><SP WIDTH="17" VPOS="183" HPOS="295"/>
							<String ID="string_9" HPOS="312" VPOS="183" WIDTH="151" HEIGHT="26" WC="0.92" CONTENT="författningar"/><SP WIDTH="21" VPOS="183" HPOS="463"/>
							<String ID="string_10" HPOS="484" VPOS="183" WIDTH="33" HEIGHT="21" WC="0.96" CONTENT="till"/><SP WIDTH="22" VPOS="183" HPOS="517"/>
							<String ID="string_11" HPOS="539" VPOS="183" WIDTH="46" HEIGHT="24" WC="0.96" CONTENT="den,"/><SP WIDTH="25" VPOS="183" HPOS="585"/>
							<String ID="string_12" HPOS="610" VPOS="189" WIDTH="45" HEIGHT="15" WC="0.96" CONTENT="som"/><SP WIDTH="22" VPOS="189" HPOS="655"/>
							<String ID="string_13" HPOS="677" VPOS="189" WIDTH="28" HEIGHT="14" WC="0.96" CONTENT="nu"/><SP WIDTH="24" VPOS="189" HPOS="705"/>
							<String ID="string_14" HPOS="729" VPOS="183" WIDTH="38" HEIGHT="20" WC="0.93" CONTENT="här"/><SP WIDTH="23" VPOS="183" HPOS="767"/>
							<String ID="string_15" HPOS="790" VPOS="183" WIDTH="95" HEIGHT="21" WC="0.92" CONTENT="föresläs."/><SP WIDTH="32" VPOS="183" HPOS="885"/>
							<String ID="string_16" HPOS="917" VPOS="183" WIDTH="50" HEIGHT="21" WC="0.96" CONTENT="Mitt"/>
						</TextLine>
						<TextLine ID="line_2" HPOS="140" VPOS="211" WIDTH="827" HEIGHT="27">
							<String ID="string_17" HPOS="140" VPOS="212" WIDTH="90" HEIGHT="21" WC="0.96" CONTENT="anförda"/><SP WIDTH="16" VPOS="212" HPOS="230"/>
							<String ID="string_18" HPOS="246" VPOS="213" WIDTH="102" HEIGHT="25" WC="0.96" CONTENT="exempel,"/><SP WIDTH="16" VPOS="213" HPOS="348"/>
							<String ID="string_19" HPOS="364" VPOS="212" WIDTH="57" HEIGHT="21" WC="0.92" CONTENT="huru"/><SP WIDTH="15" VPOS="212" HPOS="421"/>
							<String ID="string_20" HPOS="436" VPOS="211" WIDTH="180" HEIGHT="27" WC="0.92" CONTENT="affärsbevillning"/><SP WIDTH="15" VPOS="211" HPOS="616"/>
							<String ID="string_21" HPOS="631" VPOS="211" WIDTH="71" HEIGHT="21" WC="0.93" CONTENT="kunde"/><SP WIDTH="13" VPOS="211" HPOS="702"/>
							<String ID="string_22" HPOS="715" VPOS="211" WIDTH="89" HEIGHT="26" WC="0.58" CONTENT="undgäs,"/><SP WIDTH="16" VPOS="211" HPOS="804"/>
							<String ID="string_23" HPOS="820" VPOS="211" WIDTH="102" HEIGHT="21" WC="0.93" CONTENT="hänförde"/><SP WIDTH="14" VPOS="211" HPOS="922"/>
							<String ID="string_24" HPOS="936" VPOS="211" WIDTH="31" HEIGHT="27" WC="0.96" CONTENT="sig"/>
						</TextLine>
						<TextLine ID="line_3" HPOS="140" VPOS="239" WIDTH="828" HEIGHT="28">
							<String ID="string_25" HPOS="140" VPOS="241" WIDTH="33" HEIGHT="20" WC="0.96" CONTENT="till"/><SP WIDTH="16" VPOS="241" HPOS="173"/>
							<String ID="string_26" HPOS="189" VPOS="241" WIDTH="37" HEIGHT="20" WC="0.96" CONTENT="det"/><SP WIDTH="15" VPOS="241" HPOS="226"/>
							<String ID="string_27" HPOS="241" VPOS="240" WIDTH="46" HEIGHT="26" WC="0.95" CONTENT="fall,"/><SP WIDTH="16" VPOS="240" HPOS="287"/>
							<String ID="string_28" HPOS="303" VPOS="242" WIDTH="32" HEIGHT="19" WC="0.93" CONTENT="att"/><SP WIDTH="15" VPOS="242" HPOS="335"/>
							<String ID="string_29" HPOS="350" VPOS="241" WIDTH="100" HEIGHT="20" WC="0.92" CONTENT="vistelsen"/><SP WIDTH="15" VPOS="241" HPOS="450"/>
							<String ID="string_30" HPOS="465" VPOS="241" WIDTH="58" HEIGHT="20" WC="0.96" CONTENT="inom"/><SP WIDTH="15" VPOS="241" HPOS="523"/>
							<String ID="string_31" HPOS="538" VPOS="240" WIDTH="73" HEIGHT="21" WC="0.96" CONTENT="landet"/><SP WIDTH="16" VPOS="240" HPOS="611"/>
							<String ID="string_32" HPOS="627" VPOS="240" WIDTH="21" HEIGHT="21" WC="0.96" CONTENT="in"/><SP WIDTH="16" VPOS="240" HPOS="648"/>
							<String ID="string_33" HPOS="664" VPOS="246" WIDTH="83" HEIGHT="15" WC="0.92" CONTENT="summa"/><SP WIDTH="10" VPOS="246" HPOS="747"/>
							<String ID="string_34" HPOS="757" VPOS="239" WIDTH="98" HEIGHT="27" WC="0.92" CONTENT="utgjorde"/><SP WIDTH="12" VPOS="239" HPOS="855"/>
							<String ID="string_35" HPOS="867" VPOS="242" WIDTH="32" HEIGHT="19" WC="0.96" CONTENT="tre"/><SP WIDTH="14" VPOS="242" HPOS="899"/>
							<String ID="string_36" HPOS="913" VPOS="240" WIDTH="55" HEIGHT="27" WC="0.96" CONTENT="dygn"/>
						</TextLine>
						<TextLine ID="line_4" HPOS="141" VPOS="268" WIDTH="828" HEIGHT="26">
							<String ID="string_37" HPOS="141" VPOS="268" WIDTH="97" HEIGHT="26" WC="0.92" CONTENT="sälunda,"/><SP WIDTH="17" VPOS="268" HPOS="238"/>
							<String ID="string_38" HPOS="255" VPOS="270" WIDTH="34" HEIGHT="19" WC="0.96" CONTENT="att"/><SP WIDTH="15" VPOS="270" HPOS="289"/>
							<String ID="string_39" HPOS="304" VPOS="269" WIDTH="26" HEIGHT="19" WC="0.96" CONTENT="24"/><SP WIDTH="17" VPOS="269" HPOS="330"/>
							<String ID="string_40" HPOS="347" VPOS="269" WIDTH="85" HEIGHT="20" WC="0.96" CONTENT="timmar"/><SP WIDTH="14" VPOS="269" HPOS="432"/>
							<String ID="string_41" HPOS="446" VPOS="269" WIDTH="55" HEIGHT="20" WC="0.93" CONTENT="hade"/><SP WIDTH="17" VPOS="269" HPOS="501"/>
							<String ID="string_42" HPOS="518" VPOS="271" WIDTH="75" HEIGHT="23" WC="0.91" CONTENT="egnats"/><SP WIDTH="19" VPOS="271" HPOS="593"/>
							<String ID="string_43" HPOS="612" VPOS="269" WIDTH="22" HEIGHT="20" WC="0.95" CONTENT="ät"/><SP WIDTH="20" VPOS="269" HPOS="634"/>
							<String ID="string_44" HPOS="654" VPOS="268" WIDTH="140" HEIGHT="26" WC="0.93" CONTENT="Helsingfors,"/><SP WIDTH="20" VPOS="268" HPOS="794"/>
							<String ID="string_45" HPOS="814" VPOS="268" WIDTH="109" HEIGHT="21" WC="0.93" CONTENT="hvarefter"/><SP WIDTH="16" VPOS="268" HPOS="923"/>
							<String ID="string_46" HPOS="939" VPOS="269" WIDTH="30" HEIGHT="21" WC="0.93" CONTENT="af-"/>
						</TextLine>
						<TextLine ID="line_5" HPOS="140" VPOS="296" WIDTH="829" HEIGHT="27">
							<String ID="string_47" HPOS="140" VPOS="303" WIDTH="49" HEIGHT="15" WC="0.87" CONTENT="resa"/><SP WIDTH="15" VPOS="303" HPOS="189"/>
							<String ID="string_48" HPOS="204" VPOS="297" WIDTH="59" HEIGHT="20" WC="0.93" CONTENT="skett"/><SP WIDTH="16" VPOS="297" HPOS="263"/>
							<String ID="string_49" HPOS="279" VPOS="296" WIDTH="100" HEIGHT="24" WC="0.93" CONTENT="derifrän,"/><SP WIDTH="17" VPOS="296" HPOS="379"/>
							<String ID="string_50" HPOS="396" VPOS="296" WIDTH="39" HEIGHT="22" WC="0.96" CONTENT="och"/><SP WIDTH="15" VPOS="296" HPOS="435"/>
							<String ID="string_51" HPOS="450" VPOS="297" WIDTH="67" HEIGHT="21" WC="0.96" CONTENT="under"/><SP WIDTH="16" VPOS="297" HPOS="517"/>
							<String ID="string_52" HPOS="533" VPOS="296" WIDTH="92" HEIGHT="26" WC="0.96" CONTENT="följande"/><SP WIDTH="16" VPOS="296" HPOS="625"/>
							<String ID="string_53" HPOS="641" VPOS="303" WIDTH="39" HEIGHT="20" WC="0.96" CONTENT="par"/><SP WIDTH="16" VPOS="303" HPOS="680"/>
							<String ID="string_54" HPOS="696" VPOS="297" WIDTH="66" HEIGHT="26" WC="0.93" CONTENT="dagar"/><SP WIDTH="15" VPOS="297" HPOS="762"/>
							<String ID="string_55" HPOS="777" VPOS="296" WIDTH="95" HEIGHT="21" WC="0.92" CONTENT="äterstod"/><SP WIDTH="14" VPOS="296" HPOS="872"/>
							<String ID="string_56" HPOS="886" VPOS="297" WIDTH="83" HEIGHT="26" WC="0.92" CONTENT="möjlig-"/>
						</TextLine>
						<TextLine ID="line_6" HPOS="140" VPOS="324" WIDTH="828" HEIGHT="28">
							<String ID="string_57" HPOS="140" VPOS="325" WIDTH="37" HEIGHT="21" WC="0.96" CONTENT="het"/><SP WIDTH="16" VPOS="325" HPOS="177"/>
							<String ID="string_58" HPOS="193" VPOS="325" WIDTH="33" HEIGHT="21" WC="0.96" CONTENT="för"/><SP WIDTH="15" VPOS="325" HPOS="226"/>
							<String ID="string_59" HPOS="241" VPOS="326" WIDTH="42" HEIGHT="20" WC="0.93" CONTENT="den"/><SP WIDTH="15" VPOS="326" HPOS="283"/>
							<String ID="string_60" HPOS="298" VPOS="325" WIDTH="179" HEIGHT="21" WC="0.91" CONTENT="handelsresande"/><SP WIDTH="17" VPOS="325" HPOS="477"/>
							<String ID="string_61" HPOS="494" VPOS="327" WIDTH="32" HEIGHT="19" WC="0.93" CONTENT="att"/><SP WIDTH="16" VPOS="327" HPOS="526"/>
							<String ID="string_62" HPOS="542" VPOS="327" WIDTH="97" HEIGHT="25" WC="0.91" CONTENT="uppgöra"/><SP WIDTH="14" VPOS="327" HPOS="639"/>
							<String ID="string_63" HPOS="653" VPOS="324" WIDTH="77" HEIGHT="22" WC="0.96" CONTENT="affärer"/><SP WIDTH="22" VPOS="324" HPOS="730"/>
							<String ID="string_64" HPOS="752" VPOS="325" WIDTH="6" HEIGHT="21" WC="0.96" CONTENT="i"/><SP WIDTH="23" VPOS="325" HPOS="758"/>
							<String ID="string_65" HPOS="781" VPOS="326" WIDTH="108" HEIGHT="20" WC="0.95" CONTENT="närmaste"/><SP WIDTH="24" VPOS="326" HPOS="889"/>
							<String ID="string_66" HPOS="913" VPOS="326" WIDTH="55" HEIGHT="20" WC="0.95" CONTENT="stad."/>
						</TextLine>
						<TextLine ID="line_7" HPOS="140" VPOS="353" WIDTH="828" HEIGHT="27">
							<String ID="string_67" HPOS="140" VPOS="353" WIDTH="57" HEIGHT="21" WC="0.93" CONTENT="Hela"/><SP WIDTH="14" VPOS="353" HPOS="197"/>
							<String ID="string_68" HPOS="211" VPOS="353" WIDTH="101" HEIGHT="21" WC="0.92" CONTENT="vistelsen"/><SP WIDTH="16" VPOS="353" HPOS="312"/>
							<String ID="string_69" HPOS="328" VPOS="354" WIDTH="6" HEIGHT="20" WC="0.96" CONTENT="i"/><SP WIDTH="16" VPOS="354" HPOS="334"/>
							<String ID="string_70" HPOS="350" VPOS="354" WIDTH="72" HEIGHT="20" WC="0.96" CONTENT="landet"/><SP WIDTH="16" VPOS="354" HPOS="422"/>
							<String ID="string_71" HPOS="438" VPOS="354" WIDTH="68" HEIGHT="20" WC="0.93" CONTENT="skulle"/><SP WIDTH="16" VPOS="354" HPOS="506"/>
							<String ID="string_72" HPOS="522" VPOS="353" WIDTH="89" HEIGHT="21" WC="0.93" CONTENT="sälunda"/><SP WIDTH="16" VPOS="353" HPOS="611"/>
							<String ID="string_73" HPOS="627" VPOS="354" WIDTH="45" HEIGHT="20" WC="0.93" CONTENT="icke"/><SP WIDTH="18" VPOS="354" HPOS="672"/>
							<String ID="string_74" HPOS="690" VPOS="353" WIDTH="64" HEIGHT="21" WC="0.92" CONTENT="blifva"/><SP WIDTH="12" VPOS="353" HPOS="754"/>
							<String ID="string_75" HPOS="766" VPOS="360" WIDTH="45" HEIGHT="14" WC="0.96" CONTENT="mer"/><SP WIDTH="11" VPOS="360" HPOS="811"/>
							<String ID="string_76" HPOS="822" VPOS="355" WIDTH="27" HEIGHT="19" WC="0.96" CONTENT="än"/><SP WIDTH="11" VPOS="355" HPOS="849"/>
							<String ID="string_77" HPOS="860" VPOS="355" WIDTH="33" HEIGHT="19" WC="0.97" CONTENT="tre"/><SP WIDTH="13" VPOS="355" HPOS="893"/>
							<String ID="string_78" HPOS="906" VPOS="354" WIDTH="62" HEIGHT="26" WC="0.96" CONTENT="dygn,"/>
						</TextLine>
						<TextLine ID="line_8" HPOS="142" VPOS="381" WIDTH="827" HEIGHT="28">
							<String ID="string_79" HPOS="142" VPOS="382" WIDTH="39" HEIGHT="20" WC="0.96" CONTENT="och"/><SP WIDTH="16" VPOS="382" HPOS="181"/>
							<String ID="string_80" HPOS="197" VPOS="382" WIDTH="54" HEIGHT="20" WC="0.96" CONTENT="dock"/><SP WIDTH="18" VPOS="382" HPOS="251"/>
							<String ID="string_81" HPOS="269" VPOS="381" WIDTH="69" HEIGHT="21" WC="0.93" CONTENT="kunde"/><SP WIDTH="17" VPOS="381" HPOS="338"/>
							<String ID="string_82" HPOS="355" VPOS="382" WIDTH="106" HEIGHT="21" WC="0.93" CONTENT="derunder"/><SP WIDTH="15" VPOS="382" HPOS="461"/>
							<String ID="string_83" HPOS="476" VPOS="382" WIDTH="78" HEIGHT="21" WC="0.93" CONTENT="affärer"/><SP WIDTH="15" VPOS="382" HPOS="554"/>
							<String ID="string_84" HPOS="569" VPOS="384" WIDTH="107" HEIGHT="24" WC="0.93" CONTENT="uppgöras"/><SP WIDTH="16" VPOS="384" HPOS="676"/>
							<String ID="string_85" HPOS="692" VPOS="382" WIDTH="6" HEIGHT="20" WC="0.96" CONTENT="i"/><SP WIDTH="17" VPOS="382" HPOS="698"/>
							<String ID="string_86" HPOS="715" VPOS="384" WIDTH="31" HEIGHT="19" WC="0.96" CONTENT="ett"/><SP WIDTH="15" VPOS="384" HPOS="746"/>
							<String ID="string_87" HPOS="761" VPOS="388" WIDTH="39" HEIGHT="21" WC="0.96" CONTENT="par"/><SP WIDTH="22" VPOS="388" HPOS="800"/>
							<String ID="string_88" HPOS="822" VPOS="382" WIDTH="23" HEIGHT="20" WC="0.95" CONTENT="af"/><SP WIDTH="22" VPOS="382" HPOS="845"/>
							<String ID="string_89" HPOS="867" VPOS="382" WIDTH="25" HEIGHT="21" WC="0.95" CONTENT="de"/><SP WIDTH="23" VPOS="382" HPOS="892"/>
							<String ID="string_90" HPOS="915" VPOS="385" WIDTH="54" HEIGHT="18" WC="0.96" CONTENT="mest"/>
						</TextLine>
						<TextLine ID="line_9" HPOS="141" VPOS="410" WIDTH="354" HEIGHT="26">
							<String ID="string_91" HPOS="141" VPOS="410" WIDTH="122" HEIGHT="26" WC="0.93" CONTENT="betydande"/><SP WIDTH="16" VPOS="410" HPOS="263"/>
							<String ID="string_92" HPOS="279" VPOS="410" WIDTH="99" HEIGHT="21" WC="0.92" CONTENT="städerna"/><SP WIDTH="16" VPOS="410" HPOS="378"/>
							<String ID="string_93" HPOS="394" VPOS="410" WIDTH="7" HEIGHT="21" WC="0.96" CONTENT="i"/><SP WIDTH="16" VPOS="410" HPOS="401"/>
							<String ID="string_94" HPOS="417" VPOS="410" WIDTH="78" HEIGHT="22" WC="0.96" CONTENT="landet."/>
						</TextLine>
					</TextBlock>
				</ComposedBlock>
				<ComposedBlock ID="cblock_3" HPOS="142" VPOS="467" WIDTH="829" HEIGHT="224">
					<TextBlock ID="block_2" HPOS="142" VPOS="467" WIDTH="829" HEIGHT="224">
						<TextLine ID="line_10" HPOS="211" VPOS="467" WIDTH="759" HEIGHT="27">
							<String ID="string_95" HPOS="211" VPOS="468" WIDTH="32" HEIGHT="20" WC="0.93" CONTENT="Hr"/><SP WIDTH="20" VPOS="468" HPOS="243"/>
							<String ID="string_96" HPOS="263" VPOS="467" WIDTH="22" HEIGHT="21" WC="0.88" CONTENT="C."/><SP WIDTH="18" VPOS="467" HPOS="285"/>
							<String ID="string_97" HPOS="303" VPOS="467" WIDTH="23" HEIGHT="21" WC="0.96" CONTENT="G."/><SP WIDTH="18" VPOS="467" HPOS="326"/>
							<String ID="string_98" HPOS="344" VPOS="467" WIDTH="250" HEIGHT="27" WC="0.95" CONTENT="Standertskjöld:"/><SP WIDTH="17" VPOS="467" HPOS="594"/>
							<String ID="string_99" HPOS="611" VPOS="468" WIDTH="48" HEIGHT="20" WC="0.93" CONTENT="Med"/><SP WIDTH="16" VPOS="468" HPOS="659"/>
							<String ID="string_100" HPOS="675" VPOS="468" WIDTH="115" HEIGHT="26" WC="0.92" CONTENT="anledning"/><SP WIDTH="14" VPOS="468" HPOS="790"/>
							<String ID="string_101" HPOS="804" VPOS="468" WIDTH="22" HEIGHT="20" WC="0.96" CONTENT="af"/><SP WIDTH="14" VPOS="468" HPOS="826"/>
							<String ID="string_102" HPOS="840" VPOS="468" WIDTH="32" HEIGHT="20" WC="0.92" CONTENT="Hr"/><SP WIDTH="16" VPOS="468" HPOS="872"/>
							<String ID="string_103" HPOS="888" VPOS="468" WIDTH="82" HEIGHT="20" WC="0.92" CONTENT="Meche-"/>
						</TextLine>
						<TextLine ID="line_11" HPOS="143" VPOS="496" WIDTH="827" HEIGHT="27">
							<String ID="string_104" HPOS="143" VPOS="496" WIDTH="40" HEIGHT="20" WC="0.96" CONTENT="lins"/><SP WIDTH="16" VPOS="496" HPOS="183"/>
							<String ID="string_105" HPOS="199" VPOS="496" WIDTH="96" HEIGHT="26" WC="0.96" CONTENT="yrkande"/><SP WIDTH="15" VPOS="496" HPOS="295"/>
							<String ID="string_106" HPOS="310" VPOS="496" WIDTH="27" HEIGHT="26" WC="0.96" CONTENT="pä"/><SP WIDTH="17" VPOS="496" HPOS="337"/>
							<String ID="string_107" HPOS="354" VPOS="498" WIDTH="31" HEIGHT="19" WC="0.93" CONTENT="ett"/><SP WIDTH="15" VPOS="498" HPOS="385"/>
							<String ID="string_108" HPOS="400" VPOS="496" WIDTH="156" HEIGHT="26" WC="0.95" CONTENT="förtydligande"/><SP WIDTH="16" VPOS="496" HPOS="556"/>
							<String ID="string_109" HPOS="572" VPOS="496" WIDTH="73" HEIGHT="26" WC="0.96" CONTENT="tillägg"/><SP WIDTH="16" VPOS="496" HPOS="645"/>
							<String ID="string_110" HPOS="661" VPOS="496" WIDTH="32" HEIGHT="21" WC="0.96" CONTENT="tili"/><SP WIDTH="22" VPOS="496" HPOS="693"/>
							<String ID="string_111" HPOS="715" VPOS="496" WIDTH="11" HEIGHT="27" WC="0.68" CONTENT="8"/><SP WIDTH="18" VPOS="496" HPOS="726"/>
							<String ID="string_112" HPOS="744" VPOS="497" WIDTH="9" HEIGHT="19" WC="0.96" CONTENT="1"/><SP WIDTH="18" VPOS="497" HPOS="753"/>
							<String ID="string_113" HPOS="771" VPOS="496" WIDTH="38" HEIGHT="21" WC="0.96" CONTENT="ber"/><SP WIDTH="19" VPOS="496" HPOS="809"/>
							<String ID="string_114" HPOS="828" VPOS="496" WIDTH="39" HEIGHT="26" WC="0.93" CONTENT="jag"/><SP WIDTH="15" VPOS="496" HPOS="867"/>
							<String ID="string_115" HPOS="882" VPOS="496" WIDTH="21" HEIGHT="21" WC="0.90" CONTENT="få"/><SP WIDTH="15" VPOS="496" HPOS="903"/>
							<String ID="string_116" HPOS="918" VPOS="502" WIDTH="52" HEIGHT="20" WC="0.93" CONTENT="upp-"/>
						</TextLine>
						<TextLine ID="line_12" HPOS="144" VPOS="524" WIDTH="827" HEIGHT="26">
							<String ID="string_117" HPOS="144" VPOS="524" WIDTH="51" HEIGHT="26" WC="0.92" CONTENT="lysa,"/><SP WIDTH="17" VPOS="524" HPOS="195"/>
							<String ID="string_118" HPOS="212" VPOS="526" WIDTH="33" HEIGHT="18" WC="0.93" CONTENT="att"/><SP WIDTH="16" VPOS="526" HPOS="245"/>
							<String ID="string_119" HPOS="261" VPOS="524" WIDTH="61" HEIGHT="20" WC="0.92" CONTENT="äfven"/><SP WIDTH="15" VPOS="524" HPOS="322"/>
							<String ID="string_120" HPOS="337" VPOS="524" WIDTH="57" HEIGHT="22" WC="0.93" CONTENT="inom"/><SP WIDTH="16" VPOS="524" HPOS="394"/>
							<String ID="string_121" HPOS="410" VPOS="525" WIDTH="106" HEIGHT="20" WC="0.91" CONTENT="utskottet"/><SP WIDTH="22" VPOS="525" HPOS="516"/>
							<String ID="string_122" HPOS="538" VPOS="525" WIDTH="69" HEIGHT="21" WC="0.93" CONTENT="denna"/><SP WIDTH="22" VPOS="525" HPOS="607"/>
							<String ID="string_123" HPOS="629" VPOS="525" WIDTH="61" HEIGHT="25" WC="0.92" CONTENT="fräga"/><SP WIDTH="20" VPOS="525" HPOS="690"/>
							<String ID="string_124" HPOS="710" VPOS="531" WIDTH="38" HEIGHT="14" WC="0.96" CONTENT="var"/><SP WIDTH="22" VPOS="531" HPOS="748"/>
							<String ID="string_125" HPOS="770" VPOS="524" WIDTH="52" HEIGHT="26" WC="0.96" CONTENT="före,"/><SP WIDTH="24" VPOS="524" HPOS="822"/>
							<String ID="string_126" HPOS="846" VPOS="524" WIDTH="39" HEIGHT="21" WC="0.93" CONTENT="och"/><SP WIDTH="22" VPOS="524" HPOS="885"/>
							<String ID="string_127" HPOS="907" VPOS="524" WIDTH="64" HEIGHT="22" WC="0.91" CONTENT="fram-"/>
						</TextLine>
						<TextLine ID="line_13" HPOS="143" VPOS="552" WIDTH="828" HEIGHT="27">
							<String ID="string_128" HPOS="143" VPOS="552" WIDTH="56" HEIGHT="20" WC="0.92" CONTENT="hölls"/><SP WIDTH="16" VPOS="552" HPOS="199"/>
							<String ID="string_129" HPOS="215" VPOS="552" WIDTH="38" HEIGHT="21" WC="0.96" CONTENT="der"/><SP WIDTH="14" VPOS="552" HPOS="253"/>
							<String ID="string_130" HPOS="267" VPOS="552" WIDTH="45" HEIGHT="26" WC="0.96" CONTENT="just"/><SP WIDTH="15" VPOS="552" HPOS="312"/>
							<String ID="string_131" HPOS="327" VPOS="553" WIDTH="40" HEIGHT="20" WC="0.96" CONTENT="den"/><SP WIDTH="17" VPOS="553" HPOS="367"/>
							<String ID="string_132" HPOS="384" VPOS="553" WIDTH="115" HEIGHT="26" WC="0.96" CONTENT="möjlighet,"/><SP WIDTH="17" VPOS="553" HPOS="499"/>
							<String ID="string_133" HPOS="516" VPOS="554" WIDTH="33" HEIGHT="19" WC="0.96" CONTENT="att"/><SP WIDTH="16" VPOS="554" HPOS="549"/>
							<String ID="string_134" HPOS="565" VPOS="556" WIDTH="31" HEIGHT="17" WC="0.93" CONTENT="ett"/><SP WIDTH="15" VPOS="556" HPOS="596"/>
							<String ID="string_135" HPOS="611" VPOS="553" WIDTH="149" HEIGHT="20" WC="0.93" CONTENT="missförständ"/><SP WIDTH="22" VPOS="553" HPOS="760"/>
							<String ID="string_136" HPOS="782" VPOS="553" WIDTH="33" HEIGHT="20" WC="0.90" CONTENT="vid"/><SP WIDTH="23" VPOS="553" HPOS="815"/>
							<String ID="string_137" HPOS="838" VPOS="553" WIDTH="133" HEIGHT="26" WC="0.90" CONTENT="päläggande"/>
						</TextLine>
						<TextLine ID="line_14" HPOS="142" VPOS="580" WIDTH="829" HEIGHT="27">
							<String ID="string_138" HPOS="142" VPOS="580" WIDTH="23" HEIGHT="21" WC="0.96" CONTENT="af"/><SP WIDTH="15" VPOS="580" HPOS="165"/>
							<String ID="string_139" HPOS="180" VPOS="580" WIDTH="165" HEIGHT="27" WC="0.96" CONTENT="beskattningen"/><SP WIDTH="17" VPOS="580" HPOS="345"/>
							<String ID="string_140" HPOS="362" VPOS="581" WIDTH="68" HEIGHT="21" WC="0.96" CONTENT="skulle"/><SP WIDTH="16" VPOS="581" HPOS="430"/>
							<String ID="string_141" HPOS="446" VPOS="581" WIDTH="71" HEIGHT="20" WC="0.93" CONTENT="kunna"/><SP WIDTH="16" VPOS="581" HPOS="517"/>
							<String ID="string_142" HPOS="533" VPOS="581" WIDTH="137" HEIGHT="26" WC="0.92" CONTENT="förekomma,"/><SP WIDTH="18" VPOS="581" HPOS="670"/>
							<String ID="string_143" HPOS="688" VPOS="587" WIDTH="47" HEIGHT="15" WC="0.96" CONTENT="men"/><SP WIDTH="17" VPOS="587" HPOS="735"/>
							<String ID="string_144" HPOS="752" VPOS="581" WIDTH="27" HEIGHT="21" WC="0.96" CONTENT="dä"/><SP WIDTH="16" VPOS="581" HPOS="779"/>
							<String ID="string_145" HPOS="795" VPOS="581" WIDTH="69" HEIGHT="21" WC="0.93" CONTENT="denna"/><SP WIDTH="23" VPOS="581" HPOS="864"/>
							<String ID="string_146" HPOS="887" VPOS="581" WIDTH="84" HEIGHT="21" WC="0.92" CONTENT="författ-"/>
						</TextLine>
						<TextLine ID="line_15" HPOS="142" VPOS="609" WIDTH="829" HEIGHT="27">
							<String ID="string_147" HPOS="142" VPOS="609" WIDTH="51" HEIGHT="25" WC="0.96" CONTENT="ning"/><SP WIDTH="17" VPOS="609" HPOS="193"/>
							<String ID="string_148" HPOS="210" VPOS="609" WIDTH="66" HEIGHT="20" WC="0.93" CONTENT="redan"/><SP WIDTH="16" VPOS="609" HPOS="276"/>
							<String ID="string_149" HPOS="292" VPOS="609" WIDTH="138" HEIGHT="21" WC="0.91" CONTENT="härförinnan"/><SP WIDTH="16" VPOS="609" HPOS="430"/>
							<String ID="string_150" HPOS="446" VPOS="610" WIDTH="38" HEIGHT="20" WC="0.93" CONTENT="har"/><SP WIDTH="16" VPOS="610" HPOS="484"/>
							<String ID="string_151" HPOS="500" VPOS="610" WIDTH="118" HEIGHT="26" WC="0.92" CONTENT="tillämpats"/><SP WIDTH="17" VPOS="610" HPOS="618"/>
							<String ID="string_152" HPOS="635" VPOS="617" WIDTH="24" HEIGHT="13" WC="0.93" CONTENT="en"/><SP WIDTH="17" VPOS="617" HPOS="659"/>
							<String ID="string_153" HPOS="676" VPOS="610" WIDTH="50" HEIGHT="26" WC="0.93" CONTENT="läng"/><SP WIDTH="22" VPOS="610" HPOS="726"/>
							<String ID="string_154" HPOS="748" VPOS="610" WIDTH="37" HEIGHT="25" WC="0.96" CONTENT="tid,"/><SP WIDTH="25" VPOS="610" HPOS="785"/>
							<String ID="string_155" HPOS="810" VPOS="611" WIDTH="51" HEIGHT="19" WC="0.96" CONTENT="utan"/><SP WIDTH="22" VPOS="611" HPOS="861"/>
							<String ID="string_156" HPOS="883" VPOS="611" WIDTH="32" HEIGHT="19" WC="0.93" CONTENT="att"/><SP WIDTH="21" VPOS="611" HPOS="915"/>
							<String ID="string_157" HPOS="936" VPOS="616" WIDTH="35" HEIGHT="15" WC="0.92" CONTENT="ve-"/>
						</TextLine>
						<TextLine ID="line_16" HPOS="143" VPOS="637" WIDTH="827" HEIGHT="28">
							<String ID="string_158" HPOS="143" VPOS="637" WIDTH="90" HEIGHT="26" WC="0.93" CONTENT="terligen"/><SP WIDTH="16" VPOS="637" HPOS="233"/>
							<String ID="string_159" HPOS="249" VPOS="637" WIDTH="66" HEIGHT="26" WC="0.92" CONTENT="nägra"/><SP WIDTH="15" VPOS="637" HPOS="315"/>
							<String ID="string_160" HPOS="330" VPOS="637" WIDTH="107" HEIGHT="27" WC="0.90" CONTENT="klagomäl"/><SP WIDTH="15" VPOS="637" HPOS="437"/>
							<String ID="string_161" HPOS="452" VPOS="638" WIDTH="142" HEIGHT="27" WC="0.93" CONTENT="förnummits,"/><SP WIDTH="17" VPOS="638" HPOS="594"/>
							<String ID="string_162" HPOS="611" VPOS="637" WIDTH="23" HEIGHT="22" WC="0.93" CONTENT="sä"/><SP WIDTH="15" VPOS="637" HPOS="634"/>
							<String ID="string_163" HPOS="649" VPOS="638" WIDTH="67" HEIGHT="26" WC="0.92" CONTENT="ansäg"/><SP WIDTH="16" VPOS="638" HPOS="716"/>
							<String ID="string_164" HPOS="732" VPOS="638" WIDTH="105" HEIGHT="21" WC="0.93" CONTENT="utskottet"/><SP WIDTH="11" VPOS="638" HPOS="837"/>
							<String ID="string_165" HPOS="848" VPOS="640" WIDTH="31" HEIGHT="19" WC="0.93" CONTENT="ett"/><SP WIDTH="16" VPOS="640" HPOS="879"/>
							<String ID="string_166" HPOS="895" VPOS="638" WIDTH="75" HEIGHT="21" WC="0.93" CONTENT="sädant"/>
						</TextLine>
						<TextLine ID="line_17" HPOS="143" VPOS="665" WIDTH="260" HEIGHT="26">
							<String ID="string_167" HPOS="143" VPOS="665" WIDTH="74" HEIGHT="26" WC="0.95" CONTENT="tillägg"/><SP WIDTH="15" VPOS="665" HPOS="217"/>
							<String ID="string_168" HPOS="232" VPOS="666" WIDTH="47" HEIGHT="21" WC="0.93" CONTENT="icke"/><SP WIDTH="16" VPOS="666" HPOS="279"/>
							<String ID="string_169" HPOS="295" VPOS="666" WIDTH="108" HEIGHT="21" WC="0.92" CONTENT="behöfvas."/>
						</TextLine>
					</TextBlock>
				</ComposedBlock>
				<ComposedBlock ID="cblock_4" HPOS="142" VPOS="722" WIDTH="830" HEIGHT="372">
					<TextBlock ID="block_3" HPOS="142" VPOS="722" WIDTH="830" HEIGHT="368">
						<TextLine ID="line_18" HPOS="211" VPOS="722" WIDTH="760" HEIGHT="27">
							<String ID="string_170" HPOS="211" VPOS="722" WIDTH="32" HEIGHT="21" WC="0.92" CONTENT="Hr"/><SP WIDTH="16" VPOS="722" HPOS="243"/>
							<String ID="string_171" HPOS="259" VPOS="723" WIDTH="24" HEIGHT="20" WC="0.90" CONTENT="L."/><SP WIDTH="17" VPOS="723" HPOS="283"/>
							<String ID="string_172" HPOS="300" VPOS="722" WIDTH="146" HEIGHT="21" WC="0.90" CONTENT="Mechelin:"/><SP WIDTH="16" VPOS="722" HPOS="446"/>
							<String ID="string_173" HPOS="462" VPOS="723" WIDTH="40" HEIGHT="26" WC="0.97" CONTENT="Jag"/><SP WIDTH="17" VPOS="723" HPOS="502"/>
							<String ID="string_174" HPOS="519" VPOS="725" WIDTH="36" HEIGHT="24" WC="0.96" CONTENT="tog"/><SP WIDTH="16" VPOS="725" HPOS="555"/>
							<String ID="string_175" HPOS="571" VPOS="723" WIDTH="42" HEIGHT="26" WC="0.96" CONTENT="mig"/><SP WIDTH="15" VPOS="723" HPOS="613"/>
							<String ID="string_176" HPOS="628" VPOS="723" WIDTH="91" HEIGHT="21" WC="0.96" CONTENT="friheten"/><SP WIDTH="17" VPOS="723" HPOS="719"/>
							<String ID="string_177" HPOS="736" VPOS="723" WIDTH="80" HEIGHT="26" WC="0.96" CONTENT="anföra,"/><SP WIDTH="24" VPOS="723" HPOS="816"/>
							<String ID="string_178" HPOS="840" VPOS="724" WIDTH="32" HEIGHT="19" WC="0.93" CONTENT="att"/><SP WIDTH="15" VPOS="724" HPOS="872"/>
							<String ID="string_179" HPOS="887" VPOS="722" WIDTH="84" HEIGHT="21" WC="0.91" CONTENT="författ-"/>
						</TextLine>
						<TextLine ID="line_19" HPOS="142" VPOS="750" WIDTH="829" HEIGHT="28">
							<String ID="string_180" HPOS="142" VPOS="750" WIDTH="77" HEIGHT="26" WC="0.96" CONTENT="ningen"/><SP WIDTH="20" VPOS="750" HPOS="219"/>
							<String ID="string_181" HPOS="239" VPOS="751" WIDTH="40" HEIGHT="20" WC="0.95" CONTENT="har"/><SP WIDTH="16" VPOS="751" HPOS="279"/>
							<String ID="string_182" HPOS="295" VPOS="751" WIDTH="69" HEIGHT="20" WC="0.96" CONTENT="blifvit"/><SP WIDTH="20" VPOS="751" HPOS="364"/>
							<String ID="string_183" HPOS="384" VPOS="751" WIDTH="156" HEIGHT="26" WC="0.96" CONTENT="missförstådd,"/><SP WIDTH="22" VPOS="751" HPOS="540"/>
							<String ID="string_184" HPOS="562" VPOS="752" WIDTH="27" HEIGHT="26" WC="0.96" CONTENT="på"/><SP WIDTH="22" VPOS="752" HPOS="589"/>
							<String ID="string_185" HPOS="611" VPOS="753" WIDTH="42" HEIGHT="20" WC="0.96" CONTENT="sätt"/><SP WIDTH="21" VPOS="753" HPOS="653"/>
							<String ID="string_186" HPOS="674" VPOS="753" WIDTH="37" HEIGHT="25" WC="0.96" CONTENT="jag"/><SP WIDTH="21" VPOS="753" HPOS="711"/>
							<String ID="string_187" HPOS="732" VPOS="751" WIDTH="123" HEIGHT="21" WC="0.90" CONTENT="framhållit."/><SP WIDTH="32" VPOS="751" HPOS="855"/>
							<String ID="string_188" HPOS="887" VPOS="751" WIDTH="84" HEIGHT="20" WC="0.93" CONTENT="Sådana"/>
						</TextLine>
						<TextLine ID="line_20" HPOS="143" VPOS="778" WIDTH="827" HEIGHT="29">
							<String ID="string_189" HPOS="143" VPOS="778" WIDTH="37" HEIGHT="21" WC="0.91" CONTENT="fall"/><SP WIDTH="17" VPOS="778" HPOS="180"/>
							<String ID="string_190" HPOS="197" VPOS="779" WIDTH="113" HEIGHT="26" WC="0.91" CONTENT="uppgifvas"/><SP WIDTH="16" VPOS="779" HPOS="310"/>
							<String ID="string_191" HPOS="326" VPOS="779" WIDTH="64" HEIGHT="21" WC="0.96" CONTENT="hafva"/><SP WIDTH="16" VPOS="779" HPOS="390"/>
							<String ID="string_192" HPOS="406" VPOS="779" WIDTH="141" HEIGHT="26" WC="0.95" CONTENT="förekommit,"/><SP WIDTH="25" VPOS="779" HPOS="547"/>
							<String ID="string_193" HPOS="572" VPOS="780" WIDTH="67" HEIGHT="21" WC="0.87" CONTENT="ehuru"/><SP WIDTH="14" VPOS="780" HPOS="639"/>
							<String ID="string_194" HPOS="653" VPOS="781" WIDTH="37" HEIGHT="26" WC="0.96" CONTENT="jag"/><SP WIDTH="15" VPOS="781" HPOS="690"/>
							<String ID="string_195" HPOS="705" VPOS="780" WIDTH="53" HEIGHT="20" WC="0.96" CONTENT="visst"/><SP WIDTH="16" VPOS="780" HPOS="758"/>
							<String ID="string_196" HPOS="774" VPOS="782" WIDTH="46" HEIGHT="19" WC="0.96" CONTENT="tror"/><SP WIDTH="15" VPOS="782" HPOS="820"/>
							<String ID="string_197" HPOS="835" VPOS="781" WIDTH="32" HEIGHT="19" WC="0.96" CONTENT="att"/><SP WIDTH="16" VPOS="781" HPOS="867"/>
							<String ID="string_198" HPOS="883" VPOS="779" WIDTH="26" HEIGHT="21" WC="0.96" CONTENT="de"/><SP WIDTH="15" VPOS="779" HPOS="909"/>
							<String ID="string_199" HPOS="924" VPOS="779" WIDTH="46" HEIGHT="22" WC="0.96" CONTENT="icke"/>
						</TextLine>
						<TextLine ID="line_21" HPOS="143" VPOS="807" WIDTH="828" HEIGHT="28">
							<String ID="string_200" HPOS="143" VPOS="807" WIDTH="55" HEIGHT="20" WC="0.96" CONTENT="varit"/><SP WIDTH="16" VPOS="807" HPOS="198"/>
							<String ID="string_201" HPOS="214" VPOS="807" WIDTH="84" HEIGHT="26" WC="0.93" CONTENT="många."/><SP WIDTH="32" VPOS="807" HPOS="298"/>
							<String ID="string_202" HPOS="330" VPOS="808" WIDTH="157" HEIGHT="26" WC="0.91" CONTENT="Hufvudvigten"/><SP WIDTH="17" VPOS="808" HPOS="487"/>
							<String ID="string_203" HPOS="504" VPOS="809" WIDTH="67" HEIGHT="26" WC="0.96" CONTENT="ligger"/><SP WIDTH="16" VPOS="809" HPOS="571"/>
							<String ID="string_204" HPOS="587" VPOS="809" WIDTH="135" HEIGHT="26" WC="0.95" CONTENT="naturligtvis"/><SP WIDTH="23" VPOS="809" HPOS="722"/>
							<String ID="string_205" HPOS="745" VPOS="808" WIDTH="34" HEIGHT="26" WC="0.95" CONTENT="på,"/><SP WIDTH="23" VPOS="808" HPOS="779"/>
							<String ID="string_206" HPOS="802" VPOS="809" WIDTH="32" HEIGHT="20" WC="0.96" CONTENT="att"/><SP WIDTH="16" VPOS="809" HPOS="834"/>
							<String ID="string_207" HPOS="850" VPOS="814" WIDTH="25" HEIGHT="14" WC="0.96" CONTENT="en"/><SP WIDTH="18" VPOS="814" HPOS="875"/>
							<String ID="string_208" HPOS="893" VPOS="808" WIDTH="78" HEIGHT="26" WC="0.96" CONTENT="oriktig"/>
						</TextLine>
						<TextLine ID="line_22" HPOS="144" VPOS="835" WIDTH="827" HEIGHT="36">
							<String ID="string_209" HPOS="144" VPOS="835" WIDTH="97" HEIGHT="26" WC="0.95" CONTENT="tolkning"/><SP WIDTH="16" VPOS="835" HPOS="241"/>
							<String ID="string_210" HPOS="257" VPOS="836" WIDTH="33" HEIGHT="20" WC="0.96" CONTENT="för"/><SP WIDTH="16" VPOS="836" HPOS="290"/>
							<String ID="string_211" HPOS="306" VPOS="835" WIDTH="112" HEIGHT="21" WC="0.96" CONTENT="framtiden"/><SP WIDTH="16" VPOS="835" HPOS="418"/>
							<String ID="string_212" HPOS="434" VPOS="836" WIDTH="34" HEIGHT="20" WC="0.93" CONTENT="mä"/><SP WIDTH="16" VPOS="836" HPOS="468"/>
							<String ID="string_213" HPOS="484" VPOS="837" WIDTH="89" HEIGHT="26" WC="0.84" CONTENT="förebyg;"/><SP WIDTH="1" VPOS="837" HPOS="573"/>
							<String ID="string_214" HPOS="574" VPOS="843" WIDTH="47" HEIGHT="28" WC="0.95" CONTENT="gas;"/><SP WIDTH="22" VPOS="843" HPOS="621"/>
							<String ID="string_215" HPOS="643" VPOS="837" WIDTH="98" HEIGHT="26" WC="0.91" CONTENT="möjligen"/><SP WIDTH="24" VPOS="837" HPOS="741"/>
							<String ID="string_216" HPOS="765" VPOS="836" WIDTH="142" HEIGHT="21" WC="0.91" CONTENT="förekommes"/><SP WIDTH="23" VPOS="836" HPOS="907"/>
							<String ID="string_217" HPOS="930" VPOS="837" WIDTH="41" HEIGHT="19" WC="0.96" CONTENT="den"/>
						</TextLine>
						<TextLine ID="line_23" HPOS="143" VPOS="864" WIDTH="828" HEIGHT="28">
							<String ID="string_218" HPOS="143" VPOS="864" WIDTH="66" HEIGHT="20" WC="0.95" CONTENT="redan"/><SP WIDTH="16" VPOS="864" HPOS="209"/>
							<String ID="string_219" HPOS="225" VPOS="870" WIDTH="77" HEIGHT="20" WC="0.95" CONTENT="genom"/><SP WIDTH="17" VPOS="870" HPOS="302"/>
							<String ID="string_220" HPOS="319" VPOS="866" WIDTH="31" HEIGHT="19" WC="0.95" CONTENT="att"/><SP WIDTH="16" VPOS="866" HPOS="350"/>
							<String ID="string_221" HPOS="366" VPOS="865" WIDTH="65" HEIGHT="20" WC="0.96" CONTENT="saken"/><SP WIDTH="15" VPOS="865" HPOS="431"/>
							<String ID="string_222" HPOS="446" VPOS="871" WIDTH="28" HEIGHT="14" WC="0.96" CONTENT="nu"/><SP WIDTH="16" VPOS="871" HPOS="474"/>
							<String ID="string_223" HPOS="490" VPOS="865" WIDTH="91" HEIGHT="21" WC="0.96" CONTENT="kommit"/><SP WIDTH="15" VPOS="865" HPOS="581"/>
							<String ID="string_224" HPOS="596" VPOS="866" WIDTH="27" HEIGHT="26" WC="0.96" CONTENT="på"/><SP WIDTH="16" VPOS="866" HPOS="623"/>
							<String ID="string_225" HPOS="639" VPOS="866" WIDTH="28" HEIGHT="20" WC="0.96" CONTENT="tal"/><SP WIDTH="18" VPOS="866" HPOS="667"/>
							<String ID="string_226" HPOS="685" VPOS="865" WIDTH="45" HEIGHT="25" WC="0.96" CONTENT="och,"/><SP WIDTH="16" VPOS="865" HPOS="730"/>
							<String ID="string_227" HPOS="746" VPOS="864" WIDTH="27" HEIGHT="27" WC="0.96" CONTENT="på"/><SP WIDTH="24" VPOS="864" HPOS="773"/>
							<String ID="string_228" HPOS="797" VPOS="866" WIDTH="43" HEIGHT="20" WC="0.96" CONTENT="sätt"/><SP WIDTH="23" VPOS="866" HPOS="840"/>
							<String ID="string_229" HPOS="863" VPOS="865" WIDTH="31" HEIGHT="20" WC="0.93" CONTENT="Hr"/><SP WIDTH="15" VPOS="865" HPOS="894"/>
							<String ID="string_230" HPOS="909" VPOS="864" WIDTH="62" HEIGHT="21" WC="0.92" CONTENT="Stan-"/>
						</TextLine>
						<TextLine ID="line_24" HPOS="143" VPOS="892" WIDTH="828" HEIGHT="27">
							<String ID="string_231" HPOS="143" VPOS="892" WIDTH="119" HEIGHT="26" WC="0.91" CONTENT="dertskjöld"/><SP WIDTH="16" VPOS="892" HPOS="262"/>
							<String ID="string_232" HPOS="278" VPOS="896" WIDTH="72" HEIGHT="17" WC="0.96" CONTENT="senast"/><SP WIDTH="14" VPOS="896" HPOS="350"/>
							<String ID="string_233" HPOS="364" VPOS="893" WIDTH="78" HEIGHT="26" WC="0.96" CONTENT="anfört,"/><SP WIDTH="22" VPOS="893" HPOS="442"/>
							<String ID="string_234" HPOS="464" VPOS="894" WIDTH="61" HEIGHT="20" WC="0.93" CONTENT="äfven"/><SP WIDTH="24" VPOS="894" HPOS="525"/>
							<String ID="string_235" HPOS="549" VPOS="894" WIDTH="237" HEIGHT="25" WC="0.91" CONTENT="Bevillningsutskottet"/><SP WIDTH="22" VPOS="894" HPOS="786"/>
							<String ID="string_236" HPOS="808" VPOS="893" WIDTH="100" HEIGHT="21" WC="0.96" CONTENT="omfattat"/><SP WIDTH="23" VPOS="893" HPOS="908"/>
							<String ID="string_237" HPOS="931" VPOS="894" WIDTH="40" HEIGHT="20" WC="0.96" CONTENT="den"/>
						</TextLine>
						<TextLine ID="line_25" HPOS="142" VPOS="920" WIDTH="828" HEIGHT="28">
							<String ID="string_238" HPOS="142" VPOS="920" WIDTH="91" HEIGHT="26" WC="0.95" CONTENT="mening,"/><SP WIDTH="18" VPOS="920" HPOS="233"/>
							<String ID="string_239" HPOS="251" VPOS="923" WIDTH="32" HEIGHT="18" WC="0.93" CONTENT="att"/><SP WIDTH="16" VPOS="923" HPOS="283"/>
							<String ID="string_240" HPOS="299" VPOS="920" WIDTH="61" HEIGHT="27" WC="0.91" CONTENT="afgift"/><SP WIDTH="15" VPOS="920" HPOS="360"/>
							<String ID="string_241" HPOS="375" VPOS="922" WIDTH="46" HEIGHT="20" WC="0.96" CONTENT="icke"/><SP WIDTH="17" VPOS="922" HPOS="421"/>
							<String ID="string_242" HPOS="438" VPOS="922" WIDTH="53" HEIGHT="20" WC="0.93" CONTENT="skall"/><SP WIDTH="16" VPOS="922" HPOS="491"/>
							<String ID="string_243" HPOS="507" VPOS="922" WIDTH="107" HEIGHT="26" WC="0.92" CONTENT="uppbäras"/><SP WIDTH="17" VPOS="922" HPOS="614"/>
							<String ID="string_244" HPOS="631" VPOS="922" WIDTH="22" HEIGHT="21" WC="0.96" CONTENT="af"/><SP WIDTH="14" VPOS="922" HPOS="653"/>
							<String ID="string_245" HPOS="667" VPOS="922" WIDTH="55" HEIGHT="24" WC="0.96" CONTENT="dem,"/><SP WIDTH="16" VPOS="922" HPOS="722"/>
							<String ID="string_246" HPOS="738" VPOS="928" WIDTH="46" HEIGHT="14" WC="0.96" CONTENT="som"/><SP WIDTH="12" VPOS="928" HPOS="784"/>
							<String ID="string_247" HPOS="796" VPOS="922" WIDTH="66" HEIGHT="26" WC="0.93" CONTENT="enligt"/><SP WIDTH="15" VPOS="922" HPOS="862"/>
							<String ID="string_248" HPOS="877" VPOS="922" WIDTH="93" HEIGHT="26" WC="0.92" CONTENT="närings-"/>
						</TextLine>
						<TextLine ID="line_26" HPOS="142" VPOS="948" WIDTH="829" HEIGHT="29">
							<String ID="string_249" HPOS="142" VPOS="948" WIDTH="62" HEIGHT="26" WC="0.96" CONTENT="lagen"/><SP WIDTH="17" VPOS="948" HPOS="204"/>
							<String ID="string_250" HPOS="221" VPOS="949" WIDTH="86" HEIGHT="21" WC="0.96" CONTENT="nedsatt"/><SP WIDTH="15" VPOS="949" HPOS="307"/>
							<String ID="string_251" HPOS="322" VPOS="950" WIDTH="31" HEIGHT="26" WC="0.96" CONTENT="sig"/><SP WIDTH="16" VPOS="950" HPOS="353"/>
							<String ID="string_252" HPOS="369" VPOS="950" WIDTH="6" HEIGHT="20" WC="0.96" CONTENT="i"/><SP WIDTH="16" VPOS="950" HPOS="375"/>
							<String ID="string_253" HPOS="391" VPOS="950" WIDTH="73" HEIGHT="21" WC="0.96" CONTENT="landet."/><SP WIDTH="36" VPOS="950" HPOS="464"/>
							<String ID="string_254" HPOS="500" VPOS="950" WIDTH="49" HEIGHT="21" WC="0.96" CONTENT="Men"/><SP WIDTH="14" VPOS="950" HPOS="549"/>
							<String ID="string_255" HPOS="563" VPOS="951" WIDTH="37" HEIGHT="26" WC="0.96" CONTENT="jag"/><SP WIDTH="15" VPOS="951" HPOS="600"/>
							<String ID="string_256" HPOS="615" VPOS="950" WIDTH="67" HEIGHT="22" WC="0.96" CONTENT="finner"/><SP WIDTH="16" VPOS="950" HPOS="682"/>
							<String ID="string_257" HPOS="698" VPOS="950" WIDTH="43" HEIGHT="26" WC="0.97" CONTENT="mig"/><SP WIDTH="23" VPOS="950" HPOS="741"/>
							<String ID="string_258" HPOS="764" VPOS="950" WIDTH="54" HEIGHT="21" WC="0.95" CONTENT="dock"/><SP WIDTH="24" VPOS="950" HPOS="818"/>
							<String ID="string_259" HPOS="842" VPOS="950" WIDTH="47" HEIGHT="21" WC="0.93" CONTENT="icke"/><SP WIDTH="16" VPOS="950" HPOS="889"/>
							<String ID="string_260" HPOS="905" VPOS="950" WIDTH="66" HEIGHT="21" WC="0.92" CONTENT="öfver-"/>
						</TextLine>
						<TextLine ID="line_27" HPOS="142" VPOS="977" WIDTH="829" HEIGHT="28">
							<String ID="string_261" HPOS="142" VPOS="977" WIDTH="65" HEIGHT="26" WC="0.92" CONTENT="tygad"/><SP WIDTH="17" VPOS="977" HPOS="207"/>
							<String ID="string_262" HPOS="224" VPOS="983" WIDTH="34" HEIGHT="15" WC="0.96" CONTENT="om"/><SP WIDTH="17" VPOS="983" HPOS="258"/>
							<String ID="string_263" HPOS="275" VPOS="980" WIDTH="32" HEIGHT="18" WC="0.96" CONTENT="att"/><SP WIDTH="16" VPOS="980" HPOS="307"/>
							<String ID="string_264" HPOS="323" VPOS="978" WIDTH="36" HEIGHT="21" WC="0.96" CONTENT="det"/><SP WIDTH="15" VPOS="978" HPOS="359"/>
							<String ID="string_265" HPOS="374" VPOS="978" WIDTH="46" HEIGHT="21" WC="0.96" CONTENT="icke"/><SP WIDTH="16" VPOS="978" HPOS="420"/>
							<String ID="string_266" HPOS="436" VPOS="985" WIDTH="49" HEIGHT="15" WC="0.96" CONTENT="vore"/><SP WIDTH="17" VPOS="985" HPOS="485"/>
							<String ID="string_267" HPOS="502" VPOS="979" WIDTH="109" HEIGHT="26" WC="0.96" CONTENT="riktigare,"/><SP WIDTH="10" VPOS="979" HPOS="611"/>
							<String ID="string_268" HPOS="621" VPOS="982" WIDTH="32" HEIGHT="18" WC="0.96" CONTENT="att"/><SP WIDTH="11" VPOS="982" HPOS="653"/>
							<String ID="string_269" HPOS="664" VPOS="986" WIDTH="27" HEIGHT="14" WC="0.96" CONTENT="en"/><SP WIDTH="13" VPOS="986" HPOS="691"/>
							<String ID="string_270" HPOS="704" VPOS="978" WIDTH="66" HEIGHT="22" WC="0.96" CONTENT="sådan"/><SP WIDTH="11" VPOS="978" HPOS="770"/>
							<String ID="string_271" HPOS="781" VPOS="979" WIDTH="41" HEIGHT="26" WC="0.96" CONTENT="lag,"/><SP WIDTH="16" VPOS="979" HPOS="822"/>
							<String ID="string_272" HPOS="838" VPOS="985" WIDTH="46" HEIGHT="14" WC="0.96" CONTENT="som"/><SP WIDTH="11" VPOS="985" HPOS="884"/>
							<String ID="string_273" HPOS="895" VPOS="979" WIDTH="76" HEIGHT="25" WC="0.96" CONTENT="denna,"/>
						</TextLine>
						<TextLine ID="line_28" HPOS="142" VPOS="1005" WIDTH="830" HEIGHT="29">
							<String ID="string_274" HPOS="142" VPOS="1005" WIDTH="110" HEIGHT="26" WC="0.96" CONTENT="angående"/><SP WIDTH="16" VPOS="1005" HPOS="252"/>
							<String ID="string_275" HPOS="268" VPOS="1006" WIDTH="63" HEIGHT="21" WC="0.96" CONTENT="hvars"/><SP WIDTH="11" VPOS="1006" HPOS="331"/>
							<String ID="string_276" HPOS="342" VPOS="1007" WIDTH="133" HEIGHT="27" WC="0.96" CONTENT="tillämpning"/><SP WIDTH="11" VPOS="1007" HPOS="475"/>
							<String ID="string_277" HPOS="486" VPOS="1007" WIDTH="61" HEIGHT="21" WC="0.96" CONTENT="äfven"/><SP WIDTH="12" VPOS="1007" HPOS="547"/>
							<String ID="string_278" HPOS="559" VPOS="1008" WIDTH="114" HEIGHT="20" WC="0.95" CONTENT="utländska"/><SP WIDTH="11" VPOS="1008" HPOS="673"/>
							<String ID="string_279" HPOS="684" VPOS="1008" WIDTH="95" HEIGHT="20" WC="0.96" CONTENT="makters"/><SP WIDTH="11" VPOS="1008" HPOS="779"/>
							<String ID="string_280" HPOS="790" VPOS="1007" WIDTH="100" HEIGHT="21" WC="0.96" CONTENT="konsuler"/><SP WIDTH="10" VPOS="1007" HPOS="890"/>
							<String ID="string_281" HPOS="900" VPOS="1007" WIDTH="72" HEIGHT="21" WC="0.96" CONTENT="kunna"/>
						</TextLine>
						<TextLine ID="line_29" HPOS="142" VPOS="1022" WIDTH="829" HEIGHT="40">
							<String ID="string_282" HPOS="142" VPOS="1022" WIDTH="57" HEIGHT="32" WC="0.96" CONTENT="finna"/><SP WIDTH="17" VPOS="1022" HPOS="199"/>
							<String ID="string_283" HPOS="216" VPOS="1034" WIDTH="31" HEIGHT="27" WC="0.95" CONTENT="sig"/><SP WIDTH="16" VPOS="1034" HPOS="247"/>
							<String ID="string_284" HPOS="263" VPOS="1034" WIDTH="103" HEIGHT="27" WC="0.95" CONTENT="befogade"/><SP WIDTH="17" VPOS="1034" HPOS="366"/>
							<String ID="string_285" HPOS="383" VPOS="1036" WIDTH="32" HEIGHT="20" WC="0.95" CONTENT="till"/><SP WIDTH="17" VPOS="1036" HPOS="415"/>
							<String ID="string_286" HPOS="432" VPOS="1036" WIDTH="187" HEIGHT="26" WC="0.95" CONTENT="framställningar,"/><SP WIDTH="21" VPOS="1036" HPOS="619"/>
							<String ID="string_287" HPOS="640" VPOS="1036" WIDTH="68" HEIGHT="21" WC="0.96" CONTENT="måtte"/><SP WIDTH="25" VPOS="1036" HPOS="708"/>
							<String ID="string_288" HPOS="733" VPOS="1042" WIDTH="51" HEIGHT="14" WC="0.96" CONTENT="vara"/><SP WIDTH="23" VPOS="1042" HPOS="784"/>
							<String ID="string_289" HPOS="807" VPOS="1036" WIDTH="24" HEIGHT="20" WC="0.96" CONTENT="så"/><SP WIDTH="21" VPOS="1036" HPOS="831"/>
							<String ID="string_290" HPOS="852" VPOS="1038" WIDTH="119" HEIGHT="24" WC="0.90" CONTENT="noggrannt"/>
						</TextLine>
						<TextLine ID="line_30" HPOS="142" VPOS="1046" WIDTH="256" HEIGHT="48">
							<String ID="string_291" HPOS="142" VPOS="1046" WIDTH="89" HEIGHT="47" WC="0.91" CONTENT="affattad"/><SP WIDTH="17" VPOS="1046" HPOS="231"/>
							<String ID="string_292" HPOS="248" VPOS="1069" WIDTH="46" HEIGHT="15" WC="0.96" CONTENT="som"/><SP WIDTH="16" VPOS="1069" HPOS="294"/>
							<String ID="string_293" HPOS="310" VPOS="1047" WIDTH="88" HEIGHT="47" WC="0.96" CONTENT="möjligt."/>
						</TextLine>
					</TextBlock>
				</ComposedBlock>
				<ComposedBlock ID="cblock_5" HPOS="142" VPOS="1120" WIDTH="830" HEIGHT="198">
					<TextBlock ID="block_4" HPOS="142" VPOS="1120" WIDTH="830" HEIGHT="198">
						<TextLine ID="line_31" HPOS="212" VPOS="1120" WIDTH="760" HEIGHT="27">
							<String ID="string_294" HPOS="212" VPOS="1120" WIDTH="31" HEIGHT="19" WC="0.95" CONTENT="Hr"/><SP WIDTH="17" VPOS="1120" HPOS="243"/>
							<String ID="string_295" HPOS="260" VPOS="1120" WIDTH="28" HEIGHT="20" WC="0.95" CONTENT="af"/><SP WIDTH="14" VPOS="1120" HPOS="288"/>
							<String ID="string_296" HPOS="302" VPOS="1120" WIDTH="158" HEIGHT="21" WC="0.95" CONTENT="Forselles:"/><SP WIDTH="21" VPOS="1120" HPOS="460"/>
							<String ID="string_297" HPOS="481" VPOS="1121" WIDTH="32" HEIGHT="20" WC="0.96" CONTENT="Då"/><SP WIDTH="17" VPOS="1121" HPOS="513"/>
							<String ID="string_298" HPOS="530" VPOS="1122" WIDTH="42" HEIGHT="25" WC="0.92" CONTENT="det,"/><SP WIDTH="17" VPOS="1122" HPOS="572"/>
							<String ID="string_299" HPOS="589" VPOS="1121" WIDTH="68" HEIGHT="20" WC="0.91" CONTENT="såvidt"/><SP WIDTH="14" VPOS="1121" HPOS="657"/>
							<String ID="string_300" HPOS="671" VPOS="1122" WIDTH="38" HEIGHT="25" WC="0.96" CONTENT="jag"/><SP WIDTH="15" VPOS="1122" HPOS="709"/>
							<String ID="string_301" HPOS="724" VPOS="1122" WIDTH="42" HEIGHT="19" WC="0.96" CONTENT="kan"/><SP WIDTH="16" VPOS="1122" HPOS="766"/>
							<String ID="string_302" HPOS="782" VPOS="1121" WIDTH="74" HEIGHT="24" WC="0.96" CONTENT="förstå,"/><SP WIDTH="16" VPOS="1121" HPOS="856"/>
							<String ID="string_303" HPOS="872" VPOS="1121" WIDTH="46" HEIGHT="21" WC="0.93" CONTENT="icke"/><SP WIDTH="15" VPOS="1121" HPOS="918"/>
							<String ID="string_304" HPOS="933" VPOS="1121" WIDTH="39" HEIGHT="20" WC="0.88" CONTENT="fin-"/>
						</TextLine>
						<TextLine ID="line_32" HPOS="142" VPOS="1148" WIDTH="830" HEIGHT="28">
							<String ID="string_305" HPOS="142" VPOS="1154" WIDTH="37" HEIGHT="14" WC="0.95" CONTENT="nes"/><SP WIDTH="16" VPOS="1154" HPOS="179"/>
							<String ID="string_306" HPOS="195" VPOS="1148" WIDTH="66" HEIGHT="25" WC="0.96" CONTENT="något"/><SP WIDTH="16" VPOS="1148" HPOS="261"/>
							<String ID="string_307" HPOS="277" VPOS="1148" WIDTH="45" HEIGHT="21" WC="0.95" CONTENT="skäl"/><SP WIDTH="16" VPOS="1148" HPOS="322"/>
							<String ID="string_308" HPOS="338" VPOS="1150" WIDTH="32" HEIGHT="19" WC="0.95" CONTENT="att"/><SP WIDTH="15" VPOS="1150" HPOS="370"/>
							<String ID="string_309" HPOS="385" VPOS="1149" WIDTH="45" HEIGHT="20" WC="0.95" CONTENT="från"/><SP WIDTH="26" VPOS="1149" HPOS="430"/>
							<String ID="string_310" HPOS="456" VPOS="1149" WIDTH="40" HEIGHT="20" WC="0.96" CONTENT="den"/><SP WIDTH="24" VPOS="1149" HPOS="496"/>
							<String ID="string_311" HPOS="520" VPOS="1149" WIDTH="163" HEIGHT="26" WC="0.96" CONTENT="ifrågavarande"/><SP WIDTH="23" VPOS="1149" HPOS="683"/>
							<String ID="string_312" HPOS="706" VPOS="1149" WIDTH="165" HEIGHT="26" WC="0.92" CONTENT="beskattningen"/><SP WIDTH="23" VPOS="1149" HPOS="871"/>
							<String ID="string_313" HPOS="894" VPOS="1149" WIDTH="78" HEIGHT="27" WC="0.91" CONTENT="fritaga"/>
						</TextLine>
						<TextLine ID="line_33" HPOS="142" VPOS="1176" WIDTH="828" HEIGHT="29">
							<String ID="string_314" HPOS="142" VPOS="1176" WIDTH="144" HEIGHT="26" WC="0.91" CONTENT="utländingar,"/><SP WIDTH="17" VPOS="1176" HPOS="286"/>
							<String ID="string_315" HPOS="303" VPOS="1177" WIDTH="72" HEIGHT="20" WC="0.96" CONTENT="hvilka"/><SP WIDTH="16" VPOS="1177" HPOS="375"/>
							<String ID="string_316" HPOS="391" VPOS="1178" WIDTH="56" HEIGHT="20" WC="0.96" CONTENT="inom"/><SP WIDTH="17" VPOS="1178" HPOS="447"/>
							<String ID="string_317" HPOS="464" VPOS="1184" WIDTH="25" HEIGHT="14" WC="0.95" CONTENT="en"/><SP WIDTH="16" VPOS="1184" HPOS="489"/>
							<String ID="string_318" HPOS="505" VPOS="1180" WIDTH="33" HEIGHT="18" WC="0.96" CONTENT="tre"/><SP WIDTH="17" VPOS="1180" HPOS="538"/>
							<String ID="string_319" HPOS="555" VPOS="1179" WIDTH="76" HEIGHT="25" WC="0.96" CONTENT="dagars"/><SP WIDTH="15" VPOS="1179" HPOS="631"/>
							<String ID="string_320" HPOS="646" VPOS="1179" WIDTH="86" HEIGHT="20" WC="0.96" CONTENT="vistelse"/><SP WIDTH="16" VPOS="1179" HPOS="732"/>
							<String ID="string_321" HPOS="748" VPOS="1178" WIDTH="6" HEIGHT="20" WC="0.96" CONTENT="i"/><SP WIDTH="16" VPOS="1178" HPOS="754"/>
							<String ID="string_322" HPOS="770" VPOS="1178" WIDTH="73" HEIGHT="21" WC="0.95" CONTENT="landet"/><SP WIDTH="22" VPOS="1178" HPOS="843"/>
							<String ID="string_323" HPOS="865" VPOS="1180" WIDTH="52" HEIGHT="25" WC="0.93" CONTENT="göra"/><SP WIDTH="23" VPOS="1180" HPOS="917"/>
							<String ID="string_324" HPOS="940" VPOS="1179" WIDTH="30" HEIGHT="20" WC="0.91" CONTENT="af-"/>
						</TextLine>
						<TextLine ID="line_34" HPOS="143" VPOS="1205" WIDTH="829" HEIGHT="28">
							<String ID="string_325" HPOS="143" VPOS="1205" WIDTH="62" HEIGHT="23" WC="0.92" CONTENT="färer,"/><SP WIDTH="18" VPOS="1205" HPOS="205"/>
							<String ID="string_326" HPOS="223" VPOS="1205" WIDTH="37" HEIGHT="20" WC="0.96" CONTENT="ber"/><SP WIDTH="14" VPOS="1205" HPOS="260"/>
							<String ID="string_327" HPOS="274" VPOS="1205" WIDTH="36" HEIGHT="26" WC="0.96" CONTENT="jag"/><SP WIDTH="16" VPOS="1205" HPOS="310"/>
							<String ID="string_328" HPOS="326" VPOS="1207" WIDTH="32" HEIGHT="19" WC="0.96" CONTENT="att"/><SP WIDTH="15" VPOS="1207" HPOS="358"/>
							<String ID="string_329" HPOS="373" VPOS="1205" WIDTH="21" HEIGHT="21" WC="0.93" CONTENT="få"/><SP WIDTH="16" VPOS="1205" HPOS="394"/>
							<String ID="string_330" HPOS="410" VPOS="1207" WIDTH="131" HEIGHT="20" WC="0.91" CONTENT="understöda"/><SP WIDTH="16" VPOS="1207" HPOS="541"/>
							<String ID="string_331" HPOS="557" VPOS="1207" WIDTH="31" HEIGHT="20" WC="0.92" CONTENT="Hr"/><SP WIDTH="16" VPOS="1207" HPOS="588"/>
							<String ID="string_332" HPOS="604" VPOS="1206" WIDTH="165" HEIGHT="27" WC="0.91" CONTENT="Pippingskölds"/><SP WIDTH="16" VPOS="1206" HPOS="769"/>
							<String ID="string_333" HPOS="785" VPOS="1207" WIDTH="86" HEIGHT="26" WC="0.93" CONTENT="förslag,"/><SP WIDTH="20" VPOS="1207" HPOS="871"/>
							<String ID="string_334" HPOS="891" VPOS="1207" WIDTH="81" HEIGHT="21" WC="0.92" CONTENT="derhän"/>
						</TextLine>
						<TextLine ID="line_35" HPOS="142" VPOS="1233" WIDTH="829" HEIGHT="28">
							<String ID="string_335" HPOS="142" VPOS="1235" WIDTH="33" HEIGHT="18" WC="0.96" CONTENT="att"/><SP WIDTH="16" VPOS="1235" HPOS="175"/>
							<String ID="string_336" HPOS="191" VPOS="1233" WIDTH="67" HEIGHT="20" WC="0.91" CONTENT="orden"/><SP WIDTH="16" VPOS="1233" HPOS="258"/>
							<String ID="string_337" HPOS="274" VPOS="1250" WIDTH="5" HEIGHT="8" WC="0.56" CONTENT=","/><SP WIDTH="3" VPOS="1250" HPOS="279"/>
							<String ID="string_338" HPOS="282" VPOS="1237" WIDTH="39" HEIGHT="21" WC="0.56" CONTENT="tre"/><SP WIDTH="16" VPOS="1237" HPOS="321"/>
							<String ID="string_339" HPOS="337" VPOS="1234" WIDTH="76" HEIGHT="26" WC="0.96" CONTENT="dagars"/><SP WIDTH="16" VPOS="1234" HPOS="413"/>
							<String ID="string_340" HPOS="429" VPOS="1235" WIDTH="84" HEIGHT="20" WC="0.96" CONTENT="vistelse"/><SP WIDTH="17" VPOS="1235" HPOS="513"/>
							<String ID="string_341" HPOS="530" VPOS="1235" WIDTH="6" HEIGHT="20" WC="0.96" CONTENT="i"/><SP WIDTH="17" VPOS="1235" HPOS="536"/>
							<String ID="string_342" HPOS="553" VPOS="1235" WIDTH="71" HEIGHT="21" WC="0.96" CONTENT="landet"/><SP WIDTH="19" VPOS="1235" HPOS="624"/>
							<String ID="string_343" HPOS="643" VPOS="1235" WIDTH="53" HEIGHT="21" WC="0.87" CONTENT="och*"/><SP WIDTH="24" VPOS="1235" HPOS="696"/>
							<String ID="string_344" HPOS="720" VPOS="1235" WIDTH="68" HEIGHT="20" WC="0.95" CONTENT="skulle"/><SP WIDTH="16" VPOS="1235" HPOS="788"/>
							<String ID="string_345" HPOS="804" VPOS="1235" WIDTH="112" HEIGHT="26" WC="0.96" CONTENT="uteslutas,"/><SP WIDTH="17" VPOS="1235" HPOS="916"/>
							<String ID="string_346" HPOS="933" VPOS="1236" WIDTH="38" HEIGHT="20" WC="0.56" CONTENT="och"/>
						</TextLine>
						<TextLine ID="line_36" HPOS="142" VPOS="1261" WIDTH="829" HEIGHT="29">
							<String ID="string_347" HPOS="142" VPOS="1261" WIDTH="129" HEIGHT="26" WC="0.95" CONTENT="paragrafen"/><SP WIDTH="16" VPOS="1261" HPOS="271"/>
							<String ID="string_348" HPOS="287" VPOS="1262" WIDTH="84" HEIGHT="21" WC="0.96" CONTENT="komme"/><SP WIDTH="15" VPOS="1262" HPOS="371"/>
							<String ID="string_349" HPOS="386" VPOS="1265" WIDTH="32" HEIGHT="18" WC="0.96" CONTENT="att"/><SP WIDTH="16" VPOS="1265" HPOS="418"/>
							<String ID="string_350" HPOS="434" VPOS="1263" WIDTH="60" HEIGHT="26" WC="0.93" CONTENT="lyda:"/><SP WIDTH="17" VPOS="1263" HPOS="494"/>
							<String ID="string_351" HPOS="511" VPOS="1263" WIDTH="137" HEIGHT="27" WC="0.89" CONTENT=",,Utländing,"/><SP WIDTH="17" VPOS="1263" HPOS="648"/>
							<String ID="string_352" HPOS="665" VPOS="1269" WIDTH="45" HEIGHT="16" WC="0.95" CONTENT="som"/><SP WIDTH="16" VPOS="1269" HPOS="710"/>
							<String ID="string_353" HPOS="726" VPOS="1263" WIDTH="33" HEIGHT="21" WC="0.95" CONTENT="för"/><SP WIDTH="11" VPOS="1263" HPOS="759"/>
							<String ID="string_354" HPOS="770" VPOS="1269" WIDTH="52" HEIGHT="21" WC="0.96" CONTENT="egen"/><SP WIDTH="12" VPOS="1269" HPOS="822"/>
							<String ID="string_355" HPOS="834" VPOS="1264" WIDTH="51" HEIGHT="21" WC="0.96" CONTENT="eller"/><SP WIDTH="16" VPOS="1264" HPOS="885"/>
							<String ID="string_356" HPOS="901" VPOS="1263" WIDTH="70" HEIGHT="22" WC="0.96" CONTENT="såsom"/>
						</TextLine>
						<TextLine ID="line_37" HPOS="142" VPOS="1290" WIDTH="604" HEIGHT="28">
							<String ID="string_357" HPOS="142" VPOS="1290" WIDTH="121" HEIGHT="25" WC="0.92" CONTENT="utskickad,"/><SP WIDTH="16" VPOS="1290" HPOS="263"/>
							<String ID="string_358" HPOS="279" VPOS="1290" WIDTH="33" HEIGHT="21" WC="0.96" CONTENT="för"/><SP WIDTH="15" VPOS="1290" HPOS="312"/>
							<String ID="string_359" HPOS="327" VPOS="1297" WIDTH="81" HEIGHT="14" WC="0.96" CONTENT="annans"/><SP WIDTH="16" VPOS="1297" HPOS="408"/>
							<String ID="string_360" HPOS="424" VPOS="1292" WIDTH="89" HEIGHT="26" WC="0.93" CONTENT="räkning"/><SP WIDTH="16" VPOS="1292" HPOS="513"/>
							<String ID="string_361" HPOS="529" VPOS="1292" WIDTH="114" HEIGHT="26" WC="0.92" CONTENT="utbjuder*"/><SP WIDTH="17" VPOS="1292" HPOS="643"/>
							<String ID="string_362" HPOS="660" VPOS="1299" WIDTH="18" HEIGHT="14" WC="0.96" CONTENT="o."/><SP WIDTH="18" VPOS="1299" HPOS="678"/>
							<String ID="string_363" HPOS="696" VPOS="1298" WIDTH="15" HEIGHT="14" WC="0.96" CONTENT="s."/><SP WIDTH="17" VPOS="1298" HPOS="711"/>
							<String ID="string_364" HPOS="728" VPOS="1298" WIDTH="18" HEIGHT="14" WC="0.97" CONTENT="v."/>
						</TextLine>
					</TextBlock>
				</ComposedBlock>
				<ComposedBlock ID="cblock_6" HPOS="142" VPOS="1347" WIDTH="830" HEIGHT="170">
					<TextBlock ID="block_5" HPOS="142" VPOS="1347" WIDTH="830" HEIGHT="170">
						<TextLine ID="line_38" HPOS="211" VPOS="1347" WIDTH="760" HEIGHT="28">
							<String ID="string_365" HPOS="211" VPOS="1347" WIDTH="32" HEIGHT="20" WC="0.83" CONTENT="Hr"/><SP WIDTH="27" VPOS="1347" HPOS="243"/>
							<String ID="string_366" HPOS="270" VPOS="1347" WIDTH="203" HEIGHT="28" WC="0.95" CONTENT="Montgomery:"/><SP WIDTH="26" VPOS="1347" HPOS="473"/>
							<String ID="string_367" HPOS="499" VPOS="1349" WIDTH="34" HEIGHT="20" WC="0.96" CONTENT="Då"/><SP WIDTH="22" VPOS="1349" HPOS="533"/>
							<String ID="string_368" HPOS="555" VPOS="1349" WIDTH="46" HEIGHT="20" WC="0.96" CONTENT="från"/><SP WIDTH="23" VPOS="1349" HPOS="601"/>
							<String ID="string_369" HPOS="624" VPOS="1349" WIDTH="130" HEIGHT="26" WC="0.96" CONTENT="fullkomligt"/><SP WIDTH="25" VPOS="1349" HPOS="754"/>
							<String ID="string_370" HPOS="779" VPOS="1349" WIDTH="125" HEIGHT="26" WC="0.96" CONTENT="kompetent"/><SP WIDTH="25" VPOS="1349" HPOS="904"/>
							<String ID="string_371" HPOS="929" VPOS="1348" WIDTH="42" HEIGHT="21" WC="0.86" CONTENT="håll"/>
						</TextLine>
						<TextLine ID="line_39" HPOS="142" VPOS="1376" WIDTH="829" HEIGHT="27">
							<String ID="string_372" HPOS="142" VPOS="1376" WIDTH="97" HEIGHT="25" WC="0.91" CONTENT="upplysts"/><SP WIDTH="17" VPOS="1376" HPOS="239"/>
							<String ID="string_373" HPOS="256" VPOS="1378" WIDTH="33" HEIGHT="18" WC="0.96" CONTENT="att"/><SP WIDTH="15" VPOS="1378" HPOS="289"/>
							<String ID="string_374" HPOS="304" VPOS="1383" WIDTH="27" HEIGHT="13" WC="0.96" CONTENT="nu"/><SP WIDTH="16" VPOS="1383" HPOS="331"/>
							<String ID="string_375" HPOS="347" VPOS="1377" WIDTH="98" HEIGHT="26" WC="0.95" CONTENT="gällande"/><SP WIDTH="23" VPOS="1377" HPOS="445"/>
							<String ID="string_376" HPOS="468" VPOS="1377" WIDTH="126" HEIGHT="26" WC="0.92" CONTENT="författning"/><SP WIDTH="23" VPOS="1377" HPOS="594"/>
							<String ID="string_377" HPOS="617" VPOS="1377" WIDTH="81" HEIGHT="21" WC="0.96" CONTENT="kunnat"/><SP WIDTH="16" VPOS="1377" HPOS="698"/>
							<String ID="string_378" HPOS="714" VPOS="1377" WIDTH="132" HEIGHT="21" WC="0.96" CONTENT="missförstås"/><SP WIDTH="17" VPOS="1377" HPOS="846"/>
							<String ID="string_379" HPOS="863" VPOS="1377" WIDTH="108" HEIGHT="26" WC="0.96" CONTENT="angående"/>
						</TextLine>
						<TextLine ID="line_40" HPOS="142" VPOS="1393" WIDTH="830" HEIGHT="39">
							<String ID="string_380" HPOS="142" VPOS="1404" WIDTH="26" HEIGHT="20" WC="0.92" CONTENT="de"/><SP WIDTH="16" VPOS="1404" HPOS="168"/>
							<String ID="string_381" HPOS="184" VPOS="1404" WIDTH="144" HEIGHT="26" WC="0.92" CONTENT="utländingar,"/><SP WIDTH="18" VPOS="1404" HPOS="328"/>
							<String ID="string_382" HPOS="346" VPOS="1411" WIDTH="44" HEIGHT="14" WC="0.96" CONTENT="som"/><SP WIDTH="16" VPOS="1411" HPOS="390"/>
							<String ID="string_383" HPOS="406" VPOS="1405" WIDTH="34" HEIGHT="20" WC="0.96" CONTENT="för"/><SP WIDTH="15" VPOS="1405" HPOS="440"/>
							<String ID="string_384" HPOS="455" VPOS="1405" WIDTH="73" HEIGHT="26" WC="0.96" CONTENT="längre"/><SP WIDTH="17" VPOS="1405" HPOS="528"/>
							<String ID="string_385" HPOS="545" VPOS="1406" WIDTH="29" HEIGHT="20" WC="0.96" CONTENT="tid"/><SP WIDTH="7" VPOS="1406" HPOS="574"/>
							<String ID="string_386" HPOS="581" VPOS="1393" WIDTH="96" HEIGHT="33" WC="0.42" CONTENT="nedsatt"/><SP WIDTH="16" VPOS="1393" HPOS="677"/>
							<String ID="string_387" HPOS="693" VPOS="1406" WIDTH="31" HEIGHT="26" WC="0.96" CONTENT="sig"/><SP WIDTH="16" VPOS="1406" HPOS="724"/>
							<String ID="string_388" HPOS="740" VPOS="1405" WIDTH="6" HEIGHT="21" WC="0.96" CONTENT="i"/><SP WIDTH="17" VPOS="1405" HPOS="746"/>
							<String ID="string_389" HPOS="763" VPOS="1406" WIDTH="78" HEIGHT="25" WC="0.95" CONTENT="landet,"/><SP WIDTH="24" VPOS="1406" HPOS="841"/>
							<String ID="string_390" HPOS="865" VPOS="1394" WIDTH="51" HEIGHT="32" WC="0.95" CONTENT="utan"/><SP WIDTH="23" VPOS="1394" HPOS="916"/>
							<String ID="string_391" HPOS="939" VPOS="1407" WIDTH="33" HEIGHT="19" WC="0.95" CONTENT="att"/>
						</TextLine>
						<TextLine ID="line_41" HPOS="144" VPOS="1422" WIDTH="828" HEIGHT="38">
							<String ID="string_392" HPOS="144" VPOS="1431" WIDTH="67" HEIGHT="21" WC="0.95" CONTENT="blifva"/><SP WIDTH="15" VPOS="1431" HPOS="211"/>
							<String ID="string_393" HPOS="226" VPOS="1432" WIDTH="69" HEIGHT="20" WC="0.96" CONTENT="finska"/><SP WIDTH="16" VPOS="1432" HPOS="295"/>
							<String ID="string_394" HPOS="311" VPOS="1433" WIDTH="145" HEIGHT="26" WC="0.96" CONTENT="medborgare,"/><SP WIDTH="17" VPOS="1433" HPOS="456"/>
							<String ID="string_395" HPOS="473" VPOS="1433" WIDTH="23" HEIGHT="21" WC="0.96" CONTENT="så"/><SP WIDTH="16" VPOS="1433" HPOS="496"/>
							<String ID="string_396" HPOS="512" VPOS="1434" WIDTH="68" HEIGHT="20" WC="0.95" CONTENT="skulle"/><SP WIDTH="15" VPOS="1434" HPOS="580"/>
							<String ID="string_397" HPOS="595" VPOS="1434" WIDTH="35" HEIGHT="26" WC="0.96" CONTENT="jag"/><SP WIDTH="21" VPOS="1434" HPOS="630"/>
							<String ID="string_398" HPOS="651" VPOS="1434" WIDTH="26" HEIGHT="20" WC="0.96" CONTENT="be"/><SP WIDTH="17" VPOS="1434" HPOS="677"/>
							<String ID="string_399" HPOS="694" VPOS="1422" WIDTH="29" HEIGHT="32" WC="0.93" CONTENT="få"/><SP WIDTH="7" VPOS="1422" HPOS="723"/>
							<String ID="string_400" HPOS="730" VPOS="1434" WIDTH="86" HEIGHT="21" WC="0.96" CONTENT="biträda"/><SP WIDTH="21" VPOS="1434" HPOS="816"/>
							<String ID="string_401" HPOS="837" VPOS="1422" WIDTH="38" HEIGHT="32" WC="0.95" CONTENT="det"/><SP WIDTH="22" VPOS="1422" HPOS="875"/>
							<String ID="string_402" HPOS="897" VPOS="1434" WIDTH="23" HEIGHT="20" WC="0.95" CONTENT="af"/><SP WIDTH="20" VPOS="1434" HPOS="920"/>
							<String ID="string_403" HPOS="940" VPOS="1434" WIDTH="32" HEIGHT="21" WC="0.95" CONTENT="Hr"/>
						</TextLine>
						<TextLine ID="line_42" HPOS="142" VPOS="1460" WIDTH="829" HEIGHT="28">
							<String ID="string_404" HPOS="142" VPOS="1460" WIDTH="105" HEIGHT="21" WC="0.91" CONTENT="Mechelin"/><SP WIDTH="17" VPOS="1460" HPOS="247"/>
							<String ID="string_405" HPOS="264" VPOS="1460" WIDTH="120" HEIGHT="28" WC="0.96" CONTENT="föreslagna"/><SP WIDTH="23" VPOS="1460" HPOS="384"/>
							<String ID="string_406" HPOS="407" VPOS="1462" WIDTH="172" HEIGHT="26" WC="0.95" CONTENT="förtydligandet."/><SP WIDTH="31" VPOS="1462" HPOS="579"/>
							<String ID="string_407" HPOS="610" VPOS="1463" WIDTH="41" HEIGHT="20" WC="0.96" CONTENT="Det"/><SP WIDTH="22" VPOS="1463" HPOS="651"/>
							<String ID="string_408" HPOS="673" VPOS="1462" WIDTH="79" HEIGHT="21" WC="0.96" CONTENT="skadar"/><SP WIDTH="20" VPOS="1462" HPOS="752"/>
							<String ID="string_409" HPOS="772" VPOS="1462" WIDTH="23" HEIGHT="26" WC="0.96" CONTENT="ju"/><SP WIDTH="22" VPOS="1462" HPOS="795"/>
							<String ID="string_410" HPOS="817" VPOS="1462" WIDTH="46" HEIGHT="21" WC="0.96" CONTENT="icke"/><SP WIDTH="24" VPOS="1462" HPOS="863"/>
							<String ID="string_411" HPOS="887" VPOS="1464" WIDTH="32" HEIGHT="19" WC="0.96" CONTENT="att"/><SP WIDTH="22" VPOS="1464" HPOS="919"/>
							<String ID="string_412" HPOS="941" VPOS="1464" WIDTH="30" HEIGHT="19" WC="0.96" CONTENT="ett"/>
						</TextLine>
						<TextLine ID="line_43" HPOS="142" VPOS="1488" WIDTH="407" HEIGHT="29">
							<String ID="string_413" HPOS="142" VPOS="1488" WIDTH="77" HEIGHT="21" WC="0.96" CONTENT="sådant"/><SP WIDTH="14" VPOS="1488" HPOS="219"/>
							<String ID="string_414" HPOS="233" VPOS="1488" WIDTH="120" HEIGHT="22" WC="0.94" CONTENT="inkommer"/><SP WIDTH="15" VPOS="1488" HPOS="353"/>
							<String ID="string_415" HPOS="368" VPOS="1490" WIDTH="6" HEIGHT="20" WC="0.96" CONTENT="i"/><SP WIDTH="17" VPOS="1490" HPOS="374"/>
							<String ID="string_416" HPOS="391" VPOS="1490" WIDTH="158" HEIGHT="27" WC="0.96" CONTENT="författningen."/>
						</TextLine>
					</TextBlock>
				</ComposedBlock>
			</PrintSpace>
		</Page>
	</Layout>
</alto>
