1025 1686
319 91 25 17 R.
356 95 18 13 o.
386 91 23 17 A.
421 91 55 17 1891.
500 91 14 17 4
526 91 64 22 April.
800 87 41 20 583

40 171 44 20 rätt
106 171 8 20 i
136 171 41 20 den
200 170 93 27 följande
314 171 119 26 meningen,
458 183 27 2 —
508 170 86 22 hvilken
609 171 68 26 enligt
692 171 32 21 Hr
738 171 132 22 Grotenfelts

39 198 58 27 äsigt
112 199 63 21 äfven
190 199 40 21 den
245 205 50 15 vore
311 199 108 25 haltande,
436 211 28 2 —
479 201 33 19 att
528 199 143 26 petitionären
686 199 56 22 blott
757 199 51 27 föga
815 201 55 20 kun-

40 229 38 19 nat
94 228 103 21 motivera
211 227 33 22 sin
259 227 96 22 ansökan
370 227 48 22 med
434 227 112 27 praktiska
561 227 54 27 skäl,
631 228 107 27 nämligen
754 228 54 25 skäl,
824 235 45 15 som

39 255 71 22 kunde
134 256 51 27 tyda
207 256 72 26 derpä,
302 258 33 19 att
358 256 195 21 elementarkurser
576 256 69 21 skulle
667 257 93 26 upphört
783 257 28 26 pä
829 257 40 21 den

37 285 78 25 grund,
138 286 33 19 att
194 284 74 26 anslag
290 284 46 21 icke
351 284 86 21 vunnits
452 284 33 21 till
501 284 118 21 understöd
634 284 23 22 af
671 284 76 22 sådant
762 285 106 21 ändamål.

39 325 29 2 —
89 313 32 21 Hr
143 319 42 15 von
205 313 84 27 Wright
304 313 40 21 har
359 312 107 27 päbördat
482 313 43 26 mig
540 313 62 21 äfven
618 315 32 19 ett
665 315 65 19 annat
745 313 124 27 pästäende,

38 347 47 15 som
105 341 37 27 jag
163 341 65 21 likväl
248 341 46 21 icke
317 341 57 27 gjort
388 342 7 20 i
411 342 44 20 min
477 342 137 26 reservation,
630 342 113 26 nämligen,
759 344 33 19 att
807 344 63 20 stats-

40 370 106 26 budgeten
163 370 84 21 komme
262 372 33 19 att
305 370 55 26 stiga
375 370 7 21 i
398 370 139 26 oberäknelig
545 370 56 26 män,
614 370 7 21 i
632 370 102 22 händelse
742 377 50 15 man
800 370 69 22 skulle

38 398 116 26 godkänna
176 399 123 25 petitionen.
330 400 64 20 Detta
417 400 25 19 är
464 399 47 21 icke
529 398 67 22 heller
612 401 55 23 sant,
683 401 51 19 utan
748 400 37 26 jag
801 401 67 25 säger,

38 429 34 19 att
95 427 95 21 hvarken
213 427 143 27 petitionären
378 427 53 21 eller
452 427 107 21 utskottet
575 427 64 21 hafva
653 428 83 21 kunnat
750 428 117 27 kalkylera,

40 455 56 21 huru
112 456 52 26 högt
179 456 144 21 kostnaderna
337 456 85 21 komme
438 457 33 19 att
486 456 62 26 stiga.

108 484 52 21 Rätt
176 484 47 26 läst,
239 484 61 22 torde
316 485 43 21 min
375 484 133 22 reservation
523 484 108 21 innehälla
646 484 57 21 vissa
718 484 149 27 synpunkter
857 480 15 36 i

39 512 70 22 denna
124 513 46 26 sak,
186 501 39 33 och
241 512 27 27 pä
284 513 62 21 dessa
361 513 133 27 synpunkter
509 513 40 21 har
561 514 38 26 jag
611 512 52 27 bygt
678 513 49 21 mitt
741 512 80 33 förslag
836 513 33 21 till

39 541 68 26 afslag
122 541 28 26 pä
164 525 125 47 petitionen.
304 554 28 2 —
347 542 41 26 Jag
406 542 37 20 vill
460 542 55 21 dock
531 543 57 19 ännu
603 541 115 26 uppehälla
733 542 44 25 mig
792 542 34 20 vid
842 548 26 14 en

38 554 167 46 omständighet,
221 575 44 16 som
281 570 32 21 Hr
328 558 106 33 Mechelin
449 569 101 28 påpekat,
565 570 107 26 nämligen
688 571 33 20 att
736 576 26 14 en
770 571 46 20 stor
826 570 42 21 till-

38 599 120 25 strömning
183 597 23 22 af
227 599 99 20 arbetare
347 598 47 21 frän
411 599 125 20 landsorten
552 599 33 20 till
601 598 102 21 städerna
718 597 149 26 förekommer,

38 627 41 20 och
95 628 32 19 att
142 627 63 20 dessa
220 627 98 21 arbetare
333 627 91 27 mängen
445 627 57 27 gäng
517 629 37 19 äro
570 627 7 21 i
592 627 120 26 fullkomlig
727 626 105 22 afsaknad
847 627 23 21 af

38 655 209 27 folkskolebildning.
277 655 42 22 Det
335 657 24 20 är
373 655 131 27 fullkomligt
519 657 44 20 rätt
578 658 33 19 att
626 662 26 14 en
667 655 67 21 sådan
750 655 55 22 brist
815 656 7 20 i
832 655 35 22 de-

39 690 35 15 ras
90 684 95 26 bildning
201 684 39 21 bör
255 685 144 26 undanrödjas
415 684 53 21 eller
484 684 67 27 fyllas,
567 691 48 14 men
631 684 105 21 huruvida
743 685 60 20 detta
813 684 55 21 skall

38 712 73 21 kunna
126 712 38 21 ske
180 713 47 20 med
243 713 101 26 föredrag
359 713 39 21 och
415 713 131 21 elementära
561 713 239 26 undervisningskurser
812 713 8 20 i
832 713 36 21 det

38 741 153 26 anspräkslösa
207 741 92 27 omfäng,
315 741 88 22 hvarom
418 742 6 20 i
441 741 117 27 petitionen
575 743 24 19 är
613 741 68 26 fräga,
697 743 58 19 ären
766 741 45 26 sak,
823 747 44 15 som

38 769 37 27 jag
98 769 64 27 vågar
185 769 93 22 betvifla.
308 770 39 21 Om
370 770 48 21 åter
441 770 70 21 denna
529 770 269 26 elementarundervisning
814 770 54 21 skall

36 800 66 25 göras
124 798 24 21 sä
171 798 125 27 vidsträckt,
318 801 32 19 att
366 799 40 21 den
422 799 57 21 afser
494 799 130 26 förbildning
638 799 33 20 till
688 799 26 20 de
729 798 140 27 regelbundet

38 827 118 21 arbetande
172 827 239 26 handtverksskolorna,
427 827 25 21 sä
467 827 40 21 har
521 833 50 15 man
587 827 95 26 äterigen
697 827 51 27 bygt
763 827 34 21 för
812 833 56 20 myc-

38 855 38 21 ket
98 855 28 27 pä
149 855 117 27 petitionen
289 856 39 20 och
346 855 46 27 gätt
408 856 74 26 längre
498 858 27 18 än
539 856 143 26 petitionären
698 855 107 21 sannolikt
820 855 49 27 sjelf

39 883 87 27 äsyftat.
156 884 30 20 Af
200 884 36 20 det
258 884 137 26 andragande
410 884 144 26 petitionären
570 884 39 21 här
625 884 88 26 afgifvit,
729 884 93 26 framgär
837 884 31 21 äf-

38 918 47 19 ven,
108 914 32 19 att
165 912 42 21 han
230 915 55 19 mest
307 913 63 21 tänkt
386 913 31 27 sig
432 913 77 21 kurser
524 913 7 21 i
546 912 55 22 form
617 912 23 21 af
654 912 100 27 föredrag
769 912 52 21 eller
836 912 32 21 ät-

38 941 106 21 minstone
161 940 7 21 i
185 941 120 21 hufvudsak
320 942 88 20 afsedda
424 943 32 19 att
472 942 69 26 bygga
556 942 73 20 vidare
647 941 28 27 pä
691 947 25 15 en
732 941 66 21 redan
812 941 56 21 före-

38 968 69 28 fintlig
122 969 158 21 folkskolekurs
295 970 6 21 i
317 970 106 21 särskilda
438 970 127 26 riktningar,
580 976 49 15 men
643 970 48 21 icke
702 970 69 20 säsom
783 975 26 15 en
820 970 49 20 ord-

38 998 42 21 nad
97 998 190 22 skolverksamhet.
317 998 80 22 Vidare
413 998 39 21 har
468 998 40 21 här
523 998 134 27 framhällits,
674 1000 33 19 att
722 1004 34 15 om
772 1004 49 15 man
837 998 30 21 af-

37 1026 45 21 slär
99 1028 31 20 ett
145 1026 47 21 frän
208 1027 145 21 arbetarehäll
368 1027 124 21 framstäldt
512 1027 133 27 berättigadt
659 1026 101 28 anspräk,
776 1026 24 22 sä
814 1026 54 22 iklä-

38 1054 40 22 der
94 1061 49 15 man
158 1055 32 27 sig
207 1057 31 19 ett
253 1062 82 17 ansvar,
350 1056 63 20 hvars
428 1055 78 27 följder
521 1057 38 19 äro
575 1056 62 21 svära
652 1057 34 19 att
693 1055 100 21 beräkna.
819 1055 49 21 Men

34 1083 38 21 det
80 1085 25 19 är
112 1084 47 20 icke
172 1084 134 26 berättigade
321 1084 100 27 anspräk,
438 1090 46 15 som
498 1084 37 27 jag
552 1084 150 21 tillbakavisar
717 1084 7 21 i
739 1084 127 21 reservatio-

36 1118 48 20 nen,
93 1114 52 19 utan
152 1112 36 26 jag
201 1114 113 19 motsätter
329 1113 43 26 mig
387 1113 41 20 den
444 1113 116 26 olämpliga
575 1114 61 22 form,
652 1113 68 20 under
736 1112 84 21 hvilken
836 1114 32 19 ett

36 1140 6 21 i
53 1140 34 27 sig
94 1140 49 27 sjelf
148 1141 33 20 väl
190 1140 131 27 berättigadt
329 1141 94 26 anspråk
430 1141 123 21 framträdt.
583 1141 184 21 Arbetarekurser
782 1140 39 21 och
836 1140 32 21 fö-

37 1169 78 26 redrag
130 1169 34 21 för
179 1169 100 22 arbetare
294 1171 25 19 är
333 1176 27 15 en
376 1169 44 26 sak,
437 1175 47 16 som
497 1169 38 28 jag
550 1169 89 22 likasom
655 1169 54 22 hvar
724 1169 40 22 och
775 1175 26 15 en
810 1169 57 21 inom

36 1197 62 21 detta
121 1197 67 22 Ständ
211 1198 62 21 torde
297 1198 95 21 erkänna
407 1198 71 21 säsom
494 1198 89 27 nyttiga,
598 1205 49 14 men
663 1197 61 22 deraf
738 1198 62 27 följer
815 1197 52 24 icke,

36 1228 34 19 att
94 1227 70 20 staten
187 1229 75 23 genast
277 1226 54 22 skall
347 1229 51 24 taga
412 1227 59 20 hand
487 1233 35 15 om
537 1227 62 21 dessa
614 1227 83 21 kurser.
728 1227 38 20 Ett
781 1226 87 21 berätti-

36 1255 53 26 gadt
111 1254 94 27 anspräk
229 1255 27 26 pä
279 1256 74 26 anslag
376 1255 33 21 för
424 1255 125 22 ändamälet
563 1255 42 21 kan
621 1255 40 22 och
676 1255 40 21 bör
731 1255 136 26 framställas,

36 1289 49 15 men
101 1283 47 21 icke
163 1283 7 21 i
186 1283 54 21 form
256 1283 23 22 af
293 1290 25 15 en
334 1284 186 27 ständerpetition,
537 1286 51 19 utan
597 1284 33 21 till
639 1283 161 22 vederbörande
808 1283 59 21 kom-

36 1318 83 15 muner.
149 1312 160 21 Kommunerna
324 1313 64 20 hafva
403 1312 107 21 särskilda
525 1312 80 27 fonder,
621 1319 26 14 ur
663 1312 73 21 hvilka
751 1312 74 26 anslag
835 1312 33 21 för

36 1340 73 27 dylika
132 1341 100 20 ändamäl
255 1341 72 20 kunna
350 1341 58 26 utgä,
434 1341 27 21 de
484 1347 16 15 s.
517 1341 18 21 k.
553 1341 193 26 bränvinsmedlen,
762 1347 46 14 som
824 1341 44 20 ofta

36 1369 126 26 disponeras
178 1369 33 21 för
227 1369 81 22 sädana
323 1369 77 27 syften,
417 1375 45 16 som
479 1369 40 21 här
534 1371 37 20 äro
587 1370 7 21 i
609 1369 67 27 fräga.
707 1370 41 26 Jag
763 1371 46 19 tror
821 1369 47 21 der-

36 1397 40 25 för,
92 1400 34 18 att
141 1398 85 26 mycket
241 1398 22 20 af
278 1398 43 26 det,
344 1404 46 15 som
405 1398 7 20 i
428 1398 42 26 dag
486 1400 85 24 yttrats,
587 1398 33 21 till
635 1397 84 21 förmån
734 1398 34 20 för
784 1398 84 26 petitio-

36 1431 49 19 nen,
100 1428 24 18 är
140 1432 46 15 mer
201 1428 59 19 toma
275 1426 40 21 ord
330 1428 27 19 än
373 1426 114 21 omdömen
503 1426 110 27 grundade
628 1426 29 26 pä
672 1432 26 15 en
714 1426 76 27 nykter
802 1425 65 21 kritik

35 1453 25 22 af
74 1454 103 26 sakläget.
193 1467 28 3 —
237 1454 40 22 Till
292 1454 33 22 Hr
341 1454 121 22 Schauman
478 1455 38 21 vill
529 1455 36 27 jag
580 1457 58 19 ännu
653 1455 57 21 rikta
726 1456 32 20 ett
772 1460 39 21 par
822 1454 45 20 ord.

36 1482 44 22 Det
94 1482 110 22 förefaller
219 1488 42 21 nog
276 1483 114 21 öfveriladt
397 1485 34 19 att
439 1484 33 20 Hr
488 1483 120 22 Schauman
618 1483 28 27 pä
653 1483 70 27 grund
734 1482 23 22 af
766 1482 102 27 tidnings-
