1025 1686
181 101 41 20 686
428 105 24 16 R.
464 109 18 12 o.
494 105 23 16 A.
531 105 55 16 1891.
604 105 26 16 25
644 104 61 21 April.

153 186 56 26 gång
223 185 116 22 framdeles
354 185 146 26 sanktionera;
518 184 39 21 och
573 190 46 15 som
635 185 31 20 ett
682 183 68 27 dylikt
765 183 129 25 förfarande,
917 182 66 26 enligt

152 215 44 20 min
212 214 64 26 åsigt,
292 214 45 21 icke
354 219 50 16 vore
420 213 49 21 fullt
485 214 70 25 öppet,
572 219 63 14 anser
647 213 37 26 jag
700 212 36 21 det
752 218 52 15 vara
818 212 34 21 för
863 211 120 22 Ständerna

153 243 144 26 otillständigt
319 244 31 19 att
374 242 44 21 låta
442 242 92 21 berörda
555 243 95 20 moment
672 241 74 26 inflyta
769 241 31 20 uti
821 239 161 28 ifrågavarande

151 271 225 26 författningsförslag.

222 327 153 21 Diskussionen
396 326 116 21 afslutades
535 326 96 26 härmed,
655 325 109 21 hvarefter
786 327 12 25 $
816 325 11 20 2
850 324 131 28 godkändes.

224 384 13 27 $
254 384 13 20 3
291 386 55 18 samt
368 383 101 21 rubriken
492 383 39 21 och
554 383 109 26 ingressen
687 382 33 21 till
743 381 241 27 författningsförslaget

153 412 126 27 godkändes
294 414 52 19 utan
362 412 126 20 diskussion.

513 563 115 24 Dårvården.

224 622 122 26 Föredrogs
365 622 39 21 och
426 621 124 27 godkändes
573 621 114 21 Allmänna
710 621 209 21 Besvärsutskottets
941 621 43 20 för-

156 651 46 26 slag
218 651 31 20 till
267 650 205 27 sammanjemkning
487 650 23 21 af
525 649 106 22 Ståndens
654 649 124 27 skiljaktiga
801 649 70 22 beslut
893 649 34 21 vid
948 649 36 21 be-

154 679 132 26 handlingen
301 679 23 21 af
338 679 116 20 utskottets
470 679 136 20 betänkande
622 679 39 20 N:o
679 679 27 20 13
722 679 6 20 i
745 679 114 26 anledning
875 677 22 22 af
907 680 77 19 tvänne

155 708 7 20 i
178 707 161 21 Bondeståndet
354 707 119 21 inlemnade
488 707 214 26 petitionsmemorial
719 713 34 15 om
769 707 132 21 inrättandet
922 706 23 21 af
959 713 26 14 en

156 736 50 21 kur-
223 736 40 21 och
279 736 133 21 vårdanstalt
427 735 33 21 för
476 736 134 26 sinnessjuka
625 736 7 20 i
648 735 143 22 Tammerfors
808 735 38 21 och
864 735 68 21 Wasa.

459 894 228 24 Författarehonorarier.

230 952 40 20 Vid
286 952 150 26 föredragning
457 952 23 20 af
500 952 113 20 Allmänna
636 952 210 21 Besvärsutskottets
869 952 118 26 bordlagda

157 980 137 21 betänkande
310 980 40 21 N:o
368 982 25 19 14
408 980 8 20 i
432 980 114 26 anledning
561 980 23 21 af
605 982 31 19 ett
658 980 5 20 i
688 980 160 21 Bondeständet
870 980 117 21 inlemnadt

157 1009 215 26 petitionsmemorial
388 1015 33 15 om
436 1009 115 21 utdelande
567 1009 23 21 af
604 1009 126 21 honorarier
745 1008 34 22 för
792 1010 65 20 alster
873 1009 55 21 inom
945 1009 41 21 den

156 1037 114 21 inhemska
286 1038 188 20 skönlitteraturen
490 1037 67 21 utbad
574 1038 31 26 sig

227 1094 32 21 Hr
283 1094 137 21 Lindelöf
441 1094 61 21 ordet
519 1094 39 21 och
573 1094 97 27 yttrade:
687 1094 10 21 I
714 1095 35 20 det
764 1094 81 26 förslag
861 1095 32 20 till
909 1094 78 22 fördel-

157 1123 51 25 ning
223 1122 23 21 af
262 1123 119 25 disponibla
396 1123 68 20 medel
480 1123 5 20 i
503 1123 149 26 Längmanska
668 1123 84 25 fonden,
777 1129 45 15 som
838 1123 93 26 afgifvits
954 1123 33 20 till

157 1151 170 21 Bankutskottet
342 1151 34 20 vid
392 1151 68 20 denna
476 1151 109 26 landtdag,
602 1151 63 20 hafva
681 1151 196 27 Bankfullmäktige
899 1151 88 21 föresla-

157 1179 31 26 git
205 1179 27 20 bl.
249 1186 28 17 a.,
293 1182 32 18 att
340 1185 26 15 en
382 1185 81 15 summa
479 1179 23 21 af
517 1180 63 25 9,000
596 1180 60 21 mark
673 1180 69 20 skulle
766 1181 107 20 användas
897 1180 32 21 till
950 1180 37 21 be-

157 1208 92 20 lönande
267 1208 22 20 af
304 1207 158 27 vetenskaplisa
478 1208 40 21 och
534 1209 97 20 litterära
647 1209 95 21 arbeten,
760 1215 44 14 som
824 1209 109 20 utkomma
949 1215 38 14 un-

158 1236 38 21 der
212 1236 52 21 ären
283 1237 116 23 1891—93,
416 1237 89 20 sälunda
520 1239 32 18 att
575 1237 33 20 för
631 1237 122 20 ändamälet
774 1237 69 21 skulle
865 1237 68 21 bildas
955 1240 32 18 tre

157 1264 153 27 Längmanska
325 1265 50 26 pris,
392 1265 72 26 hvarje
480 1271 35 14 om
531 1265 63 25 3,000
611 1265 66 24 mark,
695 1265 23 21 af
733 1265 71 21 hvilka
815 1268 31 19 ett
857 1266 68 21 skulle
937 1266 50 21 stäl-

157 1293 33 20 las
206 1293 32 20 till
255 1293 262 26 Vetenskapssocietetens
533 1294 39 21 och
593 1294 26 21 de
642 1293 35 21 tvä
702 1293 68 28 öfriga
792 1294 32 21 till
845 1295 80 20 Finska
947 1294 40 21 och

158 1321 40 21 och
215 1322 96 20 Svenska
327 1321 251 27 Litteratursällskapens
594 1322 132 26 förfogande.
757 1323 33 20 Dä
811 1330 29 13 nu
863 1323 59 21 detta
945 1323 42 20 för-

158 1350 46 25 slag
219 1350 68 21 delvis
303 1350 56 21 afser
374 1350 111 21 enahanda
501 1351 106 25 ändamäl,
623 1357 45 14 som
686 1351 36 21 det
736 1351 7 20 i
758 1352 140 21 förevarande
911 1351 76 21 betän-

157 1377 71 22 kande
245 1378 134 21 behandlade
395 1379 242 26 petitionsmemorialet,
657 1379 24 21 sä
704 1379 80 22 tilläter
804 1380 37 26 jag
864 1381 42 25 mig
929 1380 57 21 hem-

158 1406 71 25 ställa,
245 1406 106 21 huruvida
367 1407 35 21 det
424 1407 46 21 icke
492 1407 71 21 kunde
587 1414 51 14 vara
661 1408 48 20 skäl
731 1409 32 19 att
787 1408 156 27 behandlingen
966 1408 23 21 af

159 1434 60 20 detta
235 1435 135 21 betänkande
386 1435 68 21 blefve
470 1436 107 20 beroende
593 1436 32 20 till
641 1437 55 24 dess,
718 1438 32 18 att
772 1437 167 21 Bankutskottet
955 1436 32 22 af-

157 1462 62 26 eifvit
235 1463 38 21 sitt
297 1464 99 26 yttrande
419 1464 133 21 beträffande
575 1464 148 26 fördelningen
744 1465 23 21 af
788 1466 26 20 de
837 1466 150 26 Längmanska

157 1491 92 21 medlen.
281 1491 29 27 Ty
327 1492 35 20 det
377 1498 50 15 vore
443 1492 106 21 mähända
565 1493 46 21 icke
627 1492 48 22 fullt
699 1493 103 27 lämpligt,
826 1500 34 15 om
883 1494 25 21 R.
925 1501 19 14 o.
960 1494 25 21 A.
