1025 1686
158 90 42 21 958
420 95 25 16 R.
458 99 18 12 o.
487 95 23 17 A.
523 95 55 17 1891.
592 95 23 17 13
626 95 46 20 Maj.

127 175 80 21 seende
222 174 81 21 influtit
318 175 47 20 från
381 180 29 15 nu
425 174 98 27 gällande
539 173 141 26 författning
675 169 9 36 i
694 175 78 23 ämnet,
783 173 124 22 hemställer
916 174 41 27 jag,

129 203 107 21 huruvida
251 203 48 21 icke
315 203 123 22 densamma
453 202 55 27 finge
524 209 26 14 ur
565 201 241 27 författningsförslaget
820 202 57 27 utgå.

199 260 71 21 Sedan
286 260 57 21 Frih.
359 260 217 26 Langenskiöld
595 260 127 21 understödt
738 259 32 22 Hr
780 259 125 27 Stjernvalls
917 259 42 22 för-

128 289 54 26 slag,
200 288 157 22 öfverlemnade
374 288 32 21 Hr
421 288 207 22 Landtmarskalken
647 289 32 21 till
704 288 100 22 Ständets
827 288 132 21 besvarande

128 316 95 28 följande
239 317 144 27 proposition:

199 374 53 26 Den,
270 380 45 15 som
331 374 124 26 godkänner
470 375 12 22 $
498 374 27 20 22
541 374 66 26 enilgt
619 374 119 20 utskottets
748 373 86 27 förslag,
851 375 70 19 röstar
930 373 28 26 ja;

199 432 75 20 vinner
289 431 40 27 nej,
346 432 103 20 uteslutes
465 431 48 21 hela
529 431 52 21 sista
597 431 112 27 meningen
725 437 25 15 ur
766 431 18 27 $.

199 488 34 21 Då
256 488 70 21 denna
348 488 132 26 proposition
503 488 128 21 besvarades
654 488 48 21 med
726 488 102 26 enhälligt
851 487 41 27 nej,
916 487 44 21 blef

128 516 26 22 R.
171 524 18 14 o.
206 518 37 20 A:s
259 517 71 21 beslut
346 516 83 22 således
445 518 32 19 att
493 522 24 15 ur
532 516 33 28 8:n
582 517 51 21 sista
649 516 111 27 meningen
778 516 68 21 skulle
862 515 58 27 utgå.

199 573 25 27 $$
241 574 85 20 23—55
341 573 123 27 godkändes
480 575 51 19 utan
547 573 126 21 diskussion.

198 630 42 21 Vid
255 630 151 27 föredragning
420 630 22 21 af
457 630 14 27 &
487 631 26 20 56
529 630 73 21 anhöll

201 687 30 20 Hr
252 687 197 26 Pippingskäld
472 693 33 14 om
527 687 63 20 ordet
611 687 39 21 och
665 686 98 27 yttrade:
786 687 41 26 Jag
842 686 67 21 måste
927 692 30 15 er-

129 715 72 21 känna
215 715 45 21 min
276 715 111 27 oförmåga
403 718 32 18 att
450 716 6 20 i
472 715 43 21 allo
531 715 51 27 följa
597 715 48 21 med
665 715 40 20 den
729 715 81 24 hastiga
833 715 82 26 gången
937 715 23 20 af

128 744 166 26 paragrafernas
309 744 170 26 genomgående;
501 750 48 15 men
572 744 33 21 vid
623 744 68 21 denna
707 743 101 27 paragraf
830 744 70 21 kunde
922 743 37 26 jag

128 772 101 27 uppfatta
244 773 57 20 hvad
318 773 35 20 det
368 773 77 26 gällde,
462 773 39 20 och
518 772 80 21 tillåter
614 773 42 25 mig
672 772 110 25 anmärka,
806 774 33 19 att
861 778 97 15 ansvars-

128 800 193 22 bestämmelserna
337 801 39 21 här
398 801 77 21 liksom
498 801 60 20 äfven
583 801 33 20 vid
637 800 141 26 förbrytelser
800 803 45 18 mot
867 800 90 27 tidigare

129 829 127 27 paragrafer
272 829 63 21 hafva
351 829 68 21 blifvit
434 829 105 27 betydligt
555 829 93 26 skärpta.
676 829 47 21 Här
738 835 62 20 synas
816 829 26 21 de
858 829 41 26 mig
915 830 44 19 sär-

128 857 68 21 skildt
212 864 51 14 vara
280 858 87 21 alldeles
386 858 33 21 för
442 858 61 26 höga.
534 858 10 20 I
565 858 68 20 första
654 859 118 19 momentet
795 858 39 20 och
859 858 25 20 de
907 857 52 21 sista

129 886 92 21 raderna
237 886 143 22 förekommer
397 903 4 8 ,
402 886 70 25 böter
487 886 48 21 från
551 886 39 21 och
606 886 47 21 med
669 886 116 21 etthundra
800 886 33 20 till
856 886 39 21 och
911 886 48 20 med

129 916 86 20 ettusen
231 915 62 21 mark
309 915 52 21 eller
377 916 93 25 fängelse
486 914 47 22 från
550 915 39 21 och
605 915 48 21 med
668 914 48 26 fyra
739 914 101 21 månader
864 914 32 21 till
919 914 39 21 och

129 943 49 21 med
193 943 48 27 fyra
256 943 45 21 år".
332 944 32 20 De
380 943 118 25 förseelser,
515 949 45 15 som
584 944 65 26 enligt
672 943 70 21 denna
762 943 111 27 paragrafs
896 942 62 21 fram-

128 972 103 26 ställning
247 972 86 20 komma
349 974 32 19 att
404 972 84 26 beifras,
512 972 44 20 afse
581 971 184 27 hufvudsakligast
780 971 177 21 kontrollörerne.

128 999 70 22 Dessa
213 1000 145 21 kontrollörer
382 1002 36 19 äro
443 1001 25 20 de
490 1000 55 21 allra
568 1000 61 22 flesta
649 1000 7 21 i
679 1000 136 21 ekonomiskt
836 1000 123 21 hänseende

130 1031 62 23 svagt
207 1029 79 21 ställda
302 1035 106 20 personer,
432 1029 24 21 de
472 1029 62 21 flesta
557 1029 48 21 med
627 1028 75 27 familj.
733 1028 120 22 Frestelsen
877 1028 33 21 för
933 1035 25 14 en

129 1056 68 22 sådan
212 1064 79 20 person
307 1060 23 18 är
346 1058 72 21 derför
432 1058 48 20 från
496 1058 124 20 ekonomisk
635 1058 109 26 synpunkt
758 1058 82 26 ganska
859 1059 44 19 stor
920 1057 38 21 och

129 1085 251 28 straffbestämningarna
395 1088 52 18 nära
462 1092 41 20 nog
519 1086 126 21 ruinerande
660 1086 34 21 för
710 1086 54 26 dem,
781 1086 6 20 i
803 1086 114 26 synnerhet
933 1086 26 20 de

129 1113 74 27 högre.
233 1114 34 21 Då
283 1121 26 14 en
325 1114 67 21 sådan
408 1114 118 21 kontrollör
544 1115 71 20 kunde
638 1120 64 15 anses
724 1114 124 26 tillräckligt
869 1114 90 21 bestraf-

129 1141 37 22 fad
181 1149 77 20 genom
275 1143 58 26 lägre
349 1143 168 26 penningeböter
533 1143 39 21 och
589 1143 103 26 skiljande
708 1143 47 20 från
771 1142 101 26 tjensten,
890 1143 69 20 ruine-

129 1177 36 14 rar
181 1177 48 15 man
246 1171 79 21 honom
346 1171 101 27 derjemte
468 1177 76 21 genom
567 1171 72 21 alltför
662 1171 57 26 höga
742 1171 62 21 böter
826 1171 53 21 eller
900 1171 59 26 långt

129 1199 102 26 fävgelse.
264 1200 89 21 Vinsten
368 1200 64 21 häraf
452 1201 24 19 är
498 1200 89 21 alldeles
609 1199 34 21 för
665 1200 59 21 liten.
756 1200 41 21 Det
820 1200 73 26 tyckes
913 1199 47 21 åter

129 1227 65 21 hafva
219 1228 130 21 föresväfvat
371 1229 113 23 utskottet,
507 1230 33 19 att
563 1235 48 14 man
633 1235 77 20 genom
734 1228 64 27 högre
822 1227 63 22 straff
905 1228 55 21 skall

129 1256 110 21 skrämma
254 1256 49 21 från
320 1257 64 21 brott.
416 1257 75 21 Denna
514 1257 55 26 äsigt
591 1257 61 21 torde
675 1263 53 14 vara
751 1257 133 26 någorlunda
906 1257 55 20 anti-

129 1285 89 26 averad.
248 1285 42 27 Jag
305 1285 49 21 ville
370 1285 56 21 blott
440 1285 56 22 fästa
519 1285 217 27 uppmärksamheten
760 1285 80 26 dervid,
863 1285 40 21 och
927 1291 32 14 om

130 1313 69 21 denna
217 1313 55 27 äsigt
288 1313 46 22 icke
350 1314 74 21 vinner
438 1314 65 27 nägot
518 1314 73 27 gehör,
607 1313 24 22 sä
646 1314 39 21 har
702 1314 38 26 jag
762 1313 42 21 fätt
826 1313 69 22 uttala
917 1313 44 21 min

130 1341 149 28 öfvertygelse,
295 1344 32 19 att
343 1343 40 20 den
399 1343 96 26 inslagna
510 1343 120 26 riktningen
646 1343 47 20 icke
709 1344 25 19 är
749 1342 67 26 vislig.

200 1399 33 20 Hr
245 1399 24 20 L.
287 1399 143 21 Mechelin:
446 1400 41 26 Jag
502 1400 63 26 hyser
580 1400 91 20 rörande
687 1399 163 26 ifrägavarande
861 1399 102 26 paragraf

129 1432 83 16 samma
227 1427 137 27 uppfattning
380 1434 46 15 som
442 1428 32 21 Hr
488 1428 153 26 Pippingsköld
664 1428 41 21 och
721 1428 39 20 ber
775 1428 33 20 för
824 1428 42 20 min
890 1427 34 21 del
939 1427 22 21 få

130 1456 71 21 uttala
215 1455 130 22 tvifvelsmäl
361 1462 34 15 om
410 1456 151 27 lämpligheten
578 1456 23 21 af
621 1456 40 22 den
677 1456 7 20 i
701 1456 67 21 andra
792 1457 117 20 momentet
931 1456 30 20 in-

128 1483 65 22 förda
208 1484 164 27 bestämningen
387 1486 33 20 att
435 1485 41 21 den
491 1490 45 16 som
551 1486 40 26 gör
606 1485 31 26 sig
652 1484 86 27 skyldig
753 1484 32 22 till
805 1484 67 21 sädan
895 1484 66 22 förse-
