<?xml version="1.0" encoding="UTF-8"?>
<alto xmlns="http://www.loc.gov/standards/alto/ns-v3#" xmlns:xlink="http://www.w3.org/1999/xlink" xmlns:xsi="http://www.w3.org/2001/XMLSchema-instance" xsi:schemaLocation="http://www.loc.gov/standards/alto/ns-v3# http://www.loc.gov/alto/v3/alto-3-0.xsd">
	<Description>
		<MeasurementUnit>pixel</MeasurementUnit>
		<sourceImageInformation>
			<fileName>/tmp/tess_ca59tpi5_input.PNG</fileName>
		</sourceImageInformation>
		<OCRProcessing ID="OCR_0">
			<ocrProcessingStep>
				<processingSoftware>
					<softwareName>tesseract 5.3.4</softwareName>
				</processingSoftware>
			</ocrProcessingStep>
		</OCRProcessing>
	</Description>
	<Layout>
		<Page WIDTH="1025" HEIGHT="1686" PHYSICAL_IMG_NR="0" ID="page_0">
			<PrintSpace HPOS="0" VPOS="0" WIDTH="1025" HEIGHT="1686">
				<ComposedBlock ID="cblock_0" HPOS="162" VPOS="91" WIDTH="515" HEIGHT="26">
					<TextBlock ID="block_0" HPOS="162" VPOS="91" WIDTH="515" HEIGHT="26">
						<TextLine ID="line_0" HPOS="162" VPOS="91" WIDTH="515" HEIGHT="26">
							<String ID="string_0" HPOS="162" VPOS="91" WIDTH="42" HEIGHT="21" WC="0.88" CONTENT="864"/><SP WIDTH="220" VPOS="91" HPOS="204"/>
							<String ID="string_1" HPOS="424" VPOS="106" WIDTH="25" HEIGHT="7" WC="0.96" CONTENT="R."/><SP WIDTH="13" VPOS="106" HPOS="449"/>
							<String ID="string_2" HPOS="462" VPOS="101" WIDTH="18" HEIGHT="12" WC="0.68" CONTENT="o."/><SP WIDTH="12" VPOS="101" HPOS="480"/>
							<String ID="string_3" HPOS="492" VPOS="96" WIDTH="23" HEIGHT="17" WC="0.93" CONTENT="A."/><SP WIDTH="14" VPOS="96" HPOS="515"/>
							<String ID="string_4" HPOS="529" VPOS="97" WIDTH="52" HEIGHT="16" WC="0.91" CONTENT="1891."/><SP WIDTH="24" VPOS="97" HPOS="581"/>
							<String ID="string_5" HPOS="605" VPOS="96" WIDTH="12" HEIGHT="17" WC="0.80" CONTENT="&amp;"/><SP WIDTH="13" VPOS="96" HPOS="617"/>
							<String ID="string_6" HPOS="630" VPOS="96" WIDTH="47" HEIGHT="21" WC="0.96" CONTENT="Maj."/>
						</TextLine>
					</TextBlock>
				</ComposedBlock>
				<GraphicalElement ID="cblock_1" HPOS="134" VPOS="128" WIDTH="822" HEIGHT="6"></GraphicalElement >
				<ComposedBlock ID="cblock_2" HPOS="135" VPOS="174" WIDTH="831" HEIGHT="57">
					<TextBlock ID="block_1" HPOS="135" VPOS="174" WIDTH="831" HEIGHT="57">
						<TextLine ID="line_1" HPOS="205" VPOS="174" WIDTH="761" HEIGHT="29">
							<String ID="string_7" HPOS="205" VPOS="176" WIDTH="74" HEIGHT="21" WC="0.92" CONTENT="vinner"/><SP WIDTH="23" VPOS="176" HPOS="279"/>
							<String ID="string_8" HPOS="302" VPOS="176" WIDTH="39" HEIGHT="26" WC="0.96" CONTENT="nej,"/><SP WIDTH="24" VPOS="176" HPOS="341"/>
							<String ID="string_9" HPOS="365" VPOS="176" WIDTH="41" HEIGHT="21" WC="0.96" CONTENT="har"/><SP WIDTH="20" VPOS="176" HPOS="406"/>
							<String ID="string_10" HPOS="426" VPOS="176" WIDTH="25" HEIGHT="21" WC="0.96" CONTENT="R."/><SP WIDTH="17" VPOS="176" HPOS="451"/>
							<String ID="string_11" HPOS="468" VPOS="182" WIDTH="18" HEIGHT="15" WC="0.96" CONTENT="o."/><SP WIDTH="16" VPOS="182" HPOS="486"/>
							<String ID="string_12" HPOS="502" VPOS="176" WIDTH="25" HEIGHT="20" WC="0.93" CONTENT="A."/><SP WIDTH="17" VPOS="176" HPOS="527"/>
							<String ID="string_13" HPOS="544" VPOS="177" WIDTH="83" HEIGHT="26" WC="0.92" CONTENT="antagit"/><SP WIDTH="15" VPOS="177" HPOS="627"/>
							<String ID="string_14" HPOS="642" VPOS="176" WIDTH="35" HEIGHT="21" WC="0.95" CONTENT="det"/><SP WIDTH="16" VPOS="176" HPOS="677"/>
							<String ID="string_15" HPOS="693" VPOS="175" WIDTH="81" HEIGHT="26" WC="0.96" CONTENT="förslag"/><SP WIDTH="16" VPOS="175" HPOS="774"/>
							<String ID="string_16" HPOS="790" VPOS="176" WIDTH="32" HEIGHT="20" WC="0.93" CONTENT="till"/><SP WIDTH="16" VPOS="176" HPOS="822"/>
							<String ID="string_17" HPOS="838" VPOS="175" WIDTH="79" HEIGHT="27" WC="0.93" CONTENT="lydelse"/><SP WIDTH="16" VPOS="175" HPOS="917"/>
							<String ID="string_18" HPOS="933" VPOS="174" WIDTH="33" HEIGHT="21" WC="0.96" CONTENT="för"/>
						</TextLine>
						<TextLine ID="line_2" HPOS="135" VPOS="203" WIDTH="728" HEIGHT="28">
							<String ID="string_19" HPOS="135" VPOS="205" WIDTH="124" HEIGHT="26" WC="0.92" CONTENT="petitionen,"/><SP WIDTH="17" VPOS="205" HPOS="259"/>
							<String ID="string_20" HPOS="276" VPOS="210" WIDTH="45" HEIGHT="15" WC="0.93" CONTENT="som"/><SP WIDTH="15" VPOS="210" HPOS="321"/>
							<String ID="string_21" HPOS="336" VPOS="205" WIDTH="44" HEIGHT="20" WC="0.93" CONTENT="Hrr"/><SP WIDTH="15" VPOS="205" HPOS="380"/>
							<String ID="string_22" HPOS="395" VPOS="205" WIDTH="23" HEIGHT="20" WC="0.96" CONTENT="L."/><SP WIDTH="16" VPOS="205" HPOS="418"/>
							<String ID="string_23" HPOS="434" VPOS="204" WIDTH="105" HEIGHT="21" WC="0.96" CONTENT="Mechelin"/><SP WIDTH="16" VPOS="204" HPOS="539"/>
							<String ID="string_24" HPOS="555" VPOS="205" WIDTH="39" HEIGHT="20" WC="0.95" CONTENT="och"/><SP WIDTH="17" VPOS="205" HPOS="594"/>
							<String ID="string_25" HPOS="611" VPOS="205" WIDTH="24" HEIGHT="20" WC="0.93" CONTENT="K."/><SP WIDTH="14" VPOS="205" HPOS="635"/>
							<String ID="string_26" HPOS="649" VPOS="204" WIDTH="72" HEIGHT="21" WC="0.96" CONTENT="Antell"/><SP WIDTH="16" VPOS="204" HPOS="721"/>
							<String ID="string_27" HPOS="737" VPOS="203" WIDTH="126" HEIGHT="26" WC="0.96" CONTENT="framställt;"/>
						</TextLine>
					</TextBlock>
				</ComposedBlock>
				<ComposedBlock ID="cblock_3" HPOS="205" VPOS="260" WIDTH="670" HEIGHT="27">
					<TextBlock ID="block_2" HPOS="205" VPOS="260" WIDTH="670" HEIGHT="27">
						<TextLine ID="line_3" HPOS="205" VPOS="260" WIDTH="670" HEIGHT="27">
							<String ID="string_28" HPOS="205" VPOS="261" WIDTH="86" HEIGHT="21" WC="0.91" CONTENT="hvilken"/><SP WIDTH="16" VPOS="261" HPOS="291"/>
							<String ID="string_29" HPOS="307" VPOS="261" WIDTH="131" HEIGHT="26" WC="0.93" CONTENT="proposition"/><SP WIDTH="17" VPOS="261" HPOS="438"/>
							<String ID="string_30" HPOS="455" VPOS="261" WIDTH="128" HEIGHT="21" WC="0.92" CONTENT="besvarades"/><SP WIDTH="16" VPOS="261" HPOS="583"/>
							<String ID="string_31" HPOS="599" VPOS="261" WIDTH="47" HEIGHT="20" WC="0.92" CONTENT="med"/><SP WIDTH="19" VPOS="261" HPOS="646"/>
							<String ID="string_32" HPOS="665" VPOS="260" WIDTH="155" HEIGHT="26" WC="0.92" CONTENT="öfvervägande"/><SP WIDTH="15" VPOS="260" HPOS="820"/>
							<String ID="string_33" HPOS="835" VPOS="260" WIDTH="40" HEIGHT="26" WC="0.95" CONTENT="nej."/>
						</TextLine>
					</TextBlock>
				</ComposedBlock>
				<ComposedBlock ID="cblock_4" HPOS="136" VPOS="317" WIDTH="832" HEIGHT="56">
					<TextBlock ID="block_3" HPOS="136" VPOS="317" WIDTH="832" HEIGHT="56">
						<TextLine ID="line_4" HPOS="205" VPOS="317" WIDTH="763" HEIGHT="27">
							<String ID="string_34" HPOS="205" VPOS="318" WIDTH="49" HEIGHT="26" WC="0.89" CONTENT="2:0)."/><SP WIDTH="32" VPOS="318" HPOS="254"/>
							<String ID="string_35" HPOS="286" VPOS="318" WIDTH="52" HEIGHT="25" WC="0.96" CONTENT="Den,"/><SP WIDTH="25" VPOS="318" HPOS="338"/>
							<String ID="string_36" HPOS="363" VPOS="324" WIDTH="45" HEIGHT="14" WC="0.96" CONTENT="som"/><SP WIDTH="22" VPOS="324" HPOS="408"/>
							<String ID="string_37" HPOS="430" VPOS="318" WIDTH="125" HEIGHT="26" WC="0.93" CONTENT="godkänner"/><SP WIDTH="23" VPOS="318" HPOS="555"/>
							<String ID="string_38" HPOS="578" VPOS="318" WIDTH="116" HEIGHT="20" WC="0.91" CONTENT="utskottets"/><SP WIDTH="18" VPOS="318" HPOS="694"/>
							<String ID="string_39" HPOS="712" VPOS="317" WIDTH="80" HEIGHT="26" WC="0.96" CONTENT="förslag"/><SP WIDTH="16" VPOS="317" HPOS="792"/>
							<String ID="string_40" HPOS="808" VPOS="317" WIDTH="32" HEIGHT="21" WC="0.93" CONTENT="till"/><SP WIDTH="17" VPOS="317" HPOS="840"/>
							<String ID="string_41" HPOS="857" VPOS="317" WIDTH="111" HEIGHT="21" WC="0.92" CONTENT="redaktion"/>
						</TextLine>
						<TextLine ID="line_5" HPOS="136" VPOS="346" WIDTH="294" HEIGHT="27">
							<String ID="string_42" HPOS="136" VPOS="346" WIDTH="23" HEIGHT="21" WC="0.93" CONTENT="af"/><SP WIDTH="14" VPOS="346" HPOS="159"/>
							<String ID="string_43" HPOS="173" VPOS="346" WIDTH="126" HEIGHT="27" WC="0.92" CONTENT="petitionen,"/><SP WIDTH="17" VPOS="346" HPOS="299"/>
							<String ID="string_44" HPOS="316" VPOS="347" WIDTH="70" HEIGHT="20" WC="0.92" CONTENT="röstar"/><SP WIDTH="13" VPOS="347" HPOS="386"/>
							<String ID="string_45" HPOS="399" VPOS="346" WIDTH="31" HEIGHT="26" WC="0.96" CONTENT="ja;"/>
						</TextLine>
					</TextBlock>
				</ComposedBlock>
				<ComposedBlock ID="cblock_5" HPOS="136" VPOS="401" WIDTH="832" HEIGHT="56">
					<TextBlock ID="block_4" HPOS="136" VPOS="401" WIDTH="832" HEIGHT="56">
						<TextLine ID="line_6" HPOS="205" VPOS="401" WIDTH="763" HEIGHT="28">
							<String ID="string_46" HPOS="205" VPOS="403" WIDTH="76" HEIGHT="21" WC="0.92" CONTENT="vinner"/><SP WIDTH="15" VPOS="403" HPOS="281"/>
							<String ID="string_47" HPOS="296" VPOS="403" WIDTH="39" HEIGHT="26" WC="0.96" CONTENT="nej,"/><SP WIDTH="17" VPOS="403" HPOS="335"/>
							<String ID="string_48" HPOS="352" VPOS="403" WIDTH="40" HEIGHT="20" WC="0.96" CONTENT="har"/><SP WIDTH="14" VPOS="403" HPOS="392"/>
							<String ID="string_49" HPOS="406" VPOS="403" WIDTH="24" HEIGHT="20" WC="0.96" CONTENT="R."/><SP WIDTH="18" VPOS="403" HPOS="430"/>
							<String ID="string_50" HPOS="448" VPOS="409" WIDTH="18" HEIGHT="15" WC="0.96" CONTENT="o."/><SP WIDTH="16" VPOS="409" HPOS="466"/>
							<String ID="string_51" HPOS="482" VPOS="403" WIDTH="25" HEIGHT="21" WC="0.93" CONTENT="A."/><SP WIDTH="17" VPOS="403" HPOS="507"/>
							<String ID="string_52" HPOS="524" VPOS="403" WIDTH="82" HEIGHT="26" WC="0.92" CONTENT="antagit"/><SP WIDTH="11" VPOS="403" HPOS="606"/>
							<String ID="string_53" HPOS="617" VPOS="403" WIDTH="40" HEIGHT="21" WC="0.93" CONTENT="den"/><SP WIDTH="13" VPOS="403" HPOS="657"/>
							<String ID="string_54" HPOS="670" VPOS="402" WIDTH="113" HEIGHT="21" WC="0.92" CONTENT="redaktion"/><SP WIDTH="11" VPOS="402" HPOS="783"/>
							<String ID="string_55" HPOS="794" VPOS="402" WIDTH="43" HEIGHT="21" WC="0.92" CONTENT="Hrr"/><SP WIDTH="11" VPOS="402" HPOS="837"/>
							<String ID="string_56" HPOS="848" VPOS="402" WIDTH="23" HEIGHT="21" WC="0.92" CONTENT="L."/><SP WIDTH="14" VPOS="402" HPOS="871"/>
							<String ID="string_57" HPOS="885" VPOS="401" WIDTH="83" HEIGHT="21" WC="0.92" CONTENT="Meche-"/>
						</TextLine>
						<TextLine ID="line_7" HPOS="136" VPOS="432" WIDTH="348" HEIGHT="25">
							<String ID="string_58" HPOS="136" VPOS="432" WIDTH="29" HEIGHT="20" WC="0.96" CONTENT="lin"/><SP WIDTH="17" VPOS="432" HPOS="165"/>
							<String ID="string_59" HPOS="182" VPOS="432" WIDTH="39" HEIGHT="20" WC="0.96" CONTENT="och"/><SP WIDTH="17" VPOS="432" HPOS="221"/>
							<String ID="string_60" HPOS="238" VPOS="432" WIDTH="26" HEIGHT="20" WC="0.93" CONTENT="K."/><SP WIDTH="17" VPOS="432" HPOS="264"/>
							<String ID="string_61" HPOS="281" VPOS="432" WIDTH="72" HEIGHT="20" WC="0.92" CONTENT="Antell"/><SP WIDTH="15" VPOS="432" HPOS="353"/>
							<String ID="string_62" HPOS="368" VPOS="432" WIDTH="116" HEIGHT="25" WC="0.91" CONTENT="föreslagit."/>
						</TextLine>
					</TextBlock>
				</ComposedBlock>
				<ComposedBlock ID="cblock_6" HPOS="136" VPOS="487" WIDTH="833" HEIGHT="84">
					<TextBlock ID="block_5" HPOS="136" VPOS="487" WIDTH="833" HEIGHT="84">
						<TextLine ID="line_8" HPOS="207" VPOS="487" WIDTH="761" HEIGHT="27">
							<String ID="string_63" HPOS="207" VPOS="488" WIDTH="45" HEIGHT="21" WC="0.96" CONTENT="Och"/><SP WIDTH="17" VPOS="488" HPOS="252"/>
							<String ID="string_64" HPOS="269" VPOS="488" WIDTH="26" HEIGHT="20" WC="0.96" CONTENT="dä"/><SP WIDTH="16" VPOS="488" HPOS="295"/>
							<String ID="string_65" HPOS="311" VPOS="488" WIDTH="69" HEIGHT="20" WC="0.96" CONTENT="denna"/><SP WIDTH="16" VPOS="488" HPOS="380"/>
							<String ID="string_66" HPOS="396" VPOS="488" WIDTH="130" HEIGHT="26" WC="0.93" CONTENT="proposition"/><SP WIDTH="15" VPOS="488" HPOS="526"/>
							<String ID="string_67" HPOS="541" VPOS="488" WIDTH="127" HEIGHT="20" WC="0.92" CONTENT="besvarades"/><SP WIDTH="20" VPOS="488" HPOS="668"/>
							<String ID="string_68" HPOS="688" VPOS="488" WIDTH="49" HEIGHT="20" WC="0.96" CONTENT="med"/><SP WIDTH="19" VPOS="488" HPOS="737"/>
							<String ID="string_69" HPOS="756" VPOS="488" WIDTH="89" HEIGHT="20" WC="0.96" CONTENT="allmänt"/><SP WIDTH="11" VPOS="488" HPOS="845"/>
							<String ID="string_70" HPOS="856" VPOS="487" WIDTH="39" HEIGHT="26" WC="0.96" CONTENT="nej,"/><SP WIDTH="19" VPOS="487" HPOS="895"/>
							<String ID="string_71" HPOS="914" VPOS="487" WIDTH="54" HEIGHT="21" WC="0.96" CONTENT="hade"/>
						</TextLine>
						<TextLine ID="line_9" HPOS="137" VPOS="516" WIDTH="832" HEIGHT="26">
							<String ID="string_72" HPOS="137" VPOS="516" WIDTH="26" HEIGHT="21" WC="0.96" CONTENT="R."/><SP WIDTH="16" VPOS="516" HPOS="163"/>
							<String ID="string_73" HPOS="179" VPOS="522" WIDTH="18" HEIGHT="15" WC="0.95" CONTENT="o."/><SP WIDTH="18" VPOS="522" HPOS="197"/>
							<String ID="string_74" HPOS="215" VPOS="517" WIDTH="24" HEIGHT="20" WC="0.92" CONTENT="A."/><SP WIDTH="24" VPOS="517" HPOS="239"/>
							<String ID="string_75" HPOS="263" VPOS="516" WIDTH="89" HEIGHT="21" WC="0.92" CONTENT="sälunda"/><SP WIDTH="22" VPOS="516" HPOS="352"/>
							<String ID="string_76" HPOS="374" VPOS="516" WIDTH="88" HEIGHT="21" WC="0.92" CONTENT="beslutit"/><SP WIDTH="22" VPOS="516" HPOS="462"/>
							<String ID="string_77" HPOS="484" VPOS="516" WIDTH="59" HEIGHT="26" WC="0.92" CONTENT="gifva"/><SP WIDTH="22" VPOS="516" HPOS="543"/>
							<String ID="string_78" HPOS="565" VPOS="516" WIDTH="22" HEIGHT="21" WC="0.93" CONTENT="ät"/><SP WIDTH="22" VPOS="516" HPOS="587"/>
							<String ID="string_79" HPOS="609" VPOS="516" WIDTH="119" HEIGHT="26" WC="0.90" CONTENT="petitionen"/><SP WIDTH="23" VPOS="516" HPOS="728"/>
							<String ID="string_80" HPOS="751" VPOS="517" WIDTH="6" HEIGHT="19" WC="0.93" CONTENT="i"/><SP WIDTH="26" VPOS="517" HPOS="757"/>
							<String ID="string_81" HPOS="783" VPOS="518" WIDTH="71" HEIGHT="19" WC="0.90" CONTENT="ämnet"/><SP WIDTH="22" VPOS="518" HPOS="854"/>
							<String ID="string_82" HPOS="876" VPOS="516" WIDTH="93" HEIGHT="26" WC="0.96" CONTENT="följande"/>
						</TextLine>
						<TextLine ID="line_10" HPOS="136" VPOS="544" WIDTH="119" HEIGHT="27">
							<String ID="string_83" HPOS="136" VPOS="544" WIDTH="119" HEIGHT="27" WC="0.26" CONTENT="affattning,"/>
						</TextLine>
					</TextBlock>
				</ComposedBlock>
				<ComposedBlock ID="cblock_7" HPOS="207" VPOS="600" WIDTH="585" HEIGHT="27">
					<TextBlock ID="block_6" HPOS="207" VPOS="600" WIDTH="585" HEIGHT="27">
						<TextLine ID="line_11" HPOS="207" VPOS="600" WIDTH="585" HEIGHT="27">
							<String ID="string_84" HPOS="207" VPOS="603" WIDTH="32" HEIGHT="18" WC="0.96" CONTENT="att"/><SP WIDTH="16" VPOS="603" HPOS="239"/>
							<String ID="string_85" HPOS="255" VPOS="601" WIDTH="133" HEIGHT="26" WC="0.93" CONTENT="Regeringen"/><SP WIDTH="16" VPOS="601" HPOS="388"/>
							<String ID="string_86" HPOS="404" VPOS="600" WIDTH="66" HEIGHT="21" WC="0.92" CONTENT="mätte"/><SP WIDTH="17" VPOS="600" HPOS="470"/>
							<String ID="string_87" HPOS="487" VPOS="601" WIDTH="86" HEIGHT="26" WC="0.92" CONTENT="vidtaga"/><SP WIDTH="15" VPOS="601" HPOS="573"/>
							<String ID="string_88" HPOS="588" VPOS="601" WIDTH="101" HEIGHT="26" WC="0.92" CONTENT="ätgärder"/><SP WIDTH="16" VPOS="601" HPOS="689"/>
							<String ID="string_89" HPOS="705" VPOS="601" WIDTH="87" HEIGHT="25" WC="0.91" CONTENT="derhän,"/>
						</TextLine>
					</TextBlock>
				</ComposedBlock>
				<ComposedBlock ID="cblock_8" HPOS="138" VPOS="657" WIDTH="832" HEIGHT="138">
					<TextBlock ID="block_7" HPOS="138" VPOS="657" WIDTH="832" HEIGHT="138">
						<TextLine ID="line_12" HPOS="208" VPOS="657" WIDTH="761" HEIGHT="26">
							<String ID="string_90" HPOS="208" VPOS="659" WIDTH="31" HEIGHT="19" WC="0.96" CONTENT="att"/><SP WIDTH="18" VPOS="659" HPOS="239"/>
							<String ID="string_91" HPOS="257" VPOS="657" WIDTH="26" HEIGHT="21" WC="0.93" CONTENT="de"/><SP WIDTH="16" VPOS="657" HPOS="283"/>
							<String ID="string_92" HPOS="299" VPOS="657" WIDTH="226" HEIGHT="26" WC="0.92" CONTENT="fortsättningskurser"/><SP WIDTH="16" VPOS="657" HPOS="525"/>
							<String ID="string_93" HPOS="541" VPOS="658" WIDTH="32" HEIGHT="20" WC="0.93" CONTENT="till"/><SP WIDTH="16" VPOS="658" HPOS="573"/>
							<String ID="string_94" HPOS="589" VPOS="657" WIDTH="127" HEIGHT="25" WC="0.93" CONTENT="folkskolan,"/><SP WIDTH="17" VPOS="657" HPOS="716"/>
							<String ID="string_95" HPOS="733" VPOS="657" WIDTH="88" HEIGHT="21" WC="0.92" CONTENT="hvarom"/><SP WIDTH="16" VPOS="657" HPOS="821"/>
							<String ID="string_96" HPOS="837" VPOS="658" WIDTH="86" HEIGHT="25" WC="0.96" CONTENT="stadgas"/><SP WIDTH="15" VPOS="658" HPOS="923"/>
							<String ID="string_97" HPOS="938" VPOS="657" WIDTH="7" HEIGHT="20" WC="0.81" CONTENT="i"/><SP WIDTH="14" VPOS="657" HPOS="945"/>
							<String ID="string_98" HPOS="959" VPOS="658" WIDTH="10" HEIGHT="25" WC="0.81" CONTENT="3"/>
						</TextLine>
						<TextLine ID="line_13" HPOS="141" VPOS="685" WIDTH="829" HEIGHT="27">
							<String ID="string_99" HPOS="141" VPOS="687" WIDTH="40" HEIGHT="20" WC="0.95" CONTENT="125"/><SP WIDTH="25" VPOS="687" HPOS="181"/>
							<String ID="string_100" HPOS="206" VPOS="686" WIDTH="22" HEIGHT="21" WC="0.93" CONTENT="af"/><SP WIDTH="14" VPOS="686" HPOS="228"/>
							<String ID="string_101" HPOS="242" VPOS="686" WIDTH="79" HEIGHT="25" WC="0.93" CONTENT="nädiga"/><SP WIDTH="15" VPOS="686" HPOS="321"/>
							<String ID="string_102" HPOS="336" VPOS="685" WIDTH="150" HEIGHT="27" WC="0.96" CONTENT="förordningen"/><SP WIDTH="17" VPOS="685" HPOS="486"/>
							<String ID="string_103" HPOS="503" VPOS="686" WIDTH="41" HEIGHT="21" WC="0.96" CONTENT="den"/><SP WIDTH="19" VPOS="686" HPOS="544"/>
							<String ID="string_104" HPOS="563" VPOS="687" WIDTH="21" HEIGHT="20" WC="0.96" CONTENT="11"/><SP WIDTH="20" VPOS="687" HPOS="584"/>
							<String ID="string_105" HPOS="604" VPOS="686" WIDTH="42" HEIGHT="26" WC="0.96" CONTENT="Maj"/><SP WIDTH="19" VPOS="686" HPOS="646"/>
							<String ID="string_106" HPOS="665" VPOS="687" WIDTH="53" HEIGHT="20" WC="0.92" CONTENT="1886"/><SP WIDTH="18" VPOS="687" HPOS="718"/>
							<String ID="string_107" HPOS="736" VPOS="686" WIDTH="109" HEIGHT="25" WC="0.92" CONTENT="angäende"/><SP WIDTH="17" VPOS="686" HPOS="845"/>
							<String ID="string_108" HPOS="862" VPOS="685" WIDTH="108" HEIGHT="27" WC="0.91" CONTENT="organisa-"/>
						</TextLine>
						<TextLine ID="line_14" HPOS="138" VPOS="714" WIDTH="831" HEIGHT="25">
							<String ID="string_109" HPOS="138" VPOS="715" WIDTH="72" HEIGHT="20" WC="0.92" CONTENT="tionen"/><SP WIDTH="17" VPOS="715" HPOS="210"/>
							<String ID="string_110" HPOS="227" VPOS="714" WIDTH="23" HEIGHT="21" WC="0.93" CONTENT="af"/><SP WIDTH="21" VPOS="714" HPOS="250"/>
							<String ID="string_111" HPOS="271" VPOS="714" WIDTH="208" HEIGHT="21" WC="0.92" CONTENT="folkskoleväsendet"/><SP WIDTH="16" VPOS="714" HPOS="479"/>
							<String ID="string_112" HPOS="495" VPOS="714" WIDTH="6" HEIGHT="21" WC="0.96" CONTENT="i"/><SP WIDTH="16" VPOS="714" HPOS="501"/>
							<String ID="string_113" HPOS="517" VPOS="714" WIDTH="98" HEIGHT="25" WC="0.96" CONTENT="Finland,"/><SP WIDTH="16" VPOS="714" HPOS="615"/>
							<String ID="string_114" HPOS="631" VPOS="714" WIDTH="71" HEIGHT="21" WC="0.96" CONTENT="kunde"/><SP WIDTH="16" VPOS="714" HPOS="702"/>
							<String ID="string_115" HPOS="718" VPOS="715" WIDTH="6" HEIGHT="20" WC="0.93" CONTENT="i"/><SP WIDTH="16" VPOS="715" HPOS="724"/>
							<String ID="string_116" HPOS="740" VPOS="715" WIDTH="165" HEIGHT="20" WC="0.91" CONTENT="vidsträcktaste"/><SP WIDTH="16" VPOS="715" HPOS="905"/>
							<String ID="string_117" HPOS="921" VPOS="714" WIDTH="48" HEIGHT="21" WC="0.96" CONTENT="män"/>
						</TextLine>
						<TextLine ID="line_15" HPOS="138" VPOS="743" WIDTH="831" HEIGHT="26">
							<String ID="string_118" HPOS="138" VPOS="743" WIDTH="108" HEIGHT="20" WC="0.92" CONTENT="anordnas"/><SP WIDTH="17" VPOS="743" HPOS="246"/>
							<String ID="string_119" HPOS="263" VPOS="743" WIDTH="40" HEIGHT="20" WC="0.96" CONTENT="och"/><SP WIDTH="16" VPOS="743" HPOS="303"/>
							<String ID="string_120" HPOS="319" VPOS="743" WIDTH="36" HEIGHT="20" WC="0.96" CONTENT="det"/><SP WIDTH="15" VPOS="743" HPOS="355"/>
							<String ID="string_121" HPOS="370" VPOS="743" WIDTH="48" HEIGHT="20" WC="0.96" CONTENT="med"/><SP WIDTH="16" VPOS="743" HPOS="418"/>
							<String ID="string_122" HPOS="434" VPOS="743" WIDTH="47" HEIGHT="20" WC="0.93" CONTENT="dem"/><SP WIDTH="17" VPOS="743" HPOS="481"/>
							<String ID="string_123" HPOS="498" VPOS="743" WIDTH="89" HEIGHT="21" WC="0.92" CONTENT="afsedda"/><SP WIDTH="17" VPOS="743" HPOS="587"/>
							<String ID="string_124" HPOS="604" VPOS="743" WIDTH="65" HEIGHT="26" WC="0.92" CONTENT="syftet"/><SP WIDTH="16" VPOS="743" HPOS="669"/>
							<String ID="string_125" HPOS="685" VPOS="743" WIDTH="27" HEIGHT="26" WC="0.96" CONTENT="pä"/><SP WIDTH="13" VPOS="743" HPOS="712"/>
							<String ID="string_126" HPOS="725" VPOS="745" WIDTH="31" HEIGHT="18" WC="0.93" CONTENT="ett"/><SP WIDTH="16" VPOS="745" HPOS="756"/>
							<String ID="string_127" HPOS="772" VPOS="743" WIDTH="197" HEIGHT="21" WC="0.88" CONTENT="tillfredsställande"/>
						</TextLine>
						<TextLine ID="line_16" HPOS="139" VPOS="772" WIDTH="146" HEIGHT="23">
							<String ID="string_128" HPOS="139" VPOS="773" WIDTH="44" HEIGHT="19" WC="0.93" CONTENT="sätt"/><SP WIDTH="16" VPOS="773" HPOS="183"/>
							<String ID="string_129" HPOS="199" VPOS="772" WIDTH="86" HEIGHT="23" WC="0.91" CONTENT="vinnas;"/>
						</TextLine>
					</TextBlock>
				</ComposedBlock>
				<ComposedBlock ID="cblock_9" HPOS="138" VPOS="827" WIDTH="831" HEIGHT="112">
					<TextBlock ID="block_8" HPOS="138" VPOS="827" WIDTH="831" HEIGHT="112">
						<TextLine ID="line_17" HPOS="208" VPOS="827" WIDTH="761" HEIGHT="27">
							<String ID="string_130" HPOS="208" VPOS="829" WIDTH="33" HEIGHT="19" WC="0.93" CONTENT="att"/><SP WIDTH="16" VPOS="829" HPOS="241"/>
							<String ID="string_131" HPOS="257" VPOS="828" WIDTH="141" HEIGHT="26" WC="0.91" CONTENT="uppkomsten"/><SP WIDTH="17" VPOS="828" HPOS="398"/>
							<String ID="string_132" HPOS="415" VPOS="828" WIDTH="22" HEIGHT="20" WC="0.96" CONTENT="af"/><SP WIDTH="15" VPOS="828" HPOS="437"/>
							<String ID="string_133" HPOS="452" VPOS="828" WIDTH="105" HEIGHT="20" WC="0.96" CONTENT="särskilda"/><SP WIDTH="16" VPOS="828" HPOS="557"/>
							<String ID="string_134" HPOS="573" VPOS="828" WIDTH="74" HEIGHT="21" WC="0.96" CONTENT="kurser"/><SP WIDTH="12" VPOS="828" HPOS="647"/>
							<String ID="string_135" HPOS="659" VPOS="828" WIDTH="48" HEIGHT="20" WC="0.96" CONTENT="med"/><SP WIDTH="11" VPOS="828" HPOS="707"/>
							<String ID="string_136" HPOS="718" VPOS="827" WIDTH="54" HEIGHT="27" WC="0.96" CONTENT="syfte"/><SP WIDTH="12" VPOS="827" HPOS="772"/>
							<String ID="string_137" HPOS="784" VPOS="829" WIDTH="32" HEIGHT="19" WC="0.93" CONTENT="att"/><SP WIDTH="11" VPOS="829" HPOS="816"/>
							<String ID="string_138" HPOS="827" VPOS="828" WIDTH="80" HEIGHT="20" WC="0.92" CONTENT="bereda"/><SP WIDTH="10" VPOS="828" HPOS="907"/>
							<String ID="string_139" HPOS="917" VPOS="833" WIDTH="52" HEIGHT="20" WC="0.92" CONTENT="ung-"/>
						</TextLine>
						<TextLine ID="line_18" HPOS="139" VPOS="856" WIDTH="830" HEIGHT="26">
							<String ID="string_140" HPOS="139" VPOS="856" WIDTH="77" HEIGHT="20" WC="0.92" CONTENT="domen"/><SP WIDTH="18" VPOS="856" HPOS="216"/>
							<String ID="string_141" HPOS="234" VPOS="856" WIDTH="67" HEIGHT="20" WC="0.93" CONTENT="bland"/><SP WIDTH="16" VPOS="856" HPOS="301"/>
							<String ID="string_142" HPOS="317" VPOS="856" WIDTH="211" HEIGHT="26" WC="0.92" CONTENT="landtbefolkningen"/><SP WIDTH="13" VPOS="856" HPOS="528"/>
							<String ID="string_143" HPOS="541" VPOS="856" WIDTH="82" HEIGHT="21" WC="0.92" CONTENT="tillfälle"/><SP WIDTH="13" VPOS="856" HPOS="623"/>
							<String ID="string_144" HPOS="636" VPOS="858" WIDTH="31" HEIGHT="19" WC="0.93" CONTENT="att"/><SP WIDTH="12" VPOS="858" HPOS="667"/>
							<String ID="string_145" HPOS="679" VPOS="856" WIDTH="85" HEIGHT="20" WC="0.92" CONTENT="utöfver"/><SP WIDTH="10" VPOS="856" HPOS="764"/>
							<String ID="string_146" HPOS="774" VPOS="856" WIDTH="133" HEIGHT="20" WC="0.92" CONTENT="folkskolans"/><SP WIDTH="11" VPOS="856" HPOS="907"/>
							<String ID="string_147" HPOS="918" VPOS="856" WIDTH="51" HEIGHT="20" WC="0.96" CONTENT="kurs"/>
						</TextLine>
						<TextLine ID="line_19" HPOS="138" VPOS="884" WIDTH="831" HEIGHT="27">
							<String ID="string_148" HPOS="138" VPOS="884" WIDTH="96" HEIGHT="21" WC="0.92" CONTENT="inhemta"/><SP WIDTH="23" VPOS="884" HPOS="234"/>
							<String ID="string_149" HPOS="257" VPOS="884" WIDTH="113" HEIGHT="26" WC="0.91" CONTENT="grundliga"/><SP WIDTH="23" VPOS="884" HPOS="370"/>
							<String ID="string_150" HPOS="393" VPOS="884" WIDTH="129" HEIGHT="27" WC="0.93" CONTENT="kunskaper,"/><SP WIDTH="26" VPOS="884" HPOS="522"/>
							<String ID="string_151" HPOS="548" VPOS="884" WIDTH="152" HEIGHT="22" WC="0.93" CONTENT="företrädesvis"/><SP WIDTH="18" VPOS="884" HPOS="700"/>
							<String ID="string_152" HPOS="718" VPOS="884" WIDTH="89" HEIGHT="21" WC="0.92" CONTENT="afsedda"/><SP WIDTH="15" VPOS="884" HPOS="807"/>
							<String ID="string_153" HPOS="822" VPOS="884" WIDTH="34" HEIGHT="21" WC="0.93" CONTENT="för"/><SP WIDTH="15" VPOS="884" HPOS="856"/>
							<String ID="string_154" HPOS="871" VPOS="884" WIDTH="98" HEIGHT="26" WC="0.93" CONTENT="praktisk"/>
						</TextLine>
						<TextLine ID="line_20" HPOS="138" VPOS="912" WIDTH="450" HEIGHT="27">
							<String ID="string_155" HPOS="138" VPOS="912" WIDTH="160" HEIGHT="27" WC="0.91" CONTENT="tillämplighet,"/><SP WIDTH="16" VPOS="912" HPOS="298"/>
							<String ID="string_156" HPOS="314" VPOS="913" WIDTH="149" HEIGHT="25" WC="0.92" CONTENT="befordrades;"/><SP WIDTH="17" VPOS="913" HPOS="463"/>
							<String ID="string_157" HPOS="480" VPOS="913" WIDTH="108" HEIGHT="21" WC="0.92" CONTENT="äfvensom"/>
						</TextLine>
					</TextBlock>
				</ComposedBlock>
				<ComposedBlock ID="cblock_10" HPOS="139" VPOS="969" WIDTH="830" HEIGHT="83">
					<TextBlock ID="block_9" HPOS="139" VPOS="969" WIDTH="830" HEIGHT="83">
						<TextLine ID="line_21" HPOS="208" VPOS="969" WIDTH="760" HEIGHT="27">
							<String ID="string_158" HPOS="208" VPOS="971" WIDTH="33" HEIGHT="19" WC="0.96" CONTENT="att"/><SP WIDTH="16" VPOS="971" HPOS="241"/>
							<String ID="string_159" HPOS="257" VPOS="970" WIDTH="117" HEIGHT="20" WC="0.93" CONTENT="understöd"/><SP WIDTH="14" VPOS="970" HPOS="374"/>
							<String ID="string_160" HPOS="388" VPOS="970" WIDTH="77" HEIGHT="26" WC="0.92" CONTENT="jemväl"/><SP WIDTH="16" VPOS="970" HPOS="465"/>
							<String ID="string_161" HPOS="481" VPOS="970" WIDTH="55" HEIGHT="26" WC="0.96" CONTENT="finge"/><SP WIDTH="17" VPOS="970" HPOS="536"/>
							<String ID="string_162" HPOS="553" VPOS="970" WIDTH="54" HEIGHT="21" WC="0.93" CONTENT="efter"/><SP WIDTH="15" VPOS="970" HPOS="607"/>
							<String ID="string_163" HPOS="622" VPOS="969" WIDTH="99" HEIGHT="27" WC="0.91" CONTENT="pröfning"/><SP WIDTH="15" VPOS="969" HPOS="721"/>
							<String ID="string_164" HPOS="736" VPOS="969" WIDTH="93" HEIGHT="27" WC="0.66" CONTENT="utgifvas"/><SP WIDTH="9" VPOS="969" HPOS="829"/>
							<String ID="string_165" HPOS="838" VPOS="969" WIDTH="23" HEIGHT="21" WC="0.66" CONTENT="ät"/><SP WIDTH="11" VPOS="969" HPOS="861"/>
							<String ID="string_166" HPOS="872" VPOS="969" WIDTH="96" HEIGHT="27" WC="0.93" CONTENT="folkhög-"/>
						</TextLine>
						<TextLine ID="line_22" HPOS="139" VPOS="998" WIDTH="830" HEIGHT="26">
							<String ID="string_167" HPOS="139" VPOS="998" WIDTH="62" HEIGHT="21" WC="0.96" CONTENT="skola"/><SP WIDTH="22" VPOS="998" HPOS="201"/>
							<String ID="string_168" HPOS="223" VPOS="998" WIDTH="53" HEIGHT="20" WC="0.96" CONTENT="eller"/><SP WIDTH="23" VPOS="998" HPOS="276"/>
							<String ID="string_169" HPOS="299" VPOS="1004" WIDTH="69" HEIGHT="14" WC="0.93" CONTENT="annan"/><SP WIDTH="23" VPOS="1004" HPOS="368"/>
							<String ID="string_170" HPOS="391" VPOS="998" WIDTH="92" HEIGHT="21" WC="0.91" CONTENT="likartad"/><SP WIDTH="23" VPOS="998" HPOS="483"/>
							<String ID="string_171" HPOS="506" VPOS="998" WIDTH="135" HEIGHT="25" WC="0.92" CONTENT="läroanstalt,"/><SP WIDTH="23" VPOS="998" HPOS="641"/>
							<String ID="string_172" HPOS="664" VPOS="1004" WIDTH="46" HEIGHT="15" WC="0.96" CONTENT="som"/><SP WIDTH="16" VPOS="1004" HPOS="710"/>
							<String ID="string_173" HPOS="726" VPOS="998" WIDTH="28" HEIGHT="26" WC="0.93" CONTENT="pä"/><SP WIDTH="16" VPOS="998" HPOS="754"/>
							<String ID="string_174" HPOS="770" VPOS="998" WIDTH="92" HEIGHT="21" WC="0.92" CONTENT="enskildt"/><SP WIDTH="16" VPOS="998" HPOS="862"/>
							<String ID="string_175" HPOS="878" VPOS="998" WIDTH="91" HEIGHT="21" WC="0.96" CONTENT="initiativ"/>
						</TextLine>
						<TextLine ID="line_23" HPOS="140" VPOS="1026" WIDTH="203" HEIGHT="26">
							<String ID="string_176" HPOS="140" VPOS="1026" WIDTH="131" HEIGHT="26" WC="0.91" CONTENT="tillkommit,"/><SP WIDTH="17" VPOS="1026" HPOS="271"/>
							<String ID="string_177" HPOS="288" VPOS="1029" WIDTH="55" HEIGHT="18" WC="0.96" CONTENT="samt"/>
						</TextLine>
					</TextBlock>
				</ComposedBlock>
				<ComposedBlock ID="cblock_11" HPOS="138" VPOS="1083" WIDTH="831" HEIGHT="140">
					<TextBlock ID="block_10" HPOS="138" VPOS="1083" WIDTH="831" HEIGHT="140">
						<TextLine ID="line_24" HPOS="209" VPOS="1083" WIDTH="760" HEIGHT="27">
							<String ID="string_178" HPOS="209" VPOS="1085" WIDTH="32" HEIGHT="19" WC="0.92" CONTENT="att"/><SP WIDTH="18" VPOS="1085" HPOS="241"/>
							<String ID="string_179" HPOS="259" VPOS="1083" WIDTH="119" HEIGHT="21" WC="0.92" CONTENT="Ständerna"/><SP WIDTH="16" VPOS="1083" HPOS="378"/>
							<String ID="string_180" HPOS="394" VPOS="1083" WIDTH="32" HEIGHT="21" WC="0.96" CONTENT="för"/><SP WIDTH="16" VPOS="1083" HPOS="426"/>
							<String ID="string_181" HPOS="442" VPOS="1084" WIDTH="61" HEIGHT="20" WC="0.92" CONTENT="dessa"/><SP WIDTH="9" VPOS="1084" HPOS="503"/>
							<String ID="string_182" HPOS="512" VPOS="1084" WIDTH="99" HEIGHT="20" WC="0.95" CONTENT="ändamål"/><SP WIDTH="10" VPOS="1084" HPOS="611"/>
							<String ID="string_183" HPOS="621" VPOS="1084" WIDTH="103" HEIGHT="26" WC="0.96" CONTENT="beviljade"/><SP WIDTH="12" VPOS="1084" HPOS="724"/>
							<String ID="string_184" HPOS="736" VPOS="1090" WIDTH="25" HEIGHT="14" WC="0.96" CONTENT="en"/><SP WIDTH="10" VPOS="1090" HPOS="761"/>
							<String ID="string_185" HPOS="771" VPOS="1090" WIDTH="82" HEIGHT="14" WC="0.96" CONTENT="summa"/><SP WIDTH="8" VPOS="1090" HPOS="853"/>
							<String ID="string_186" HPOS="861" VPOS="1083" WIDTH="23" HEIGHT="21" WC="0.93" CONTENT="af"/><SP WIDTH="8" VPOS="1083" HPOS="884"/>
							<String ID="string_187" HPOS="892" VPOS="1084" WIDTH="77" HEIGHT="26" WC="0.92" CONTENT="90,000"/>
						</TextLine>
						<TextLine ID="line_25" HPOS="138" VPOS="1112" WIDTH="831" HEIGHT="26">
							<String ID="string_188" HPOS="138" VPOS="1112" WIDTH="62" HEIGHT="20" WC="0.96" CONTENT="mark"/><SP WIDTH="15" VPOS="1112" HPOS="200"/>
							<String ID="string_189" HPOS="215" VPOS="1112" WIDTH="70" HEIGHT="20" WC="0.93" CONTENT="under"/><SP WIDTH="15" VPOS="1112" HPOS="285"/>
							<String ID="string_190" HPOS="300" VPOS="1112" WIDTH="51" HEIGHT="19" WC="0.91" CONTENT="ären"/><SP WIDTH="18" VPOS="1112" HPOS="351"/>
							<String ID="string_191" HPOS="369" VPOS="1112" WIDTH="59" HEIGHT="25" WC="0.96" CONTENT="1892,"/><SP WIDTH="18" VPOS="1112" HPOS="428"/>
							<String ID="string_192" HPOS="446" VPOS="1112" WIDTH="54" HEIGHT="21" WC="0.96" CONTENT="1893"/><SP WIDTH="17" VPOS="1112" HPOS="500"/>
							<String ID="string_193" HPOS="517" VPOS="1112" WIDTH="38" HEIGHT="21" WC="0.96" CONTENT="och"/><SP WIDTH="14" VPOS="1112" HPOS="555"/>
							<String ID="string_194" HPOS="569" VPOS="1113" WIDTH="60" HEIGHT="23" WC="0.96" CONTENT="1894,"/><SP WIDTH="12" VPOS="1113" HPOS="629"/>
							<String ID="string_195" HPOS="641" VPOS="1114" WIDTH="33" HEIGHT="19" WC="0.93" CONTENT="att"/><SP WIDTH="16" VPOS="1114" HPOS="674"/>
							<String ID="string_196" HPOS="690" VPOS="1112" WIDTH="51" HEIGHT="26" WC="0.90" CONTENT="utgä"/><SP WIDTH="16" VPOS="1112" HPOS="741"/>
							<String ID="string_197" HPOS="757" VPOS="1113" WIDTH="47" HEIGHT="20" WC="0.93" CONTENT="med"/><SP WIDTH="17" VPOS="1113" HPOS="804"/>
							<String ID="string_198" HPOS="821" VPOS="1113" WIDTH="77" HEIGHT="25" WC="0.92" CONTENT="30,000"/><SP WIDTH="9" VPOS="1113" HPOS="898"/>
							<String ID="string_199" HPOS="907" VPOS="1112" WIDTH="62" HEIGHT="20" WC="0.96" CONTENT="mark"/>
						</TextLine>
						<TextLine ID="line_26" HPOS="139" VPOS="1139" WIDTH="829" HEIGHT="28">
							<String ID="string_200" HPOS="139" VPOS="1140" WIDTH="88" HEIGHT="26" WC="0.95" CONTENT="årligen,"/><SP WIDTH="17" VPOS="1140" HPOS="227"/>
							<String ID="string_201" HPOS="244" VPOS="1139" WIDTH="77" HEIGHT="21" WC="0.93" CONTENT="hvaraf"/><SP WIDTH="17" VPOS="1139" HPOS="321"/>
							<String ID="string_202" HPOS="338" VPOS="1141" WIDTH="74" HEIGHT="24" WC="0.93" CONTENT="15,000"/><SP WIDTH="17" VPOS="1141" HPOS="412"/>
							<String ID="string_203" HPOS="429" VPOS="1140" WIDTH="61" HEIGHT="21" WC="0.96" CONTENT="mark"/><SP WIDTH="16" VPOS="1140" HPOS="490"/>
							<String ID="string_204" HPOS="506" VPOS="1140" WIDTH="33" HEIGHT="21" WC="0.93" CONTENT="för"/><SP WIDTH="16" VPOS="1140" HPOS="539"/>
							<String ID="string_205" HPOS="555" VPOS="1140" WIDTH="150" HEIGHT="27" WC="0.96" CONTENT="folkhögskola"/><SP WIDTH="17" VPOS="1140" HPOS="705"/>
							<String ID="string_206" HPOS="722" VPOS="1141" WIDTH="51" HEIGHT="20" WC="0.95" CONTENT="eller"/><SP WIDTH="16" VPOS="1141" HPOS="773"/>
							<String ID="string_207" HPOS="789" VPOS="1147" WIDTH="70" HEIGHT="14" WC="0.93" CONTENT="annan"/><SP WIDTH="16" VPOS="1147" HPOS="859"/>
							<String ID="string_208" HPOS="875" VPOS="1140" WIDTH="93" HEIGHT="21" WC="0.96" CONTENT="likartad"/>
						</TextLine>
						<TextLine ID="line_27" HPOS="140" VPOS="1168" WIDTH="829" HEIGHT="27">
							<String ID="string_209" HPOS="140" VPOS="1169" WIDTH="136" HEIGHT="24" WC="0.89" CONTENT="läroanstalt,"/><SP WIDTH="17" VPOS="1169" HPOS="276"/>
							<String ID="string_210" HPOS="293" VPOS="1168" WIDTH="39" HEIGHT="21" WC="0.93" CONTENT="och"/><SP WIDTH="18" VPOS="1168" HPOS="332"/>
							<String ID="string_211" HPOS="350" VPOS="1168" WIDTH="66" HEIGHT="27" WC="0.91" CONTENT="öfriga"/><SP WIDTH="21" VPOS="1168" HPOS="416"/>
							<String ID="string_212" HPOS="437" VPOS="1169" WIDTH="73" HEIGHT="26" WC="0.89" CONTENT="15,000"/><SP WIDTH="15" VPOS="1169" HPOS="510"/>
							<String ID="string_213" HPOS="525" VPOS="1169" WIDTH="62" HEIGHT="20" WC="0.96" CONTENT="mark"/><SP WIDTH="16" VPOS="1169" HPOS="587"/>
							<String ID="string_214" HPOS="603" VPOS="1169" WIDTH="32" HEIGHT="20" WC="0.96" CONTENT="för"/><SP WIDTH="16" VPOS="1169" HPOS="635"/>
							<String ID="string_215" HPOS="651" VPOS="1170" WIDTH="26" HEIGHT="20" WC="0.96" CONTENT="de"/><SP WIDTH="16" VPOS="1170" HPOS="677"/>
							<String ID="string_216" HPOS="693" VPOS="1169" WIDTH="7" HEIGHT="20" WC="0.95" CONTENT="i"/><SP WIDTH="15" VPOS="1169" HPOS="700"/>
							<String ID="string_217" HPOS="715" VPOS="1169" WIDTH="68" HEIGHT="21" WC="0.96" CONTENT="första"/><SP WIDTH="13" VPOS="1169" HPOS="783"/>
							<String ID="string_218" HPOS="796" VPOS="1169" WIDTH="39" HEIGHT="21" WC="0.96" CONTENT="och"/><SP WIDTH="11" VPOS="1169" HPOS="835"/>
							<String ID="string_219" HPOS="846" VPOS="1169" WIDTH="67" HEIGHT="20" WC="0.93" CONTENT="andra"/><SP WIDTH="12" VPOS="1169" HPOS="913"/>
							<String ID="string_220" HPOS="925" VPOS="1175" WIDTH="44" HEIGHT="14" WC="0.92" CONTENT="mo-"/>
						</TextLine>
						<TextLine ID="line_28" HPOS="139" VPOS="1197" WIDTH="449" HEIGHT="26">
							<String ID="string_221" HPOS="139" VPOS="1198" WIDTH="86" HEIGHT="20" WC="0.92" CONTENT="menten"/><SP WIDTH="16" VPOS="1198" HPOS="225"/>
							<String ID="string_222" HPOS="241" VPOS="1199" WIDTH="111" HEIGHT="24" WC="0.91" CONTENT="upptagna"/><SP WIDTH="17" VPOS="1199" HPOS="352"/>
							<String ID="string_223" HPOS="369" VPOS="1197" WIDTH="219" HEIGHT="26" WC="0.91" CONTENT="bildningsanstalter."/>
						</TextLine>
					</TextBlock>
				</ComposedBlock>
				<ComposedBlock ID="cblock_12" HPOS="139" VPOS="1253" WIDTH="830" HEIGHT="84">
					<TextBlock ID="block_11" HPOS="139" VPOS="1253" WIDTH="830" HEIGHT="84">
						<TextLine ID="line_29" HPOS="209" VPOS="1253" WIDTH="760" HEIGHT="28">
							<String ID="string_224" HPOS="209" VPOS="1253" WIDTH="11" HEIGHT="21" WC="0.94" CONTENT="I"/><SP WIDTH="21" VPOS="1253" HPOS="220"/>
							<String ID="string_225" HPOS="241" VPOS="1253" WIDTH="94" HEIGHT="26" WC="0.95" CONTENT="enlighet"/><SP WIDTH="23" VPOS="1253" HPOS="335"/>
							<String ID="string_226" HPOS="358" VPOS="1254" WIDTH="48" HEIGHT="21" WC="0.93" CONTENT="med"/><SP WIDTH="22" VPOS="1254" HPOS="406"/>
							<String ID="string_227" HPOS="428" VPOS="1254" WIDTH="117" HEIGHT="21" WC="0.96" CONTENT="utskottets"/><SP WIDTH="16" VPOS="1254" HPOS="545"/>
							<String ID="string_228" HPOS="561" VPOS="1255" WIDTH="72" HEIGHT="20" WC="0.96" CONTENT="derom"/><SP WIDTH="16" VPOS="1255" HPOS="633"/>
							<String ID="string_229" HPOS="649" VPOS="1254" WIDTH="76" HEIGHT="27" WC="0.96" CONTENT="gjorda"/><SP WIDTH="15" VPOS="1254" HPOS="725"/>
							<String ID="string_230" HPOS="740" VPOS="1254" WIDTH="80" HEIGHT="27" WC="0.93" CONTENT="förslag"/><SP WIDTH="16" VPOS="1254" HPOS="820"/>
							<String ID="string_231" HPOS="836" VPOS="1254" WIDTH="81" HEIGHT="21" WC="0.93" CONTENT="beslöts"/><SP WIDTH="15" VPOS="1254" HPOS="917"/>
							<String ID="string_232" HPOS="932" VPOS="1254" WIDTH="37" HEIGHT="21" WC="0.93" CONTENT="til-"/>
						</TextLine>
						<TextLine ID="line_30" HPOS="139" VPOS="1282" WIDTH="828" HEIGHT="27">
							<String ID="string_233" HPOS="139" VPOS="1282" WIDTH="44" HEIGHT="21" WC="0.95" CONTENT="lika"/><SP WIDTH="26" VPOS="1282" HPOS="183"/>
							<String ID="string_234" HPOS="209" VPOS="1283" WIDTH="32" HEIGHT="20" WC="0.96" CONTENT="att"/><SP WIDTH="24" VPOS="1283" HPOS="241"/>
							<String ID="string_235" HPOS="265" VPOS="1283" WIDTH="109" HEIGHT="20" WC="0.96" CONTENT="remittera"/><SP WIDTH="22" VPOS="1283" HPOS="374"/>
							<String ID="string_236" HPOS="396" VPOS="1283" WIDTH="94" HEIGHT="25" WC="0.93" CONTENT="ärendet,"/><SP WIDTH="18" VPOS="1283" HPOS="490"/>
							<String ID="string_237" HPOS="508" VPOS="1283" WIDTH="69" HEIGHT="20" WC="0.92" CONTENT="såvidt"/><SP WIDTH="16" VPOS="1283" HPOS="577"/>
							<String ID="string_238" HPOS="593" VPOS="1283" WIDTH="35" HEIGHT="20" WC="0.96" CONTENT="det"/><SP WIDTH="15" VPOS="1283" HPOS="628"/>
							<String ID="string_239" HPOS="643" VPOS="1283" WIDTH="71" HEIGHT="26" WC="0.93" CONTENT="gällde"/><SP WIDTH="17" VPOS="1283" HPOS="714"/>
							<String ID="string_240" HPOS="731" VPOS="1283" WIDTH="114" HEIGHT="21" WC="0.92" CONTENT="anvisande"/><SP WIDTH="17" VPOS="1283" HPOS="845"/>
							<String ID="string_241" HPOS="862" VPOS="1283" WIDTH="20" HEIGHT="21" WC="0.93" CONTENT="at"/><SP WIDTH="17" VPOS="1283" HPOS="882"/>
							<String ID="string_242" HPOS="899" VPOS="1283" WIDTH="68" HEIGHT="20" WC="0.96" CONTENT="medel"/>
						</TextLine>
						<TextLine ID="line_31" HPOS="139" VPOS="1310" WIDTH="573" HEIGHT="27">
							<String ID="string_243" HPOS="139" VPOS="1310" WIDTH="34" HEIGHT="21" WC="0.96" CONTENT="för"/><SP WIDTH="16" VPOS="1310" HPOS="173"/>
							<String ID="string_244" HPOS="189" VPOS="1310" WIDTH="163" HEIGHT="27" WC="0.96" CONTENT="ifrågavarande"/><SP WIDTH="16" VPOS="1310" HPOS="352"/>
							<String ID="string_245" HPOS="368" VPOS="1311" WIDTH="106" HEIGHT="26" WC="0.95" CONTENT="ändamål,"/><SP WIDTH="17" VPOS="1311" HPOS="474"/>
							<String ID="string_246" HPOS="491" VPOS="1311" WIDTH="32" HEIGHT="20" WC="0.96" CONTENT="till"/><SP WIDTH="17" VPOS="1311" HPOS="523"/>
							<String ID="string_247" HPOS="540" VPOS="1311" WIDTH="172" HEIGHT="21" WC="0.95" CONTENT="Statsutskottet."/>
						</TextLine>
					</TextBlock>
				</ComposedBlock>
			</PrintSpace>
		</Page>
	</Layout>
</alto>
