1025 1686
163 89 13 21 Oo

178 89 12 20 O

192 89 13 20 QQ

421 93 24 18 R.
459 98 17 13 o.
488 94 22 16 A.
525 93 53 17 1891.
600 92 21 18 11
634 93 47 20 Maj.

133 174 47 21 icke
195 174 43 21 kan
254 173 83 27 förbigä
353 179 26 16 en
395 173 23 21 af
431 173 106 21 utskottet
552 172 32 21 till
601 173 94 21 Ständen
711 171 121 22 framställd
842 171 123 26 beräkning,

135 202 27 21 dä
185 204 32 19 ett
239 190 84 38 beslut,
336 208 46 15 som
398 201 82 22 medför
494 201 125 27 förändring
635 201 22 21 af
671 201 71 21 denna
757 200 124 27 beräkning,
897 187 69 34 blifvit

134 231 87 21 fattadt.

204 287 58 21 Frih.
287 293 49 15 von
360 287 84 21 Born:
474 286 59 22 Utan
555 288 34 20 att
610 286 50 26 vilja
683 286 96 21 bestrida
801 285 129 27 riktigheten
945 285 24 21 af

135 316 32 20 Hr
182 315 117 22 Mechelins
312 316 172 25 anmärkningar,
499 316 36 20 vill
552 315 37 27 jag
604 314 69 22 såsom
691 321 25 15 en
732 315 90 26 motvigt
837 314 86 26 antyda,
935 316 32 18 att

135 344 41 21 den
198 350 29 15 nu
251 344 85 21 införda
359 344 147 27 skyldigheten
528 346 32 19 att
576 343 48 21 med
639 343 173 27 stämpelpapper
828 342 90 27 belägga
933 342 34 21 åt-

134 372 201 27 komsthandlingar
351 372 33 21 för
400 372 69 26 fartyg
488 372 34 20 vid
538 372 62 21 deras
616 372 166 26 inregistrering,
799 371 81 21 hvilket
895 371 71 20 härin-

134 401 45 21 tills
194 401 47 21 icke
257 400 143 27 förekommit,
416 400 156 27 otvifvelaktigt
587 400 96 21 kommer
700 402 32 19 att
747 400 56 26 gifva
818 401 31 19 ett
860 399 46 21 icke
916 399 51 21 obe-

134 430 78 26 tydligt
234 429 100 26 tillskott,
357 432 32 19 ett
411 429 96 25 tillskott,
532 435 45 15 som
593 429 42 21 kan
650 428 58 27 gifva
723 428 149 28 berättigande
888 429 31 19 att
935 427 32 21 åt-

135 458 106 21 minstone
258 457 91 22 afrunda
365 458 73 21 siffran
453 458 33 20 till
501 458 93 26 800,000
612 457 67 21 mark.

203 514 30 22 På
257 515 32 21 Hr
314 515 219 21 Landtmarskalkens
554 514 158 26 framställning
733 514 69 20 beslöt
818 514 24 20 R.
859 520 18 14 o.
894 514 25 20 A.
935 514 32 20 att

134 543 93 26 delgifva
243 543 237 26 Bevillningsutskottet
496 544 26 20 de
539 544 77 20 tvänne
633 545 85 19 senaste
734 542 134 27 yttrandena.

429 713 237 28 Bränvinslag-förslagen.

203 770 42 21 Till
262 770 60 21 detta
337 771 85 25 plenum
438 771 55 20 hade
510 771 71 20 vidare
597 771 112 25 bordlagts
726 770 38 21 och
780 769 111 28 föredrogs

201 827 227 21 Ekonomiutskottets
443 827 135 21 betänkande
595 827 38 20 N:o
647 828 12 19 3
671 827 7 20 i
689 827 114 26 anledning
814 827 23 21 af
847 827 48 20 nåd.
905 833 59 20 prop.

133 855 41 21 N:o
200 856 21 19 11
249 854 147 22 innefattande
419 856 79 26 förslag
522 856 32 20 till
575 855 131 26 förordning,
723 855 109 26 angående
848 855 19 27 ej
884 856 81 20 mindre

133 883 139 26 tillverkning
295 884 39 20 och
354 884 125 26 distillering
497 886 27 18 än
542 884 132 26 försäljning,
691 883 89 27 forsling
795 884 39 20 och
851 884 78 26 upplag
944 883 23 21 af

133 912 90 20 bränvin
239 912 40 20 och
295 912 67 20 andra
378 912 82 21 brända
475 913 52 20 eller
543 912 130 21 distillerade
690 912 150 27 spritdrycker.

203 968 32 20 Hr
251 968 68 21 Karl
340 968 168 27 Tigerstedt
524 969 73 21 anhöll
612 976 33 14 om
662 969 62 21 ordet
741 969 39 21 och
795 969 97 26 yttrade:
915 969 50 21 Vid-

134 996 127 27 lyftigheten
285 997 22 21 af
320 997 139 21 förevarande
481 998 141 24 betänkande,
639 998 77 20 sakens
732 998 44 26 vigt
792 998 39 20 och
847 998 40 20 den
903 998 63 20 korta

133 1025 31 21 tid
188 1025 36 21 det
247 1025 123 27 Höglofliga
394 1026 99 21 Ständets
512 1026 138 21 medlemmar
665 1025 48 21 haft
728 1026 32 21 för
776 1032 82 15 samma
871 1026 95 20 handlin-

133 1060 50 20 gars
205 1054 168 26 genomgäende,
395 1054 72 27 tyckes
490 1055 42 26 mig
554 1055 103 20 motivera
680 1061 27 14 en
723 1054 154 27 bordläggning
893 1054 22 21 af
930 1054 34 21 be-

133 1082 119 21 tänkandet
275 1082 32 21 till
330 1084 63 20 nästa
416 1083 164 26 sammanträde,
596 1083 39 21 och
650 1083 83 21 tilläter
747 1083 35 26 jag
798 1084 42 25 mig
856 1083 109 21 vördsamt

132 1110 115 21 hemställa
264 1117 34 14 om
314 1117 25 14 en
356 1111 57 26 dylik
429 1111 160 26 bordläggning.

203 1167 32 20 Hr
251 1167 25 20 A.
293 1167 25 21 A.
334 1167 146 21 Granfelt:
510 1168 33 20 Dä
559 1167 156 27 bordläggning
730 1167 40 21 har
784 1168 128 31 föreslagits,
929 1167 36 21 vill

130 1195 37 26 jag
184 1195 88 21 afvakta
287 1195 107 27 utgängen
411 1196 71 26 häraf;
498 1197 108 20 dessutom
622 1196 78 21 hänför
716 1196 31 27 sig
763 1196 41 24 det,
820 1202 45 15 som
876 1196 37 27 jag
921 1198 44 19 äm-

132 1225 38 19 nat
193 1225 59 24 säga,
275 1226 75 19 nästan
374 1213 135 32 uteslutande
533 1225 31 20 till
590 1212 207 39 försäljningslagen,
820 1224 88 21 hvarför
928 1224 37 27 jag

132 1252 66 21 ocksä
215 1252 74 21 därför
304 1253 39 20 har
359 1253 47 21 skäl
421 1255 32 18 att
468 1253 116 26 uppskjuta
600 1253 47 21 mitt
662 1253 145 26 andragande.

202 1309 10 20 I
228 1309 95 27 enlighet
338 1309 48 21 med
402 1310 40 20 den
460 1309 89 21 sålunda
564 1310 136 21 framställda
715 1309 101 22 anhållan
832 1310 45 21 blef
890 1310 75 21 betän-

131 1337 82 21 kandet
228 1337 126 27 ytterligare
370 1337 113 28 bordlagdt
498 1339 32 20 till
546 1340 63 19 nästa
623 1339 94 26 plenum.
