1025 1686
189 105 42 21 586
445 110 25 17 R.
483 115 17 12 o.
513 110 23 17 A.
549 110 54 17 1891.
622 111 14 16 4
647 109 63 22 April.

160 189 45 22 lika
227 189 194 22 elementarkurser
436 189 32 22 för
491 189 99 22 arbetare
611 190 7 21 i
634 190 70 21 denna
719 189 48 22 stad
782 189 127 26 inrättades,
925 189 66 21 hafva

162 219 25 20 de
210 218 57 21 varit
290 218 90 21 besökta
402 217 24 22 af
447 220 31 19 ett
498 219 94 26 ständigt
607 219 96 20 växande
718 218 59 21 antal
792 222 102 22 personer
910 217 39 22 och
965 218 27 21 de

160 247 83 25 kurser,
267 253 46 15 som
334 247 50 21 tack
399 253 49 15 vare
465 247 97 21 enskilda
577 253 113 20 personers
706 247 91 21 intresse
813 247 39 20 och
869 246 122 27 offervillig-

160 275 38 21 het
213 275 34 21 för
263 275 133 21 närvarande
412 281 39 20 ega
473 282 54 18 rm,
544 276 61 20 torde
620 275 92 21 besökas
727 275 24 21 af
764 281 40 20 par
818 275 85 21 hundra
918 281 74 20 perso-

160 310 45 15 ner.
236 304 44 20 Det
301 304 40 20 har
362 303 65 21 ocksä
441 304 49 21 med
506 306 81 19 största
602 304 164 26 enstämmighet
781 304 147 21 konstaterats
943 303 48 21 frän

162 332 85 21 landets
271 332 56 21 olika
351 332 61 21 delar
435 334 32 19 att
486 339 26 15 en
528 332 85 27 mycket
628 334 45 20 stor
689 332 126 27 kontingent
830 332 24 20 af
867 332 126 26 yrkesarbe-

162 363 54 20 tare,
234 360 102 22 särskildt
351 360 23 21 af
387 360 318 22 handtverksarbetareklassen
720 361 47 21 icke
775 360 144 21 vunnit
857 356 9 36 i
878 360 41 21 sina
927 366 66 21 yngre

162 389 25 21 år
209 389 71 27 någon
303 389 151 27 skolbildning,
476 392 53 18 utan
553 389 94 21 befinner
670 390 32 26 sig
724 390 7 20 i
754 389 120 26 fullkomlig
889 388 104 22 afsaknad

162 417 67 21 deraf.
261 418 44 20 Det
327 420 23 18 är
372 418 35 21 vid
430 418 76 21 sådant
529 418 132 21 förhållande
684 418 48 21 icke
754 419 33 19 att
802 418 69 20 undra
887 417 58 21 öfver
960 420 33 19 att

163 452 25 15 en
212 446 108 26 arbetare,
343 452 46 15 som
405 446 75 22 hunnit
496 447 33 21 till
545 453 76 20 mogen
637 446 61 22 ålder
713 446 39 21 och
768 446 97 21 kommer
881 446 32 20 till
929 446 64 26 insigt

162 474 23 22 af
206 476 33 20 att
263 474 68 22 ökade
355 475 121 26 kunskaper
497 475 34 21 för
547 476 78 20 honom
641 481 51 15 vore
708 475 32 21 till
756 475 90 26 ofantlig
862 476 67 24 nytta,
945 475 48 21 med

163 503 136 27 begärlighet
314 503 54 21 skall
385 503 90 22 omfatta
490 504 37 21 det
543 504 88 26 tillfälle,
641 510 45 15 som
703 504 41 20 kan
760 504 78 20 honom
850 503 100 26 erbjudas
961 505 34 19 att

163 532 64 20 vinna
243 532 70 20 ökade
328 532 129 26 kunskaper,
474 532 63 22 dessa
552 532 35 21 må
602 532 65 21 sedan
683 538 52 15 vara
750 532 23 21 af
786 532 54 21 allra
855 532 79 20 minsta
949 538 44 15 om-

162 560 101 26 fattning.
290 560 42 21 Det
354 560 40 21 har
416 561 122 26 visserligen
555 560 65 22 också
635 562 59 25 sagts
709 562 33 19 att
758 561 68 20 denna
842 560 152 26 undervisning

161 589 7 20 i
191 589 92 20 främsta
306 591 91 18 rummet
420 589 40 20 bör
483 589 70 26 åligga
568 589 128 21 kommunen
713 589 39 21 och
768 588 169 26 arbetsgifvarne
953 589 40 20 och

161 618 34 20 att
211 617 130 21 statsverket
356 617 46 21 icke
418 617 39 21 bör
472 618 89 21 härmed
577 620 50 24 taga
642 617 126 27 befattning.
800 617 74 21 Såsom
884 617 48 20 stöd
944 617 49 21 här-

162 645 33 21 för
211 645 65 21 hafva
292 645 54 21 dock
361 646 55 26 inga,
432 646 66 26 enligt
513 647 43 20 min
572 646 65 21 tanke
652 646 100 21 hållbara
759 646 46 21 skäl
814 645 88 21 anförts.
923 645 70 22 Också

161 674 40 21 har
218 674 37 21 det
272 673 23 22 af
308 674 108 26 åtskilliga
431 675 127 26 föregående
583 675 66 20 ärade
663 675 70 21 talare
748 674 111 27 påpekats,
875 675 33 20 att
923 676 71 19 staten

162 703 40 20 här
217 702 45 21 lika
278 703 34 20 väl
327 709 45 14 som
388 703 28 26 på
432 703 66 21 andra
514 703 100 22 områden
630 703 39 21 har
685 703 47 21 skäl
748 705 33 19 att
798 703 131 21 understöda
939 703 54 20 bild-

161 731 154 26 ningsarbetet.
345 731 41 27 Jag
402 731 96 22 anhåller
515 732 72 21 derför
602 731 21 22 få
639 732 84 26 förbigå
739 731 69 22 denna
830 731 40 21 del.
901 731 40 27 Jag
957 738 36 14 an-

161 765 35 15 ser
219 759 91 22 sålunda
332 761 32 20 att
387 761 49 25 inga
451 760 46 21 skäl
512 760 122 25 förefinnas,
650 760 87 21 hvarför
752 760 47 21 icke
815 759 72 28 dylika
903 760 90 21 elemen-

161 788 114 21 tarkurser
297 789 33 20 för
352 795 71 14 vuxna
444 789 107 25 arbetare,
573 789 38 21 der
626 789 26 21 de
668 789 96 21 befinnas
780 790 108 19 motsvara
904 789 37 20 sitt
956 790 37 19 än-

161 817 78 25 damål,
256 817 67 20 borde
338 817 86 21 komma
439 818 7 20 i
462 817 126 27 åtnjutande
603 817 24 21 af
641 817 119 27 statshjelp.
791 817 41 21 Det
848 817 90 21 oaktadt
953 817 41 21 har

158 845 39 26 jag
220 845 50 26 hyst
293 851 26 15 en
339 846 43 20 viss
398 846 77 21 tvekan
491 846 80 26 derom,
588 846 106 21 huruvida
710 852 25 14 en
751 846 97 26 petition,
865 845 67 21 sådan
948 852 45 14 som

161 873 41 21 den
217 874 135 25 framburna,
368 880 50 15 vore
434 874 132 27 erforderlig,
583 874 28 22 då
627 875 35 20 det
677 874 107 26 nämligen
795 874 47 21 icke
851 874 82 21 kunnat
941 874 52 21 kon-

162 904 93 19 stateras
279 904 32 19 att
333 904 71 20 staten
422 902 46 22 icke
484 909 51 15 vore
546 903 58 26 villig
618 905 33 19 att
665 903 80 27 bevilja
760 903 36 21 det
811 902 40 21 här
866 902 128 27 ifrågasatta

160 930 149 22 understödet.
340 930 74 22 Sävidt
427 931 37 27 jag
483 932 40 20 har
538 932 43 26 mig
595 932 87 26 bekant,
698 931 40 21 har
753 931 66 27 något
834 931 69 27 dylikt
919 932 75 26 anslag

160 958 47 22 icke
231 959 71 21 blifvit
324 960 78 20 ansökt
420 960 39 21 och
475 960 27 21 då
517 960 7 21 i
539 960 117 27 petitionen
671 960 49 21 icke
734 960 93 27 påyrkas
842 959 66 27 något
923 960 70 21 initia-

161 988 31 20 tiv
207 987 49 21 från
273 988 118 26 Styrelsens
407 988 51 26 sida,
467 989 72 21 kunde
562 989 36 21 det
613 995 62 21 synas
692 990 32 20 att
740 988 121 22 Ständerna
875 988 46 21 icke
937 988 56 22 hade

160 1016 47 21 skäl
223 1018 34 19 att
272 1017 88 25 vidtaga
374 1016 70 27 någon
460 1017 76 26 åtgärd
552 1018 7 20 i
575 1018 69 20 denna
659 1017 45 26 sak,
721 1018 68 20 under
804 1016 143 28 förhoppning
959 1019 34 20 att

160 1044 111 27 Styrelsen
286 1046 7 20 i
309 1045 69 21 denna
394 1045 66 27 fråga,
476 1046 44 21 lika
535 1046 47 21 litet
599 1052 44 15 som
659 1046 7 21 i
681 1046 69 21 andra
765 1046 79 26 dylika,
861 1045 54 22 skall
925 1048 68 24 vägra

159 1073 243 27 bildningssträfvandet
417 1074 37 22 sitt
470 1075 123 21 understöd.
623 1075 48 21 Den
687 1075 78 21 tvekan
779 1074 37 27 jag
832 1074 49 27 hyst
889 1074 40 21 har
937 1074 55 22 dock

159 1102 57 21 måst
231 1102 58 26 gifva
303 1103 50 20 vika
368 1102 33 21 för
417 1103 41 21 den
474 1104 163 26 omständighet,
653 1104 33 20 att
702 1104 37 20 det
763 1102 92 22 faktiskt
877 1102 115 27 föreligger

160 1137 26 14 en
209 1130 65 21 lucka
296 1131 31 21 uti
350 1131 171 26 organisationen
541 1132 23 21 af
577 1131 179 27 undervisningen
772 1131 34 21 för
820 1131 173 27 yrkesarbetare.

160 1158 76 22 Såsom
260 1159 33 21 Hr
313 1159 104 22 Mechelin
433 1160 91 27 tidigare
540 1160 78 26 anfört,
627 1162 24 19 är
667 1160 41 21 den
724 1160 60 27 lägre
799 1160 100 21 tekniska
914 1160 78 21 under-

159 1187 112 27 visningen
295 1188 137 27 organiserad
454 1195 75 20 genom
551 1195 25 15 en
591 1189 129 26 kungörelse
735 1189 24 21 af
772 1189 41 21 den
829 1189 27 21 26
872 1189 121 21 November

160 1217 62 25 1885,
239 1216 61 21 hvari
315 1217 129 21 bestämmes
452 1212 50 37 atti
512 1218 75 21 stället
596 1217 34 22 för
645 1217 26 21 de
688 1217 90 27 tidigare
794 1217 102 27 söndags-
911 1217 38 22 och
961 1217 30 21 af-

158 1245 143 21 tonskolorna
316 1245 68 22 skulle
400 1246 91 21 inrättas
506 1248 79 19 tvänne
601 1247 45 25 slag
661 1245 24 22 af
698 1246 213 26 handtverksskolor,
925 1246 68 26 högre

158 1273 41 21 och
223 1273 66 26 lägre.
320 1274 32 21 De
375 1274 58 27 lägre
453 1275 233 21 handtverksskolorna
702 1275 45 21 afse
763 1274 140 27 bibringande
919 1274 22 21 af
955 1275 38 21 det

158 1301 174 28 nödtorftigaste,
356 1303 78 20 minsta
456 1303 54 22 mätt
533 1303 23 21 af
576 1303 179 27 fackkunskaper,
781 1309 44 15 som
841 1303 73 21 kunna
929 1309 63 15 anses

157 1336 53 15 vara
232 1331 136 26 nödvändiga
390 1331 33 21 för
445 1331 73 28 hvarje
533 1332 171 27 yrkesarbetare.
735 1331 12 21 I
763 1332 63 21 dessa
841 1332 85 21 skolors
941 1337 50 21 pro-

158 1365 61 20 gram
235 1359 50 26 ingä
301 1361 49 24 inga
365 1360 67 21 andra
447 1362 78 19 ämnen
541 1362 26 19 än
583 1361 106 26 teckning,
713 1361 97 26 räkning,
832 1360 159 26 modersmälet,

158 1387 65 21 enkla
238 1387 153 27 skriföfningar
406 1391 56 19 samt
477 1389 63 21 enkel
555 1389 120 26 bokföring.
707 1389 28 21 Sä
750 1389 106 21 minimalt
872 1389 60 21 detta
942 1394 49 21 pro-

157 1421 62 20 gram
235 1418 28 18 än
279 1418 30 24 är,
325 1416 23 20 sä
364 1416 125 22 förutsätter
505 1418 36 20 det
562 1417 55 21 dock
632 1419 33 19 att
681 1418 63 20 dessa
759 1417 85 21 skolors
859 1418 71 20 elever
945 1417 46 21 före

157 1444 96 21 inträdet
269 1445 104 21 inhemtat
389 1445 128 21 ätminstone
533 1452 26 14 en
581 1446 80 26 primär
676 1446 160 26 undervisning.
866 1446 78 20 Derför
960 1446 30 20 in-

157 1472 97 22 nehäller
270 1474 37 21 det
321 1473 46 21 icke
382 1474 68 21 heller
468 1474 80 21 sädana
564 1476 76 20 ämnen
655 1481 46 15 som
718 1474 96 26 historia,
830 1474 96 26 religion,
942 1480 49 20 geo-

156 1500 55 27 grafi
226 1508 28 14 m.
271 1508 27 15 m.
328 1502 125 22 Emellertid
468 1502 40 22 har
523 1503 36 21 det
574 1504 54 20 visat
644 1504 31 26 sig
691 1503 69 21 under
776 1503 49 21 hela
840 1503 41 21 den
895 1503 38 26 tid,
943 1508 45 16 som
