1025 1686
340 103 20 17 R
372 108 17 12 o.
402 104 22 16 A.
438 104 55 16 1891.
518 104 13 17 9
543 104 48 21 Maj.
812 99 40 21 903

120 183 32 20 Hr
173 183 104 26 Lagus:
300 183 68 21 Innan
384 183 149 22 diskussionen
549 184 6 20 i
573 184 68 21 denna
657 183 39 21 sak
711 183 117 25 afstannar,
844 186 36 19 ön-

51 212 51 21 skar
114 212 38 25 jag
166 211 123 26 ytterligare
305 211 114 22 framhälla
436 218 25 15 en
483 213 114 26 synpunkt,
613 218 45 15 som
674 212 46 21 icke
744 214 57 19 ännu
816 212 65 21 fram-

52 240 73 21 hållits
144 240 3 20 i
163 240 69 20 denna
247 240 126 21 diskussion.
404 240 37 21 Uti
457 241 40 20 den
513 247 50 20 nyss
578 241 101 20 inkomna
694 240 137 27 berättelsen,
847 243 34 18 ut-

50 268 71 26 gifven
136 268 24 20 af
173 268 302 27 Ecklesiastik-expeditionen
491 269 7 20 i
515 269 119 26 Kejserliga
650 269 99 25 Senaten,
771 269 67 21 finnes
852 269 29 26 på

51 302 48 20 pag.
116 298 26 19 19
159 303 26 15 en
200 296 89 27 uppgift,
305 298 32 20 att
353 298 33 20 för
406 297 168 27 tillgodoseende
597 297 24 21 af
634 297 247 26 barnaundervisningen

52 326 58 20 inom
126 325 26 21 de
167 325 162 27 grekisk-ryska
341 325 180 27 församlingarna
531 326 6 20 i
548 326 73 21 landet
631 326 34 20 för
675 326 133 21 närvarande
819 325 62 27 utgår

52 354 51 27 icke
114 354 82 20 mindre
212 355 26 19 än
256 354 75 25 10,000
348 354 60 21 mark
425 360 34 15 om
476 354 53 21 året.
557 354 68 21 Dessa
640 354 69 22 medel
725 356 36 19 äro
777 354 104 26 anslagna

50 382 24 21 åt
90 382 169 27 Ofverstyrelsen
270 382 33 21 för
312 383 151 21 skolväsendet
474 383 40 21 och
525 383 72 21 kunna
607 383 135 26 naturligtvis
753 383 47 21 icke
812 382 69 22 öfver-

52 410 55 22 låtas
118 410 22 22 åt
150 410 158 30 Domkapitlen,
320 411 28 21 då
358 412 37 20 det
405 411 68 26 gäller
483 411 125 21 utbildande
619 411 23 21 af
650 412 70 20 lärare
732 411 33 21 för
776 412 105 20 ortodoxa

51 439 154 27 församlingar.
233 438 127 23 Äfvenledes
376 440 42 20 kan
434 440 135 21 utbildandet
584 440 23 20 af
621 441 70 20 lärare
710 439 34 21 för
767 440 114 21 dissenter-

54 468 150 26 församlingar
213 468 53 27 icke
283 468 113 21 öfverlätas
412 468 23 21 ät
451 468 159 27 Domkapitlen.
641 468 42 22 Det
705 470 23 19 är
751 468 83 21 således
849 470 32 19 ett

51 496 91 26 faktum,
160 498 33 20 att
208 497 170 27 Öfverstyrelsen
400 499 24 19 är
448 497 85 27 skyldig
556 499 33 19 att
612 497 114 21 öfvervaka
749 497 41 21 den
812 497 69 21 första

51 524 247 28 barnaundervisningen
313 526 7 20 i
336 526 113 20 dissenter-
464 526 40 20 och
521 526 26 20 de
567 526 106 20 ortodoxa
695 525 184 27 församlingarna,

52 554 78 20 hvaraf
144 554 159 26 konseqvensen
319 555 31 23 är,
366 556 32 19 att
413 554 62 21 äfven
491 554 138 27 utbildandet
643 554 22 21 af
679 554 67 26 öfriga
761 554 120 20 församlin-

51 588 51 20 gars
117 582 177 21 småskolelärare
310 582 66 21 borde
388 582 120 21 tillkomma
523 589 82 14 samma
615 582 154 27 Öfverstyrelse
780 581 33 22 för
824 581 56 22 skol-

52 611 108 20 väsendet.
191 611 66 26 Dock,
271 611 38 26 jag
323 611 38 20 vill
376 611 46 20 icke
438 611 74 21 vidare
527 611 70 21 uttala
613 611 42 26 mig
670 611 6 20 i
693 611 74 26 sjelfva
790 610 90 21 hufvud-

52 639 72 21 saken.
154 639 43 21 Det
212 641 23 19 är
251 640 74 20 endast
341 641 32 19 ett
395 640 108 25 yttrande,
527 645 44 16 som
591 640 37 26 jag
651 639 68 21 måste
741 639 83 25 beröra,
848 641 32 19 ett

50 667 102 27 yttrande
167 667 23 21 af
204 668 217 21 Ecklesiastikchefen
437 669 33 20 Hr
486 668 172 26 Yrjö-Koskinen
680 668 34 21 vid
737 669 83 20 senaste
836 667 44 27 ple-

52 702 56 15 num.
139 697 49 20 Han
203 697 97 25 nämnde,
315 699 33 18 att
363 697 43 20 han
421 697 47 20 icke
484 697 71 20 kunde
578 696 114 21 underlåta
714 699 33 18 att
768 696 58 21 fästa
848 696 31 27 sig

51 725 35 20 vid
102 725 40 20 den
158 725 113 26 hetsighet,
293 731 44 15 som
360 727 24 18 är
405 725 160 26 genomgående
589 725 7 20 i
619 725 164 21 reservationen.
814 725 66 20 Detta

51 753 39 21 har
106 753 60 26 djupt
182 755 90 20 smärtat
287 754 48 26 mig,
353 753 39 22 och
406 754 37 26 jag
458 753 40 22 ber
512 755 33 20 att
553 753 21 21 få
585 754 104 26 nedlägga
699 753 43 21 min
753 753 126 26 hofsamma,

51 788 48 15 men
115 782 111 21 bestämda
241 783 131 20 reservation
396 782 103 21 deremot.
530 783 9 20 1
562 782 107 21 utskottet
690 782 39 21 har
748 781 37 27 jag
808 781 71 22 städse

52 810 80 21 uttalat
146 811 44 26 mig
205 811 88 25 derhän,
309 813 33 18 att
355 811 37 26 jag
408 811 94 21 skänker
518 811 28 20 all
557 811 88 26 aktning
661 811 22 20 åt
696 811 26 20 de
734 810 86 27 åsigter,
834 816 45 15 som

50 841 54 23 göra
119 839 32 26 sig
165 839 98 26 gällande
279 840 6 20 i
301 839 243 26 petitionsmemorialet,
568 839 67 21 ehuru
657 840 37 26 jag
710 839 46 21 icke
771 839 43 20 kan
828 838 52 27 gilla

51 867 116 21 desamma.
198 867 72 21 Under
288 868 175 20 nedskrifvandet
478 868 24 20 af
516 868 159 20 reservationen
691 867 81 21 beslöto
787 867 37 26 jag
839 866 40 22 och

51 896 57 20 mina
124 896 183 21 medreservanter
322 898 33 19 att
370 896 80 21 förfara
465 896 25 21 så
505 896 46 21 vidt
566 896 82 26 möjligt
664 896 44 21 sine
723 896 32 20 ira
766 897 22 19 et
800 895 78 21 studio.

51 924 73 22 Under
139 924 139 22 medvetande
295 925 22 20 af
331 927 33 18 att
379 924 23 21 så
418 925 64 21 hafva
498 924 56 27 gjort
569 924 40 21 och
625 925 57 21 velat
696 926 59 25 göra,
779 924 42 20 kan
841 924 38 26 jag

51 953 48 21 med
114 953 54 27 godt
183 955 93 19 samvete
292 955 50 25 taga
358 955 58 19 emot
430 953 44 21 alla
491 953 26 21 de
532 954 87 26 stränga
635 953 118 25 omdömen,
778 958 46 15 som
840 952 39 21 här

51 981 39 21 och
106 982 141 20 annorstädes
262 982 49 20 fälts
328 982 59 21 öfver
402 982 38 20 vår
456 982 138 21 reservation.

119 1038 32 21 Hr
176 1039 25 20 A.
227 1038 153 22 Mechelin:
406 1038 34 21 Då
460 1038 38 27 jag
519 1038 54 21 hade
597 1038 40 21 den
660 1040 52 19 äran
732 1039 32 19 att
779 1037 32 21 till
824 1037 55 21 först

53 1067 79 27 begära
148 1067 62 21 ordet
225 1068 6 20 i
247 1068 40 20 den
303 1067 66 27 fråga,
386 1073 45 15 som
447 1074 30 14 nu
500 1067 120 27 föreligger,
643 1067 61 21 sökte
717 1066 37 27 jag
769 1066 7 20 i
791 1066 88 21 korthet

49 1096 105 20 motivera
169 1096 42 20 min
227 1096 61 26 åsigt,
304 1098 33 18 att
353 1096 36 21 det
404 1096 82 26 anslag,
502 1102 45 14 som
563 1102 28 14 nu
607 1096 68 20 skulle
691 1095 89 27 begäras
796 1094 32 21 för
844 1096 33 19 ut-

50 1124 100 21 bildande
166 1124 22 21 af
202 1124 69 21 lärare
287 1124 32 21 för
335 1124 120 21 småskolor
470 1124 53 21 eller
539 1124 167 20 ambulatoriska
722 1123 78 26 skolor,
816 1122 63 21 äfven

50 1153 67 21 borde
138 1152 123 27 disponeras
284 1152 22 21 af
327 1153 27 20 de
377 1153 99 26 kyrkliga
499 1153 182 26 myndigheterna,
704 1151 90 22 emedan
817 1151 62 21 dessa

52 1180 118 22 småskolor
186 1181 54 20 höra
256 1181 43 21 helt
315 1181 39 21 och
370 1181 67 21 hållet
452 1181 35 20 till
503 1181 40 20 den
558 1181 99 26 kyrkliga
672 1180 151 25 församlingen
839 1179 40 21 och

50 1211 85 20 sortera
150 1209 67 22 under
234 1210 129 21 densamma.
393 1209 128 21 Emellertid
537 1209 66 21 finner
616 1209 37 26 jag
668 1215 34 18 nu,
718 1210 32 20 att
765 1215 49 14 man
830 1207 49 22 sökt

50 1238 79 26 bevisa,
152 1240 33 19 att
207 1238 148 27 utbildningen
377 1238 24 21 af
421 1238 71 21 lärare
515 1237 34 21 för
571 1238 62 21 dessa
653 1237 72 22 skolor
747 1237 45 21 lika
813 1242 66 21 gerna

49 1266 71 22 kunde
136 1273 61 14 anses
213 1273 51 14 vara
279 1273 27 14 en
324 1266 163 27 angelägenhet,
511 1266 48 21 med
581 1266 86 21 hvilken
690 1265 189 27 Skolöfverstyrel-

50 1301 38 15 sen
103 1295 67 21 borde
186 1295 81 21 befatta
283 1296 37 26 sig.
351 1295 50 20 Man
417 1295 39 20 har
472 1296 16 19 t.
505 1301 19 14 o.
540 1301 27 14 m.
583 1294 87 27 påstått,
694 1296 33 19 att
748 1294 26 21 de
789 1293 89 24 krafter,

49 1329 46 16 som
111 1324 41 21 den
167 1323 66 27 högre
249 1323 121 22 folkskolan
386 1324 126 26 disponerar
528 1323 65 26 öfver,
614 1329 49 15 vore
679 1325 55 19 mest
749 1322 81 26 egnade
846 1323 33 19 att

49 1352 79 21 anlitas
143 1352 33 21 för
191 1351 125 22 utbildande
331 1352 24 21 af
368 1352 70 21 lärare
454 1351 35 22 för
507 1352 83 21 landets
613 1351 170 22 ambulatoriska
798 1349 79 22 skolor.

49 1381 42 25 Jag
106 1381 36 20 vill
157 1381 48 20 icke
220 1381 73 20 vidare
309 1381 92 20 utbreda
416 1381 44 25 mig
484 1380 59 21 öfver
565 1381 69 20 denna
657 1379 127 22 omtvistade
806 1379 72 26 fråga;

49 1414 49 16 men
110 1408 38 27 jag
162 1410 47 20 tror
227 1408 63 27 ändå,
313 1411 33 19 att
361 1408 182 22 folkskollärarne
564 1409 7 20 i
594 1408 72 21 landet
688 1410 37 19 äro
748 1407 24 21 så
794 1407 85 27 mycket

48 1438 110 26 upptagna
174 1438 23 20 af
211 1438 25 20 de
252 1437 103 27 göromål,
372 1444 45 14 som
433 1436 261 27 folkskoleförfattningen
714 1436 86 27 ålägger
824 1436 54 22 dem,

50 1468 33 18 att
99 1466 25 20 de
141 1466 126 26 näppeligen
282 1472 46 14 mer
349 1466 72 21 kunde
444 1465 58 21 finna
525 1466 114 25 tillräcklig
661 1465 31 21 tid
714 1465 33 21 till
769 1464 110 22 undervis-

48 1494 139 26 ningskurser
210 1494 34 21 för
267 1494 107 21 blifvande
397 1494 171 21 ambulatoriska
590 1494 75 21 lärare.
699 1494 26 21 Vi
748 1492 61 22 skola
830 1492 47 21 icke
