1025 1686
162 94 43 21 950
422 99 26 17 R.
459 105 19 12 v.
489 99 23 17 A.
525 99 56 18 1891.
593 99 22 17 15
627 99 48 22 Maj.

134 179 67 21 tänka
217 180 33 20 att
267 179 219 25 stadskommunerna,
503 179 26 21 de
545 180 70 20 större
630 179 130 27 isynnerhet.
776 179 69 21 skulle
855 177 108 27 verkligen

134 209 105 20 motsätta
254 207 33 27 sig
302 207 132 21 inrättandet
449 208 57 21 inom
522 208 155 21 kommunerna
692 207 24 22 af
729 207 80 22 sädana
830 206 134 22 industriella

133 236 91 26 företag.
255 235 56 22 Hela
325 235 79 28 följden
420 235 40 22 och
475 236 49 21 hela
539 236 81 21 verkan
639 237 22 20 af
681 236 103 27 förslaget
807 235 69 22 skulle
899 234 65 22 blifva

134 265 48 25 den,
198 266 33 19 att
247 264 193 26 stadsfallmäktige
455 265 107 25 periodvis
578 265 67 21 under
667 265 47 20 året
737 264 69 21 skulle
828 264 22 21 få
866 264 52 20 höra
933 265 31 19 ett

134 292 53 22 eller
201 295 68 19 annat
289 292 206 27 nykterhetsförslag
516 294 56 20 samt
595 299 26 15 en
643 292 121 22 diskussion
788 292 33 22 för
844 292 40 22 och
906 293 58 20 emot

133 321 121 21 bränvinet.
283 321 42 26 Jag
347 321 119 21 missunnar
490 322 53 20 visst
558 322 47 20 icke
621 321 194 27 stadsfullmäktige
830 323 34 19 att
879 320 86 26 deltaga

134 350 7 20 i
157 356 26 14 en
199 349 68 21 sädan
283 349 126 26 diskussion,
424 356 49 15 men
486 350 37 26 jag
538 352 46 19 tror
605 351 32 20 att
653 350 36 21 det
704 350 28 26 pä
748 350 67 21 andra
834 349 77 22 ställen
926 348 39 21 fin-

134 384 39 15 nes
188 378 158 21 tacksammare
361 378 74 26 publik
450 378 34 21 för
498 378 56 21 slika
569 378 146 21 diskussioner
726 380 28 19 än
764 377 200 27 stadsfullmäktige,

134 412 46 15 som
197 408 37 20 äro
250 406 85 27 mycket
350 409 110 24 upptagna
474 406 23 22 af
510 407 47 21 sina
571 407 80 26 vigtiga
667 406 107 27 egentliga
788 406 113 27 uppgifter.
924 405 41 27 Jag

134 435 69 21 mäste
219 434 74 22 derför
308 435 106 27 tillstyrka
436 436 131 26 antagandet
589 436 23 20 af
633 435 50 21 näd.
706 441 68 20 prop.,
798 441 48 15 men
861 434 42 22 kan
918 434 47 21 icke

133 463 77 21 förena
225 463 45 26 mig
285 464 48 20 med
350 464 55 24 dem,
420 470 46 14 som
482 466 71 19 ansett
568 466 32 19 att
615 464 70 26 nägon
700 463 126 27 förändring
836 463 69 21 skulle
919 463 46 21 vid-

134 493 63 25 tagas
213 492 8 21 i
236 491 62 27 fråga
313 498 34 15 om
373 492 224 21 landskommunerna.
627 492 40 27 Jag
690 492 105 25 förordar,
811 492 69 21 såsom
895 491 70 27 sagdt,

134 520 45 22 helt
195 520 74 22 enkelt
285 520 40 21 den
340 520 49 22 nåd.
405 526 71 21 prop:s
492 520 87 28 förslag.

204 577 156 21 Diskussionen
376 577 109 27 angående
501 577 12 27 $
529 578 13 20 2
558 577 118 22 afslutades
691 577 95 26 härmed,
803 577 40 21 och
858 576 34 21 till
903 576 62 21 Stän-

134 605 48 21 dets
204 605 134 22 besvarande
362 606 167 21 öfverlemnades
552 606 54 21 efter
629 606 121 21 hvarandra
772 605 93 27 följande
888 607 77 19 tvänne

134 634 313 27 omröstningspropositioner
439 630 12 35 :

207 691 46 26 1:0).
284 691 53 26 Den,
360 697 46 15 som
425 691 36 21 vill
476 691 33 21 till
532 691 213 27 kontraproposition
768 692 57 20 emot
847 690 118 21 utskottets

133 718 83 28 förslag
231 721 79 25 antaga
325 720 32 21 Hr
372 719 164 27 Pippingskölds
551 719 80 27 förslag
651 721 32 19 att
701 720 9 19 1
728 725 63 16 mom.
814 719 48 21 från
883 719 13 26 &
920 721 45 19 ute-

134 748 75 25 slutes,
225 749 73 20 röstar
311 748 32 27 ja;

205 804 76 21 vinner
296 805 41 26 nej,
353 805 39 20 har
406 805 25 20 R.
448 811 18 15 o.
482 805 25 21 A.
529 805 34 21 till
585 805 211 26 kontraproposition
819 804 83 27 antagit
925 804 40 21 den

136 832 49 21 näd.
201 839 68 20 prop.,

205 889 87 21 hvilken
307 890 130 26 proposition
452 890 128 21 besvarades
595 890 48 21 med
659 890 156 26 öfvervägande
831 889 41 27 nej.

207 946 50 25 2:0).
288 946 53 26 Den,
365 952 45 16 som
428 947 125 26 godkänner
575 947 118 21 utskottets
715 946 81 27 förslag
819 946 146 26 oförändradt,

137 975 72 20 röstar
222 974 34 27 ja;

206 1031 76 21 vinner
297 1031 40 27 nej,
354 1031 39 21 har
408 1032 24 20 R.
449 1038 19 15 o.
484 1032 25 20 A.
525 1032 84 27 antagit
624 1032 48 21 näd.
688 1038 62 20 prop.

207 1088 59 21 Enär
289 1088 62 22 äfven
374 1088 68 22 denna
465 1089 279 27 omröstningsproposition
767 1088 127 22 besvarades
919 1088 49 21 med

136 1116 159 27 Ofvervägande
311 1117 41 26 nej,
368 1117 54 21 hade
438 1117 91 21 Ständet
545 1117 82 22 således
642 1117 96 27 godkänt
754 1118 12 25 $
783 1119 19 24 2,
819 1117 66 21 sådan
905 1117 40 21 den
961 1117 7 20 i

137 1144 50 21 nåd.
203 1150 62 21 prop.
281 1151 37 15 var
333 1145 97 21 aftattad.

207 1201 138 22 Beträffande
362 1202 12 27 $
389 1203 13 20 3
417 1202 87 27 beslöts,
520 1202 28 27 pä
563 1202 81 27 förslag
659 1202 23 21 af
696 1202 43 21 Hrr
754 1201 70 22 Axel
840 1201 129 27 Späreoch

138 1229 147 27 Lindelöf,
301 1232 32 19 att
354 1231 6 20 i
381 1231 144 27 likformighet
547 1231 48 21 med
611 1231 102 21 Ständets
736 1231 38 20 sist
796 1230 81 22 fattade
898 1230 71 22 beslut

137 1257 117 27 godkänna
270 1259 31 26 $:s
317 1259 80 26 lydelse
413 1259 65 27 enligt
493 1259 48 22 nåd.
558 1265 61 22 prop.

209 1315 24 27 $$
249 1317 72 20 4—12
336 1316 130 27 godkändes.

210 1372 118 27 Angående
344 1373 12 24 &
373 1373 25 20 13
414 1373 66 21 utbad
496 1373 31 26 sig

210 1428 59 22 Frih.
286 1429 24 21 R.
327 1430 25 20 A.
368 1430 93 20 Wrede
484 1429 62 21 ordet
562 1430 39 20 och
616 1429 96 27 yttrade:
734 1429 40 27 Jag
790 1429 38 21 ber
844 1430 32 20 att
891 1428 80 22 beträf-

140 1456 64 22 fande
227 1457 69 21 första
318 1464 57 14 mom
390 1458 7 20 i
414 1458 25 21 13
455 1458 11 26 S
482 1457 22 22 få
527 1458 85 21 biträda
632 1458 168 26 reservationen,
816 1457 38 21 der
877 1457 94 21 tillverk-

141 1485 150 27 ningsskatten
307 1487 24 20 är
346 1486 119 26 föreslagen
480 1488 33 20 att
529 1486 52 27 utgä
596 1486 48 22 med
660 1487 27 20 62
703 1486 63 27 penni
782 1486 6 21 i
804 1486 73 21 stället
891 1486 33 21 för
937 1486 34 21 65.
