<?xml version="1.0" encoding="UTF-8"?>
<alto xmlns="http://www.loc.gov/standards/alto/ns-v3#" xmlns:xlink="http://www.w3.org/1999/xlink" xmlns:xsi="http://www.w3.org/2001/XMLSchema-instance" xsi:schemaLocation="http://www.loc.gov/standards/alto/ns-v3# http://www.loc.gov/alto/v3/alto-3-0.xsd">
	<Description>
		<MeasurementUnit>pixel</MeasurementUnit>
		<sourceImageInformation>
			<fileName>/tmp/tess_rzbtggkx_input.PNG</fileName>
		</sourceImageInformation>
		<OCRProcessing ID="OCR_0">
			<ocrProcessingStep>
				<processingSoftware>
					<softwareName>tesseract 5.3.4</softwareName>
				</processingSoftware>
			</ocrProcessingStep>
		</OCRProcessing>
	</Description>
	<Layout>
		<Page WIDTH="1025" HEIGHT="1686" PHYSICAL_IMG_NR="0" ID="page_0">
			<PrintSpace HPOS="0" VPOS="0" WIDTH="1025" HEIGHT="1686">
				<ComposedBlock ID="cblock_0" HPOS="319" VPOS="89" WIDTH="525" HEIGHT="24">
					<TextBlock ID="block_0" HPOS="319" VPOS="89" WIDTH="525" HEIGHT="24">
						<TextLine ID="line_0" HPOS="319" VPOS="89" WIDTH="525" HEIGHT="24">
							<String ID="string_0" HPOS="319" VPOS="92" WIDTH="25" HEIGHT="17" WC="0.96" CONTENT="R."/><SP WIDTH="13" VPOS="92" HPOS="344"/>
							<String ID="string_1" HPOS="357" VPOS="96" WIDTH="18" HEIGHT="13" WC="0.77" CONTENT="o."/><SP WIDTH="11" VPOS="96" HPOS="375"/>
							<String ID="string_2" HPOS="386" VPOS="92" WIDTH="23" HEIGHT="17" WC="0.95" CONTENT="A."/><SP WIDTH="13" VPOS="92" HPOS="409"/>
							<String ID="string_3" HPOS="422" VPOS="93" WIDTH="54" HEIGHT="16" WC="0.94" CONTENT="1891."/><SP WIDTH="25" VPOS="93" HPOS="476"/>
							<String ID="string_4" HPOS="501" VPOS="93" WIDTH="23" HEIGHT="16" WC="0.95" CONTENT="10"/><SP WIDTH="11" VPOS="93" HPOS="524"/>
							<String ID="string_5" HPOS="535" VPOS="92" WIDTH="64" HEIGHT="21" WC="0.96" CONTENT="April."/><SP WIDTH="205" VPOS="92" HPOS="599"/>
							<String ID="string_6" HPOS="804" VPOS="89" WIDTH="40" HEIGHT="20" WC="0.96" CONTENT="607"/>
						</TextLine>
					</TextBlock>
				</ComposedBlock>
				<GraphicalElement ID="cblock_1" HPOS="50" VPOS="122" WIDTH="824" HEIGHT="13"></GraphicalElement >
				<ComposedBlock ID="cblock_2" HPOS="40" VPOS="171" WIDTH="834" HEIGHT="306">
					<TextBlock ID="block_1" HPOS="40" VPOS="171" WIDTH="834" HEIGHT="306">
						<TextLine ID="line_1" HPOS="44" VPOS="171" WIDTH="830" HEIGHT="30">
							<String ID="string_7" HPOS="44" VPOS="171" WIDTH="47" HEIGHT="20" WC="0.96" CONTENT="med"/><SP WIDTH="17" VPOS="171" HPOS="91"/>
							<String ID="string_8" HPOS="108" VPOS="171" WIDTH="38" HEIGHT="21" WC="0.93" CONTENT="full"/><SP WIDTH="15" VPOS="171" HPOS="146"/>
							<String ID="string_9" HPOS="161" VPOS="171" WIDTH="91" HEIGHT="26" WC="0.92" CONTENT="lojalitet"/><SP WIDTH="15" VPOS="171" HPOS="252"/>
							<String ID="string_10" HPOS="267" VPOS="171" WIDTH="6" HEIGHT="21" WC="0.93" CONTENT="i"/><SP WIDTH="16" VPOS="171" HPOS="273"/>
							<String ID="string_11" HPOS="289" VPOS="171" WIDTH="64" HEIGHT="27" WC="0.92" CONTENT="öfrigt"/><SP WIDTH="15" VPOS="171" HPOS="353"/>
							<String ID="string_12" HPOS="368" VPOS="173" WIDTH="44" HEIGHT="20" WC="0.97" CONTENT="mot"/><SP WIDTH="16" VPOS="173" HPOS="412"/>
							<String ID="string_13" HPOS="428" VPOS="172" WIDTH="60" HEIGHT="21" WC="0.92" CONTENT="detta"/><SP WIDTH="8" VPOS="172" HPOS="488"/>
							<String ID="string_14" HPOS="496" VPOS="171" WIDTH="214" HEIGHT="28" WC="0.92" CONTENT="likformighetssyfte"/><SP WIDTH="10" VPOS="171" HPOS="710"/>
							<String ID="string_15" HPOS="720" VPOS="172" WIDTH="96" HEIGHT="23" WC="0.92" CONTENT="deremot"/><SP WIDTH="6" VPOS="172" HPOS="816"/>
							<String ID="string_16" HPOS="822" VPOS="179" WIDTH="52" HEIGHT="22" WC="0.92" CONTENT="gen-"/>
						</TextLine>
						<TextLine ID="line_2" HPOS="44" VPOS="199" WIDTH="829" HEIGHT="30">
							<String ID="string_17" HPOS="44" VPOS="199" WIDTH="56" HEIGHT="21" WC="0.92" CONTENT="mäla"/><SP WIDTH="16" VPOS="199" HPOS="100"/>
							<String ID="string_18" HPOS="116" VPOS="201" WIDTH="32" HEIGHT="19" WC="0.96" CONTENT="att"/><SP WIDTH="15" VPOS="201" HPOS="148"/>
							<String ID="string_19" HPOS="163" VPOS="206" WIDTH="49" HEIGHT="14" WC="0.96" CONTENT="man"/><SP WIDTH="16" VPOS="206" HPOS="212"/>
							<String ID="string_20" HPOS="228" VPOS="199" WIDTH="54" HEIGHT="22" WC="0.96" CONTENT="dock"/><SP WIDTH="15" VPOS="199" HPOS="282"/>
							<String ID="string_21" HPOS="297" VPOS="200" WIDTH="7" HEIGHT="21" WC="0.96" CONTENT="i"/><SP WIDTH="15" VPOS="200" HPOS="304"/>
							<String ID="string_22" HPOS="319" VPOS="200" WIDTH="63" HEIGHT="26" WC="0.93" CONTENT="ingen"/><SP WIDTH="15" VPOS="200" HPOS="382"/>
							<String ID="string_23" HPOS="397" VPOS="200" WIDTH="102" HEIGHT="21" WC="0.92" CONTENT="händelse"/><SP WIDTH="19" VPOS="200" HPOS="499"/>
							<String ID="string_24" HPOS="518" VPOS="201" WIDTH="40" HEIGHT="20" WC="0.96" CONTENT="bör"/><SP WIDTH="15" VPOS="201" HPOS="558"/>
							<String ID="string_25" HPOS="573" VPOS="201" WIDTH="70" HEIGHT="20" WC="0.89" CONTENT="införa"/><SP WIDTH="8" VPOS="201" HPOS="643"/>
							<String ID="string_26" HPOS="651" VPOS="207" WIDTH="27" HEIGHT="14" WC="0.89" CONTENT="en"/><SP WIDTH="10" VPOS="207" HPOS="678"/>
							<String ID="string_27" HPOS="688" VPOS="201" WIDTH="130" HEIGHT="28" WC="0.93" CONTENT="förändring,"/><SP WIDTH="10" VPOS="201" HPOS="818"/>
							<String ID="string_28" HPOS="828" VPOS="209" WIDTH="45" HEIGHT="15" WC="0.96" CONTENT="som"/>
						</TextLine>
						<TextLine ID="line_3" HPOS="43" VPOS="227" WIDTH="830" HEIGHT="30">
							<String ID="string_29" HPOS="43" VPOS="227" WIDTH="59" HEIGHT="22" WC="0.96" CONTENT="leder"/><SP WIDTH="15" VPOS="227" HPOS="102"/>
							<String ID="string_30" HPOS="117" VPOS="228" WIDTH="33" HEIGHT="21" WC="0.92" CONTENT="till"/><SP WIDTH="18" VPOS="228" HPOS="150"/>
							<String ID="string_31" HPOS="168" VPOS="228" WIDTH="122" HEIGHT="27" WC="0.92" CONTENT="nägonting,"/><SP WIDTH="17" VPOS="228" HPOS="290"/>
							<String ID="string_32" HPOS="307" VPOS="234" WIDTH="44" HEIGHT="15" WC="0.93" CONTENT="som"/><SP WIDTH="17" VPOS="234" HPOS="351"/>
							<String ID="string_33" HPOS="368" VPOS="229" WIDTH="46" HEIGHT="20" WC="0.88" CONTENT="icke"/><SP WIDTH="16" VPOS="229" HPOS="414"/>
							<String ID="string_34" HPOS="430" VPOS="231" WIDTH="24" HEIGHT="18" WC="0.96" CONTENT="är"/><SP WIDTH="16" VPOS="231" HPOS="454"/>
							<String ID="string_35" HPOS="470" VPOS="229" WIDTH="77" HEIGHT="23" WC="0.92" CONTENT="bättre,"/><SP WIDTH="16" VPOS="229" HPOS="547"/>
							<String ID="string_36" HPOS="563" VPOS="229" WIDTH="47" HEIGHT="21" WC="0.92" CONTENT="icke"/><SP WIDTH="16" VPOS="229" HPOS="610"/>
							<String ID="string_37" HPOS="626" VPOS="235" WIDTH="37" HEIGHT="15" WC="0.96" CONTENT="ens"/><SP WIDTH="16" VPOS="235" HPOS="663"/>
							<String ID="string_38" HPOS="679" VPOS="229" WIDTH="33" HEIGHT="21" WC="0.93" CONTENT="till"/><SP WIDTH="15" VPOS="229" HPOS="712"/>
							<String ID="string_39" HPOS="727" VPOS="229" WIDTH="66" HEIGHT="28" WC="0.93" CONTENT="nägot"/><SP WIDTH="13" VPOS="229" HPOS="793"/>
							<String ID="string_40" HPOS="806" VPOS="231" WIDTH="67" HEIGHT="26" WC="0.92" CONTENT="jemn-"/>
						</TextLine>
						<TextLine ID="line_4" HPOS="43" VPOS="256" WIDTH="830" HEIGHT="29">
							<String ID="string_41" HPOS="43" VPOS="256" WIDTH="58" HEIGHT="27" WC="0.93" CONTENT="godt,"/><SP WIDTH="24" VPOS="256" HPOS="101"/>
							<String ID="string_42" HPOS="125" VPOS="258" WIDTH="51" HEIGHT="19" WC="0.96" CONTENT="utan"/><SP WIDTH="23" VPOS="258" HPOS="176"/>
							<String ID="string_43" HPOS="199" VPOS="257" WIDTH="33" HEIGHT="20" WC="0.93" CONTENT="till"/><SP WIDTH="23" VPOS="257" HPOS="232"/>
							<String ID="string_44" HPOS="255" VPOS="257" WIDTH="64" HEIGHT="26" WC="0.92" CONTENT="nägot"/><SP WIDTH="18" VPOS="257" HPOS="319"/>
							<String ID="string_45" HPOS="337" VPOS="257" WIDTH="93" HEIGHT="26" WC="0.92" CONTENT="afgjordt"/><SP WIDTH="16" VPOS="257" HPOS="430"/>
							<String ID="string_46" HPOS="446" VPOS="259" WIDTH="69" HEIGHT="19" WC="0.92" CONTENT="sämre"/><SP WIDTH="16" VPOS="259" HPOS="515"/>
							<String ID="string_47" HPOS="531" VPOS="259" WIDTH="28" HEIGHT="19" WC="0.96" CONTENT="än"/><SP WIDTH="16" VPOS="259" HPOS="559"/>
							<String ID="string_48" HPOS="575" VPOS="258" WIDTH="36" HEIGHT="21" WC="0.93" CONTENT="det"/><SP WIDTH="15" VPOS="258" HPOS="611"/>
							<String ID="string_49" HPOS="626" VPOS="257" WIDTH="122" HEIGHT="22" WC="0.92" CONTENT="bestäende."/><SP WIDTH="30" VPOS="257" HPOS="748"/>
							<String ID="string_50" HPOS="778" VPOS="259" WIDTH="41" HEIGHT="26" WC="0.96" CONTENT="Jag"/><SP WIDTH="15" VPOS="259" HPOS="819"/>
							<String ID="string_51" HPOS="834" VPOS="259" WIDTH="39" HEIGHT="21" WC="0.96" CONTENT="ber"/>
						</TextLine>
						<TextLine ID="line_5" HPOS="43" VPOS="284" WIDTH="828" HEIGHT="29">
							<String ID="string_52" HPOS="43" VPOS="284" WIDTH="99" HEIGHT="27" WC="0.93" CONTENT="slutligen"/><SP WIDTH="16" VPOS="284" HPOS="142"/>
							<String ID="string_53" HPOS="158" VPOS="286" WIDTH="33" HEIGHT="20" WC="0.93" CONTENT="att"/><SP WIDTH="15" VPOS="286" HPOS="191"/>
							<String ID="string_54" HPOS="206" VPOS="284" WIDTH="21" HEIGHT="22" WC="0.93" CONTENT="fä"/><SP WIDTH="15" VPOS="284" HPOS="227"/>
							<String ID="string_55" HPOS="242" VPOS="284" WIDTH="83" HEIGHT="27" WC="0.92" CONTENT="päpeka"/><SP WIDTH="15" VPOS="284" HPOS="325"/>
							<String ID="string_56" HPOS="340" VPOS="287" WIDTH="33" HEIGHT="19" WC="0.96" CONTENT="att"/><SP WIDTH="15" VPOS="287" HPOS="373"/>
							<String ID="string_57" HPOS="388" VPOS="292" WIDTH="48" HEIGHT="14" WC="0.96" CONTENT="man"/><SP WIDTH="14" VPOS="292" HPOS="436"/>
							<String ID="string_58" HPOS="450" VPOS="285" WIDTH="24" HEIGHT="27" WC="0.93" CONTENT="ju"/><SP WIDTH="16" VPOS="285" HPOS="474"/>
							<String ID="string_59" HPOS="490" VPOS="286" WIDTH="46" HEIGHT="20" WC="0.88" CONTENT="icke"/><SP WIDTH="16" VPOS="286" HPOS="536"/>
							<String ID="string_60" HPOS="552" VPOS="286" WIDTH="42" HEIGHT="20" WC="0.96" CONTENT="kan"/><SP WIDTH="15" VPOS="286" HPOS="594"/>
							<String ID="string_61" HPOS="609" VPOS="286" WIDTH="7" HEIGHT="20" WC="0.96" CONTENT="i"/><SP WIDTH="16" VPOS="286" HPOS="616"/>
							<String ID="string_62" HPOS="632" VPOS="286" WIDTH="70" HEIGHT="21" WC="0.93" CONTENT="denna"/><SP WIDTH="14" VPOS="286" HPOS="702"/>
							<String ID="string_63" HPOS="716" VPOS="286" WIDTH="60" HEIGHT="27" WC="0.92" CONTENT="fräga"/><SP WIDTH="15" VPOS="286" HPOS="776"/>
							<String ID="string_64" HPOS="791" VPOS="286" WIDTH="80" HEIGHT="22" WC="0.92" CONTENT="förbise"/>
						</TextLine>
						<TextLine ID="line_6" HPOS="42" VPOS="313" WIDTH="830" HEIGHT="27">
							<String ID="string_65" HPOS="42" VPOS="314" WIDTH="32" HEIGHT="20" WC="0.95" CONTENT="att"/><SP WIDTH="21" VPOS="314" HPOS="74"/>
							<String ID="string_66" HPOS="95" VPOS="313" WIDTH="40" HEIGHT="21" WC="0.95" CONTENT="den"/><SP WIDTH="22" VPOS="313" HPOS="135"/>
							<String ID="string_67" HPOS="157" VPOS="313" WIDTH="106" HEIGHT="26" WC="0.92" CONTENT="egentliga"/><SP WIDTH="19" VPOS="313" HPOS="263"/>
							<String ID="string_68" HPOS="282" VPOS="314" WIDTH="141" HEIGHT="26" WC="0.92" CONTENT="anledningen"/><SP WIDTH="21" VPOS="314" HPOS="423"/>
							<String ID="string_69" HPOS="444" VPOS="314" WIDTH="34" HEIGHT="21" WC="0.93" CONTENT="till"/><SP WIDTH="20" VPOS="314" HPOS="478"/>
							<String ID="string_70" HPOS="498" VPOS="314" WIDTH="165" HEIGHT="26" WC="0.92" CONTENT="accisförslagen"/><SP WIDTH="22" VPOS="314" HPOS="663"/>
							<String ID="string_71" HPOS="685" VPOS="316" WIDTH="24" HEIGHT="19" WC="0.96" CONTENT="är"/><SP WIDTH="15" VPOS="316" HPOS="709"/>
							<String ID="string_72" HPOS="724" VPOS="316" WIDTH="33" HEIGHT="20" WC="0.96" CONTENT="att"/><SP WIDTH="15" VPOS="316" HPOS="757"/>
							<String ID="string_73" HPOS="772" VPOS="315" WIDTH="53" HEIGHT="21" WC="0.93" CONTENT="söka"/><SP WIDTH="14" VPOS="315" HPOS="825"/>
							<String ID="string_74" HPOS="839" VPOS="316" WIDTH="33" HEIGHT="20" WC="0.92" CONTENT="uti"/>
						</TextLine>
						<TextLine ID="line_7" HPOS="42" VPOS="341" WIDTH="829" HEIGHT="29">
							<String ID="string_75" HPOS="42" VPOS="342" WIDTH="26" HEIGHT="20" WC="0.96" CONTENT="de"/><SP WIDTH="15" VPOS="342" HPOS="68"/>
							<String ID="string_76" HPOS="83" VPOS="342" WIDTH="33" HEIGHT="20" WC="0.93" CONTENT="för"/><SP WIDTH="15" VPOS="342" HPOS="116"/>
							<String ID="string_77" HPOS="131" VPOS="341" WIDTH="48" HEIGHT="21" WC="0.91" CONTENT="värt"/><SP WIDTH="15" VPOS="341" HPOS="179"/>
							<String ID="string_78" HPOS="194" VPOS="342" WIDTH="49" HEIGHT="20" WC="0.96" CONTENT="land"/><SP WIDTH="17" VPOS="342" HPOS="243"/>
							<String ID="string_79" HPOS="260" VPOS="342" WIDTH="39" HEIGHT="21" WC="0.93" CONTENT="och"/><SP WIDTH="16" VPOS="342" HPOS="299"/>
							<String ID="string_80" HPOS="315" VPOS="342" WIDTH="101" HEIGHT="21" WC="0.91" CONTENT="särskildt"/><SP WIDTH="16" VPOS="342" HPOS="416"/>
							<String ID="string_81" HPOS="432" VPOS="342" WIDTH="34" HEIGHT="21" WC="0.93" CONTENT="för"/><SP WIDTH="15" VPOS="342" HPOS="466"/>
							<String ID="string_82" HPOS="481" VPOS="342" WIDTH="48" HEIGHT="22" WC="0.92" CONTENT="värt"/><SP WIDTH="10" VPOS="342" HPOS="529"/>
							<String ID="string_83" HPOS="539" VPOS="343" WIDTH="134" HEIGHT="21" WC="0.92" CONTENT="tullväsende"/><SP WIDTH="12" VPOS="343" HPOS="673"/>
							<String ID="string_84" HPOS="685" VPOS="349" WIDTH="136" HEIGHT="21" WC="0.92" CONTENT="ogynsamma"/><SP WIDTH="8" VPOS="349" HPOS="821"/>
							<String ID="string_85" HPOS="829" VPOS="344" WIDTH="42" HEIGHT="20" WC="0.92" CONTENT="för-"/>
						</TextLine>
						<TextLine ID="line_8" HPOS="41" VPOS="370" WIDTH="830" HEIGHT="27">
							<String ID="string_86" HPOS="41" VPOS="370" WIDTH="144" HEIGHT="27" WC="0.96" CONTENT="utsättningar"/><SP WIDTH="22" VPOS="370" HPOS="185"/>
							<String ID="string_87" HPOS="207" VPOS="370" WIDTH="40" HEIGHT="21" WC="0.96" CONTENT="och"/><SP WIDTH="16" VPOS="370" HPOS="247"/>
							<String ID="string_88" HPOS="263" VPOS="370" WIDTH="74" HEIGHT="27" WC="0.96" CONTENT="syften,"/><SP WIDTH="17" VPOS="370" HPOS="337"/>
							<String ID="string_89" HPOS="354" VPOS="377" WIDTH="46" HEIGHT="15" WC="0.96" CONTENT="som"/><SP WIDTH="15" VPOS="377" HPOS="400"/>
							<String ID="string_90" HPOS="415" VPOS="371" WIDTH="34" HEIGHT="21" WC="0.96" CONTENT="stä"/><SP WIDTH="15" VPOS="371" HPOS="449"/>
							<String ID="string_91" HPOS="464" VPOS="372" WIDTH="7" HEIGHT="20" WC="0.93" CONTENT="i"/><SP WIDTH="17" VPOS="372" HPOS="471"/>
							<String ID="string_92" HPOS="488" VPOS="371" WIDTH="113" HEIGHT="21" WC="0.78" CONTENT="diametral"/><SP WIDTH="15" VPOS="371" HPOS="601"/>
							<String ID="string_93" HPOS="616" VPOS="373" WIDTH="92" HEIGHT="19" WC="0.96" CONTENT="motsats"/><SP WIDTH="14" VPOS="373" HPOS="708"/>
							<String ID="string_94" HPOS="722" VPOS="372" WIDTH="32" HEIGHT="21" WC="0.93" CONTENT="till"/><SP WIDTH="16" VPOS="372" HPOS="754"/>
							<String ID="string_95" HPOS="770" VPOS="372" WIDTH="101" HEIGHT="21" WC="0.92" CONTENT="Ständer-"/>
						</TextLine>
						<TextLine ID="line_9" HPOS="41" VPOS="399" WIDTH="830" HEIGHT="28">
							<String ID="string_96" HPOS="41" VPOS="404" WIDTH="38" HEIGHT="15" WC="0.92" CONTENT="nas"/><SP WIDTH="15" VPOS="404" HPOS="79"/>
							<String ID="string_97" HPOS="94" VPOS="399" WIDTH="139" HEIGHT="26" WC="0.92" CONTENT="tullpetition."/><SP WIDTH="27" VPOS="399" HPOS="233"/>
							<String ID="string_98" HPOS="260" VPOS="399" WIDTH="38" HEIGHT="21" WC="0.93" CONTENT="Att"/><SP WIDTH="15" VPOS="399" HPOS="298"/>
							<String ID="string_99" HPOS="313" VPOS="402" WIDTH="79" HEIGHT="24" WC="0.92" CONTENT="antaga"/><SP WIDTH="15" VPOS="402" HPOS="392"/>
							<String ID="string_100" HPOS="407" VPOS="400" WIDTH="83" HEIGHT="21" WC="0.92" CONTENT="accisen"/><SP WIDTH="16" VPOS="400" HPOS="490"/>
							<String ID="string_101" HPOS="506" VPOS="406" WIDTH="50" HEIGHT="15" WC="0.93" CONTENT="vore"/><SP WIDTH="17" VPOS="406" HPOS="556"/>
							<String ID="string_102" HPOS="573" VPOS="400" WIDTH="90" HEIGHT="21" WC="0.92" CONTENT="sälunda"/><SP WIDTH="16" VPOS="400" HPOS="663"/>
							<String ID="string_103" HPOS="679" VPOS="400" WIDTH="65" HEIGHT="27" WC="0.96" CONTENT="enligt"/><SP WIDTH="15" VPOS="400" HPOS="744"/>
							<String ID="string_104" HPOS="759" VPOS="401" WIDTH="43" HEIGHT="20" WC="0.91" CONTENT="min"/><SP WIDTH="16" VPOS="401" HPOS="802"/>
							<String ID="string_105" HPOS="818" VPOS="406" WIDTH="53" HEIGHT="21" WC="0.91" CONTENT="upp-"/>
						</TextLine>
						<TextLine ID="line_10" HPOS="40" VPOS="427" WIDTH="831" HEIGHT="49">
							<String ID="string_106" HPOS="40" VPOS="427" WIDTH="91" HEIGHT="49" WC="0.20" CONTENT="fahtning"/><SP WIDTH="21" VPOS="427" HPOS="131"/>
							<String ID="string_107" HPOS="152" VPOS="429" WIDTH="33" HEIGHT="19" WC="0.95" CONTENT="att"/><SP WIDTH="23" VPOS="429" HPOS="185"/>
							<String ID="string_108" HPOS="208" VPOS="428" WIDTH="28" HEIGHT="26" WC="0.93" CONTENT="pä"/><SP WIDTH="18" VPOS="428" HPOS="236"/>
							<String ID="string_109" HPOS="254" VPOS="427" WIDTH="91" HEIGHT="22" WC="0.92" CONTENT="förhand"/><SP WIDTH="16" VPOS="427" HPOS="345"/>
							<String ID="string_110" HPOS="361" VPOS="428" WIDTH="80" HEIGHT="21" WC="0.92" CONTENT="bereda"/><SP WIDTH="15" VPOS="428" HPOS="441"/>
							<String ID="string_111" HPOS="456" VPOS="430" WIDTH="89" HEIGHT="24" WC="0.92" CONTENT="terräng"/><SP WIDTH="14" VPOS="430" HPOS="545"/>
							<String ID="string_112" HPOS="559" VPOS="428" WIDTH="34" HEIGHT="20" WC="0.93" CONTENT="för"/><SP WIDTH="15" VPOS="428" HPOS="593"/>
							<String ID="string_113" HPOS="608" VPOS="428" WIDTH="134" HEIGHT="26" WC="0.91" CONTENT="vidtgäende,"/><SP WIDTH="17" VPOS="428" HPOS="742"/>
							<String ID="string_114" HPOS="759" VPOS="429" WIDTH="112" HEIGHT="27" WC="0.90" CONTENT="ödesdigra"/>
						</TextLine>
						<TextLine ID="line_11" HPOS="40" VPOS="462" WIDTH="109" HEIGHT="15">
							<String ID="string_115" HPOS="40" VPOS="462" WIDTH="109" HEIGHT="15" WC="0.92" CONTENT="reformer."/>
						</TextLine>
					</TextBlock>
				</ComposedBlock>
				<ComposedBlock ID="cblock_3" HPOS="33" VPOS="512" WIDTH="836" HEIGHT="711">
					<TextBlock ID="block_2" HPOS="33" VPOS="512" WIDTH="836" HEIGHT="711">
						<TextLine ID="line_12" HPOS="109" VPOS="512" WIDTH="760" HEIGHT="28">
							<String ID="string_116" HPOS="109" VPOS="513" WIDTH="32" HEIGHT="21" WC="0.95" CONTENT="Hr"/><SP WIDTH="25" VPOS="513" HPOS="141"/>
							<String ID="string_117" HPOS="166" VPOS="513" WIDTH="59" HEIGHT="21" WC="0.96" CONTENT="Nils"/><SP WIDTH="22" VPOS="513" HPOS="225"/>
							<String ID="string_118" HPOS="247" VPOS="512" WIDTH="177" HEIGHT="22" WC="0.96" CONTENT="Grotenfelt:"/><SP WIDTH="31" VPOS="512" HPOS="424"/>
							<String ID="string_119" HPOS="455" VPOS="513" WIDTH="43" HEIGHT="21" WC="0.96" CONTENT="Det"/><SP WIDTH="22" VPOS="513" HPOS="498"/>
							<String ID="string_120" HPOS="520" VPOS="515" WIDTH="24" HEIGHT="19" WC="0.93" CONTENT="är"/><SP WIDTH="18" VPOS="515" HPOS="544"/>
							<String ID="string_121" HPOS="562" VPOS="514" WIDTH="47" HEIGHT="20" WC="0.91" CONTENT="icke"/><SP WIDTH="23" VPOS="514" HPOS="609"/>
							<String ID="string_122" HPOS="632" VPOS="514" WIDTH="84" HEIGHT="26" WC="0.92" CONTENT="mvcket"/><SP WIDTH="13" VPOS="514" HPOS="716"/>
							<String ID="string_123" HPOS="729" VPOS="513" WIDTH="37" HEIGHT="27" WC="0.96" CONTENT="jag"/><SP WIDTH="15" VPOS="513" HPOS="766"/>
							<String ID="string_124" HPOS="781" VPOS="513" WIDTH="40" HEIGHT="21" WC="0.96" CONTENT="har"/><SP WIDTH="15" VPOS="513" HPOS="821"/>
							<String ID="string_125" HPOS="836" VPOS="515" WIDTH="33" HEIGHT="19" WC="0.96" CONTENT="att"/>
						</TextLine>
						<TextLine ID="line_13" HPOS="39" VPOS="541" WIDTH="830" HEIGHT="28">
							<String ID="string_126" HPOS="39" VPOS="542" WIDTH="88" HEIGHT="25" WC="0.91" CONTENT="tillägga"/><SP WIDTH="15" VPOS="542" HPOS="127"/>
							<String ID="string_127" HPOS="142" VPOS="541" WIDTH="55" HEIGHT="21" WC="0.96" CONTENT="efter"/><SP WIDTH="16" VPOS="541" HPOS="197"/>
							<String ID="string_128" HPOS="213" VPOS="543" WIDTH="26" HEIGHT="19" WC="0.93" CONTENT="de"/><SP WIDTH="16" VPOS="543" HPOS="239"/>
							<String ID="string_129" HPOS="255" VPOS="542" WIDTH="86" HEIGHT="20" WC="0.93" CONTENT="sakrika"/><SP WIDTH="9" VPOS="542" HPOS="341"/>
							<String ID="string_130" HPOS="350" VPOS="542" WIDTH="158" HEIGHT="26" WC="0.92" CONTENT="andraganden,"/><SP WIDTH="11" VPOS="542" HPOS="508"/>
							<String ID="string_131" HPOS="519" VPOS="548" WIDTH="45" HEIGHT="15" WC="0.97" CONTENT="som"/><SP WIDTH="12" VPOS="548" HPOS="564"/>
							<String ID="string_132" HPOS="576" VPOS="542" WIDTH="66" HEIGHT="20" WC="0.93" CONTENT="redan"/><SP WIDTH="9" VPOS="542" HPOS="642"/>
							<String ID="string_133" HPOS="651" VPOS="542" WIDTH="69" HEIGHT="20" WC="0.92" CONTENT="blifvit"/><SP WIDTH="10" VPOS="542" HPOS="720"/>
							<String ID="string_134" HPOS="730" VPOS="541" WIDTH="72" HEIGHT="21" WC="0.92" CONTENT="fällda."/><SP WIDTH="26" VPOS="541" HPOS="802"/>
							<String ID="string_135" HPOS="828" VPOS="542" WIDTH="41" HEIGHT="27" WC="0.96" CONTENT="Jag"/>
						</TextLine>
						<TextLine ID="line_14" HPOS="39" VPOS="569" WIDTH="830" HEIGHT="27">
							<String ID="string_136" HPOS="39" VPOS="569" WIDTH="40" HEIGHT="22" WC="0.95" CONTENT="har"/><SP WIDTH="25" VPOS="569" HPOS="79"/>
							<String ID="string_137" HPOS="104" VPOS="569" WIDTH="54" HEIGHT="22" WC="0.93" CONTENT="dock"/><SP WIDTH="23" VPOS="569" HPOS="158"/>
							<String ID="string_138" HPOS="181" VPOS="570" WIDTH="46" HEIGHT="21" WC="0.92" CONTENT="icke"/><SP WIDTH="21" VPOS="570" HPOS="227"/>
							<String ID="string_139" HPOS="248" VPOS="570" WIDTH="83" HEIGHT="21" WC="0.93" CONTENT="kunnat"/><SP WIDTH="15" VPOS="570" HPOS="331"/>
							<String ID="string_140" HPOS="346" VPOS="570" WIDTH="114" HEIGHT="21" WC="0.92" CONTENT="underläta"/><SP WIDTH="15" VPOS="570" HPOS="460"/>
							<String ID="string_141" HPOS="475" VPOS="572" WIDTH="33" HEIGHT="19" WC="0.93" CONTENT="att"/><SP WIDTH="15" VPOS="572" HPOS="508"/>
							<String ID="string_142" HPOS="523" VPOS="570" WIDTH="69" HEIGHT="21" WC="0.92" CONTENT="säsom"/><SP WIDTH="17" VPOS="570" HPOS="592"/>
							<String ID="string_143" HPOS="609" VPOS="570" WIDTH="54" HEIGHT="21" WC="0.93" CONTENT="finsk"/><SP WIDTH="13" VPOS="570" HPOS="663"/>
							<String ID="string_144" HPOS="676" VPOS="570" WIDTH="144" HEIGHT="26" WC="0.92" CONTENT="jordbrukare"/><SP WIDTH="15" VPOS="570" HPOS="820"/>
							<String ID="string_145" HPOS="835" VPOS="572" WIDTH="34" HEIGHT="19" WC="0.90" CONTENT="ut-"/>
						</TextLine>
						<TextLine ID="line_15" HPOS="38" VPOS="598" WIDTH="831" HEIGHT="27">
							<String ID="string_146" HPOS="38" VPOS="599" WIDTH="45" HEIGHT="20" WC="0.93" CONTENT="tala"/><SP WIDTH="23" VPOS="599" HPOS="83"/>
							<String ID="string_147" HPOS="106" VPOS="600" WIDTH="32" HEIGHT="19" WC="0.96" CONTENT="att"/><SP WIDTH="20" VPOS="600" HPOS="138"/>
							<String ID="string_148" HPOS="158" VPOS="599" WIDTH="61" HEIGHT="20" WC="0.96" CONTENT="detta"/><SP WIDTH="23" VPOS="599" HPOS="219"/>
							<String ID="string_149" HPOS="242" VPOS="598" WIDTH="114" HEIGHT="27" WC="0.96" CONTENT="lagförslag"/><SP WIDTH="15" VPOS="598" HPOS="356"/>
							<String ID="string_150" HPOS="371" VPOS="598" WIDTH="33" HEIGHT="21" WC="0.96" CONTENT="för"/><SP WIDTH="15" VPOS="598" HPOS="404"/>
							<String ID="string_151" HPOS="419" VPOS="599" WIDTH="69" HEIGHT="20" WC="0.93" CONTENT="första"/><SP WIDTH="14" VPOS="599" HPOS="488"/>
							<String ID="string_152" HPOS="502" VPOS="599" WIDTH="83" HEIGHT="26" WC="0.92" CONTENT="gängen"/><SP WIDTH="16" VPOS="599" HPOS="585"/>
							<String ID="string_153" HPOS="601" VPOS="598" WIDTH="116" HEIGHT="21" WC="0.92" CONTENT="innefattar"/><SP WIDTH="17" VPOS="598" HPOS="717"/>
							<String ID="string_154" HPOS="734" VPOS="605" WIDTH="25" HEIGHT="14" WC="0.93" CONTENT="en"/><SP WIDTH="16" VPOS="605" HPOS="759"/>
							<String ID="string_155" HPOS="775" VPOS="599" WIDTH="94" HEIGHT="21" WC="0.92" CONTENT="bestäm-"/>
						</TextLine>
						<TextLine ID="line_16" HPOS="39" VPOS="626" WIDTH="830" HEIGHT="27">
							<String ID="string_156" HPOS="39" VPOS="627" WIDTH="55" HEIGHT="26" WC="0.91" CONTENT="ning,"/><SP WIDTH="25" VPOS="627" HPOS="94"/>
							<String ID="string_157" HPOS="119" VPOS="627" WIDTH="134" HEIGHT="26" WC="0.92" CONTENT="hvarigenom"/><SP WIDTH="21" VPOS="627" HPOS="253"/>
							<String ID="string_158" HPOS="274" VPOS="627" WIDTH="169" HEIGHT="26" WC="0.90" CONTENT="jordbrukarens"/><SP WIDTH="22" VPOS="627" HPOS="443"/>
							<String ID="string_159" HPOS="465" VPOS="626" WIDTH="41" HEIGHT="21" WC="0.93" CONTENT="fria"/><SP WIDTH="16" VPOS="626" HPOS="506"/>
							<String ID="string_160" HPOS="522" VPOS="627" WIDTH="182" HEIGHT="26" WC="0.92" CONTENT="dispositionsrätt"/><SP WIDTH="15" VPOS="627" HPOS="704"/>
							<String ID="string_161" HPOS="719" VPOS="627" WIDTH="6" HEIGHT="20" WC="0.93" CONTENT="i"/><SP WIDTH="16" VPOS="627" HPOS="725"/>
							<String ID="string_162" HPOS="741" VPOS="627" WIDTH="99" HEIGHT="21" WC="0.92" CONTENT="afseende"/><SP WIDTH="16" VPOS="627" HPOS="840"/>
							<String ID="string_163" HPOS="856" VPOS="627" WIDTH="13" HEIGHT="21" WC="0.92" CONTENT="ä"/>
						</TextLine>
						<TextLine ID="line_17" HPOS="39" VPOS="655" WIDTH="830" HEIGHT="27">
							<String ID="string_164" HPOS="39" VPOS="655" WIDTH="99" HEIGHT="26" WC="0.92" CONTENT="odlingen"/><SP WIDTH="23" VPOS="655" HPOS="138"/>
							<String ID="string_165" HPOS="161" VPOS="655" WIDTH="23" HEIGHT="21" WC="0.96" CONTENT="af"/><SP WIDTH="20" VPOS="655" HPOS="184"/>
							<String ID="string_166" HPOS="204" VPOS="656" WIDTH="32" HEIGHT="20" WC="0.96" CONTENT="sin"/><SP WIDTH="13" VPOS="656" HPOS="236"/>
							<String ID="string_167" HPOS="249" VPOS="655" WIDTH="49" HEIGHT="26" WC="0.96" CONTENT="jord"/><SP WIDTH="16" VPOS="655" HPOS="298"/>
							<String ID="string_168" HPOS="314" VPOS="657" WIDTH="24" HEIGHT="19" WC="0.93" CONTENT="är"/><SP WIDTH="15" VPOS="657" HPOS="338"/>
							<String ID="string_169" HPOS="353" VPOS="655" WIDTH="120" HEIGHT="27" WC="0.93" CONTENT="föreslagen"/><SP WIDTH="17" VPOS="655" HPOS="473"/>
							<String ID="string_170" HPOS="490" VPOS="657" WIDTH="33" HEIGHT="20" WC="0.93" CONTENT="att"/><SP WIDTH="14" VPOS="657" HPOS="523"/>
							<String ID="string_171" HPOS="537" VPOS="655" WIDTH="66" HEIGHT="21" WC="0.92" CONTENT="blifva"/><SP WIDTH="14" VPOS="655" HPOS="603"/>
							<String ID="string_172" HPOS="617" VPOS="661" WIDTH="77" HEIGHT="20" WC="0.96" CONTENT="genom"/><SP WIDTH="15" VPOS="661" HPOS="694"/>
							<String ID="string_173" HPOS="709" VPOS="655" WIDTH="34" HEIGHT="26" WC="0.93" CONTENT="lag"/><SP WIDTH="15" VPOS="655" HPOS="743"/>
							<String ID="string_174" HPOS="758" VPOS="655" WIDTH="111" HEIGHT="27" WC="0.91" CONTENT="kringgär-"/>
						</TextLine>
						<TextLine ID="line_18" HPOS="38" VPOS="683" WIDTH="829" HEIGHT="28">
							<String ID="string_175" HPOS="38" VPOS="684" WIDTH="48" HEIGHT="21" WC="0.93" CONTENT="dad."/><SP WIDTH="24" VPOS="684" HPOS="86"/>
							<String ID="string_176" HPOS="110" VPOS="684" WIDTH="11" HEIGHT="26" WC="0.91" CONTENT="$"/><SP WIDTH="17" VPOS="684" HPOS="121"/>
							<String ID="string_177" HPOS="138" VPOS="685" WIDTH="11" HEIGHT="20" WC="0.93" CONTENT="6"/><SP WIDTH="16" VPOS="685" HPOS="149"/>
							<String ID="string_178" HPOS="165" VPOS="684" WIDTH="110" HEIGHT="26" WC="0.96" CONTENT="förbjuder"/><SP WIDTH="16" VPOS="684" HPOS="275"/>
							<String ID="string_179" HPOS="291" VPOS="684" WIDTH="105" HEIGHT="27" WC="0.93" CONTENT="nämligen"/><SP WIDTH="22" VPOS="684" HPOS="396"/>
							<String ID="string_180" HPOS="418" VPOS="684" WIDTH="151" HEIGHT="26" WC="0.92" CONTENT="tobaksodling"/><SP WIDTH="16" VPOS="684" HPOS="569"/>
							<String ID="string_181" HPOS="585" VPOS="686" WIDTH="66" HEIGHT="19" WC="0.96" CONTENT="annat"/><SP WIDTH="12" VPOS="686" HPOS="651"/>
							<String ID="string_182" HPOS="663" VPOS="685" WIDTH="27" HEIGHT="19" WC="0.96" CONTENT="än"/><SP WIDTH="18" VPOS="685" HPOS="690"/>
							<String ID="string_183" HPOS="708" VPOS="683" WIDTH="32" HEIGHT="21" WC="0.93" CONTENT="till"/><SP WIDTH="15" VPOS="683" HPOS="740"/>
							<String ID="string_184" HPOS="755" VPOS="683" WIDTH="112" HEIGHT="22" WC="0.91" CONTENT="husbehof."/>
						</TextLine>
						<TextLine ID="line_19" HPOS="37" VPOS="712" WIDTH="830" HEIGHT="27">
							<String ID="string_185" HPOS="37" VPOS="712" WIDTH="64" HEIGHT="27" WC="0.93" CONTENT="Prop."/><SP WIDTH="12" VPOS="712" HPOS="101"/>
							<String ID="string_186" HPOS="113" VPOS="713" WIDTH="118" HEIGHT="20" WC="0.92" CONTENT="innehäller"/><SP WIDTH="10" VPOS="713" HPOS="231"/>
							<String ID="string_187" HPOS="241" VPOS="713" WIDTH="5" HEIGHT="20" WC="0.92" CONTENT="j"/><SP WIDTH="13" VPOS="713" HPOS="246"/>
							<String ID="string_188" HPOS="259" VPOS="713" WIDTH="45" HEIGHT="20" WC="0.93" CONTENT="sina"/><SP WIDTH="10" VPOS="713" HPOS="304"/>
							<String ID="string_189" HPOS="314" VPOS="713" WIDTH="91" HEIGHT="20" WC="0.92" CONTENT="motiver"/><SP WIDTH="13" VPOS="713" HPOS="405"/>
							<String ID="string_190" HPOS="418" VPOS="715" WIDTH="32" HEIGHT="18" WC="0.93" CONTENT="att"/><SP WIDTH="9" VPOS="715" HPOS="450"/>
							<String ID="string_191" HPOS="459" VPOS="713" WIDTH="191" HEIGHT="26" WC="0.92" CONTENT="tobaksodlingen"/><SP WIDTH="-8" VPOS="713" HPOS="650"/>
							<String ID="string_192" HPOS="642" VPOS="708" WIDTH="10" HEIGHT="35" WC="0.96" CONTENT="i"/><SP WIDTH="8" VPOS="708" HPOS="652"/>
							<String ID="string_193" HPOS="660" VPOS="713" WIDTH="60" HEIGHT="20" WC="0.95" CONTENT="detta"/><SP WIDTH="8" VPOS="713" HPOS="720"/>
							<String ID="string_194" HPOS="728" VPOS="712" WIDTH="49" HEIGHT="21" WC="0.91" CONTENT="land"/><SP WIDTH="8" VPOS="712" HPOS="777"/>
							<String ID="string_195" HPOS="785" VPOS="712" WIDTH="46" HEIGHT="21" WC="0.91" CONTENT="icke"/><SP WIDTH="7" VPOS="712" HPOS="831"/>
							<String ID="string_196" HPOS="838" VPOS="713" WIDTH="29" HEIGHT="20" WC="0.93" CONTENT="vi-"/>
						</TextLine>
						<TextLine ID="line_20" HPOS="38" VPOS="741" WIDTH="829" HEIGHT="27">
							<String ID="string_197" HPOS="38" VPOS="744" WIDTH="33" HEIGHT="17" WC="0.96" CONTENT="sat"/><SP WIDTH="16" VPOS="744" HPOS="71"/>
							<String ID="string_198" HPOS="87" VPOS="742" WIDTH="31" HEIGHT="26" WC="0.93" CONTENT="sig"/><SP WIDTH="16" VPOS="742" HPOS="118"/>
							<String ID="string_199" HPOS="134" VPOS="741" WIDTH="98" HEIGHT="21" WC="0.92" CONTENT="lönande."/><SP WIDTH="32" VPOS="741" HPOS="232"/>
							<String ID="string_200" HPOS="264" VPOS="741" WIDTH="65" HEIGHT="21" WC="0.96" CONTENT="Detta"/><SP WIDTH="15" VPOS="741" HPOS="329"/>
							<String ID="string_201" HPOS="344" VPOS="741" WIDTH="42" HEIGHT="20" WC="0.96" CONTENT="kan"/><SP WIDTH="16" VPOS="741" HPOS="386"/>
							<String ID="string_202" HPOS="402" VPOS="741" WIDTH="21" HEIGHT="26" WC="0.93" CONTENT="ju"/><SP WIDTH="16" VPOS="741" HPOS="423"/>
							<String ID="string_203" HPOS="439" VPOS="741" WIDTH="47" HEIGHT="21" WC="0.92" CONTENT="icke"/><SP WIDTH="16" VPOS="741" HPOS="486"/>
							<String ID="string_204" HPOS="502" VPOS="741" WIDTH="67" HEIGHT="20" WC="0.93" CONTENT="heller"/><SP WIDTH="15" VPOS="741" HPOS="569"/>
							<String ID="string_205" HPOS="584" VPOS="741" WIDTH="73" HEIGHT="24" WC="0.91" CONTENT="nekas,"/><SP WIDTH="16" VPOS="741" HPOS="657"/>
							<String ID="string_206" HPOS="673" VPOS="741" WIDTH="68" HEIGHT="20" WC="0.92" CONTENT="ehuru"/><SP WIDTH="16" VPOS="741" HPOS="741"/>
							<String ID="string_207" HPOS="757" VPOS="741" WIDTH="75" HEIGHT="21" WC="0.92" CONTENT="liksom"/><SP WIDTH="9" VPOS="741" HPOS="832"/>
							<String ID="string_208" HPOS="841" VPOS="747" WIDTH="26" HEIGHT="14" WC="0.96" CONTENT="en"/>
						</TextLine>
						<TextLine ID="line_21" HPOS="38" VPOS="769" WIDTH="829" HEIGHT="27">
							<String ID="string_209" HPOS="38" VPOS="770" WIDTH="52" HEIGHT="21" WC="0.91" CONTENT="ärad"/><SP WIDTH="15" VPOS="770" HPOS="90"/>
							<String ID="string_210" HPOS="105" VPOS="770" WIDTH="69" HEIGHT="21" WC="0.92" CONTENT="talare"/><SP WIDTH="16" VPOS="770" HPOS="174"/>
							<String ID="string_211" HPOS="190" VPOS="769" WIDTH="65" HEIGHT="21" WC="0.96" CONTENT="redan"/><SP WIDTH="17" VPOS="769" HPOS="255"/>
							<String ID="string_212" HPOS="272" VPOS="769" WIDTH="5" HEIGHT="21" WC="0.93" CONTENT="i"/><SP WIDTH="16" VPOS="769" HPOS="277"/>
							<String ID="string_213" HPOS="293" VPOS="770" WIDTH="57" HEIGHT="26" WC="0.91" CONTENT="gväll"/><SP WIDTH="16" VPOS="770" HPOS="350"/>
							<String ID="string_214" HPOS="366" VPOS="771" WIDTH="79" HEIGHT="23" WC="0.93" CONTENT="nämnt,"/><SP WIDTH="17" VPOS="771" HPOS="445"/>
							<String ID="string_215" HPOS="462" VPOS="769" WIDTH="75" HEIGHT="21" WC="0.96" CONTENT="försök"/><SP WIDTH="15" VPOS="769" HPOS="537"/>
							<String ID="string_216" HPOS="552" VPOS="770" WIDTH="6" HEIGHT="20" WC="0.96" CONTENT="i"/><SP WIDTH="16" VPOS="770" HPOS="558"/>
							<String ID="string_217" HPOS="574" VPOS="769" WIDTH="60" HEIGHT="21" WC="0.93" CONTENT="detta"/><SP WIDTH="15" VPOS="769" HPOS="634"/>
							<String ID="string_218" HPOS="649" VPOS="769" WIDTH="99" HEIGHT="21" WC="0.92" CONTENT="afseende"/><SP WIDTH="16" VPOS="769" HPOS="748"/>
							<String ID="string_219" HPOS="764" VPOS="769" WIDTH="64" HEIGHT="21" WC="0.92" CONTENT="hafva"/><SP WIDTH="10" VPOS="769" HPOS="828"/>
							<String ID="string_220" HPOS="838" VPOS="770" WIDTH="29" HEIGHT="20" WC="0.92" CONTENT="vi-"/>
						</TextLine>
						<TextLine ID="line_22" HPOS="38" VPOS="797" WIDTH="828" HEIGHT="27">
							<String ID="string_221" HPOS="38" VPOS="801" WIDTH="33" HEIGHT="18" WC="0.95" CONTENT="sat"/><SP WIDTH="22" VPOS="801" HPOS="71"/>
							<String ID="string_222" HPOS="93" VPOS="800" WIDTH="33" HEIGHT="19" WC="0.96" CONTENT="att"/><SP WIDTH="15" VPOS="800" HPOS="126"/>
							<String ID="string_223" HPOS="141" VPOS="798" WIDTH="112" HEIGHT="26" WC="0.92" CONTENT="möjlighet"/><SP WIDTH="18" VPOS="798" HPOS="253"/>
							<String ID="string_224" HPOS="271" VPOS="798" WIDTH="71" HEIGHT="21" WC="0.92" CONTENT="dertill"/><SP WIDTH="16" VPOS="798" HPOS="342"/>
							<String ID="string_225" HPOS="358" VPOS="798" WIDTH="46" HEIGHT="21" WC="0.96" CONTENT="icke"/><SP WIDTH="16" VPOS="798" HPOS="404"/>
							<String ID="string_226" HPOS="420" VPOS="800" WIDTH="24" HEIGHT="19" WC="0.93" CONTENT="är"/><SP WIDTH="16" VPOS="800" HPOS="444"/>
							<String ID="string_227" HPOS="460" VPOS="798" WIDTH="113" HEIGHT="21" WC="0.94" CONTENT="utesluten."/><SP WIDTH="32" VPOS="798" HPOS="573"/>
							<String ID="string_228" HPOS="605" VPOS="798" WIDTH="49" HEIGHT="20" WC="0.95" CONTENT="Men"/><SP WIDTH="17" VPOS="798" HPOS="654"/>
							<String ID="string_229" HPOS="671" VPOS="798" WIDTH="65" HEIGHT="20" WC="0.93" CONTENT="sedan"/><SP WIDTH="15" VPOS="798" HPOS="736"/>
							<String ID="string_230" HPOS="751" VPOS="797" WIDTH="115" HEIGHT="26" WC="0.92" CONTENT="hedenhös,"/>
						</TextLine>
						<TextLine ID="line_23" HPOS="37" VPOS="826" WIDTH="830" HEIGHT="27">
							<String ID="string_231" HPOS="37" VPOS="826" WIDTH="55" HEIGHT="21" WC="0.96" CONTENT="hade"/><SP WIDTH="13" VPOS="826" HPOS="92"/>
							<String ID="string_232" HPOS="105" VPOS="827" WIDTH="37" HEIGHT="26" WC="0.92" CONTENT="jag"/><SP WIDTH="16" VPOS="827" HPOS="142"/>
							<String ID="string_233" HPOS="158" VPOS="826" WIDTH="63" HEIGHT="21" WC="0.92" CONTENT="sänär"/><SP WIDTH="16" VPOS="826" HPOS="221"/>
							<String ID="string_234" HPOS="237" VPOS="828" WIDTH="53" HEIGHT="24" WC="0.92" CONTENT="sagt,"/><SP WIDTH="16" VPOS="828" HPOS="290"/>
							<String ID="string_235" HPOS="306" VPOS="826" WIDTH="40" HEIGHT="20" WC="0.96" CONTENT="har"/><SP WIDTH="15" VPOS="826" HPOS="346"/>
							<String ID="string_236" HPOS="361" VPOS="826" WIDTH="7" HEIGHT="20" WC="0.94" CONTENT="i"/><SP WIDTH="16" VPOS="826" HPOS="368"/>
							<String ID="string_237" HPOS="384" VPOS="827" WIDTH="90" HEIGHT="20" WC="0.93" CONTENT="Finland"/><SP WIDTH="22" VPOS="827" HPOS="474"/>
							<String ID="string_238" HPOS="496" VPOS="827" WIDTH="102" HEIGHT="20" WC="0.90" CONTENT="existerat"/><SP WIDTH="15" VPOS="827" HPOS="598"/>
							<String ID="string_239" HPOS="613" VPOS="832" WIDTH="26" HEIGHT="14" WC="0.93" CONTENT="en"/><SP WIDTH="9" VPOS="832" HPOS="639"/>
							<String ID="string_240" HPOS="648" VPOS="826" WIDTH="156" HEIGHT="26" WC="0.93" CONTENT="tobaksodling,"/><SP WIDTH="9" VPOS="826" HPOS="804"/>
							<String ID="string_241" HPOS="813" VPOS="826" WIDTH="54" HEIGHT="20" WC="0.93" CONTENT="hvil-"/>
						</TextLine>
						<TextLine ID="line_24" HPOS="36" VPOS="854" WIDTH="831" HEIGHT="28">
							<String ID="string_242" HPOS="36" VPOS="854" WIDTH="41" HEIGHT="21" WC="0.93" CONTENT="ken"/><SP WIDTH="17" VPOS="854" HPOS="77"/>
							<String ID="string_243" HPOS="94" VPOS="855" WIDTH="46" HEIGHT="21" WC="0.92" CONTENT="icke"/><SP WIDTH="16" VPOS="855" HPOS="140"/>
							<String ID="string_244" HPOS="156" VPOS="855" WIDTH="56" HEIGHT="20" WC="0.96" CONTENT="varit"/><SP WIDTH="15" VPOS="855" HPOS="212"/>
							<String ID="string_245" HPOS="227" VPOS="854" WIDTH="21" HEIGHT="21" WC="0.96" CONTENT="af"/><SP WIDTH="15" VPOS="854" HPOS="248"/>
							<String ID="string_246" HPOS="263" VPOS="854" WIDTH="24" HEIGHT="21" WC="0.96" CONTENT="sä"/><SP WIDTH="16" VPOS="854" HPOS="287"/>
							<String ID="string_247" HPOS="303" VPOS="854" WIDTH="87" HEIGHT="21" WC="0.93" CONTENT="alldeles"/><SP WIDTH="17" VPOS="854" HPOS="390"/>
							<String ID="string_248" HPOS="407" VPOS="855" WIDTH="61" HEIGHT="27" WC="0.92" CONTENT="ringa"/><SP WIDTH="16" VPOS="855" HPOS="468"/>
							<String ID="string_249" HPOS="484" VPOS="854" WIDTH="109" HEIGHT="27" WC="0.96" CONTENT="betydelse"/><SP WIDTH="15" VPOS="854" HPOS="593"/>
							<String ID="string_250" HPOS="608" VPOS="854" WIDTH="34" HEIGHT="21" WC="0.96" CONTENT="för"/><SP WIDTH="11" VPOS="854" HPOS="642"/>
							<String ID="string_251" HPOS="653" VPOS="854" WIDTH="155" HEIGHT="26" WC="0.96" CONTENT="befolkningen."/><SP WIDTH="24" VPOS="854" HPOS="808"/>
							<String ID="string_252" HPOS="832" VPOS="854" WIDTH="35" HEIGHT="21" WC="0.96" CONTENT="Nu"/>
						</TextLine>
						<TextLine ID="line_25" HPOS="36" VPOS="882" WIDTH="830" HEIGHT="28">
							<String ID="string_253" HPOS="36" VPOS="883" WIDTH="111" HEIGHT="26" WC="0.92" CONTENT="förbjuder"/><SP WIDTH="23" VPOS="883" HPOS="147"/>
							<String ID="string_254" HPOS="170" VPOS="890" WIDTH="47" HEIGHT="14" WC="0.96" CONTENT="man"/><SP WIDTH="24" VPOS="890" HPOS="217"/>
							<String ID="string_255" HPOS="241" VPOS="883" WIDTH="28" HEIGHT="21" WC="0.93" CONTENT="all"/><SP WIDTH="24" VPOS="883" HPOS="269"/>
							<String ID="string_256" HPOS="293" VPOS="883" WIDTH="77" HEIGHT="27" WC="0.90" CONTENT="odling,"/><SP WIDTH="25" VPOS="883" HPOS="370"/>
							<String ID="string_257" HPOS="395" VPOS="885" WIDTH="65" HEIGHT="19" WC="0.96" CONTENT="annat"/><SP WIDTH="18" VPOS="885" HPOS="460"/>
							<String ID="string_258" HPOS="478" VPOS="885" WIDTH="27" HEIGHT="19" WC="0.97" CONTENT="än"/><SP WIDTH="16" VPOS="885" HPOS="505"/>
							<String ID="string_259" HPOS="521" VPOS="883" WIDTH="32" HEIGHT="21" WC="0.93" CONTENT="till"/><SP WIDTH="16" VPOS="883" HPOS="553"/>
							<String ID="string_260" HPOS="569" VPOS="882" WIDTH="112" HEIGHT="22" WC="0.92" CONTENT="husbehof."/><SP WIDTH="30" VPOS="882" HPOS="681"/>
							<String ID="string_261" HPOS="711" VPOS="883" WIDTH="41" HEIGHT="26" WC="0.93" CONTENT="Jag"/><SP WIDTH="15" VPOS="883" HPOS="752"/>
							<String ID="string_262" HPOS="767" VPOS="882" WIDTH="99" HEIGHT="22" WC="0.92" CONTENT="förvänas"/>
						</TextLine>
						<TextLine ID="line_26" HPOS="36" VPOS="910" WIDTH="830" HEIGHT="28">
							<String ID="string_263" HPOS="36" VPOS="912" WIDTH="46" HEIGHT="20" WC="0.90" CONTENT="icke"/><SP WIDTH="17" VPOS="912" HPOS="82"/>
							<String ID="string_264" HPOS="99" VPOS="912" WIDTH="33" HEIGHT="26" WC="0.96" CONTENT="dä,"/><SP WIDTH="16" VPOS="912" HPOS="132"/>
							<String ID="string_265" HPOS="148" VPOS="918" WIDTH="34" HEIGHT="15" WC="0.96" CONTENT="om"/><SP WIDTH="17" VPOS="918" HPOS="182"/>
							<String ID="string_266" HPOS="199" VPOS="912" WIDTH="36" HEIGHT="20" WC="0.96" CONTENT="det"/><SP WIDTH="15" VPOS="912" HPOS="235"/>
							<String ID="string_267" HPOS="250" VPOS="913" WIDTH="48" HEIGHT="19" WC="0.96" CONTENT="rent"/><SP WIDTH="16" VPOS="913" HPOS="298"/>
							<String ID="string_268" HPOS="314" VPOS="911" WIDTH="23" HEIGHT="21" WC="0.96" CONTENT="af"/><SP WIDTH="13" VPOS="911" HPOS="337"/>
							<String ID="string_269" HPOS="350" VPOS="912" WIDTH="54" HEIGHT="20" WC="0.93" CONTENT="skall"/><SP WIDTH="17" VPOS="912" HPOS="404"/>
							<String ID="string_270" HPOS="421" VPOS="912" WIDTH="65" HEIGHT="20" WC="0.93" CONTENT="blifva"/><SP WIDTH="16" VPOS="912" HPOS="486"/>
							<String ID="string_271" HPOS="502" VPOS="912" WIDTH="106" HEIGHT="25" WC="0.92" CONTENT="odrägligt"/><SP WIDTH="14" VPOS="912" HPOS="608"/>
							<String ID="string_272" HPOS="622" VPOS="910" WIDTH="34" HEIGHT="22" WC="0.93" CONTENT="för"/><SP WIDTH="15" VPOS="910" HPOS="656"/>
							<String ID="string_273" HPOS="671" VPOS="911" WIDTH="83" HEIGHT="21" WC="0.92" CONTENT="landets"/><SP WIDTH="13" VPOS="911" HPOS="754"/>
							<String ID="string_274" HPOS="767" VPOS="910" WIDTH="99" HEIGHT="27" WC="0.92" CONTENT="jordbru-"/>
						</TextLine>
						<TextLine ID="line_27" HPOS="36" VPOS="938" WIDTH="829" HEIGHT="28">
							<String ID="string_275" HPOS="36" VPOS="940" WIDTH="58" HEIGHT="26" WC="0.96" CONTENT="kare,"/><SP WIDTH="16" VPOS="940" HPOS="94"/>
							<String ID="string_276" HPOS="110" VPOS="940" WIDTH="103" HEIGHT="22" WC="0.96" CONTENT="särskildt"/><SP WIDTH="15" VPOS="940" HPOS="213"/>
							<String ID="string_277" HPOS="228" VPOS="940" WIDTH="25" HEIGHT="21" WC="0.93" CONTENT="de"/><SP WIDTH="17" VPOS="940" HPOS="253"/>
							<String ID="string_278" HPOS="270" VPOS="940" WIDTH="51" HEIGHT="26" WC="0.96" CONTENT="små,"/><SP WIDTH="17" VPOS="940" HPOS="321"/>
							<String ID="string_279" HPOS="338" VPOS="940" WIDTH="28" HEIGHT="21" WC="0.96" CONTENT="dä"/><SP WIDTH="15" VPOS="940" HPOS="366"/>
							<String ID="string_280" HPOS="381" VPOS="940" WIDTH="26" HEIGHT="21" WC="0.96" CONTENT="de"/><SP WIDTH="15" VPOS="940" HPOS="407"/>
							<String ID="string_281" HPOS="422" VPOS="946" WIDTH="23" HEIGHT="15" WC="0.96" CONTENT="se"/><SP WIDTH="16" VPOS="946" HPOS="445"/>
							<String ID="string_282" HPOS="461" VPOS="940" WIDTH="32" HEIGHT="26" WC="0.93" CONTENT="sig"/><SP WIDTH="16" VPOS="940" HPOS="493"/>
							<String ID="string_283" HPOS="509" VPOS="939" WIDTH="142" HEIGHT="21" WC="0.92" CONTENT="öfvervakade"/><SP WIDTH="16" VPOS="939" HPOS="651"/>
							<String ID="string_284" HPOS="667" VPOS="940" WIDTH="23" HEIGHT="20" WC="0.93" CONTENT="af"/><SP WIDTH="14" VPOS="940" HPOS="690"/>
							<String ID="string_285" HPOS="704" VPOS="940" WIDTH="53" HEIGHT="26" WC="0.92" CONTENT="polis"/><SP WIDTH="15" VPOS="940" HPOS="757"/>
							<String ID="string_286" HPOS="772" VPOS="938" WIDTH="52" HEIGHT="22" WC="0.93" CONTENT="visä"/><SP WIDTH="10" VPOS="938" HPOS="824"/>
							<String ID="string_287" HPOS="834" VPOS="940" WIDTH="31" HEIGHT="20" WC="0.96" CONTENT="vis"/>
						</TextLine>
						<TextLine ID="line_28" HPOS="36" VPOS="968" WIDTH="829" HEIGHT="27">
							<String ID="string_288" HPOS="36" VPOS="969" WIDTH="108" HEIGHT="21" WC="0.93" CONTENT="storleken"/><SP WIDTH="23" VPOS="969" HPOS="144"/>
							<String ID="string_289" HPOS="167" VPOS="969" WIDTH="23" HEIGHT="21" WC="0.96" CONTENT="af"/><SP WIDTH="21" VPOS="969" HPOS="190"/>
							<String ID="string_290" HPOS="211" VPOS="969" WIDTH="41" HEIGHT="20" WC="0.93" CONTENT="den"/><SP WIDTH="21" VPOS="969" HPOS="252"/>
							<String ID="string_291" HPOS="273" VPOS="970" WIDTH="65" HEIGHT="25" WC="0.91" CONTENT="täppa"/><SP WIDTH="17" VPOS="970" HPOS="338"/>
							<String ID="string_292" HPOS="355" VPOS="969" WIDTH="26" HEIGHT="21" WC="0.93" CONTENT="de"/><SP WIDTH="15" VPOS="969" HPOS="381"/>
							<String ID="string_293" HPOS="396" VPOS="968" WIDTH="64" HEIGHT="21" WC="0.92" CONTENT="hafva"/><SP WIDTH="16" VPOS="968" HPOS="460"/>
							<String ID="string_294" HPOS="476" VPOS="968" WIDTH="91" HEIGHT="27" WC="0.93" CONTENT="anslagit"/><SP WIDTH="15" VPOS="968" HPOS="567"/>
							<String ID="string_295" HPOS="582" VPOS="968" WIDTH="33" HEIGHT="21" WC="0.93" CONTENT="till"/><SP WIDTH="16" VPOS="968" HPOS="615"/>
							<String ID="string_296" HPOS="631" VPOS="968" WIDTH="73" HEIGHT="26" WC="0.93" CONTENT="odling"/><SP WIDTH="14" VPOS="968" HPOS="704"/>
							<String ID="string_297" HPOS="718" VPOS="968" WIDTH="23" HEIGHT="20" WC="0.93" CONTENT="af"/><SP WIDTH="13" VPOS="968" HPOS="741"/>
							<String ID="string_298" HPOS="754" VPOS="968" WIDTH="72" HEIGHT="26" WC="0.93" CONTENT="tobak,"/><SP WIDTH="16" VPOS="968" HPOS="826"/>
							<String ID="string_299" HPOS="842" VPOS="969" WIDTH="23" HEIGHT="24" WC="0.97" CONTENT="ty"/>
						</TextLine>
						<TextLine ID="line_29" HPOS="36" VPOS="996" WIDTH="828" HEIGHT="28">
							<String ID="string_300" HPOS="36" VPOS="999" WIDTH="32" HEIGHT="19" WC="0.95" CONTENT="att"/><SP WIDTH="16" VPOS="999" HPOS="68"/>
							<String ID="string_301" HPOS="84" VPOS="998" WIDTH="47" HEIGHT="20" WC="0.93" CONTENT="med"/><SP WIDTH="16" VPOS="998" HPOS="131"/>
							<String ID="string_302" HPOS="147" VPOS="997" WIDTH="136" HEIGHT="27" WC="0.92" CONTENT="fördyringen"/><SP WIDTH="16" VPOS="997" HPOS="283"/>
							<String ID="string_303" HPOS="299" VPOS="997" WIDTH="23" HEIGHT="21" WC="0.96" CONTENT="af"/><SP WIDTH="14" VPOS="997" HPOS="322"/>
							<String ID="string_304" HPOS="336" VPOS="997" WIDTH="41" HEIGHT="21" WC="0.96" CONTENT="den"/><SP WIDTH="15" VPOS="997" HPOS="377"/>
							<String ID="string_305" HPOS="392" VPOS="997" WIDTH="64" HEIGHT="27" WC="0.93" CONTENT="ryska"/><SP WIDTH="16" VPOS="997" HPOS="456"/>
							<String ID="string_306" HPOS="472" VPOS="997" WIDTH="100" HEIGHT="25" WC="0.92" CONTENT="tobaken,"/><SP WIDTH="17" VPOS="997" HPOS="572"/>
							<String ID="string_307" HPOS="589" VPOS="997" WIDTH="6" HEIGHT="20" WC="0.93" CONTENT="i"/><SP WIDTH="16" VPOS="997" HPOS="595"/>
							<String ID="string_308" HPOS="611" VPOS="996" WIDTH="103" HEIGHT="22" WC="0.92" CONTENT="Savolaks"/><SP WIDTH="16" VPOS="996" HPOS="714"/>
							<String ID="string_309" HPOS="730" VPOS="996" WIDTH="134" HEIGHT="26" WC="0.93" CONTENT="ätminstone,"/>
						</TextLine>
						<TextLine ID="line_30" HPOS="36" VPOS="1025" WIDTH="829" HEIGHT="27">
							<String ID="string_310" HPOS="36" VPOS="1026" WIDTH="177" HEIGHT="26" WC="0.92" CONTENT="tobaksodlingen"/><SP WIDTH="16" VPOS="1026" HPOS="213"/>
							<String ID="string_311" HPOS="229" VPOS="1026" WIDTH="55" HEIGHT="20" WC="0.93" CONTENT="skall"/><SP WIDTH="16" VPOS="1026" HPOS="284"/>
							<String ID="string_312" HPOS="300" VPOS="1026" WIDTH="90" HEIGHT="26" WC="0.91" CONTENT="tilltaga,"/><SP WIDTH="16" VPOS="1026" HPOS="390"/>
							<String ID="string_313" HPOS="406" VPOS="1032" WIDTH="63" HEIGHT="14" WC="0.96" CONTENT="anser"/><SP WIDTH="13" VPOS="1032" HPOS="469"/>
							<String ID="string_314" HPOS="482" VPOS="1026" WIDTH="37" HEIGHT="26" WC="0.96" CONTENT="jag"/><SP WIDTH="16" VPOS="1026" HPOS="519"/>
							<String ID="string_315" HPOS="535" VPOS="1032" WIDTH="51" HEIGHT="14" WC="0.93" CONTENT="vara"/><SP WIDTH="15" VPOS="1032" HPOS="586"/>
							<String ID="string_316" HPOS="601" VPOS="1025" WIDTH="166" HEIGHT="26" WC="0.73" CONTENT="ovedersägligt&#39;"/><SP WIDTH="24" VPOS="1025" HPOS="767"/>
							<String ID="string_317" HPOS="791" VPOS="1025" WIDTH="74" HEIGHT="21" WC="0.95" CONTENT="Redan"/>
						</TextLine>
						<TextLine ID="line_31" HPOS="36" VPOS="1052" WIDTH="827" HEIGHT="28">
							<String ID="string_318" HPOS="36" VPOS="1060" WIDTH="28" HEIGHT="15" WC="0.92" CONTENT="nu"/><SP WIDTH="16" VPOS="1060" HPOS="64"/>
							<String ID="string_319" HPOS="80" VPOS="1060" WIDTH="49" HEIGHT="20" WC="0.92" CONTENT="eger"/><SP WIDTH="15" VPOS="1060" HPOS="129"/>
							<String ID="string_320" HPOS="144" VPOS="1054" WIDTH="91" HEIGHT="21" WC="0.93" CONTENT="faktiskt"/><SP WIDTH="15" VPOS="1054" HPOS="235"/>
							<String ID="string_321" HPOS="250" VPOS="1054" WIDTH="77" HEIGHT="21" WC="0.96" CONTENT="handel"/><SP WIDTH="16" VPOS="1054" HPOS="327"/>
							<String ID="string_322" HPOS="343" VPOS="1054" WIDTH="48" HEIGHT="21" WC="0.93" CONTENT="med"/><SP WIDTH="16" VPOS="1054" HPOS="391"/>
							<String ID="string_323" HPOS="407" VPOS="1054" WIDTH="111" HEIGHT="26" WC="0.91" CONTENT="hemgjord"/><SP WIDTH="18" VPOS="1054" HPOS="518"/>
							<String ID="string_324" HPOS="536" VPOS="1054" WIDTH="66" HEIGHT="20" WC="0.92" CONTENT="tobak"/><SP WIDTH="16" VPOS="1054" HPOS="602"/>
							<String ID="string_325" HPOS="618" VPOS="1060" WIDTH="46" HEIGHT="14" WC="0.95" CONTENT="rum"/><SP WIDTH="16" VPOS="1060" HPOS="664"/>
							<String ID="string_326" HPOS="680" VPOS="1053" WIDTH="28" HEIGHT="26" WC="0.92" CONTENT="pä"/><SP WIDTH="14" VPOS="1053" HPOS="708"/>
							<String ID="string_327" HPOS="722" VPOS="1053" WIDTH="51" HEIGHT="21" WC="0.89" CONTENT="flere"/><SP WIDTH="9" VPOS="1053" HPOS="773"/>
							<String ID="string_328" HPOS="782" VPOS="1052" WIDTH="81" HEIGHT="22" WC="0.92" CONTENT="ställen."/>
						</TextLine>
						<TextLine ID="line_32" HPOS="35" VPOS="1081" WIDTH="830" HEIGHT="28">
							<String ID="string_329" HPOS="35" VPOS="1083" WIDTH="41" HEIGHT="25" WC="0.96" CONTENT="Jag"/><SP WIDTH="22" VPOS="1083" HPOS="76"/>
							<String ID="string_330" HPOS="98" VPOS="1083" WIDTH="40" HEIGHT="21" WC="0.96" CONTENT="har"/><SP WIDTH="22" VPOS="1083" HPOS="138"/>
							<String ID="string_331" HPOS="160" VPOS="1083" WIDTH="57" HEIGHT="21" WC="0.93" CONTENT="velat"/><SP WIDTH="22" VPOS="1083" HPOS="217"/>
							<String ID="string_332" HPOS="239" VPOS="1082" WIDTH="84" HEIGHT="27" WC="0.92" CONTENT="päpeka"/><SP WIDTH="22" VPOS="1082" HPOS="323"/>
							<String ID="string_333" HPOS="345" VPOS="1083" WIDTH="59" HEIGHT="21" WC="0.96" CONTENT="detta"/><SP WIDTH="15" VPOS="1083" HPOS="404"/>
							<String ID="string_334" HPOS="419" VPOS="1083" WIDTH="33" HEIGHT="21" WC="0.96" CONTENT="för"/><SP WIDTH="16" VPOS="1083" HPOS="452"/>
							<String ID="string_335" HPOS="468" VPOS="1084" WIDTH="33" HEIGHT="19" WC="0.93" CONTENT="att"/><SP WIDTH="14" VPOS="1084" HPOS="501"/>
							<String ID="string_336" HPOS="515" VPOS="1082" WIDTH="108" HEIGHT="21" WC="0.93" CONTENT="utskottet"/><SP WIDTH="15" VPOS="1082" HPOS="623"/>
							<String ID="string_337" HPOS="638" VPOS="1082" WIDTH="67" HEIGHT="21" WC="0.92" CONTENT="mätte"/><SP WIDTH="16" VPOS="1082" HPOS="705"/>
							<String ID="string_338" HPOS="721" VPOS="1081" WIDTH="65" HEIGHT="21" WC="0.92" CONTENT="blifva"/><SP WIDTH="14" VPOS="1081" HPOS="786"/>
							<String ID="string_339" HPOS="800" VPOS="1081" WIDTH="7" HEIGHT="21" WC="0.93" CONTENT="i"/><SP WIDTH="15" VPOS="1081" HPOS="807"/>
							<String ID="string_340" HPOS="822" VPOS="1081" WIDTH="43" HEIGHT="21" WC="0.93" CONTENT="till-"/>
						</TextLine>
						<TextLine ID="line_33" HPOS="35" VPOS="1110" WIDTH="830" HEIGHT="26">
							<String ID="string_341" HPOS="35" VPOS="1111" WIDTH="50" HEIGHT="21" WC="0.90" CONTENT="fälle"/><SP WIDTH="24" VPOS="1111" HPOS="85"/>
							<String ID="string_342" HPOS="109" VPOS="1114" WIDTH="32" HEIGHT="18" WC="0.93" CONTENT="att"/><SP WIDTH="23" VPOS="1114" HPOS="141"/>
							<String ID="string_343" HPOS="164" VPOS="1112" WIDTH="61" HEIGHT="20" WC="0.92" CONTENT="äfven"/><SP WIDTH="24" VPOS="1112" HPOS="225"/>
							<String ID="string_344" HPOS="249" VPOS="1110" WIDTH="33" HEIGHT="21" WC="0.96" CONTENT="för"/><SP WIDTH="16" VPOS="1110" HPOS="282"/>
							<String ID="string_345" HPOS="298" VPOS="1111" WIDTH="69" HEIGHT="21" WC="0.93" CONTENT="denna"/><SP WIDTH="15" VPOS="1111" HPOS="367"/>
							<String ID="string_346" HPOS="382" VPOS="1111" WIDTH="75" HEIGHT="20" WC="0.92" CONTENT="orsaks"/><SP WIDTH="16" VPOS="1111" HPOS="457"/>
							<String ID="string_347" HPOS="473" VPOS="1111" WIDTH="56" HEIGHT="20" WC="0.93" CONTENT="skull"/><SP WIDTH="16" VPOS="1111" HPOS="529"/>
							<String ID="string_348" HPOS="545" VPOS="1110" WIDTH="70" HEIGHT="21" WC="0.91" CONTENT="sävidt"/><SP WIDTH="15" VPOS="1110" HPOS="615"/>
							<String ID="string_349" HPOS="630" VPOS="1110" WIDTH="83" HEIGHT="26" WC="0.96" CONTENT="möjligt"/><SP WIDTH="15" VPOS="1110" HPOS="713"/>
							<String ID="string_350" HPOS="728" VPOS="1110" WIDTH="53" HEIGHT="20" WC="0.96" CONTENT="söka"/><SP WIDTH="16" VPOS="1110" HPOS="781"/>
							<String ID="string_351" HPOS="797" VPOS="1110" WIDTH="68" HEIGHT="20" WC="0.96" CONTENT="medel"/>
						</TextLine>
						<TextLine ID="line_34" HPOS="35" VPOS="1137" WIDTH="830" HEIGHT="29">
							<String ID="string_352" HPOS="35" VPOS="1141" WIDTH="32" HEIGHT="19" WC="0.96" CONTENT="att"/><SP WIDTH="16" VPOS="1141" HPOS="67"/>
							<String ID="string_353" HPOS="83" VPOS="1139" WIDTH="27" HEIGHT="27" WC="0.95" CONTENT="pä"/><SP WIDTH="16" VPOS="1139" HPOS="110"/>
							<String ID="string_354" HPOS="126" VPOS="1142" WIDTH="65" HEIGHT="18" WC="0.96" CONTENT="annat"/><SP WIDTH="16" VPOS="1142" HPOS="191"/>
							<String ID="string_355" HPOS="207" VPOS="1141" WIDTH="44" HEIGHT="19" WC="0.93" CONTENT="sätt"/><SP WIDTH="14" VPOS="1141" HPOS="251"/>
							<String ID="string_356" HPOS="265" VPOS="1139" WIDTH="51" HEIGHT="27" WC="0.86" CONTENT="tyllä"/><SP WIDTH="21" VPOS="1139" HPOS="316"/>
							<String ID="string_357" HPOS="337" VPOS="1139" WIDTH="25" HEIGHT="21" WC="0.93" CONTENT="de"/><SP WIDTH="16" VPOS="1139" HPOS="362"/>
							<String ID="string_358" HPOS="378" VPOS="1139" WIDTH="70" HEIGHT="26" WC="0.91" CONTENT="behof,"/><SP WIDTH="17" VPOS="1139" HPOS="448"/>
							<String ID="string_359" HPOS="465" VPOS="1145" WIDTH="46" HEIGHT="15" WC="0.96" CONTENT="som"/><SP WIDTH="16" VPOS="1145" HPOS="511"/>
							<String ID="string_360" HPOS="527" VPOS="1139" WIDTH="70" HEIGHT="20" WC="0.93" CONTENT="denna"/><SP WIDTH="15" VPOS="1139" HPOS="597"/>
							<String ID="string_361" HPOS="612" VPOS="1138" WIDTH="134" HEIGHT="21" WC="0.91" CONTENT="tobaksaccis"/><SP WIDTH="15" VPOS="1138" HPOS="746"/>
							<String ID="string_362" HPOS="761" VPOS="1137" WIDTH="56" HEIGHT="22" WC="0.92" CONTENT="afser"/><SP WIDTH="15" VPOS="1137" HPOS="817"/>
							<String ID="string_363" HPOS="832" VPOS="1139" WIDTH="33" HEIGHT="20" WC="0.96" CONTENT="att"/>
						</TextLine>
						<TextLine ID="line_35" HPOS="35" VPOS="1166" WIDTH="828" HEIGHT="28">
							<String ID="string_364" HPOS="35" VPOS="1169" WIDTH="82" HEIGHT="20" WC="0.91" CONTENT="ersätta"/><SP WIDTH="23" VPOS="1169" HPOS="117"/>
							<String ID="string_365" HPOS="140" VPOS="1168" WIDTH="39" HEIGHT="21" WC="0.93" CONTENT="och"/><SP WIDTH="22" VPOS="1168" HPOS="179"/>
							<String ID="string_366" HPOS="201" VPOS="1168" WIDTH="83" HEIGHT="26" WC="0.92" CONTENT="hoppas"/><SP WIDTH="20" VPOS="1168" HPOS="284"/>
							<String ID="string_367" HPOS="304" VPOS="1169" WIDTH="33" HEIGHT="19" WC="0.96" CONTENT="att"/><SP WIDTH="15" VPOS="1169" HPOS="337"/>
							<String ID="string_368" HPOS="352" VPOS="1168" WIDTH="37" HEIGHT="21" WC="0.96" CONTENT="det"/><SP WIDTH="15" VPOS="1168" HPOS="389"/>
							<String ID="string_369" HPOS="404" VPOS="1167" WIDTH="54" HEIGHT="22" WC="0.93" CONTENT="skall"/><SP WIDTH="17" VPOS="1167" HPOS="458"/>
							<String ID="string_370" HPOS="475" VPOS="1167" WIDTH="78" HEIGHT="27" WC="0.93" CONTENT="lyckas,"/><SP WIDTH="16" VPOS="1167" HPOS="553"/>
							<String ID="string_371" HPOS="569" VPOS="1169" WIDTH="52" HEIGHT="19" WC="0.96" CONTENT="utan"/><SP WIDTH="16" VPOS="1169" HPOS="621"/>
							<String ID="string_372" HPOS="637" VPOS="1169" WIDTH="32" HEIGHT="19" WC="0.93" CONTENT="att"/><SP WIDTH="16" VPOS="1169" HPOS="669"/>
							<String ID="string_373" HPOS="685" VPOS="1167" WIDTH="63" HEIGHT="20" WC="0.92" CONTENT="ställa"/><SP WIDTH="14" VPOS="1167" HPOS="748"/>
							<String ID="string_374" HPOS="762" VPOS="1166" WIDTH="101" HEIGHT="21" WC="0.96" CONTENT="Finlands"/>
						</TextLine>
						<TextLine ID="line_36" HPOS="33" VPOS="1195" WIDTH="701" HEIGHT="28">
							<String ID="string_375" HPOS="33" VPOS="1197" WIDTH="113" HEIGHT="26" WC="0.92" CONTENT="jordegare"/><SP WIDTH="16" VPOS="1197" HPOS="146"/>
							<String ID="string_376" HPOS="162" VPOS="1197" WIDTH="68" HEIGHT="20" WC="0.93" CONTENT="under"/><SP WIDTH="15" VPOS="1197" HPOS="230"/>
							<String ID="string_377" HPOS="245" VPOS="1196" WIDTH="141" HEIGHT="27" WC="0.91" CONTENT="polisuppsigt"/><SP WIDTH="16" VPOS="1196" HPOS="386"/>
							<String ID="string_378" HPOS="402" VPOS="1197" WIDTH="34" HEIGHT="20" WC="0.93" CONTENT="vid"/><SP WIDTH="16" VPOS="1197" HPOS="436"/>
							<String ID="string_379" HPOS="452" VPOS="1196" WIDTH="100" HEIGHT="26" WC="0.92" CONTENT="odlingen"/><SP WIDTH="15" VPOS="1196" HPOS="552"/>
							<String ID="string_380" HPOS="567" VPOS="1195" WIDTH="23" HEIGHT="22" WC="0.96" CONTENT="af"/><SP WIDTH="14" VPOS="1195" HPOS="590"/>
							<String ID="string_381" HPOS="604" VPOS="1196" WIDTH="63" HEIGHT="21" WC="0.96" CONTENT="deras"/><SP WIDTH="12" VPOS="1196" HPOS="667"/>
							<String ID="string_382" HPOS="679" VPOS="1195" WIDTH="55" HEIGHT="26" WC="0.96" CONTENT="jord."/>
						</TextLine>
					</TextBlock>
				</ComposedBlock>
				<ComposedBlock ID="cblock_4" HPOS="34" VPOS="1251" WIDTH="830" HEIGHT="256">
					<TextBlock ID="block_3" HPOS="34" VPOS="1251" WIDTH="830" HEIGHT="256">
						<TextLine ID="line_37" HPOS="106" VPOS="1251" WIDTH="758" HEIGHT="29">
							<String ID="string_383" HPOS="106" VPOS="1253" WIDTH="32" HEIGHT="21" WC="0.93" CONTENT="Hr"/><SP WIDTH="15" VPOS="1253" HPOS="138"/>
							<String ID="string_384" HPOS="153" VPOS="1253" WIDTH="227" HEIGHT="27" WC="0.90" CONTENT="Pippingsköld:"/><SP WIDTH="30" VPOS="1253" HPOS="380"/>
							<String ID="string_385" HPOS="410" VPOS="1253" WIDTH="42" HEIGHT="26" WC="0.92" CONTENT="Jag"/><SP WIDTH="16" VPOS="1253" HPOS="452"/>
							<String ID="string_386" HPOS="468" VPOS="1252" WIDTH="96" HEIGHT="21" WC="0.92" CONTENT="anhäller"/><SP WIDTH="15" VPOS="1252" HPOS="564"/>
							<String ID="string_387" HPOS="579" VPOS="1252" WIDTH="56" HEIGHT="21" WC="0.93" CONTENT="blott"/><SP WIDTH="15" VPOS="1252" HPOS="635"/>
							<String ID="string_388" HPOS="650" VPOS="1251" WIDTH="22" HEIGHT="22" WC="0.92" CONTENT="fä"/><SP WIDTH="15" VPOS="1251" HPOS="672"/>
							<String ID="string_389" HPOS="687" VPOS="1251" WIDTH="69" HEIGHT="22" WC="0.91" CONTENT="uttala"/><SP WIDTH="16" VPOS="1251" HPOS="756"/>
							<String ID="string_390" HPOS="772" VPOS="1252" WIDTH="40" HEIGHT="20" WC="0.93" CONTENT="den"/><SP WIDTH="16" VPOS="1252" HPOS="812"/>
							<String ID="string_391" HPOS="828" VPOS="1253" WIDTH="36" HEIGHT="19" WC="0.93" CONTENT="ön-"/>
						</TextLine>
						<TextLine ID="line_38" HPOS="35" VPOS="1280" WIDTH="829" HEIGHT="28">
							<String ID="string_392" HPOS="35" VPOS="1281" WIDTH="60" HEIGHT="26" WC="0.92" CONTENT="skan,"/><SP WIDTH="24" VPOS="1281" HPOS="95"/>
							<String ID="string_393" HPOS="119" VPOS="1283" WIDTH="32" HEIGHT="20" WC="0.90" CONTENT="att"/><SP WIDTH="20" VPOS="1283" HPOS="151"/>
							<String ID="string_394" HPOS="171" VPOS="1282" WIDTH="7" HEIGHT="20" WC="0.90" CONTENT="i"/><SP WIDTH="23" VPOS="1282" HPOS="178"/>
							<String ID="string_395" HPOS="201" VPOS="1281" WIDTH="37" HEIGHT="21" WC="0.96" CONTENT="fall"/><SP WIDTH="16" VPOS="1281" HPOS="238"/>
							<String ID="string_396" HPOS="254" VPOS="1281" WIDTH="24" HEIGHT="22" WC="0.93" CONTENT="sä"/><SP WIDTH="15" VPOS="1281" HPOS="278"/>
							<String ID="string_397" HPOS="293" VPOS="1287" WIDTH="57" HEIGHT="21" WC="0.94" CONTENT="vore,"/><SP WIDTH="18" VPOS="1287" HPOS="350"/>
							<String ID="string_398" HPOS="368" VPOS="1283" WIDTH="33" HEIGHT="19" WC="0.93" CONTENT="att"/><SP WIDTH="15" VPOS="1283" HPOS="401"/>
							<String ID="string_399" HPOS="416" VPOS="1281" WIDTH="56" HEIGHT="21" WC="0.96" CONTENT="accis"/><SP WIDTH="16" VPOS="1281" HPOS="472"/>
							<String ID="string_400" HPOS="488" VPOS="1287" WIDTH="50" HEIGHT="14" WC="0.96" CONTENT="vare"/><SP WIDTH="16" VPOS="1287" HPOS="538"/>
							<String ID="string_401" HPOS="554" VPOS="1281" WIDTH="31" HEIGHT="26" WC="0.96" CONTENT="sig"/><SP WIDTH="15" VPOS="1281" HPOS="585"/>
							<String ID="string_402" HPOS="600" VPOS="1280" WIDTH="28" HEIGHT="27" WC="0.93" CONTENT="pä"/><SP WIDTH="15" VPOS="1280" HPOS="628"/>
							<String ID="string_403" HPOS="643" VPOS="1280" WIDTH="73" HEIGHT="26" WC="0.96" CONTENT="tobak,"/><SP WIDTH="16" VPOS="1280" HPOS="716"/>
							<String ID="string_404" HPOS="732" VPOS="1280" WIDTH="132" HEIGHT="21" WC="0.96" CONTENT="tändstickor"/>
						</TextLine>
						<TextLine ID="line_39" HPOS="35" VPOS="1308" WIDTH="829" HEIGHT="29">
							<String ID="string_405" HPOS="35" VPOS="1310" WIDTH="51" HEIGHT="21" WC="0.91" CONTENT="eller"/><SP WIDTH="25" VPOS="1310" HPOS="86"/>
							<String ID="string_406" HPOS="111" VPOS="1310" WIDTH="104" HEIGHT="27" WC="0.69" CONTENT="pressjäst"/><SP WIDTH="22" VPOS="1310" HPOS="215"/>
							<String ID="string_407" HPOS="237" VPOS="1310" WIDTH="109" HEIGHT="26" WC="0.93" CONTENT="verkligen"/><SP WIDTH="23" VPOS="1310" HPOS="346"/>
							<String ID="string_408" HPOS="369" VPOS="1309" WIDTH="95" HEIGHT="22" WC="0.89" CONTENT="befinnes"/><SP WIDTH="12" VPOS="1309" HPOS="464"/>
							<String ID="string_409" HPOS="476" VPOS="1309" WIDTH="71" HEIGHT="26" WC="0.95" CONTENT="nödig,"/><SP WIDTH="19" VPOS="1309" HPOS="547"/>
							<String ID="string_410" HPOS="566" VPOS="1309" WIDTH="108" HEIGHT="26" WC="0.96" CONTENT="Styrelsen"/><SP WIDTH="16" VPOS="1309" HPOS="674"/>
							<String ID="string_411" HPOS="690" VPOS="1308" WIDTH="39" HEIGHT="21" WC="0.93" CONTENT="och"/><SP WIDTH="16" VPOS="1308" HPOS="729"/>
							<String ID="string_412" HPOS="745" VPOS="1308" WIDTH="119" HEIGHT="21" WC="0.91" CONTENT="Ständerna"/>
						</TextLine>
						<TextLine ID="line_40" HPOS="35" VPOS="1336" WIDTH="829" HEIGHT="29">
							<String ID="string_413" HPOS="35" VPOS="1339" WIDTH="67" HEIGHT="21" WC="0.96" CONTENT="måtte"/><SP WIDTH="16" VPOS="1339" HPOS="102"/>
							<String ID="string_414" HPOS="118" VPOS="1338" WIDTH="23" HEIGHT="21" WC="0.93" CONTENT="sä"/><SP WIDTH="15" VPOS="1338" HPOS="141"/>
							<String ID="string_415" HPOS="156" VPOS="1338" WIDTH="55" HEIGHT="27" WC="0.96" CONTENT="begå"/><SP WIDTH="15" VPOS="1338" HPOS="211"/>
							<String ID="string_416" HPOS="226" VPOS="1339" WIDTH="40" HEIGHT="20" WC="0.93" CONTENT="och"/><SP WIDTH="16" VPOS="1339" HPOS="266"/>
							<String ID="string_417" HPOS="282" VPOS="1339" WIDTH="107" HEIGHT="20" WC="0.95" CONTENT="utskottet"/><SP WIDTH="15" VPOS="1339" HPOS="389"/>
							<String ID="string_418" HPOS="404" VPOS="1338" WIDTH="24" HEIGHT="21" WC="0.93" CONTENT="sä"/><SP WIDTH="14" VPOS="1338" HPOS="428"/>
							<String ID="string_419" HPOS="442" VPOS="1337" WIDTH="107" HEIGHT="22" WC="0.96" CONTENT="förmedla"/><SP WIDTH="15" VPOS="1337" HPOS="549"/>
							<String ID="string_420" HPOS="564" VPOS="1338" WIDTH="73" HEIGHT="25" WC="0.96" CONTENT="saken,"/><SP WIDTH="16" VPOS="1338" HPOS="637"/>
							<String ID="string_421" HPOS="653" VPOS="1339" WIDTH="33" HEIGHT="19" WC="0.93" CONTENT="att"/><SP WIDTH="8" VPOS="1339" HPOS="686"/>
							<String ID="string_422" HPOS="694" VPOS="1337" WIDTH="126" HEIGHT="25" WC="0.92" CONTENT="kontrollen,"/><SP WIDTH="11" VPOS="1337" HPOS="820"/>
							<String ID="string_423" HPOS="831" VPOS="1336" WIDTH="33" HEIGHT="21" WC="0.93" CONTENT="sä-"/>
						</TextLine>
						<TextLine ID="line_41" HPOS="35" VPOS="1365" WIDTH="828" HEIGHT="28">
							<String ID="string_424" HPOS="35" VPOS="1367" WIDTH="45" HEIGHT="21" WC="0.93" CONTENT="vidt"/><SP WIDTH="24" VPOS="1367" HPOS="80"/>
							<String ID="string_425" HPOS="104" VPOS="1367" WIDTH="40" HEIGHT="21" WC="0.96" CONTENT="den"/><SP WIDTH="15" VPOS="1367" HPOS="144"/>
							<String ID="string_426" HPOS="159" VPOS="1367" WIDTH="68" HEIGHT="26" WC="0.96" CONTENT="gäller"/><SP WIDTH="18" VPOS="1367" HPOS="227"/>
							<String ID="string_427" HPOS="245" VPOS="1367" WIDTH="7" HEIGHT="20" WC="0.96" CONTENT="i"/><SP WIDTH="15" VPOS="1367" HPOS="252"/>
							<String ID="string_428" HPOS="267" VPOS="1367" WIDTH="73" HEIGHT="21" WC="0.93" CONTENT="landet"/><SP WIDTH="16" VPOS="1367" HPOS="340"/>
							<String ID="string_429" HPOS="356" VPOS="1367" WIDTH="114" HEIGHT="21" WC="0.91" CONTENT="tillverkad"/><SP WIDTH="16" VPOS="1367" HPOS="470"/>
							<String ID="string_430" HPOS="486" VPOS="1373" WIDTH="58" HEIGHT="20" WC="0.93" CONTENT="vara,"/><SP WIDTH="16" VPOS="1373" HPOS="544"/>
							<String ID="string_431" HPOS="560" VPOS="1365" WIDTH="77" HEIGHT="22" WC="0.93" CONTENT="mände"/><SP WIDTH="16" VPOS="1365" HPOS="637"/>
							<String ID="string_432" HPOS="653" VPOS="1367" WIDTH="63" HEIGHT="25" WC="0.93" CONTENT="göras"/><SP WIDTH="15" VPOS="1367" HPOS="716"/>
							<String ID="string_433" HPOS="731" VPOS="1365" WIDTH="132" HEIGHT="20" WC="0.92" CONTENT="törtroende-"/>
						</TextLine>
						<TextLine ID="line_42" HPOS="34" VPOS="1393" WIDTH="829" HEIGHT="28">
							<String ID="string_434" HPOS="34" VPOS="1395" WIDTH="46" HEIGHT="25" WC="0.93" CONTENT="full,"/><SP WIDTH="16" VPOS="1395" HPOS="80"/>
							<String ID="string_435" HPOS="96" VPOS="1395" WIDTH="61" HEIGHT="21" WC="0.92" CONTENT="enkel"/><SP WIDTH="17" VPOS="1395" HPOS="157"/>
							<String ID="string_436" HPOS="174" VPOS="1395" WIDTH="39" HEIGHT="21" WC="0.93" CONTENT="och"/><SP WIDTH="16" VPOS="1395" HPOS="213"/>
							<String ID="string_437" HPOS="229" VPOS="1395" WIDTH="46" HEIGHT="21" WC="0.89" CONTENT="icke"/><SP WIDTH="16" VPOS="1395" HPOS="275"/>
							<String ID="string_438" HPOS="291" VPOS="1395" WIDTH="112" HEIGHT="26" WC="0.92" CONTENT="smäaktig,"/><SP WIDTH="17" VPOS="1395" HPOS="403"/>
							<String ID="string_439" HPOS="420" VPOS="1395" WIDTH="116" HEIGHT="26" WC="0.91" CONTENT="ingalunda"/><SP WIDTH="15" VPOS="1395" HPOS="536"/>
							<String ID="string_440" HPOS="551" VPOS="1395" WIDTH="67" HEIGHT="20" WC="0.93" CONTENT="sädan"/><SP WIDTH="15" VPOS="1395" HPOS="618"/>
							<String ID="string_441" HPOS="633" VPOS="1400" WIDTH="45" HEIGHT="14" WC="0.93" CONTENT="som"/><SP WIDTH="9" VPOS="1400" HPOS="678"/>
							<String ID="string_442" HPOS="687" VPOS="1393" WIDTH="118" HEIGHT="21" WC="0.92" CONTENT="förebilden"/><SP WIDTH="11" VPOS="1393" HPOS="805"/>
							<String ID="string_443" HPOS="816" VPOS="1399" WIDTH="47" HEIGHT="19" WC="0.91" CONTENT="pre-"/>
						</TextLine>
						<TextLine ID="line_43" HPOS="35" VPOS="1422" WIDTH="828" HEIGHT="28">
							<String ID="string_444" HPOS="35" VPOS="1427" WIDTH="97" HEIGHT="17" WC="0.92" CONTENT="senterar"/><SP WIDTH="15" VPOS="1427" HPOS="132"/>
							<String ID="string_445" HPOS="147" VPOS="1424" WIDTH="38" HEIGHT="26" WC="0.93" CONTENT="sig,"/><SP WIDTH="16" VPOS="1424" HPOS="185"/>
							<String ID="string_446" HPOS="201" VPOS="1424" WIDTH="86" HEIGHT="20" WC="0.91" CONTENT="lemnad"/><SP WIDTH="15" VPOS="1424" HPOS="287"/>
							<String ID="string_447" HPOS="302" VPOS="1430" WIDTH="45" HEIGHT="14" WC="0.96" CONTENT="som"/><SP WIDTH="19" VPOS="1430" HPOS="347"/>
							<String ID="string_448" HPOS="366" VPOS="1423" WIDTH="42" HEIGHT="21" WC="0.96" CONTENT="den"/><SP WIDTH="16" VPOS="1423" HPOS="408"/>
							<String ID="string_449" HPOS="424" VPOS="1425" WIDTH="24" HEIGHT="19" WC="0.92" CONTENT="är"/><SP WIDTH="15" VPOS="1425" HPOS="448"/>
							<String ID="string_450" HPOS="463" VPOS="1422" WIDTH="49" HEIGHT="22" WC="0.92" CONTENT="frän"/><SP WIDTH="11" VPOS="1422" HPOS="512"/>
							<String ID="string_451" HPOS="523" VPOS="1422" WIDTH="112" HEIGHT="27" WC="0.96" CONTENT="Ryssland."/><SP WIDTH="32" VPOS="1422" HPOS="635"/>
							<String ID="string_452" HPOS="667" VPOS="1422" WIDTH="41" HEIGHT="26" WC="0.93" CONTENT="Jag"/><SP WIDTH="16" VPOS="1422" HPOS="708"/>
							<String ID="string_453" HPOS="724" VPOS="1424" WIDTH="44" HEIGHT="18" WC="0.92" CONTENT="tror"/><SP WIDTH="15" VPOS="1424" HPOS="768"/>
							<String ID="string_454" HPOS="783" VPOS="1422" WIDTH="32" HEIGHT="19" WC="0.93" CONTENT="att"/><SP WIDTH="15" VPOS="1422" HPOS="815"/>
							<String ID="string_455" HPOS="830" VPOS="1426" WIDTH="33" HEIGHT="15" WC="0.93" CONTENT="re-"/>
						</TextLine>
						<TextLine ID="line_44" HPOS="36" VPOS="1448" WIDTH="827" HEIGHT="32">
							<String ID="string_456" HPOS="36" VPOS="1452" WIDTH="88" HEIGHT="21" WC="0.92" CONTENT="sultatet"/><SP WIDTH="16" VPOS="1452" HPOS="124"/>
							<String ID="string_457" HPOS="140" VPOS="1452" WIDTH="23" HEIGHT="20" WC="0.96" CONTENT="af"/><SP WIDTH="15" VPOS="1452" HPOS="163"/>
							<String ID="string_458" HPOS="178" VPOS="1458" WIDTH="25" HEIGHT="14" WC="0.93" CONTENT="en"/><SP WIDTH="16" VPOS="1458" HPOS="203"/>
							<String ID="string_459" HPOS="219" VPOS="1452" WIDTH="55" HEIGHT="20" WC="0.96" CONTENT="accis"/><SP WIDTH="16" VPOS="1452" HPOS="274"/>
							<String ID="string_460" HPOS="290" VPOS="1454" WIDTH="51" HEIGHT="18" WC="0.96" CONTENT="utan"/><SP WIDTH="16" VPOS="1454" HPOS="341"/>
							<String ID="string_461" HPOS="357" VPOS="1452" WIDTH="63" HEIGHT="20" WC="0.93" CONTENT="dessa"/><SP WIDTH="14" VPOS="1452" HPOS="420"/>
							<String ID="string_462" HPOS="434" VPOS="1451" WIDTH="169" HEIGHT="26" WC="0.92" CONTENT="smäaktigheter"/><SP WIDTH="16" VPOS="1451" HPOS="603"/>
							<String ID="string_463" HPOS="619" VPOS="1450" WIDTH="54" HEIGHT="22" WC="0.93" CONTENT="skall"/><SP WIDTH="16" VPOS="1450" HPOS="673"/>
							<String ID="string_464" HPOS="689" VPOS="1450" WIDTH="65" HEIGHT="21" WC="0.93" CONTENT="blifva"/><SP WIDTH="15" VPOS="1450" HPOS="754"/>
							<String ID="string_465" HPOS="769" VPOS="1448" WIDTH="94" HEIGHT="32" WC="0.61" CONTENT="tillräck-"/>
						</TextLine>
						<TextLine ID="line_45" HPOS="35" VPOS="1476" WIDTH="827" HEIGHT="31">
							<String ID="string_466" HPOS="35" VPOS="1480" WIDTH="39" HEIGHT="27" WC="0.96" CONTENT="ligt"/><SP WIDTH="22" VPOS="1480" HPOS="74"/>
							<String ID="string_467" HPOS="96" VPOS="1480" WIDTH="52" HEIGHT="26" WC="0.96" CONTENT="godt"/><SP WIDTH="22" VPOS="1480" HPOS="148"/>
							<String ID="string_468" HPOS="170" VPOS="1480" WIDTH="40" HEIGHT="21" WC="0.94" CONTENT="och"/><SP WIDTH="21" VPOS="1480" HPOS="210"/>
							<String ID="string_469" HPOS="231" VPOS="1482" WIDTH="33" HEIGHT="19" WC="0.96" CONTENT="att"/><SP WIDTH="17" VPOS="1482" HPOS="264"/>
							<String ID="string_470" HPOS="281" VPOS="1486" WIDTH="77" HEIGHT="21" WC="0.95" CONTENT="genom"/><SP WIDTH="15" VPOS="1486" HPOS="358"/>
							<String ID="string_471" HPOS="373" VPOS="1486" WIDTH="27" HEIGHT="14" WC="0.93" CONTENT="en"/><SP WIDTH="15" VPOS="1486" HPOS="400"/>
							<String ID="string_472" HPOS="415" VPOS="1480" WIDTH="164" HEIGHT="21" WC="0.93" CONTENT="förtroendefull"/><SP WIDTH="15" VPOS="1480" HPOS="579"/>
							<String ID="string_473" HPOS="594" VPOS="1478" WIDTH="94" HEIGHT="22" WC="0.96" CONTENT="kontroll"/><SP WIDTH="16" VPOS="1478" HPOS="688"/>
							<String ID="string_474" HPOS="704" VPOS="1478" WIDTH="111" HEIGHT="21" WC="0.95" CONTENT="frestelsen"/><SP WIDTH="15" VPOS="1478" HPOS="815"/>
							<String ID="string_475" HPOS="830" VPOS="1476" WIDTH="32" HEIGHT="22" WC="0.96" CONTENT="till"/>
						</TextLine>
					</TextBlock>
				</ComposedBlock>
			</PrintSpace>
		</Page>
	</Layout>
</alto>
