1025 1686
167 100 42 21 544
422 105 24 18 R.
459 110 18 13 o.
489 106 23 17 A.
525 106 54 17 1891.
605 107 8 16 1
625 106 63 21 April.

138 185 127 27 Kuolajärvi
281 185 96 25 socknar,
394 185 40 22 och
449 186 64 25 8,000
523 186 104 21 tunnland
642 192 39 20 per
696 185 124 22 nuvarande
836 185 87 25 mantal,
939 184 33 21 sä-

139 220 46 15 som
201 214 36 21 det
253 214 66 23 hette,
336 215 6 20 i
357 214 124 21 Kemiträsk
496 215 85 20 socken.
612 214 11 21 I
647 214 222 21 öfverensstämmelse
884 213 88 21 härmed

138 242 126 21 utfärdades
287 243 62 21 äfven
372 243 25 20 är
422 243 53 21 1879
491 249 26 15 en
533 243 65 26 nädig
613 242 134 27 författning,
764 249 48 14 men
828 242 24 21 är
870 242 53 21 1885
939 243 33 20 ut-

140 271 51 21 kom
207 277 26 15 en
249 277 70 15 annan
335 271 133 27 författning,
492 277 53 20 som,
561 271 49 21 med
625 271 101 21 afseende
742 271 58 25 derä,
817 273 32 18 att
864 271 109 20 mantalen

138 300 7 20 i
163 300 62 20 dessa
241 300 92 20 socknar
350 300 118 21 emellertid
483 300 70 20 blifvit
568 300 105 26 förhöjda,
690 299 91 21 sälunda
792 301 32 19 att
837 300 4 20 i
850 298 123 22 Kemiträsk

140 328 79 21 socken
234 328 109 21 mantalen
358 328 92 26 förhöjts
466 328 47 21 frän
531 328 26 21 12
573 328 40 21 och
629 330 31 19 ett
675 328 55 21 bräk
746 328 33 20 till
787 328 27 21 39
824 328 40 20 och
873 330 30 18 ett
912 327 61 25 bräk,

139 357 120 21 emellertid
275 356 93 22 innehöll
385 358 33 20 att
434 357 163 21 bestämmelsen
614 356 110 27 angäende
740 356 41 22 den
796 356 65 26 areal,
873 362 46 15 som
931 356 42 20 till-

139 385 98 21 kommer
259 385 161 26 lägenheterna,
444 386 69 20 skulle
529 385 38 21 ske
590 386 6 20 i
617 385 220 21 öfverensstämmelse
853 384 49 22 med
919 384 54 21 1879

140 414 35 20 ärs
197 413 133 27 förordning,
354 414 84 21 likvisst
460 414 28 26 pä
503 414 70 26 grund
589 414 24 20 af
627 414 26 21 de
667 414 101 26 förhöjda
783 414 116 21 mantalen.
929 412 44 22 Gu-

138 444 105 19 vernören
259 442 7 21 i
281 442 120 26 Uleäborgs
416 442 35 21 län
467 442 132 22 anbefalldes
622 444 32 19 att
668 442 36 21 vid
719 442 130 26 provisionel
865 441 108 26 afrösning

138 470 83 22 förfara
243 470 6 21 i
273 471 93 26 enlighet
386 471 95 26 härmed,
498 471 40 21 och
553 471 92 21 sälunda
659 471 122 21 tilldelades
797 470 154 27 lägenheterna
967 470 6 20 i

140 499 125 21 Kemiträsk
289 499 77 21 socken
390 500 92 24 223,000
503 500 105 20 tunnland
622 500 48 26 jord
686 506 46 14 mer
748 501 27 19 än
790 500 67 26 enligt
873 498 100 22 Ständer-

139 534 39 14 nas
193 528 72 20 beslut
282 528 48 20 dem
346 528 64 20 bordt
425 528 126 21 tillkomma.
583 528 45 21 Här
643 534 63 20 synes
722 528 92 20 sålunda
829 534 27 15 en
871 527 102 21 afvikelse

139 556 49 20 frän
204 556 132 21 Ständernas
352 556 71 21 beslut
438 556 109 27 föreligga.
579 556 66 21 Detta
660 556 112 21 uttalande
781 556 23 21 af
811 557 163 20 reservanterna

141 584 43 21 kan
200 585 67 25 enligt
281 585 43 20 min
348 585 137 26 uppfattning
500 585 66 20 fattas
581 585 76 20 endast
672 585 28 26 pä
714 585 37 20 två
766 586 56 24 sätt;
838 584 85 26 endera,
939 583 34 21 sä-

141 619 46 14 som
202 613 7 20 i
225 614 50 19 näst
289 613 128 26 föregäende
433 613 73 27 stycke
522 613 95 27 antydes,
627 613 63 21 hafva
701 613 129 21 hithörande
841 612 133 27 stadganden

140 641 57 21 visat
219 641 31 26 sig
273 641 23 22 sä
319 641 147 27 ofullständigt
486 641 110 26 affattade,
613 644 32 19 att
660 642 26 21 de
702 642 72 21 lemna
789 648 47 14 rum
852 641 33 21 för
901 641 72 26 dylika

140 669 123 27 afvikelser,
287 670 52 21 eller
362 670 65 21 ocksä
450 671 39 20 har
510 672 33 19 ett
558 670 144 27 kringgäende
718 670 24 21 af
756 670 132 21 Ständernas
903 669 71 21 beslut

140 701 37 24 egt
198 705 53 14 rum.
284 699 46 20 Den
354 699 118 26 förklaring
494 699 107 25 häröfver,
623 705 45 15 som
690 699 36 21 vid
743 701 84 19 senaste
842 699 86 26 plenum
943 697 31 21 af-

140 727 47 26 gafs
209 727 24 21 af
254 727 33 21 Hr
306 727 179 26 Yrjö-Koskinen,
502 734 45 15 som
563 728 34 20 väl
613 728 46 21 icke
675 727 35 21 vid
726 728 58 21 tiden
801 727 34 21 för
850 726 124 22 författnin-

140 761 53 21 gens
209 756 143 21 emanerande
367 761 46 16 mer
436 756 61 21 torde
512 756 97 21 innehaft
625 756 145 27 chefsplatsen
789 756 3 20 i
808 756 166 25 Kammarexpe-

141 784 102 25 aitionen,
267 790 50 15 men
335 791 45 14 som
396 787 52 18 utan
464 784 73 21 tvifvel
553 785 55 20 varit
624 785 48 20 med
689 791 35 14 om
740 785 185 21 förberedelserna
940 783 34 21 till

142 813 111 26 ätgärden,
269 813 68 21 finner
351 813 36 26 jag
402 813 46 21 icke
465 813 32 20 till
513 813 42 20 alla
577 813 60 22 delar
651 813 207 24 tillfredsställande,
873 814 23 25 ty
912 814 61 19 anta-

141 843 36 23 get
193 841 68 26 ätven,
279 841 70 21 säsom
365 841 41 21 den
422 841 65 21 ärade
502 841 84 21 talaren
602 843 36 19 det
653 843 81 25 gjorde,
751 843 33 19 att
799 841 131 21 Ständernas
943 840 31 21 fö-

141 869 107 27 regäende
274 870 126 20 uttalanden
426 870 108 21 äfvensom
560 870 97 21 enskilda
682 870 153 27 petitionärers
864 869 109 27 yrkanden

141 898 70 21 skulle
234 898 89 26 angifvit
346 898 121 27 syftemälet
489 898 49 21 med
559 899 25 21 de
600 899 115 23 lättnader,
731 905 46 15 som
793 898 68 21 under
876 898 57 21 olika
948 898 27 20 ti-

141 926 39 21 der
202 926 122 27 medgifvits
346 926 131 27 inbyggarne
500 927 7 20 i
523 928 26 20 de
564 928 78 20 nämda
657 928 127 24 socknarna,
801 927 24 21 sä
841 926 45 22 stär
901 926 36 21 det
950 926 24 26 ju

142 955 55 21 dock
220 955 50 27 fast,
293 957 32 19 att
340 956 6 20 i
363 956 59 20 detta
437 955 38 21 fall
491 955 121 22 Ständerna
627 956 144 27 uttryckligen
787 956 56 20 hade
859 956 116 26 begränsat

142 984 26 20 de
184 984 91 24 arealer,
292 990 45 14 som
353 984 68 21 skulle
437 984 94 21 tilldelas
547 984 25 22 de
588 984 164 27 ifrågavarande
763 984 160 27 lägenheterna,
934 982 40 22 och

142 1012 71 22 denna
235 1012 144 27 begränsning
401 1012 80 22 skedde
503 1012 28 27 pä
553 1014 70 25 grund
643 1014 22 20 af
679 1014 26 20 de
721 1013 122 21 dåvarande
860 1012 114 22 mantalen.

141 1041 10 21 I
167 1041 74 26 hvarje
257 1041 46 24 fall,
319 1041 134 21 hvilketdera
468 1042 131 26 antagandet
615 1042 75 21 härom
706 1048 50 14 man
772 1044 27 18 än
815 1042 35 20 mä
861 1048 52 14 anse
923 1046 52 14 vara

142 1070 37 21 det
193 1070 86 26 riktiga,
296 1070 23 21 sä
335 1070 61 21 torde
413 1070 102 26 ätgärden
531 1070 120 27 lyckligtvis
667 1077 53 14 vara
735 1071 6 20 i
757 1070 51 21 vära
824 1069 150 22 förhällanden

142 1098 167 22 allenastäende.
340 1098 62 21 Hvad
418 1099 25 20 de
464 1099 113 26 praktiska
592 1100 119 20 resultaten
726 1098 24 22 af
764 1098 163 27 ifrägavarande
943 1097 32 21 ät-

141 1127 54 26 gärd
210 1127 141 25 vidkommer,
368 1127 23 20 sä
406 1127 62 20 torde
484 1127 37 21 det
541 1127 34 21 väl
591 1134 88 14 numera
694 1127 48 21 icke
758 1133 52 15 vara
826 1127 100 25 obekant,
943 1127 32 19 att

141 1155 123 26 betydande
281 1155 215 27 skogsförsäljningar
511 1158 36 24 egt
562 1162 46 15 rum
622 1156 45 26 just
682 1156 48 21 frän
746 1162 82 15 samma
843 1155 132 27 lägenheter.

142 1183 96 22 Sålunda
261 1183 40 21 har
323 1184 35 21 det
374 1184 122 26 uppgifvits,
512 1186 33 19 att
560 1184 47 21 från
623 1185 12 20 7
651 1185 82 20 mantal
748 1185 8 20 i
771 1183 204 22 Kemiträsksocken

142 1213 69 20 under
227 1213 26 20 de
269 1214 86 19 senaste
378 1212 52 21 ären
445 1212 52 21 sälts
513 1213 53 26 skog
581 1213 34 21 för
630 1214 92 25 490,000
739 1213 69 26 mark,
825 1213 83 21 säledes
923 1213 53 19 nära

142 1241 28 26 pä
188 1247 25 14 en
236 1241 47 21 half
296 1241 80 26 miljon,
392 1241 82 21 hvilket
488 1243 39 24 gör
542 1241 7 21 i
564 1241 101 22 medeltal
679 1248 40 20 per
734 1242 82 21 manta!
830 1242 47 21 icke
893 1240 82 22 mindre

143 1271 27 19 än
188 1270 79 25 70,000
282 1270 68 20 mark.
380 1269 44 22 Det
439 1270 36 21 vili
491 1270 82 21 säledes
589 1276 68 21 synäs,
673 1276 47 15 som
736 1270 70 21 skulle
817 1277 77 20 genom
907 1269 70 21 denna

142 1298 77 27 ätgärd
241 1298 48 21 icke
313 1298 82 26 endast,
418 1298 70 21 säsom
503 1299 137 26 naturligtvis
655 1299 113 26 meningen
783 1305 44 20 var,
844 1299 41 20 den
900 1297 77 26 fattiga

142 1327 53 20 eller
217 1327 47 20 lösa
287 1326 151 27 befolkningen
461 1327 64 20 hafva
548 1327 111 27 förhjelpts
675 1328 33 21 till
725 1327 132 27 bosättning,
872 1329 53 19 utan
940 1325 37 21 det

141 1355 38 21 vill
195 1361 72 21 synas,
284 1361 45 15 som
346 1355 68 21 skulle
430 1355 7 21 i
452 1355 89 21 främsta
557 1359 91 18 rummet
663 1356 41 21 den
721 1356 98 21 enskilda
834 1354 142 28 skogsspeku-

141 1384 96 21 lationen
261 1390 77 20 genom
362 1383 104 27 åtgärden
488 1384 90 21 kommit
601 1387 32 18 att
654 1391 90 20 gynnas.
775 1385 49 20 Men
842 1385 37 26 jag
895 1385 82 20 lemnar

143 1412 55 21 dock
221 1411 78 28 frägan
321 1418 33 14 om
371 1412 25 20 de
413 1412 112 26 praktiska
539 1413 117 20 resultaten
671 1412 23 22 af
709 1412 104 28 ätgärden
830 1412 103 27 oafgjord,
950 1410 27 21 dä

140 1440 24 26 ju
180 1441 59 21 tiden
263 1441 66 21 sedan
349 1440 153 27 författningen
519 1441 125 21 emanerade
659 1442 109 20 mähända
784 1443 24 19 är
823 1441 34 21 för
872 1441 56 25 kort,
943 1439 34 21 för

142 1470 34 19 att
199 1471 31 19 ett
253 1469 109 22 bestämdt
376 1470 108 20 -omdöme
508 1469 72 22 derom
603 1476 28 14 nu
652 1470 66 21 redan
735 1470 69 21 skulle
820 1470 72 21 kunna
907 1468 69 24 fällas,

143 1497 40 21 och
199 1497 147 22 äterkommer
361 1499 57 19 ännu
433 1498 33 20 till
481 1498 86 26 frägans
582 1498 133 27 principiella
731 1499 40 21 del.
795 1499 82 21 Härvid
889 1499 43 21 kan
940 1497 37 27 jag
