<?xml version="1.0" encoding="UTF-8"?>
<alto xmlns="http://www.loc.gov/standards/alto/ns-v3#" xmlns:xlink="http://www.w3.org/1999/xlink" xmlns:xsi="http://www.w3.org/2001/XMLSchema-instance" xsi:schemaLocation="http://www.loc.gov/standards/alto/ns-v3# http://www.loc.gov/alto/v3/alto-3-0.xsd">
	<Description>
		<MeasurementUnit>pixel</MeasurementUnit>
		<sourceImageInformation>
			<fileName>/tmp/tess_jxqfgc0o_input.PNG</fileName>
		</sourceImageInformation>
		<OCRProcessing ID="OCR_0">
			<ocrProcessingStep>
				<processingSoftware>
					<softwareName>tesseract 5.3.4</softwareName>
				</processingSoftware>
			</ocrProcessingStep>
		</OCRProcessing>
	</Description>
	<Layout>
		<Page WIDTH="1025" HEIGHT="1686" PHYSICAL_IMG_NR="0" ID="page_0">
			<PrintSpace HPOS="0" VPOS="0" WIDTH="1025" HEIGHT="1686">
				<ComposedBlock ID="cblock_0" HPOS="342" VPOS="92" WIDTH="508" HEIGHT="25">
					<TextBlock ID="block_0" HPOS="342" VPOS="92" WIDTH="508" HEIGHT="25">
						<TextLine ID="line_0" HPOS="342" VPOS="92" WIDTH="508" HEIGHT="25">
							<String ID="string_0" HPOS="342" VPOS="96" WIDTH="24" HEIGHT="17" WC="0.96" CONTENT="R."/><SP WIDTH="14" VPOS="96" HPOS="366"/>
							<String ID="string_1" HPOS="380" VPOS="101" WIDTH="17" HEIGHT="12" WC="0.75" CONTENT="o."/><SP WIDTH="13" VPOS="101" HPOS="397"/>
							<String ID="string_2" HPOS="410" VPOS="97" WIDTH="22" HEIGHT="16" WC="0.96" CONTENT="A."/><SP WIDTH="14" VPOS="97" HPOS="432"/>
							<String ID="string_3" HPOS="446" VPOS="96" WIDTH="55" HEIGHT="17" WC="0.93" CONTENT="1891."/><SP WIDTH="24" VPOS="96" HPOS="501"/>
							<String ID="string_4" HPOS="525" VPOS="97" WIDTH="13" HEIGHT="16" WC="0.96" CONTENT="2"/><SP WIDTH="12" VPOS="97" HPOS="538"/>
							<String ID="string_5" HPOS="550" VPOS="96" WIDTH="47" HEIGHT="21" WC="0.96" CONTENT="Maj."/><SP WIDTH="213" VPOS="96" HPOS="597"/>
							<String ID="string_6" HPOS="810" VPOS="92" WIDTH="40" HEIGHT="20" WC="0.96" CONTENT="717"/>
						</TextLine>
					</TextBlock>
				</ComposedBlock>
				<GraphicalElement ID="cblock_1" HPOS="65" VPOS="121" WIDTH="809" HEIGHT="23"></GraphicalElement >
				<ComposedBlock ID="cblock_2" HPOS="53" VPOS="175" WIDTH="844" HEIGHT="1345">
					<TextBlock ID="block_1" HPOS="53" VPOS="175" WIDTH="844" HEIGHT="1345">
						<TextLine ID="line_1" HPOS="53" VPOS="175" WIDTH="827" HEIGHT="23">
							<String ID="string_7" HPOS="53" VPOS="183" WIDTH="29" HEIGHT="14" WC="0.96" CONTENT="nu"/><SP WIDTH="16" VPOS="183" HPOS="82"/>
							<String ID="string_8" HPOS="98" VPOS="175" WIDTH="163" HEIGHT="22" WC="0.96" CONTENT="förhållandena"/><SP WIDTH="22" VPOS="175" HPOS="261"/>
							<String ID="string_9" HPOS="283" VPOS="176" WIDTH="6" HEIGHT="21" WC="0.96" CONTENT="i"/><SP WIDTH="20" VPOS="176" HPOS="289"/>
							<String ID="string_10" HPOS="309" VPOS="182" WIDTH="26" HEIGHT="15" WC="0.93" CONTENT="en"/><SP WIDTH="21" VPOS="182" HPOS="335"/>
							<String ID="string_11" HPOS="356" VPOS="176" WIDTH="104" HEIGHT="21" WC="0.88" CONTENT="landsort."/><SP WIDTH="30" VPOS="176" HPOS="460"/>
							<String ID="string_12" HPOS="490" VPOS="175" WIDTH="212" HEIGHT="22" WC="0.90" CONTENT="Kreditanstalterna"/><SP WIDTH="21" VPOS="175" HPOS="702"/>
							<String ID="string_13" HPOS="723" VPOS="177" WIDTH="37" HEIGHT="19" WC="0.96" CONTENT="äro"/><SP WIDTH="23" VPOS="177" HPOS="760"/>
							<String ID="string_14" HPOS="783" VPOS="175" WIDTH="22" HEIGHT="22" WC="0.96" CONTENT="få"/><SP WIDTH="23" VPOS="175" HPOS="805"/>
							<String ID="string_15" HPOS="828" VPOS="176" WIDTH="52" HEIGHT="22" WC="0.95" CONTENT="eller"/>
						</TextLine>
						<TextLine ID="line_2" HPOS="54" VPOS="204" WIDTH="826" HEIGHT="27">
							<String ID="string_16" HPOS="54" VPOS="205" WIDTH="56" HEIGHT="26" WC="0.96" CONTENT="inga,"/><SP WIDTH="16" VPOS="205" HPOS="110"/>
							<String ID="string_17" HPOS="126" VPOS="205" WIDTH="39" HEIGHT="20" WC="0.96" CONTENT="och"/><SP WIDTH="17" VPOS="205" HPOS="165"/>
							<String ID="string_18" HPOS="182" VPOS="205" WIDTH="26" HEIGHT="20" WC="0.96" CONTENT="de"/><SP WIDTH="15" VPOS="205" HPOS="208"/>
							<String ID="string_19" HPOS="223" VPOS="204" WIDTH="97" HEIGHT="21" WC="0.96" CONTENT="enskilda"/><SP WIDTH="15" VPOS="204" HPOS="320"/>
							<String ID="string_20" HPOS="335" VPOS="204" WIDTH="46" HEIGHT="21" WC="0.96" CONTENT="små"/><SP WIDTH="16" VPOS="204" HPOS="381"/>
							<String ID="string_21" HPOS="397" VPOS="204" WIDTH="164" HEIGHT="27" WC="0.95" CONTENT="kapitalisterna"/><SP WIDTH="15" VPOS="204" HPOS="561"/>
							<String ID="string_22" HPOS="576" VPOS="205" WIDTH="7" HEIGHT="20" WC="0.96" CONTENT="i"/><SP WIDTH="14" VPOS="205" HPOS="583"/>
							<String ID="string_23" HPOS="597" VPOS="204" WIDTH="118" HEIGHT="21" WC="0.95" CONTENT="allmänhet"/><SP WIDTH="21" VPOS="204" HPOS="715"/>
							<String ID="string_24" HPOS="736" VPOS="204" WIDTH="50" HEIGHT="26" WC="0.96" CONTENT="föga"/><SP WIDTH="16" VPOS="204" HPOS="786"/>
							<String ID="string_25" HPOS="802" VPOS="204" WIDTH="78" HEIGHT="21" WC="0.96" CONTENT="talrika"/>
						</TextLine>
						<TextLine ID="line_3" HPOS="54" VPOS="232" WIDTH="826" HEIGHT="27">
							<String ID="string_26" HPOS="54" VPOS="233" WIDTH="40" HEIGHT="21" WC="0.96" CONTENT="och"/><SP WIDTH="16" VPOS="233" HPOS="94"/>
							<String ID="string_27" HPOS="110" VPOS="233" WIDTH="65" HEIGHT="21" WC="0.93" CONTENT="oftast"/><SP WIDTH="16" VPOS="233" HPOS="175"/>
							<String ID="string_28" HPOS="191" VPOS="233" WIDTH="110" HEIGHT="26" WC="0.92" CONTENT="obenägna"/><SP WIDTH="15" VPOS="233" HPOS="301"/>
							<String ID="string_29" HPOS="316" VPOS="235" WIDTH="32" HEIGHT="19" WC="0.96" CONTENT="att"/><SP WIDTH="16" VPOS="235" HPOS="348"/>
							<String ID="string_30" HPOS="364" VPOS="233" WIDTH="86" HEIGHT="26" WC="0.96" CONTENT="placera"/><SP WIDTH="16" VPOS="233" HPOS="450"/>
							<String ID="string_31" HPOS="466" VPOS="233" WIDTH="46" HEIGHT="21" WC="0.96" CONTENT="sina"/><SP WIDTH="16" VPOS="233" HPOS="512"/>
							<String ID="string_32" HPOS="528" VPOS="233" WIDTH="45" HEIGHT="24" WC="0.96" CONTENT="små"/><SP WIDTH="15" VPOS="233" HPOS="573"/>
							<String ID="string_33" HPOS="588" VPOS="233" WIDTH="140" HEIGHT="26" WC="0.96" CONTENT="besparingar"/><SP WIDTH="14" VPOS="233" HPOS="728"/>
							<String ID="string_34" HPOS="742" VPOS="233" WIDTH="7" HEIGHT="20" WC="0.93" CONTENT="i"/><SP WIDTH="11" VPOS="233" HPOS="749"/>
							<String ID="string_35" HPOS="760" VPOS="232" WIDTH="120" HEIGHT="23" WC="0.90" CONTENT="affärsföre-"/>
						</TextLine>
						<TextLine ID="line_4" HPOS="55" VPOS="261" WIDTH="825" HEIGHT="27">
							<String ID="string_36" HPOS="55" VPOS="265" WIDTH="37" HEIGHT="23" WC="0.96" CONTENT="tag"/><SP WIDTH="15" VPOS="265" HPOS="92"/>
							<String ID="string_37" HPOS="107" VPOS="262" WIDTH="55" HEIGHT="20" WC="0.96" CONTENT="allra"/><SP WIDTH="23" VPOS="262" HPOS="162"/>
							<String ID="string_38" HPOS="185" VPOS="261" WIDTH="66" HEIGHT="22" WC="0.95" CONTENT="minst"/><SP WIDTH="22" VPOS="261" HPOS="251"/>
							<String ID="string_39" HPOS="273" VPOS="262" WIDTH="6" HEIGHT="20" WC="0.96" CONTENT="i"/><SP WIDTH="23" VPOS="262" HPOS="279"/>
							<String ID="string_40" HPOS="302" VPOS="267" WIDTH="41" HEIGHT="21" WC="0.96" CONTENT="nya"/><SP WIDTH="23" VPOS="267" HPOS="343"/>
							<String ID="string_41" HPOS="366" VPOS="261" WIDTH="87" HEIGHT="21" WC="0.92" CONTENT="sådana."/><SP WIDTH="31" VPOS="261" HPOS="453"/>
							<String ID="string_42" HPOS="484" VPOS="261" WIDTH="47" HEIGHT="22" WC="0.95" CONTENT="Den"/><SP WIDTH="22" VPOS="261" HPOS="531"/>
							<String ID="string_43" HPOS="553" VPOS="261" WIDTH="46" HEIGHT="21" WC="0.93" CONTENT="lilla"/><SP WIDTH="21" VPOS="261" HPOS="599"/>
							<String ID="string_44" HPOS="620" VPOS="261" WIDTH="260" HEIGHT="27" WC="0.91" CONTENT="spanmålsproducenten,"/>
						</TextLine>
						<TextLine ID="line_5" HPOS="54" VPOS="289" WIDTH="827" HEIGHT="27">
							<String ID="string_45" HPOS="54" VPOS="296" WIDTH="45" HEIGHT="15" WC="0.96" CONTENT="som"/><SP WIDTH="17" VPOS="296" HPOS="99"/>
							<String ID="string_46" HPOS="116" VPOS="292" WIDTH="23" HEIGHT="18" WC="0.96" CONTENT="är"/><SP WIDTH="15" VPOS="292" HPOS="139"/>
							<String ID="string_47" HPOS="154" VPOS="290" WIDTH="7" HEIGHT="20" WC="0.93" CONTENT="i"/><SP WIDTH="16" VPOS="290" HPOS="161"/>
							<String ID="string_48" HPOS="177" VPOS="290" WIDTH="65" HEIGHT="21" WC="0.92" CONTENT="behof"/><SP WIDTH="14" VPOS="290" HPOS="242"/>
							<String ID="string_49" HPOS="256" VPOS="290" WIDTH="23" HEIGHT="20" WC="0.96" CONTENT="af"/><SP WIDTH="14" VPOS="290" HPOS="279"/>
							<String ID="string_50" HPOS="293" VPOS="290" WIDTH="76" HEIGHT="26" WC="0.96" CONTENT="kredit,"/><SP WIDTH="17" VPOS="290" HPOS="369"/>
							<String ID="string_51" HPOS="386" VPOS="291" WIDTH="24" HEIGHT="19" WC="0.96" CONTENT="är"/><SP WIDTH="15" VPOS="291" HPOS="410"/>
							<String ID="string_52" HPOS="425" VPOS="290" WIDTH="92" HEIGHT="21" WC="0.96" CONTENT="sålunda"/><SP WIDTH="18" VPOS="290" HPOS="517"/>
							<String ID="string_53" HPOS="535" VPOS="290" WIDTH="70" HEIGHT="21" WC="0.91" CONTENT="starkt"/><SP WIDTH="22" VPOS="290" HPOS="605"/>
							<String ID="string_54" HPOS="627" VPOS="289" WIDTH="89" HEIGHT="26" WC="0.91" CONTENT="frestad,"/><SP WIDTH="22" VPOS="289" HPOS="716"/>
							<String ID="string_55" HPOS="738" VPOS="289" WIDTH="33" HEIGHT="21" WC="0.96" CONTENT="för"/><SP WIDTH="15" VPOS="289" HPOS="771"/>
							<String ID="string_56" HPOS="786" VPOS="291" WIDTH="34" HEIGHT="19" WC="0.96" CONTENT="att"/><SP WIDTH="14" VPOS="291" HPOS="820"/>
							<String ID="string_57" HPOS="834" VPOS="289" WIDTH="47" HEIGHT="21" WC="0.96" CONTENT="icke"/>
						</TextLine>
						<TextLine ID="line_6" HPOS="54" VPOS="318" WIDTH="827" HEIGHT="27">
							<String ID="string_58" HPOS="54" VPOS="320" WIDTH="52" HEIGHT="25" WC="0.96" CONTENT="säga"/><SP WIDTH="14" VPOS="320" HPOS="106"/>
							<String ID="string_59" HPOS="120" VPOS="320" WIDTH="100" HEIGHT="25" WC="0.96" CONTENT="tvungen,"/><SP WIDTH="16" VPOS="320" HPOS="220"/>
							<String ID="string_60" HPOS="236" VPOS="320" WIDTH="31" HEIGHT="19" WC="0.96" CONTENT="att"/><SP WIDTH="16" VPOS="320" HPOS="267"/>
							<String ID="string_61" HPOS="283" VPOS="318" WIDTH="107" HEIGHT="27" WC="0.96" CONTENT="deponera"/><SP WIDTH="16" VPOS="318" HPOS="390"/>
							<String ID="string_62" HPOS="406" VPOS="318" WIDTH="32" HEIGHT="21" WC="0.96" CONTENT="sin"/><SP WIDTH="16" VPOS="318" HPOS="438"/>
							<String ID="string_63" HPOS="454" VPOS="325" WIDTH="52" HEIGHT="14" WC="0.96" CONTENT="vara"/><SP WIDTH="15" VPOS="325" HPOS="506"/>
							<String ID="string_64" HPOS="521" VPOS="319" WIDTH="7" HEIGHT="21" WC="0.96" CONTENT="i"/><SP WIDTH="15" VPOS="319" HPOS="528"/>
							<String ID="string_65" HPOS="543" VPOS="318" WIDTH="36" HEIGHT="21" WC="0.96" CONTENT="det"/><SP WIDTH="16" VPOS="318" HPOS="579"/>
							<String ID="string_66" HPOS="595" VPOS="318" WIDTH="55" HEIGHT="21" WC="0.96" CONTENT="enda"/><SP WIDTH="21" VPOS="318" HPOS="650"/>
							<String ID="string_67" HPOS="671" VPOS="318" WIDTH="28" HEIGHT="27" WC="0.96" CONTENT="på"/><SP WIDTH="22" VPOS="318" HPOS="699"/>
							<String ID="string_68" HPOS="721" VPOS="318" WIDTH="53" HEIGHT="21" WC="0.96" CONTENT="hans"/><SP WIDTH="22" VPOS="318" HPOS="774"/>
							<String ID="string_69" HPOS="796" VPOS="321" WIDTH="34" HEIGHT="18" WC="0.93" CONTENT="ort"/><SP WIDTH="20" VPOS="321" HPOS="830"/>
							<String ID="string_70" HPOS="850" VPOS="318" WIDTH="31" HEIGHT="21" WC="0.92" CONTENT="in-"/>
						</TextLine>
						<TextLine ID="line_7" HPOS="55" VPOS="346" WIDTH="827" HEIGHT="28">
							<String ID="string_71" HPOS="55" VPOS="347" WIDTH="84" HEIGHT="21" WC="0.93" CONTENT="rättade"/><SP WIDTH="15" VPOS="347" HPOS="139"/>
							<String ID="string_72" HPOS="154" VPOS="347" WIDTH="217" HEIGHT="27" WC="0.91" CONTENT="upplagsmagasinet,"/><SP WIDTH="24" VPOS="347" HPOS="371"/>
							<String ID="string_73" HPOS="395" VPOS="347" WIDTH="62" HEIGHT="21" WC="0.96" CONTENT="äfven"/><SP WIDTH="23" VPOS="347" HPOS="457"/>
							<String ID="string_74" HPOS="480" VPOS="354" WIDTH="34" HEIGHT="14" WC="0.96" CONTENT="om"/><SP WIDTH="23" VPOS="354" HPOS="514"/>
							<String ID="string_75" HPOS="537" VPOS="347" WIDTH="42" HEIGHT="21" WC="0.95" CONTENT="han"/><SP WIDTH="16" VPOS="347" HPOS="579"/>
							<String ID="string_76" HPOS="595" VPOS="347" WIDTH="46" HEIGHT="21" WC="0.95" CONTENT="icke"/><SP WIDTH="16" VPOS="347" HPOS="641"/>
							<String ID="string_77" HPOS="657" VPOS="349" WIDTH="24" HEIGHT="19" WC="0.96" CONTENT="är"/><SP WIDTH="15" VPOS="349" HPOS="681"/>
							<String ID="string_78" HPOS="696" VPOS="347" WIDTH="7" HEIGHT="21" WC="0.96" CONTENT="i"/><SP WIDTH="15" VPOS="347" HPOS="703"/>
							<String ID="string_79" HPOS="718" VPOS="346" WIDTH="63" HEIGHT="22" WC="0.96" CONTENT="stånd"/><SP WIDTH="15" VPOS="346" HPOS="781"/>
							<String ID="string_80" HPOS="796" VPOS="349" WIDTH="34" HEIGHT="19" WC="0.93" CONTENT="att"/><SP WIDTH="14" VPOS="349" HPOS="830"/>
							<String ID="string_81" HPOS="844" VPOS="346" WIDTH="38" HEIGHT="22" WC="0.92" CONTENT="be-"/>
						</TextLine>
						<TextLine ID="line_8" HPOS="55" VPOS="375" WIDTH="828" HEIGHT="27">
							<String ID="string_82" HPOS="55" VPOS="376" WIDTH="64" HEIGHT="21" WC="0.93" CONTENT="döma"/><SP WIDTH="15" VPOS="376" HPOS="119"/>
							<String ID="string_83" HPOS="134" VPOS="376" WIDTH="155" HEIGHT="26" WC="0.90" CONTENT="inrättningens"/><SP WIDTH="16" VPOS="376" HPOS="289"/>
							<String ID="string_84" HPOS="305" VPOS="376" WIDTH="95" HEIGHT="20" WC="0.96" CONTENT="soliditet"/><SP WIDTH="15" VPOS="376" HPOS="400"/>
							<String ID="string_85" HPOS="415" VPOS="376" WIDTH="53" HEIGHT="20" WC="0.95" CONTENT="eller"/><SP WIDTH="16" VPOS="376" HPOS="468"/>
							<String ID="string_86" HPOS="484" VPOS="376" WIDTH="32" HEIGHT="21" WC="0.96" CONTENT="till"/><SP WIDTH="16" VPOS="376" HPOS="516"/>
							<String ID="string_87" HPOS="532" VPOS="376" WIDTH="39" HEIGHT="21" WC="0.96" CONTENT="och"/><SP WIDTH="16" VPOS="376" HPOS="571"/>
							<String ID="string_88" HPOS="587" VPOS="376" WIDTH="55" HEIGHT="24" WC="0.96" CONTENT="med,"/><SP WIDTH="9" VPOS="376" HPOS="642"/>
							<String ID="string_89" HPOS="651" VPOS="382" WIDTH="34" HEIGHT="15" WC="0.96" CONTENT="om"/><SP WIDTH="13" VPOS="382" HPOS="685"/>
							<String ID="string_90" HPOS="698" VPOS="376" WIDTH="42" HEIGHT="20" WC="0.96" CONTENT="han"/><SP WIDTH="10" VPOS="376" HPOS="740"/>
							<String ID="string_91" HPOS="750" VPOS="375" WIDTH="69" HEIGHT="21" WC="0.96" CONTENT="skulle"/><SP WIDTH="11" VPOS="375" HPOS="819"/>
							<String ID="string_92" HPOS="830" VPOS="376" WIDTH="53" HEIGHT="26" WC="0.96" CONTENT="hysa"/>
						</TextLine>
						<TextLine ID="line_9" HPOS="55" VPOS="404" WIDTH="828" HEIGHT="27">
							<String ID="string_93" HPOS="55" VPOS="404" WIDTH="126" HEIGHT="22" WC="0.92" CONTENT="tvifvelsmål"/><SP WIDTH="16" VPOS="404" HPOS="181"/>
							<String ID="string_94" HPOS="197" VPOS="410" WIDTH="34" HEIGHT="15" WC="0.93" CONTENT="om"/><SP WIDTH="16" VPOS="410" HPOS="231"/>
							<String ID="string_95" HPOS="247" VPOS="404" WIDTH="99" HEIGHT="21" WC="0.91" CONTENT="ledarens"/><SP WIDTH="16" VPOS="404" HPOS="346"/>
							<String ID="string_96" HPOS="362" VPOS="404" WIDTH="23" HEIGHT="21" WC="0.96" CONTENT="af"/><SP WIDTH="14" VPOS="404" HPOS="385"/>
							<String ID="string_97" HPOS="399" VPOS="404" WIDTH="120" HEIGHT="22" WC="0.95" CONTENT="detsamma"/><SP WIDTH="16" VPOS="404" HPOS="519"/>
							<String ID="string_98" HPOS="535" VPOS="404" WIDTH="116" HEIGHT="27" WC="0.93" CONTENT="duglighet."/><SP WIDTH="29" VPOS="404" HPOS="651"/>
							<String ID="string_99" HPOS="680" VPOS="404" WIDTH="69" HEIGHT="26" WC="0.89" CONTENT="Tager"/><SP WIDTH="12" VPOS="404" HPOS="749"/>
							<String ID="string_100" HPOS="761" VPOS="410" WIDTH="49" HEIGHT="15" WC="0.96" CONTENT="man"/><SP WIDTH="16" VPOS="410" HPOS="810"/>
							<String ID="string_101" HPOS="826" VPOS="406" WIDTH="57" HEIGHT="19" WC="0.95" CONTENT="ännu"/>
						</TextLine>
						<TextLine ID="line_10" HPOS="56" VPOS="432" WIDTH="827" HEIGHT="27">
							<String ID="string_102" HPOS="56" VPOS="433" WIDTH="72" HEIGHT="21" WC="0.92" CONTENT="dertill"/><SP WIDTH="15" VPOS="433" HPOS="128"/>
							<String ID="string_103" HPOS="143" VPOS="433" WIDTH="6" HEIGHT="21" WC="0.95" CONTENT="i"/><SP WIDTH="16" VPOS="433" HPOS="149"/>
							<String ID="string_104" HPOS="165" VPOS="433" WIDTH="142" HEIGHT="21" WC="0.96" CONTENT="betraktande"/><SP WIDTH="15" VPOS="433" HPOS="307"/>
							<String ID="string_105" HPOS="322" VPOS="434" WIDTH="34" HEIGHT="20" WC="0.95" CONTENT="att"/><SP WIDTH="14" VPOS="434" HPOS="356"/>
							<String ID="string_106" HPOS="370" VPOS="433" WIDTH="6" HEIGHT="21" WC="0.96" CONTENT="i"/><SP WIDTH="17" VPOS="433" HPOS="376"/>
							<String ID="string_107" HPOS="393" VPOS="433" WIDTH="45" HEIGHT="21" WC="0.96" CONTENT="små"/><SP WIDTH="16" VPOS="433" HPOS="438"/>
							<String ID="string_108" HPOS="454" VPOS="433" WIDTH="73" HEIGHT="21" WC="0.93" CONTENT="städer"/><SP WIDTH="15" VPOS="433" HPOS="527"/>
							<String ID="string_109" HPOS="542" VPOS="432" WIDTH="228" HEIGHT="22" WC="0.91" CONTENT="aftärsförhållandena"/><SP WIDTH="16" VPOS="432" HPOS="770"/>
							<String ID="string_110" HPOS="786" VPOS="433" WIDTH="45" HEIGHT="21" WC="0.96" CONTENT="ofta"/><SP WIDTH="9" VPOS="433" HPOS="831"/>
							<String ID="string_111" HPOS="840" VPOS="439" WIDTH="43" HEIGHT="20" WC="0.96" CONTENT="nog"/>
						</TextLine>
						<TextLine ID="line_11" HPOS="56" VPOS="462" WIDTH="827" HEIGHT="26">
							<String ID="string_112" HPOS="56" VPOS="462" WIDTH="72" HEIGHT="21" WC="0.92" CONTENT="kunna"/><SP WIDTH="23" VPOS="462" HPOS="128"/>
							<String ID="string_113" HPOS="151" VPOS="462" WIDTH="117" HEIGHT="20" WC="0.91" CONTENT="beherskas"/><SP WIDTH="22" VPOS="462" HPOS="268"/>
							<String ID="string_114" HPOS="290" VPOS="462" WIDTH="23" HEIGHT="20" WC="0.93" CONTENT="af"/><SP WIDTH="17" VPOS="462" HPOS="313"/>
							<String ID="string_115" HPOS="330" VPOS="462" WIDTH="160" HEIGHT="26" WC="0.91" CONTENT="familjeringar,"/><SP WIDTH="24" VPOS="462" HPOS="490"/>
							<String ID="string_116" HPOS="514" VPOS="463" WIDTH="32" HEIGHT="20" WC="0.96" CONTENT="att"/><SP WIDTH="22" VPOS="463" HPOS="546"/>
							<String ID="string_117" HPOS="568" VPOS="463" WIDTH="46" HEIGHT="19" WC="0.96" CONTENT="små"/><SP WIDTH="22" VPOS="463" HPOS="614"/>
							<String ID="string_118" HPOS="636" VPOS="462" WIDTH="118" HEIGHT="20" WC="0.93" CONTENT="samhällen"/><SP WIDTH="22" VPOS="462" HPOS="754"/>
							<String ID="string_119" HPOS="776" VPOS="462" WIDTH="107" HEIGHT="20" WC="0.91" CONTENT="öfverhuf-"/>
						</TextLine>
						<TextLine ID="line_12" HPOS="56" VPOS="490" WIDTH="827" HEIGHT="28">
							<String ID="string_120" HPOS="56" VPOS="491" WIDTH="103" HEIGHT="27" WC="0.91" CONTENT="vudtaget"/><SP WIDTH="16" VPOS="491" HPOS="159"/>
							<String ID="string_121" HPOS="175" VPOS="490" WIDTH="41" HEIGHT="21" WC="0.96" CONTENT="lätt"/><SP WIDTH="16" VPOS="490" HPOS="216"/>
							<String ID="string_122" HPOS="232" VPOS="490" WIDTH="52" HEIGHT="21" WC="0.96" CONTENT="råka"/><SP WIDTH="15" VPOS="490" HPOS="284"/>
							<String ID="string_123" HPOS="299" VPOS="491" WIDTH="68" HEIGHT="20" WC="0.96" CONTENT="under"/><SP WIDTH="23" VPOS="491" HPOS="367"/>
							<String ID="string_124" HPOS="390" VPOS="492" WIDTH="32" HEIGHT="19" WC="0.96" CONTENT="ett"/><SP WIDTH="21" VPOS="492" HPOS="422"/>
							<String ID="string_125" HPOS="443" VPOS="490" WIDTH="83" HEIGHT="26" WC="0.93" CONTENT="ganska"/><SP WIDTH="21" VPOS="490" HPOS="526"/>
							<String ID="string_126" HPOS="547" VPOS="490" WIDTH="214" HEIGHT="22" WC="0.91" CONTENT="konsiderationslöst"/><SP WIDTH="23" VPOS="490" HPOS="761"/>
							<String ID="string_127" HPOS="784" VPOS="490" WIDTH="99" HEIGHT="27" WC="0.90" CONTENT="optimat-"/>
						</TextLine>
						<TextLine ID="line_13" HPOS="58" VPOS="518" WIDTH="826" HEIGHT="28">
							<String ID="string_128" HPOS="58" VPOS="520" WIDTH="67" HEIGHT="25" WC="0.96" CONTENT="välde,"/><SP WIDTH="16" VPOS="520" HPOS="125"/>
							<String ID="string_129" HPOS="141" VPOS="525" WIDTH="45" HEIGHT="15" WC="0.96" CONTENT="som"/><SP WIDTH="15" VPOS="525" HPOS="186"/>
							<String ID="string_130" HPOS="201" VPOS="519" WIDTH="47" HEIGHT="21" WC="0.96" CONTENT="icke"/><SP WIDTH="15" VPOS="519" HPOS="248"/>
							<String ID="string_131" HPOS="263" VPOS="519" WIDTH="60" HEIGHT="21" WC="0.93" CONTENT="alltid"/><SP WIDTH="16" VPOS="519" HPOS="323"/>
							<String ID="string_132" HPOS="339" VPOS="518" WIDTH="103" HEIGHT="22" WC="0.92" CONTENT="behöfver"/><SP WIDTH="22" VPOS="518" HPOS="442"/>
							<String ID="string_133" HPOS="464" VPOS="526" WIDTH="53" HEIGHT="14" WC="0.96" CONTENT="vara"/><SP WIDTH="23" VPOS="526" HPOS="517"/>
							<String ID="string_134" HPOS="540" VPOS="519" WIDTH="23" HEIGHT="21" WC="0.96" CONTENT="så"/><SP WIDTH="20" VPOS="519" HPOS="563"/>
							<String ID="string_135" HPOS="583" VPOS="519" WIDTH="133" HEIGHT="27" WC="0.96" CONTENT="synnerligen"/><SP WIDTH="22" VPOS="519" HPOS="716"/>
							<String ID="string_136" HPOS="738" VPOS="519" WIDTH="87" HEIGHT="27" WC="0.96" CONTENT="upplyst"/><SP WIDTH="19" VPOS="519" HPOS="825"/>
							<String ID="string_137" HPOS="844" VPOS="518" WIDTH="40" HEIGHT="22" WC="0.96" CONTENT="och"/>
						</TextLine>
						<TextLine ID="line_14" HPOS="57" VPOS="547" WIDTH="827" HEIGHT="27">
							<String ID="string_138" HPOS="57" VPOS="548" WIDTH="70" HEIGHT="21" WC="0.95" CONTENT="såsom"/><SP WIDTH="16" VPOS="548" HPOS="127"/>
							<String ID="string_139" HPOS="143" VPOS="548" WIDTH="38" HEIGHT="21" WC="0.96" CONTENT="sitt"/><SP WIDTH="14" VPOS="548" HPOS="181"/>
							<String ID="string_140" HPOS="195" VPOS="547" WIDTH="68" HEIGHT="21" WC="0.96" CONTENT="första"/><SP WIDTH="16" VPOS="547" HPOS="263"/>
							<String ID="string_141" HPOS="279" VPOS="548" WIDTH="42" HEIGHT="20" WC="0.96" CONTENT="mål"/><SP WIDTH="16" VPOS="548" HPOS="321"/>
							<String ID="string_142" HPOS="337" VPOS="548" WIDTH="107" HEIGHT="26" WC="0.96" CONTENT="knappast"/><SP WIDTH="16" VPOS="548" HPOS="444"/>
							<String ID="string_143" HPOS="460" VPOS="548" WIDTH="75" HEIGHT="20" WC="0.96" CONTENT="ställer"/><SP WIDTH="20" VPOS="548" HPOS="535"/>
							<String ID="string_144" HPOS="555" VPOS="548" WIDTH="124" HEIGHT="20" WC="0.96" CONTENT="samhällets"/><SP WIDTH="22" VPOS="548" HPOS="679"/>
							<String ID="string_145" HPOS="701" VPOS="548" WIDTH="67" HEIGHT="24" WC="0.96" CONTENT="bästa,"/><SP WIDTH="24" VPOS="548" HPOS="768"/>
							<String ID="string_146" HPOS="792" VPOS="548" WIDTH="42" HEIGHT="20" WC="0.96" CONTENT="kan"/><SP WIDTH="14" VPOS="548" HPOS="834"/>
							<String ID="string_147" HPOS="848" VPOS="547" WIDTH="36" HEIGHT="27" WC="0.96" CONTENT="jag"/>
						</TextLine>
						<TextLine ID="line_15" HPOS="58" VPOS="576" WIDTH="827" HEIGHT="26">
							<String ID="string_148" HPOS="58" VPOS="577" WIDTH="46" HEIGHT="20" WC="0.96" CONTENT="icke"/><SP WIDTH="15" VPOS="577" HPOS="104"/>
							<String ID="string_149" HPOS="119" VPOS="577" WIDTH="45" HEIGHT="20" WC="0.96" CONTENT="inse"/><SP WIDTH="16" VPOS="577" HPOS="164"/>
							<String ID="string_150" HPOS="180" VPOS="578" WIDTH="65" HEIGHT="19" WC="0.96" CONTENT="annat"/><SP WIDTH="16" VPOS="578" HPOS="245"/>
							<String ID="string_151" HPOS="261" VPOS="577" WIDTH="26" HEIGHT="20" WC="0.96" CONTENT="än"/><SP WIDTH="15" VPOS="577" HPOS="287"/>
							<String ID="string_152" HPOS="302" VPOS="578" WIDTH="33" HEIGHT="19" WC="0.93" CONTENT="att"/><SP WIDTH="14" VPOS="578" HPOS="335"/>
							<String ID="string_153" HPOS="349" VPOS="576" WIDTH="164" HEIGHT="26" WC="0.92" CONTENT="försiktigheten"/><SP WIDTH="16" VPOS="576" HPOS="513"/>
							<String ID="string_154" HPOS="529" VPOS="576" WIDTH="76" HEIGHT="26" WC="0.93" CONTENT="bjuder"/><SP WIDTH="22" VPOS="576" HPOS="605"/>
							<String ID="string_155" HPOS="627" VPOS="582" WIDTH="35" HEIGHT="15" WC="0.90" CONTENT="&#39;oss"/><SP WIDTH="15" VPOS="582" HPOS="662"/>
							<String ID="string_156" HPOS="677" VPOS="577" WIDTH="33" HEIGHT="20" WC="0.96" CONTENT="att"/><SP WIDTH="15" VPOS="577" HPOS="710"/>
							<String ID="string_157" HPOS="725" VPOS="576" WIDTH="6" HEIGHT="21" WC="0.96" CONTENT="i"/><SP WIDTH="10" VPOS="576" HPOS="731"/>
							<String ID="string_158" HPOS="741" VPOS="576" WIDTH="144" HEIGHT="26" WC="0.96" CONTENT="Regeringens"/>
						</TextLine>
						<TextLine ID="line_16" HPOS="57" VPOS="604" WIDTH="828" HEIGHT="27">
							<String ID="string_159" HPOS="57" VPOS="605" WIDTH="56" HEIGHT="21" WC="0.96" CONTENT="hand"/><SP WIDTH="17" VPOS="605" HPOS="113"/>
							<String ID="string_160" HPOS="130" VPOS="604" WIDTH="109" HEIGHT="21" WC="0.96" CONTENT="bibehålla"/><SP WIDTH="20" VPOS="604" HPOS="239"/>
							<String ID="string_161" HPOS="259" VPOS="605" WIDTH="39" HEIGHT="21" WC="0.96" CONTENT="den"/><SP WIDTH="24" VPOS="605" HPOS="298"/>
							<String ID="string_162" HPOS="322" VPOS="605" WIDTH="123" HEIGHT="26" WC="0.96" CONTENT="myndighet"/><SP WIDTH="21" VPOS="605" HPOS="445"/>
							<String ID="string_163" HPOS="466" VPOS="605" WIDTH="32" HEIGHT="21" WC="0.96" CONTENT="uti"/><SP WIDTH="15" VPOS="605" HPOS="498"/>
							<String ID="string_164" HPOS="513" VPOS="605" WIDTH="162" HEIGHT="26" WC="0.95" CONTENT="ifrågavarande"/><SP WIDTH="21" VPOS="605" HPOS="675"/>
							<String ID="string_165" HPOS="696" VPOS="605" WIDTH="127" HEIGHT="26" WC="0.95" CONTENT="hänseende,"/><SP WIDTH="16" VPOS="605" HPOS="823"/>
							<String ID="string_166" HPOS="839" VPOS="611" WIDTH="46" HEIGHT="14" WC="0.96" CONTENT="som"/>
						</TextLine>
						<TextLine ID="line_17" HPOS="58" VPOS="633" WIDTH="827" HEIGHT="27">
							<String ID="string_167" HPOS="58" VPOS="634" WIDTH="41" HEIGHT="21" WC="0.96" CONTENT="den"/><SP WIDTH="15" VPOS="634" HPOS="99"/>
							<String ID="string_168" HPOS="114" VPOS="634" WIDTH="68" HEIGHT="21" WC="0.96" CONTENT="första"/><SP WIDTH="21" VPOS="634" HPOS="182"/>
							<String ID="string_169" HPOS="203" VPOS="633" WIDTH="158" HEIGHT="22" WC="0.96" CONTENT="reservationen"/><SP WIDTH="15" VPOS="633" HPOS="361"/>
							<String ID="string_170" HPOS="376" VPOS="633" WIDTH="100" HEIGHT="27" WC="0.96" CONTENT="pläderar"/><SP WIDTH="15" VPOS="633" HPOS="476"/>
							<String ID="string_171" HPOS="491" VPOS="633" WIDTH="34" HEIGHT="22" WC="0.96" CONTENT="för"/><SP WIDTH="15" VPOS="633" HPOS="525"/>
							<String ID="string_172" HPOS="540" VPOS="633" WIDTH="39" HEIGHT="22" WC="0.96" CONTENT="och"/><SP WIDTH="23" VPOS="633" HPOS="579"/>
							<String ID="string_173" HPOS="602" VPOS="639" WIDTH="45" HEIGHT="16" WC="0.96" CONTENT="som"/><SP WIDTH="19" VPOS="639" HPOS="647"/>
							<String ID="string_174" HPOS="666" VPOS="633" WIDTH="64" HEIGHT="22" WC="0.96" CONTENT="också"/><SP WIDTH="22" VPOS="633" HPOS="730"/>
							<String ID="string_175" HPOS="752" VPOS="633" WIDTH="133" HEIGHT="26" WC="0.96" CONTENT="Regeringen"/>
						</TextLine>
						<TextLine ID="line_18" HPOS="60" VPOS="661" WIDTH="826" HEIGHT="28">
							<String ID="string_176" HPOS="60" VPOS="662" WIDTH="48" HEIGHT="27" WC="0.96" CONTENT="sjelf"/><SP WIDTH="15" VPOS="662" HPOS="108"/>
							<String ID="string_177" HPOS="123" VPOS="663" WIDTH="84" HEIGHT="24" WC="0.96" CONTENT="önskar,"/><SP WIDTH="17" VPOS="663" HPOS="207"/>
							<String ID="string_178" HPOS="224" VPOS="662" WIDTH="7" HEIGHT="21" WC="0.96" CONTENT="i"/><SP WIDTH="15" VPOS="662" HPOS="231"/>
							<String ID="string_179" HPOS="246" VPOS="662" WIDTH="35" HEIGHT="21" WC="0.96" CONTENT="det"/><SP WIDTH="16" VPOS="662" HPOS="281"/>
							<String ID="string_180" HPOS="297" VPOS="662" WIDTH="40" HEIGHT="21" WC="0.96" CONTENT="den"/><SP WIDTH="16" VPOS="662" HPOS="337"/>
							<String ID="string_181" HPOS="353" VPOS="663" WIDTH="99" HEIGHT="26" WC="0.96" CONTENT="upptagit"/><SP WIDTH="16" VPOS="663" HPOS="452"/>
							<String ID="string_182" HPOS="468" VPOS="669" WIDTH="26" HEIGHT="14" WC="0.96" CONTENT="en"/><SP WIDTH="16" VPOS="669" HPOS="494"/>
							<String ID="string_183" HPOS="510" VPOS="661" WIDTH="66" HEIGHT="22" WC="0.96" CONTENT="sådan"/><SP WIDTH="23" VPOS="661" HPOS="576"/>
							<String ID="string_184" HPOS="599" VPOS="662" WIDTH="135" HEIGHT="27" WC="0.96" CONTENT="bestämning"/><SP WIDTH="21" VPOS="662" HPOS="734"/>
							<String ID="string_185" HPOS="755" VPOS="662" WIDTH="7" HEIGHT="21" WC="0.96" CONTENT="i"/><SP WIDTH="21" VPOS="662" HPOS="762"/>
							<String ID="string_186" HPOS="783" VPOS="662" WIDTH="103" HEIGHT="26" WC="0.95" CONTENT="förslaget"/>
						</TextLine>
						<TextLine ID="line_19" HPOS="60" VPOS="690" WIDTH="825" HEIGHT="28">
							<String ID="string_187" HPOS="60" VPOS="691" WIDTH="32" HEIGHT="21" WC="0.96" CONTENT="till"/><SP WIDTH="16" VPOS="691" HPOS="92"/>
							<String ID="string_188" HPOS="108" VPOS="691" WIDTH="134" HEIGHT="27" WC="0.95" CONTENT="kungörelse."/><SP WIDTH="26" VPOS="691" HPOS="242"/>
							<String ID="string_189" HPOS="268" VPOS="690" WIDTH="112" HEIGHT="22" WC="0.96" CONTENT="Utskottet"/><SP WIDTH="15" VPOS="690" HPOS="380"/>
							<String ID="string_190" HPOS="395" VPOS="697" WIDTH="75" HEIGHT="14" WC="0.97" CONTENT="menar"/><SP WIDTH="16" VPOS="697" HPOS="470"/>
							<String ID="string_191" HPOS="486" VPOS="697" WIDTH="29" HEIGHT="15" WC="0.96" CONTENT="nu"/><SP WIDTH="14" VPOS="697" HPOS="515"/>
							<String ID="string_192" HPOS="529" VPOS="691" WIDTH="123" HEIGHT="26" WC="0.96" CONTENT="visserligen"/><SP WIDTH="16" VPOS="691" HPOS="652"/>
							<String ID="string_193" HPOS="668" VPOS="693" WIDTH="32" HEIGHT="18" WC="0.96" CONTENT="att"/><SP WIDTH="16" VPOS="693" HPOS="700"/>
							<String ID="string_194" HPOS="716" VPOS="693" WIDTH="31" HEIGHT="19" WC="0.96" CONTENT="ett"/><SP WIDTH="15" VPOS="693" HPOS="747"/>
							<String ID="string_195" HPOS="762" VPOS="690" WIDTH="123" HEIGHT="27" WC="0.95" CONTENT="ytterligare"/>
						</TextLine>
						<TextLine ID="line_20" HPOS="59" VPOS="719" WIDTH="827" HEIGHT="27">
							<String ID="string_196" HPOS="59" VPOS="720" WIDTH="111" HEIGHT="21" WC="0.93" CONTENT="korrektiv"/><SP WIDTH="22" VPOS="720" HPOS="170"/>
							<String ID="string_197" HPOS="192" VPOS="722" WIDTH="45" HEIGHT="19" WC="0.96" CONTENT="mot"/><SP WIDTH="19" VPOS="722" HPOS="237"/>
							<String ID="string_198" HPOS="256" VPOS="719" WIDTH="108" HEIGHT="22" WC="0.95" CONTENT="missbruk"/><SP WIDTH="22" VPOS="719" HPOS="364"/>
							<String ID="string_199" HPOS="386" VPOS="719" WIDTH="69" HEIGHT="22" WC="0.93" CONTENT="skulle"/><SP WIDTH="23" VPOS="719" HPOS="455"/>
							<String ID="string_200" HPOS="478" VPOS="719" WIDTH="115" HEIGHT="22" WC="0.91" CONTENT="förefinnas"/><SP WIDTH="22" VPOS="719" HPOS="593"/>
							<String ID="string_201" HPOS="615" VPOS="720" WIDTH="8" HEIGHT="21" WC="0.96" CONTENT="i"/><SP WIDTH="22" VPOS="720" HPOS="623"/>
							<String ID="string_202" HPOS="645" VPOS="719" WIDTH="41" HEIGHT="22" WC="0.96" CONTENT="den"/><SP WIDTH="22" VPOS="719" HPOS="686"/>
							<String ID="string_203" HPOS="708" VPOS="719" WIDTH="108" HEIGHT="27" WC="0.96" CONTENT="rättighet,"/><SP WIDTH="24" VPOS="719" HPOS="816"/>
							<String ID="string_204" HPOS="840" VPOS="725" WIDTH="46" HEIGHT="15" WC="0.96" CONTENT="som"/>
						</TextLine>
						<TextLine ID="line_21" HPOS="61" VPOS="748" WIDTH="826" HEIGHT="27">
							<String ID="string_205" HPOS="61" VPOS="748" WIDTH="91" HEIGHT="21" WC="0.96" CONTENT="Senaten"/><SP WIDTH="16" VPOS="748" HPOS="152"/>
							<String ID="string_206" HPOS="168" VPOS="748" WIDTH="67" HEIGHT="27" WC="0.93" CONTENT="enligt"/><SP WIDTH="14" VPOS="748" HPOS="235"/>
							<String ID="string_207" HPOS="249" VPOS="749" WIDTH="12" HEIGHT="25" WC="0.89" CONTENT="$"/><SP WIDTH="16" VPOS="749" HPOS="261"/>
							<String ID="string_208" HPOS="277" VPOS="749" WIDTH="12" HEIGHT="20" WC="0.95" CONTENT="2"/><SP WIDTH="16" VPOS="749" HPOS="289"/>
							<String ID="string_209" HPOS="305" VPOS="749" WIDTH="7" HEIGHT="20" WC="0.95" CONTENT="i"/><SP WIDTH="15" VPOS="749" HPOS="312"/>
							<String ID="string_210" HPOS="327" VPOS="748" WIDTH="103" HEIGHT="26" WC="0.96" CONTENT="förslaget"/><SP WIDTH="15" VPOS="748" HPOS="430"/>
							<String ID="string_211" HPOS="445" VPOS="748" WIDTH="69" HEIGHT="21" WC="0.96" CONTENT="skulle"/><SP WIDTH="15" VPOS="748" HPOS="514"/>
							<String ID="string_212" HPOS="529" VPOS="748" WIDTH="64" HEIGHT="21" WC="0.96" CONTENT="hafva"/><SP WIDTH="23" VPOS="748" HPOS="593"/>
							<String ID="string_213" HPOS="616" VPOS="750" WIDTH="32" HEIGHT="19" WC="0.93" CONTENT="att"/><SP WIDTH="20" VPOS="750" HPOS="648"/>
							<String ID="string_214" HPOS="668" VPOS="748" WIDTH="127" HEIGHT="21" WC="0.91" CONTENT="föreskrifva"/><SP WIDTH="14" VPOS="748" HPOS="795"/>
							<String ID="string_215" HPOS="809" VPOS="749" WIDTH="78" HEIGHT="26" WC="0.90" CONTENT=",ytter-"/>
						</TextLine>
						<TextLine ID="line_22" HPOS="60" VPOS="777" WIDTH="826" HEIGHT="27">
							<String ID="string_216" HPOS="60" VPOS="777" WIDTH="67" HEIGHT="27" WC="0.94" CONTENT="ligare"/><SP WIDTH="16" VPOS="777" HPOS="127"/>
							<String ID="string_217" HPOS="143" VPOS="777" WIDTH="165" HEIGHT="26" WC="0.96" CONTENT="bestämningar,"/><SP WIDTH="16" VPOS="777" HPOS="308"/>
							<String ID="string_218" HPOS="324" VPOS="777" WIDTH="73" HEIGHT="21" WC="0.93" CONTENT="hvilka"/><SP WIDTH="15" VPOS="777" HPOS="397"/>
							<String ID="string_219" HPOS="412" VPOS="777" WIDTH="142" HEIGHT="26" WC="0.92" CONTENT="tilläfventyrs"/><SP WIDTH="16" VPOS="777" HPOS="554"/>
							<String ID="string_220" HPOS="570" VPOS="777" WIDTH="71" HEIGHT="21" WC="0.96" CONTENT="kunna"/><SP WIDTH="16" VPOS="777" HPOS="641"/>
							<String ID="string_221" HPOS="657" VPOS="783" WIDTH="61" HEIGHT="15" WC="0.96" CONTENT="anses"/><SP WIDTH="12" VPOS="783" HPOS="718"/>
							<String ID="string_222" HPOS="730" VPOS="777" WIDTH="156" HEIGHT="26" WC="0.86" CONTENT="erforderliga&quot;."/>
						</TextLine>
						<TextLine ID="line_23" HPOS="60" VPOS="805" WIDTH="827" HEIGHT="27">
							<String ID="string_223" HPOS="60" VPOS="806" WIDTH="50" HEIGHT="21" WC="0.96" CONTENT="Men"/><SP WIDTH="16" VPOS="806" HPOS="110"/>
							<String ID="string_224" HPOS="126" VPOS="812" WIDTH="33" HEIGHT="15" WC="0.96" CONTENT="om"/><SP WIDTH="16" VPOS="812" HPOS="159"/>
							<String ID="string_225" HPOS="175" VPOS="812" WIDTH="49" HEIGHT="15" WC="0.96" CONTENT="man"/><SP WIDTH="16" VPOS="812" HPOS="224"/>
							<String ID="string_226" HPOS="240" VPOS="806" WIDTH="36" HEIGHT="20" WC="0.96" CONTENT="vill"/><SP WIDTH="15" VPOS="806" HPOS="276"/>
							<String ID="string_227" HPOS="291" VPOS="805" WIDTH="57" HEIGHT="27" WC="0.96" CONTENT="gifva"/><SP WIDTH="16" VPOS="805" HPOS="348"/>
							<String ID="string_228" HPOS="364" VPOS="806" WIDTH="59" HEIGHT="21" WC="0.96" CONTENT="detta"/><SP WIDTH="16" VPOS="806" HPOS="423"/>
							<String ID="string_229" HPOS="439" VPOS="806" WIDTH="118" HEIGHT="26" WC="0.96" CONTENT="stadgande"/><SP WIDTH="23" VPOS="806" HPOS="557"/>
							<String ID="string_230" HPOS="580" VPOS="812" WIDTH="26" HEIGHT="15" WC="0.96" CONTENT="en"/><SP WIDTH="23" VPOS="812" HPOS="606"/>
							<String ID="string_231" HPOS="629" VPOS="805" WIDTH="24" HEIGHT="22" WC="0.96" CONTENT="så"/><SP WIDTH="21" VPOS="805" HPOS="653"/>
							<String ID="string_232" HPOS="674" VPOS="806" WIDTH="94" HEIGHT="21" WC="0.96" CONTENT="extensiv"/><SP WIDTH="22" VPOS="806" HPOS="768"/>
							<String ID="string_233" HPOS="790" VPOS="805" WIDTH="97" HEIGHT="26" WC="0.96" CONTENT="tolkning"/>
						</TextLine>
						<TextLine ID="line_24" HPOS="60" VPOS="834" WIDTH="828" HEIGHT="27">
							<String ID="string_234" HPOS="60" VPOS="836" WIDTH="33" HEIGHT="19" WC="0.96" CONTENT="att"/><SP WIDTH="16" VPOS="836" HPOS="93"/>
							<String ID="string_235" HPOS="109" VPOS="835" WIDTH="35" HEIGHT="20" WC="0.96" CONTENT="det"/><SP WIDTH="16" VPOS="835" HPOS="144"/>
							<String ID="string_236" HPOS="160" VPOS="835" WIDTH="71" HEIGHT="20" WC="0.96" CONTENT="kunde"/><SP WIDTH="15" VPOS="835" HPOS="231"/>
							<String ID="string_237" HPOS="246" VPOS="834" WIDTH="67" HEIGHT="21" WC="0.96" CONTENT="blifva"/><SP WIDTH="15" VPOS="834" HPOS="313"/>
							<String ID="string_238" HPOS="328" VPOS="834" WIDTH="123" HEIGHT="27" WC="0.96" CONTENT="tillämpligt"/><SP WIDTH="16" VPOS="834" HPOS="451"/>
							<String ID="string_239" HPOS="467" VPOS="834" WIDTH="66" HEIGHT="21" WC="0.96" CONTENT="också"/><SP WIDTH="14" VPOS="834" HPOS="533"/>
							<String ID="string_240" HPOS="547" VPOS="834" WIDTH="28" HEIGHT="26" WC="0.96" CONTENT="på"/><SP WIDTH="16" VPOS="834" HPOS="575"/>
							<String ID="string_241" HPOS="591" VPOS="835" WIDTH="36" HEIGHT="21" WC="0.96" CONTENT="det"/><SP WIDTH="16" VPOS="835" HPOS="627"/>
							<String ID="string_242" HPOS="643" VPOS="835" WIDTH="22" HEIGHT="20" WC="0.96" CONTENT="af"/><SP WIDTH="16" VPOS="835" HPOS="665"/>
							<String ID="string_243" HPOS="681" VPOS="835" WIDTH="43" HEIGHT="25" WC="0.96" CONTENT="mig"/><SP WIDTH="20" VPOS="835" HPOS="724"/>
							<String ID="string_244" HPOS="744" VPOS="841" WIDTH="30" HEIGHT="14" WC="0.95" CONTENT="nu"/><SP WIDTH="22" VPOS="841" HPOS="774"/>
							<String ID="string_245" HPOS="796" VPOS="834" WIDTH="92" HEIGHT="20" WC="0.95" CONTENT="berörda"/>
						</TextLine>
						<TextLine ID="line_25" HPOS="61" VPOS="862" WIDTH="827" HEIGHT="28">
							<String ID="string_246" HPOS="61" VPOS="863" WIDTH="150" HEIGHT="25" WC="0.95" CONTENT="förhållandet,"/><SP WIDTH="17" VPOS="863" HPOS="211"/>
							<String ID="string_247" HPOS="228" VPOS="862" WIDTH="24" HEIGHT="22" WC="0.96" CONTENT="så"/><SP WIDTH="15" VPOS="862" HPOS="252"/>
							<String ID="string_248" HPOS="267" VPOS="869" WIDTH="62" HEIGHT="21" WC="0.96" CONTENT="synes"/><SP WIDTH="15" VPOS="869" HPOS="329"/>
							<String ID="string_249" HPOS="344" VPOS="863" WIDTH="42" HEIGHT="27" WC="0.96" CONTENT="mig"/><SP WIDTH="16" VPOS="863" HPOS="386"/>
							<String ID="string_250" HPOS="402" VPOS="863" WIDTH="135" HEIGHT="26" WC="0.96" CONTENT="sannerligen"/><SP WIDTH="16" VPOS="863" HPOS="537"/>
							<String ID="string_251" HPOS="553" VPOS="863" WIDTH="70" HEIGHT="21" WC="0.96" CONTENT="bättre"/><SP WIDTH="16" VPOS="863" HPOS="623"/>
							<String ID="string_252" HPOS="639" VPOS="865" WIDTH="32" HEIGHT="20" WC="0.96" CONTENT="att"/><SP WIDTH="15" VPOS="865" HPOS="671"/>
							<String ID="string_253" HPOS="686" VPOS="863" WIDTH="44" HEIGHT="21" WC="0.96" CONTENT="tala"/><SP WIDTH="15" VPOS="863" HPOS="730"/>
							<String ID="string_254" HPOS="745" VPOS="864" WIDTH="48" HEIGHT="20" WC="0.96" CONTENT="rent"/><SP WIDTH="16" VPOS="864" HPOS="793"/>
							<String ID="string_255" HPOS="809" VPOS="864" WIDTH="23" HEIGHT="19" WC="0.96" CONTENT="ut"/><SP WIDTH="16" VPOS="864" HPOS="832"/>
							<String ID="string_256" HPOS="848" VPOS="862" WIDTH="40" HEIGHT="21" WC="0.96" CONTENT="och"/>
						</TextLine>
						<TextLine ID="line_26" HPOS="62" VPOS="891" WIDTH="825" HEIGHT="33">
							<String ID="string_257" HPOS="62" VPOS="892" WIDTH="6" HEIGHT="20" WC="0.96" CONTENT="i"/><SP WIDTH="16" VPOS="892" HPOS="68"/>
							<String ID="string_258" HPOS="84" VPOS="892" WIDTH="127" HEIGHT="26" WC="0.96" CONTENT="paragrafen"/><SP WIDTH="16" VPOS="892" HPOS="211"/>
							<String ID="string_259" HPOS="227" VPOS="892" WIDTH="68" HEIGHT="20" WC="0.96" CONTENT="införa"/><SP WIDTH="16" VPOS="892" HPOS="295"/>
							<String ID="string_260" HPOS="311" VPOS="892" WIDTH="40" HEIGHT="20" WC="0.96" CONTENT="den"/><SP WIDTH="16" VPOS="892" HPOS="351"/>
							<String ID="string_261" HPOS="367" VPOS="892" WIDTH="23" HEIGHT="20" WC="0.93" CONTENT="af"/><SP WIDTH="13" VPOS="892" HPOS="390"/>
							<String ID="string_262" HPOS="403" VPOS="894" WIDTH="165" HEIGHT="18" WC="0.91" CONTENT="reservanterna"/><SP WIDTH="15" VPOS="894" HPOS="568"/>
							<String ID="string_263" HPOS="583" VPOS="891" WIDTH="122" HEIGHT="33" WC="0.96" CONTENT="föreslagna"/><SP WIDTH="15" VPOS="891" HPOS="705"/>
							<String ID="string_264" HPOS="720" VPOS="892" WIDTH="167" HEIGHT="25" WC="0.96" CONTENT="bestämningen."/>
						</TextLine>
						<TextLine ID="line_27" HPOS="62" VPOS="920" WIDTH="827" HEIGHT="27">
							<String ID="string_265" HPOS="62" VPOS="920" WIDTH="62" HEIGHT="21" WC="0.95" CONTENT="Hvad"/><SP WIDTH="15" VPOS="920" HPOS="124"/>
							<String ID="string_266" HPOS="139" VPOS="927" WIDTH="29" HEIGHT="14" WC="0.96" CONTENT="nu"/><SP WIDTH="16" VPOS="927" HPOS="168"/>
							<String ID="string_267" HPOS="184" VPOS="920" WIDTH="98" HEIGHT="26" WC="0.93" CONTENT="slutligen"/><SP WIDTH="15" VPOS="920" HPOS="282"/>
							<String ID="string_268" HPOS="297" VPOS="920" WIDTH="133" HEIGHT="22" WC="0.92" CONTENT="vidkommer"/><SP WIDTH="15" VPOS="920" HPOS="430"/>
							<String ID="string_269" HPOS="445" VPOS="920" WIDTH="118" HEIGHT="22" WC="0.96" CONTENT="utskottets"/><SP WIDTH="15" VPOS="920" HPOS="563"/>
							<String ID="string_270" HPOS="578" VPOS="920" WIDTH="84" HEIGHT="27" WC="0.96" CONTENT="mening"/><SP WIDTH="15" VPOS="920" HPOS="662"/>
							<String ID="string_271" HPOS="677" VPOS="920" WIDTH="79" HEIGHT="25" WC="0.96" CONTENT="derom,"/><SP WIDTH="16" VPOS="920" HPOS="756"/>
							<String ID="string_272" HPOS="772" VPOS="922" WIDTH="33" HEIGHT="20" WC="0.93" CONTENT="att"/><SP WIDTH="15" VPOS="922" HPOS="805"/>
							<String ID="string_273" HPOS="820" VPOS="920" WIDTH="69" HEIGHT="26" WC="0.92" CONTENT="Rege-"/>
						</TextLine>
						<TextLine ID="line_28" HPOS="62" VPOS="948" WIDTH="827" HEIGHT="28">
							<String ID="string_274" HPOS="62" VPOS="949" WIDTH="73" HEIGHT="26" WC="0.96" CONTENT="ringen"/><SP WIDTH="16" VPOS="949" HPOS="135"/>
							<String ID="string_275" HPOS="151" VPOS="949" WIDTH="68" HEIGHT="21" WC="0.96" CONTENT="skulle"/><SP WIDTH="17" VPOS="949" HPOS="219"/>
							<String ID="string_276" HPOS="236" VPOS="937" WIDTH="63" HEIGHT="33" WC="0.95" CONTENT="hafva"/><SP WIDTH="15" VPOS="937" HPOS="299"/>
							<String ID="string_277" HPOS="314" VPOS="948" WIDTH="59" HEIGHT="22" WC="0.96" CONTENT="svårt"/><SP WIDTH="15" VPOS="948" HPOS="373"/>
							<String ID="string_278" HPOS="388" VPOS="951" WIDTH="32" HEIGHT="19" WC="0.96" CONTENT="att"/><SP WIDTH="16" VPOS="951" HPOS="420"/>
							<String ID="string_279" HPOS="436" VPOS="949" WIDTH="76" HEIGHT="26" WC="0.91" CONTENT="pröfva"/><SP WIDTH="15" VPOS="949" HPOS="512"/>
							<String ID="string_280" HPOS="527" VPOS="949" WIDTH="170" HEIGHT="21" WC="0.96" CONTENT="vederbörandes"/><SP WIDTH="10" VPOS="949" HPOS="697"/>
							<String ID="string_281" HPOS="707" VPOS="949" WIDTH="119" HEIGHT="27" WC="0.93" CONTENT="personliga"/><SP WIDTH="12" VPOS="949" HPOS="826"/>
							<String ID="string_282" HPOS="838" VPOS="954" WIDTH="51" HEIGHT="21" WC="0.92" CONTENT="qva-"/>
						</TextLine>
						<TextLine ID="line_29" HPOS="62" VPOS="962" WIDTH="827" HEIGHT="52">
							<String ID="string_283" HPOS="62" VPOS="962" WIDTH="135" HEIGHT="52" WC="0.91" CONTENT="lifikationer,"/><SP WIDTH="17" VPOS="962" HPOS="197"/>
							<String ID="string_284" HPOS="214" VPOS="977" WIDTH="23" HEIGHT="21" WC="0.96" CONTENT="så"/><SP WIDTH="15" VPOS="977" HPOS="237"/>
							<String ID="string_285" HPOS="252" VPOS="978" WIDTH="103" HEIGHT="21" WC="0.96" CONTENT="förhåller"/><SP WIDTH="15" VPOS="978" HPOS="355"/>
							<String ID="string_286" HPOS="370" VPOS="978" WIDTH="31" HEIGHT="26" WC="0.96" CONTENT="sig"/><SP WIDTH="23" VPOS="978" HPOS="401"/>
							<String ID="string_287" HPOS="424" VPOS="978" WIDTH="88" HEIGHT="21" WC="0.95" CONTENT="dermed"/><SP WIDTH="21" VPOS="978" HPOS="512"/>
							<String ID="string_288" HPOS="533" VPOS="978" WIDTH="46" HEIGHT="21" WC="0.95" CONTENT="icke"/><SP WIDTH="22" VPOS="978" HPOS="579"/>
							<String ID="string_289" HPOS="601" VPOS="978" WIDTH="24" HEIGHT="21" WC="0.95" CONTENT="så"/><SP WIDTH="22" VPOS="978" HPOS="625"/>
							<String ID="string_290" HPOS="647" VPOS="977" WIDTH="80" HEIGHT="27" WC="0.96" CONTENT="farligt."/><SP WIDTH="29" VPOS="977" HPOS="727"/>
							<String ID="string_291" HPOS="756" VPOS="977" WIDTH="133" HEIGHT="27" WC="0.95" CONTENT="Regeringen"/>
						</TextLine>
						<TextLine ID="line_30" HPOS="63" VPOS="994" WIDTH="826" HEIGHT="39">
							<String ID="string_292" HPOS="63" VPOS="1006" WIDTH="39" HEIGHT="21" WC="0.96" CONTENT="har"/><SP WIDTH="15" VPOS="1006" HPOS="102"/>
							<String ID="string_293" HPOS="117" VPOS="1007" WIDTH="6" HEIGHT="20" WC="0.96" CONTENT="i"/><SP WIDTH="16" VPOS="1007" HPOS="123"/>
							<String ID="string_294" HPOS="139" VPOS="1006" WIDTH="124" HEIGHT="21" WC="0.95" CONTENT="landsorten"/><SP WIDTH="12" VPOS="1006" HPOS="263"/>
							<String ID="string_295" HPOS="275" VPOS="1012" WIDTH="73" HEIGHT="21" WC="0.95" CONTENT="organ,"/><SP WIDTH="16" VPOS="1012" HPOS="348"/>
							<String ID="string_296" HPOS="364" VPOS="1013" WIDTH="46" HEIGHT="14" WC="0.96" CONTENT="som"/><SP WIDTH="13" VPOS="1013" HPOS="410"/>
							<String ID="string_297" HPOS="423" VPOS="1006" WIDTH="73" HEIGHT="21" WC="0.96" CONTENT="kunna"/><SP WIDTH="16" VPOS="1006" HPOS="496"/>
							<String ID="string_298" HPOS="512" VPOS="1006" WIDTH="27" HEIGHT="27" WC="0.96" CONTENT="på"/><SP WIDTH="16" VPOS="1006" HPOS="539"/>
							<String ID="string_299" HPOS="555" VPOS="1008" WIDTH="30" HEIGHT="20" WC="0.96" CONTENT="ett"/><SP WIDTH="15" VPOS="1008" HPOS="585"/>
							<String ID="string_300" HPOS="600" VPOS="1006" WIDTH="81" HEIGHT="27" WC="0.96" CONTENT="ganska"/><SP WIDTH="15" VPOS="1006" HPOS="681"/>
							<String ID="string_301" HPOS="696" VPOS="994" WIDTH="134" HEIGHT="38" WC="0.96" CONTENT="fullständigt"/><SP WIDTH="16" VPOS="994" HPOS="830"/>
							<String ID="string_302" HPOS="846" VPOS="1008" WIDTH="43" HEIGHT="19" WC="0.96" CONTENT="sätt"/>
						</TextLine>
						<TextLine ID="line_31" HPOS="63" VPOS="1035" WIDTH="827" HEIGHT="27">
							<String ID="string_303" HPOS="63" VPOS="1035" WIDTH="85" HEIGHT="27" WC="0.92" CONTENT="betjena"/><SP WIDTH="16" VPOS="1035" HPOS="148"/>
							<String ID="string_304" HPOS="164" VPOS="1035" WIDTH="123" HEIGHT="21" WC="0.96" CONTENT="densamma"/><SP WIDTH="16" VPOS="1035" HPOS="287"/>
							<String ID="string_305" HPOS="303" VPOS="1035" WIDTH="6" HEIGHT="21" WC="0.96" CONTENT="i"/><SP WIDTH="16" VPOS="1035" HPOS="309"/>
							<String ID="string_306" HPOS="325" VPOS="1035" WIDTH="61" HEIGHT="21" WC="0.96" CONTENT="detta"/><SP WIDTH="14" VPOS="1035" HPOS="386"/>
							<String ID="string_307" HPOS="400" VPOS="1035" WIDTH="130" HEIGHT="24" WC="0.96" CONTENT="hänseende,"/><SP WIDTH="17" VPOS="1035" HPOS="530"/>
							<String ID="string_308" HPOS="547" VPOS="1035" WIDTH="39" HEIGHT="21" WC="0.93" CONTENT="och"/><SP WIDTH="8" VPOS="1035" HPOS="586"/>
							<String ID="string_309" HPOS="594" VPOS="1038" WIDTH="162" HEIGHT="18" WC="0.92" CONTENT="reservanterna"/><SP WIDTH="16" VPOS="1038" HPOS="756"/>
							<String ID="string_310" HPOS="772" VPOS="1035" WIDTH="60" HEIGHT="21" WC="0.81" CONTENT="hafva"/><SP WIDTH="10" VPOS="1035" HPOS="832"/>
							<String ID="string_311" HPOS="842" VPOS="1035" WIDTH="48" HEIGHT="21" WC="0.81" CONTENT="icke"/>
						</TextLine>
						<TextLine ID="line_32" HPOS="63" VPOS="1063" WIDTH="828" HEIGHT="27">
							<String ID="string_312" HPOS="63" VPOS="1064" WIDTH="67" HEIGHT="20" WC="0.96" CONTENT="heller"/><SP WIDTH="15" VPOS="1064" HPOS="130"/>
							<String ID="string_313" HPOS="145" VPOS="1063" WIDTH="65" HEIGHT="21" WC="0.96" CONTENT="fattat"/><SP WIDTH="15" VPOS="1063" HPOS="210"/>
							<String ID="string_314" HPOS="225" VPOS="1064" WIDTH="66" HEIGHT="20" WC="0.96" CONTENT="saken"/><SP WIDTH="16" VPOS="1064" HPOS="291"/>
							<String ID="string_315" HPOS="307" VPOS="1063" WIDTH="29" HEIGHT="26" WC="0.96" CONTENT="så,"/><SP WIDTH="17" VPOS="1063" HPOS="336"/>
							<String ID="string_316" HPOS="353" VPOS="1070" WIDTH="45" HEIGHT="14" WC="0.96" CONTENT="som"/><SP WIDTH="16" VPOS="1070" HPOS="398"/>
							<String ID="string_317" HPOS="414" VPOS="1064" WIDTH="70" HEIGHT="20" WC="0.96" CONTENT="skulle"/><SP WIDTH="10" VPOS="1064" HPOS="484"/>
							<String ID="string_318" HPOS="494" VPOS="1064" WIDTH="133" HEIGHT="26" WC="0.96" CONTENT="Regeringen"/><SP WIDTH="15" VPOS="1064" HPOS="627"/>
							<String ID="string_319" HPOS="642" VPOS="1070" WIDTH="52" HEIGHT="14" WC="0.93" CONTENT="vara"/><SP WIDTH="14" VPOS="1070" HPOS="694"/>
							<String ID="string_320" HPOS="708" VPOS="1064" WIDTH="114" HEIGHT="26" WC="0.91" CONTENT="förpligtad"/><SP WIDTH="16" VPOS="1064" HPOS="822"/>
							<String ID="string_321" HPOS="838" VPOS="1064" WIDTH="53" HEIGHT="20" WC="0.96" CONTENT="eller"/>
						</TextLine>
						<TextLine ID="line_33" HPOS="64" VPOS="1092" WIDTH="826" HEIGHT="27">
							<String ID="string_322" HPOS="64" VPOS="1098" WIDTH="37" HEIGHT="15" WC="0.96" CONTENT="ens"/><SP WIDTH="15" VPOS="1098" HPOS="101"/>
							<String ID="string_323" HPOS="116" VPOS="1092" WIDTH="63" HEIGHT="21" WC="0.96" CONTENT="hafva"/><SP WIDTH="16" VPOS="1092" HPOS="179"/>
							<String ID="string_324" HPOS="195" VPOS="1092" WIDTH="49" HEIGHT="26" WC="0.96" CONTENT="lust,"/><SP WIDTH="16" VPOS="1092" HPOS="244"/>
							<String ID="string_325" HPOS="260" VPOS="1094" WIDTH="32" HEIGHT="19" WC="0.96" CONTENT="att"/><SP WIDTH="16" VPOS="1094" HPOS="292"/>
							<String ID="string_326" HPOS="308" VPOS="1092" WIDTH="7" HEIGHT="20" WC="0.96" CONTENT="i"/><SP WIDTH="15" VPOS="1092" HPOS="315"/>
							<String ID="string_327" HPOS="330" VPOS="1092" WIDTH="74" HEIGHT="27" WC="0.96" CONTENT="hvarje"/><SP WIDTH="15" VPOS="1092" HPOS="404"/>
							<String ID="string_328" HPOS="419" VPOS="1092" WIDTH="176" HEIGHT="21" WC="0.95" CONTENT="förekommande"/><SP WIDTH="24" VPOS="1092" HPOS="595"/>
							<String ID="string_329" HPOS="619" VPOS="1092" WIDTH="38" HEIGHT="21" WC="0.95" CONTENT="fall"/><SP WIDTH="15" VPOS="1092" HPOS="657"/>
							<String ID="string_330" HPOS="672" VPOS="1092" WIDTH="50" HEIGHT="27" WC="0.96" CONTENT="ingå"/><SP WIDTH="14" VPOS="1092" HPOS="722"/>
							<String ID="string_331" HPOS="736" VPOS="1092" WIDTH="7" HEIGHT="21" WC="0.96" CONTENT="i"/><SP WIDTH="15" VPOS="1092" HPOS="743"/>
							<String ID="string_332" HPOS="758" VPOS="1092" WIDTH="49" HEIGHT="21" WC="0.93" CONTENT="fullt"/><SP WIDTH="16" VPOS="1092" HPOS="807"/>
							<String ID="string_333" HPOS="823" VPOS="1092" WIDTH="67" HEIGHT="21" WC="0.91" CONTENT="detal-"/>
						</TextLine>
						<TextLine ID="line_34" HPOS="60" VPOS="1120" WIDTH="830" HEIGHT="28">
							<String ID="string_334" HPOS="60" VPOS="1121" WIDTH="63" HEIGHT="26" WC="0.92" CONTENT="jerad"/><SP WIDTH="25" VPOS="1121" HPOS="123"/>
							<String ID="string_335" HPOS="148" VPOS="1121" WIDTH="99" HEIGHT="26" WC="0.91" CONTENT="pröfning"/><SP WIDTH="24" VPOS="1121" HPOS="247"/>
							<String ID="string_336" HPOS="271" VPOS="1120" WIDTH="24" HEIGHT="21" WC="0.93" CONTENT="af"/><SP WIDTH="25" VPOS="1120" HPOS="295"/>
							<String ID="string_337" HPOS="320" VPOS="1121" WIDTH="80" HEIGHT="20" WC="0.92" CONTENT="enhvar"/><SP WIDTH="23" VPOS="1121" HPOS="400"/>
							<String ID="string_338" HPOS="423" VPOS="1121" WIDTH="268" HEIGHT="26" WC="0.91" CONTENT="magasinsföreständares"/><SP WIDTH="23" VPOS="1121" HPOS="691"/>
							<String ID="string_339" HPOS="714" VPOS="1120" WIDTH="176" HEIGHT="28" WC="0.91" CONTENT="qvalifikationer,"/>
						</TextLine>
						<TextLine ID="line_35" HPOS="66" VPOS="1149" WIDTH="825" HEIGHT="27">
							<String ID="string_340" HPOS="66" VPOS="1152" WIDTH="52" HEIGHT="18" WC="0.96" CONTENT="utan"/><SP WIDTH="14" VPOS="1152" HPOS="118"/>
							<String ID="string_341" HPOS="132" VPOS="1149" WIDTH="63" HEIGHT="21" WC="0.96" CONTENT="hafva"/><SP WIDTH="16" VPOS="1149" HPOS="195"/>
							<String ID="string_342" HPOS="211" VPOS="1149" WIDTH="20" HEIGHT="21" WC="0.96" CONTENT="vi"/><SP WIDTH="15" VPOS="1149" HPOS="231"/>
							<String ID="string_343" HPOS="246" VPOS="1151" WIDTH="53" HEIGHT="19" WC="0.96" CONTENT="trott"/><SP WIDTH="16" VPOS="1151" HPOS="299"/>
							<String ID="string_344" HPOS="315" VPOS="1151" WIDTH="32" HEIGHT="19" WC="0.96" CONTENT="att"/><SP WIDTH="9" VPOS="1151" HPOS="347"/>
							<String ID="string_345" HPOS="356" VPOS="1149" WIDTH="135" HEIGHT="27" WC="0.96" CONTENT="Regeringen"/><SP WIDTH="15" VPOS="1149" HPOS="491"/>
							<String ID="string_346" HPOS="506" VPOS="1149" WIDTH="69" HEIGHT="21" WC="0.93" CONTENT="skulle"/><SP WIDTH="15" VPOS="1149" HPOS="575"/>
							<String ID="string_347" HPOS="590" VPOS="1150" WIDTH="73" HEIGHT="21" WC="0.92" CONTENT="skrida"/><SP WIDTH="9" VPOS="1150" HPOS="663"/>
							<String ID="string_348" HPOS="672" VPOS="1149" WIDTH="33" HEIGHT="21" WC="0.96" CONTENT="till"/><SP WIDTH="10" VPOS="1149" HPOS="705"/>
							<String ID="string_349" HPOS="715" VPOS="1149" WIDTH="67" HEIGHT="22" WC="0.93" CONTENT="sådan"/><SP WIDTH="10" VPOS="1149" HPOS="782"/>
							<String ID="string_350" HPOS="792" VPOS="1149" WIDTH="99" HEIGHT="27" WC="0.92" CONTENT="pröfning"/>
						</TextLine>
						<TextLine ID="line_36" HPOS="66" VPOS="1178" WIDTH="826" HEIGHT="27">
							<String ID="string_351" HPOS="66" VPOS="1178" WIDTH="76" HEIGHT="21" WC="0.96" CONTENT="endast"/><SP WIDTH="16" VPOS="1178" HPOS="142"/>
							<String ID="string_352" HPOS="158" VPOS="1178" WIDTH="27" HEIGHT="21" WC="0.96" CONTENT="då"/><SP WIDTH="15" VPOS="1178" HPOS="185"/>
							<String ID="string_353" HPOS="200" VPOS="1178" WIDTH="150" HEIGHT="21" WC="0.95" CONTENT="allvarsamma"/><SP WIDTH="16" VPOS="1178" HPOS="350"/>
							<String ID="string_354" HPOS="366" VPOS="1178" WIDTH="45" HEIGHT="21" WC="0.96" CONTENT="skäl"/><SP WIDTH="16" VPOS="1178" HPOS="411"/>
							<String ID="string_355" HPOS="427" VPOS="1178" WIDTH="111" HEIGHT="27" WC="0.96" CONTENT="föreligga,"/><SP WIDTH="8" VPOS="1178" HPOS="538"/>
							<String ID="string_356" HPOS="546" VPOS="1178" WIDTH="27" HEIGHT="21" WC="0.93" CONTENT="då"/><SP WIDTH="15" VPOS="1178" HPOS="573"/>
							<String ID="string_357" HPOS="588" VPOS="1180" WIDTH="15" HEIGHT="19" WC="0.91" CONTENT="t."/><SP WIDTH="12" VPOS="1180" HPOS="603"/>
							<String ID="string_358" HPOS="615" VPOS="1185" WIDTH="32" HEIGHT="14" WC="0.96" CONTENT="ex."/><SP WIDTH="12" VPOS="1185" HPOS="647"/>
							<String ID="string_359" HPOS="659" VPOS="1185" WIDTH="25" HEIGHT="14" WC="0.96" CONTENT="en"/><SP WIDTH="11" VPOS="1185" HPOS="684"/>
							<String ID="string_360" HPOS="695" VPOS="1178" WIDTH="106" HEIGHT="21" WC="0.93" CONTENT="notoriskt"/><SP WIDTH="10" VPOS="1178" HPOS="801"/>
							<String ID="string_361" HPOS="811" VPOS="1178" WIDTH="81" HEIGHT="27" WC="0.92" CONTENT="olämp-"/>
						</TextLine>
						<TextLine ID="line_37" HPOS="64" VPOS="1207" WIDTH="828" HEIGHT="27">
							<String ID="string_362" HPOS="64" VPOS="1207" WIDTH="29" HEIGHT="26" WC="0.96" CONTENT="lig"/><SP WIDTH="16" VPOS="1207" HPOS="93"/>
							<String ID="string_363" HPOS="109" VPOS="1212" WIDTH="77" HEIGHT="21" WC="0.96" CONTENT="person"/><SP WIDTH="15" VPOS="1212" HPOS="186"/>
							<String ID="string_364" HPOS="201" VPOS="1207" WIDTH="84" HEIGHT="21" WC="0.96" CONTENT="komme"/><SP WIDTH="16" VPOS="1207" HPOS="285"/>
							<String ID="string_365" HPOS="301" VPOS="1207" WIDTH="21" HEIGHT="21" WC="0.96" CONTENT="in"/><SP WIDTH="15" VPOS="1207" HPOS="322"/>
							<String ID="string_366" HPOS="337" VPOS="1207" WIDTH="48" HEIGHT="21" WC="0.96" CONTENT="med"/><SP WIDTH="17" VPOS="1207" HPOS="385"/>
							<String ID="string_367" HPOS="402" VPOS="1207" WIDTH="97" HEIGHT="20" WC="0.96" CONTENT="ansökan"/><SP WIDTH="16" VPOS="1207" HPOS="499"/>
							<String ID="string_368" HPOS="515" VPOS="1213" WIDTH="34" HEIGHT="15" WC="0.96" CONTENT="om"/><SP WIDTH="16" VPOS="1213" HPOS="549"/>
							<String ID="string_369" HPOS="565" VPOS="1209" WIDTH="32" HEIGHT="19" WC="0.96" CONTENT="att"/><SP WIDTH="16" VPOS="1209" HPOS="597"/>
							<String ID="string_370" HPOS="613" VPOS="1207" WIDTH="89" HEIGHT="27" WC="0.96" CONTENT="anlägga"/><SP WIDTH="14" VPOS="1207" HPOS="702"/>
							<String ID="string_371" HPOS="716" VPOS="1207" WIDTH="102" HEIGHT="27" WC="0.95" CONTENT="magasin."/><SP WIDTH="24" VPOS="1207" HPOS="818"/>
							<String ID="string_372" HPOS="842" VPOS="1207" WIDTH="50" HEIGHT="20" WC="0.95" CONTENT="Man"/>
						</TextLine>
						<TextLine ID="line_38" HPOS="66" VPOS="1235" WIDTH="827" HEIGHT="28">
							<String ID="string_373" HPOS="66" VPOS="1235" WIDTH="102" HEIGHT="21" WC="0.91" CONTENT="behöfver"/><SP WIDTH="15" VPOS="1235" HPOS="168"/>
							<String ID="string_374" HPOS="183" VPOS="1235" WIDTH="23" HEIGHT="27" WC="0.96" CONTENT="ju"/><SP WIDTH="15" VPOS="1235" HPOS="206"/>
							<String ID="string_375" HPOS="221" VPOS="1235" WIDTH="18" HEIGHT="26" WC="0.96" CONTENT="ej"/><SP WIDTH="17" VPOS="1235" HPOS="239"/>
							<String ID="string_376" HPOS="256" VPOS="1235" WIDTH="67" HEIGHT="22" WC="0.96" CONTENT="heller"/><SP WIDTH="15" VPOS="1235" HPOS="323"/>
							<String ID="string_377" HPOS="338" VPOS="1238" WIDTH="78" HEIGHT="24" WC="0.96" CONTENT="antaga"/><SP WIDTH="16" VPOS="1238" HPOS="416"/>
							<String ID="string_378" HPOS="432" VPOS="1237" WIDTH="33" HEIGHT="19" WC="0.96" CONTENT="att"/><SP WIDTH="16" VPOS="1237" HPOS="465"/>
							<String ID="string_379" HPOS="481" VPOS="1235" WIDTH="80" HEIGHT="22" WC="0.96" CONTENT="sådana"/><SP WIDTH="15" VPOS="1235" HPOS="561"/>
							<String ID="string_380" HPOS="576" VPOS="1242" WIDTH="101" HEIGHT="21" WC="0.96" CONTENT="personer"/><SP WIDTH="11" VPOS="1242" HPOS="677"/>
							<String ID="string_381" HPOS="688" VPOS="1236" WIDTH="128" HEIGHT="26" WC="0.96" CONTENT="nödvändigt"/><SP WIDTH="16" VPOS="1236" HPOS="816"/>
							<String ID="string_382" HPOS="832" VPOS="1235" WIDTH="61" HEIGHT="21" WC="0.96" CONTENT="skola"/>
						</TextLine>
						<TextLine ID="line_39" HPOS="65" VPOS="1264" WIDTH="828" HEIGHT="27">
							<String ID="string_383" HPOS="65" VPOS="1264" WIDTH="67" HEIGHT="21" WC="0.96" CONTENT="skada"/><SP WIDTH="10" VPOS="1264" HPOS="132"/>
							<String ID="string_384" HPOS="142" VPOS="1264" WIDTH="66" HEIGHT="21" WC="0.96" CONTENT="saken"/><SP WIDTH="9" VPOS="1264" HPOS="208"/>
							<String ID="string_385" HPOS="217" VPOS="1270" WIDTH="76" HEIGHT="20" WC="0.92" CONTENT="genom"/><SP WIDTH="11" VPOS="1270" HPOS="293"/>
							<String ID="string_386" HPOS="304" VPOS="1264" WIDTH="125" HEIGHT="27" WC="0.91" CONTENT="oredlighet;"/><SP WIDTH="12" VPOS="1264" HPOS="429"/>
							<String ID="string_387" HPOS="441" VPOS="1264" WIDTH="64" HEIGHT="21" WC="0.96" CONTENT="äfven"/><SP WIDTH="8" VPOS="1264" HPOS="505"/>
							<String ID="string_388" HPOS="513" VPOS="1265" WIDTH="131" HEIGHT="26" WC="0.96" CONTENT="okunnighet"/><SP WIDTH="8" VPOS="1265" HPOS="644"/>
							<String ID="string_389" HPOS="652" VPOS="1265" WIDTH="42" HEIGHT="20" WC="0.96" CONTENT="kan"/><SP WIDTH="11" VPOS="1265" HPOS="694"/>
							<String ID="string_390" HPOS="705" VPOS="1265" WIDTH="39" HEIGHT="20" WC="0.96" CONTENT="här"/><SP WIDTH="11" VPOS="1265" HPOS="744"/>
							<String ID="string_391" HPOS="755" VPOS="1264" WIDTH="65" HEIGHT="21" WC="0.93" CONTENT="blifva"/><SP WIDTH="10" VPOS="1264" HPOS="820"/>
							<String ID="string_392" HPOS="830" VPOS="1264" WIDTH="63" HEIGHT="21" WC="0.91" CONTENT="ödes-"/>
						</TextLine>
						<TextLine ID="line_40" HPOS="65" VPOS="1292" WIDTH="829" HEIGHT="28">
							<String ID="string_393" HPOS="65" VPOS="1293" WIDTH="66" HEIGHT="26" WC="0.95" CONTENT="diger."/><SP WIDTH="32" VPOS="1293" HPOS="131"/>
							<String ID="string_394" HPOS="163" VPOS="1293" WIDTH="121" HEIGHT="26" WC="0.96" CONTENT="Dessutom,"/><SP WIDTH="17" VPOS="1293" HPOS="284"/>
							<String ID="string_395" HPOS="301" VPOS="1292" WIDTH="27" HEIGHT="22" WC="0.96" CONTENT="då"/><SP WIDTH="16" VPOS="1292" HPOS="328"/>
							<String ID="string_396" HPOS="344" VPOS="1293" WIDTH="106" HEIGHT="21" WC="0.96" CONTENT="utskottet"/><SP WIDTH="15" VPOS="1293" HPOS="450"/>
							<String ID="string_397" HPOS="465" VPOS="1293" WIDTH="83" HEIGHT="27" WC="0.95" CONTENT="ganska"/><SP WIDTH="18" VPOS="1293" HPOS="548"/>
							<String ID="string_398" HPOS="566" VPOS="1293" WIDTH="74" HEIGHT="27" WC="0.96" CONTENT="riktigt"/><SP WIDTH="15" VPOS="1293" HPOS="640"/>
							<String ID="string_399" HPOS="655" VPOS="1293" WIDTH="124" HEIGHT="21" WC="0.95" CONTENT="framhåller"/><SP WIDTH="22" VPOS="1293" HPOS="779"/>
							<String ID="string_400" HPOS="801" VPOS="1295" WIDTH="32" HEIGHT="18" WC="0.96" CONTENT="att"/><SP WIDTH="24" VPOS="1295" HPOS="833"/>
							<String ID="string_401" HPOS="857" VPOS="1293" WIDTH="37" HEIGHT="20" WC="0.95" CONTENT="det"/>
						</TextLine>
						<TextLine ID="line_41" HPOS="66" VPOS="1321" WIDTH="828" HEIGHT="28">
							<String ID="string_402" HPOS="66" VPOS="1323" WIDTH="26" HEIGHT="18" WC="0.96" CONTENT="är"/><SP WIDTH="15" VPOS="1323" HPOS="92"/>
							<String ID="string_403" HPOS="107" VPOS="1322" WIDTH="112" HEIGHT="26" WC="0.96" CONTENT="meningen"/><SP WIDTH="16" VPOS="1322" HPOS="219"/>
							<String ID="string_404" HPOS="235" VPOS="1324" WIDTH="31" HEIGHT="19" WC="0.96" CONTENT="att"/><SP WIDTH="15" VPOS="1324" HPOS="266"/>
							<String ID="string_405" HPOS="281" VPOS="1321" WIDTH="63" HEIGHT="22" WC="0.96" CONTENT="dessa"/><SP WIDTH="22" VPOS="1321" HPOS="344"/>
							<String ID="string_406" HPOS="366" VPOS="1322" WIDTH="95" HEIGHT="26" WC="0.96" CONTENT="magasin"/><SP WIDTH="24" VPOS="1322" HPOS="461"/>
							<String ID="string_407" HPOS="485" VPOS="1322" WIDTH="61" HEIGHT="21" WC="0.95" CONTENT="skola"/><SP WIDTH="21" VPOS="1322" HPOS="546"/>
							<String ID="string_408" HPOS="567" VPOS="1322" WIDTH="119" HEIGHT="21" WC="0.96" CONTENT="tillkomma"/><SP WIDTH="22" VPOS="1322" HPOS="686"/>
							<String ID="string_409" HPOS="708" VPOS="1328" WIDTH="74" HEIGHT="21" WC="0.91" CONTENT="genom"/><SP WIDTH="23" VPOS="1328" HPOS="782"/>
							<String ID="string_410" HPOS="805" VPOS="1322" WIDTH="89" HEIGHT="20" WC="0.91" CONTENT="konces-"/>
						</TextLine>
						<TextLine ID="line_42" HPOS="66" VPOS="1349" WIDTH="828" HEIGHT="28">
							<String ID="string_411" HPOS="66" VPOS="1349" WIDTH="189" HEIGHT="27" WC="0.88" CONTENT="sionsförfarande,"/><SP WIDTH="9" VPOS="1349" HPOS="255"/>
							<String ID="string_412" HPOS="264" VPOS="1350" WIDTH="24" HEIGHT="21" WC="0.96" CONTENT="så"/><SP WIDTH="8" VPOS="1350" HPOS="288"/>
							<String ID="string_413" HPOS="296" VPOS="1356" WIDTH="50" HEIGHT="15" WC="0.96" CONTENT="vore"/><SP WIDTH="15" VPOS="1356" HPOS="346"/>
							<String ID="string_414" HPOS="361" VPOS="1349" WIDTH="135" HEIGHT="22" WC="0.96" CONTENT="förfarandet"/><SP WIDTH="16" VPOS="1349" HPOS="496"/>
							<String ID="string_415" HPOS="512" VPOS="1350" WIDTH="153" HEIGHT="27" WC="0.96" CONTENT="ofullständigt,"/><SP WIDTH="12" VPOS="1350" HPOS="665"/>
							<String ID="string_416" HPOS="677" VPOS="1357" WIDTH="34" HEIGHT="14" WC="0.96" CONTENT="om"/><SP WIDTH="11" VPOS="1357" HPOS="711"/>
							<String ID="string_417" HPOS="722" VPOS="1351" WIDTH="36" HEIGHT="20" WC="0.96" CONTENT="det"/><SP WIDTH="10" VPOS="1351" HPOS="758"/>
							<String ID="string_418" HPOS="768" VPOS="1350" WIDTH="46" HEIGHT="21" WC="0.96" CONTENT="icke"/><SP WIDTH="11" VPOS="1350" HPOS="814"/>
							<String ID="string_419" HPOS="825" VPOS="1349" WIDTH="69" HEIGHT="22" WC="0.96" CONTENT="skulle"/>
						</TextLine>
						<TextLine ID="line_43" HPOS="66" VPOS="1378" WIDTH="828" HEIGHT="27">
							<String ID="string_420" HPOS="66" VPOS="1378" WIDTH="34" HEIGHT="21" WC="0.96" CONTENT="stå"/><SP WIDTH="16" VPOS="1378" HPOS="100"/>
							<String ID="string_421" HPOS="116" VPOS="1379" WIDTH="5" HEIGHT="20" WC="0.95" CONTENT="i"/><SP WIDTH="16" VPOS="1379" HPOS="121"/>
							<String ID="string_422" HPOS="137" VPOS="1379" WIDTH="145" HEIGHT="26" WC="0.96" CONTENT="Regeringens"/><SP WIDTH="15" VPOS="1379" HPOS="282"/>
							<String ID="string_423" HPOS="297" VPOS="1379" WIDTH="57" HEIGHT="20" WC="0.96" CONTENT="hand"/><SP WIDTH="16" VPOS="1379" HPOS="354"/>
							<String ID="string_424" HPOS="370" VPOS="1380" WIDTH="32" HEIGHT="19" WC="0.96" CONTENT="att"/><SP WIDTH="16" VPOS="1380" HPOS="402"/>
							<String ID="string_425" HPOS="418" VPOS="1381" WIDTH="66" HEIGHT="24" WC="0.96" CONTENT="vägra"/><SP WIDTH="15" VPOS="1381" HPOS="484"/>
							<String ID="string_426" HPOS="499" VPOS="1379" WIDTH="132" HEIGHT="26" WC="0.96" CONTENT="koncession,"/><SP WIDTH="16" VPOS="1379" HPOS="631"/>
							<String ID="string_427" HPOS="647" VPOS="1379" WIDTH="27" HEIGHT="21" WC="0.96" CONTENT="då"/><SP WIDTH="16" VPOS="1379" HPOS="674"/>
							<String ID="string_428" HPOS="690" VPOS="1379" WIDTH="46" HEIGHT="21" WC="0.93" CONTENT="skäl"/><SP WIDTH="16" VPOS="1379" HPOS="736"/>
							<String ID="string_429" HPOS="752" VPOS="1379" WIDTH="71" HEIGHT="21" WC="0.92" CONTENT="dertill"/><SP WIDTH="15" VPOS="1379" HPOS="823"/>
							<String ID="string_430" HPOS="838" VPOS="1378" WIDTH="56" HEIGHT="21" WC="0.92" CONTENT="före-"/>
						</TextLine>
						<TextLine ID="line_44" HPOS="66" VPOS="1406" WIDTH="829" HEIGHT="28">
							<String ID="string_431" HPOS="66" VPOS="1407" WIDTH="103" HEIGHT="21" WC="0.96" CONTENT="kommer."/><SP WIDTH="31" VPOS="1407" HPOS="169"/>
							<String ID="string_432" HPOS="200" VPOS="1407" WIDTH="79" HEIGHT="21" WC="0.96" CONTENT="Vidare"/><SP WIDTH="16" VPOS="1407" HPOS="279"/>
							<String ID="string_433" HPOS="295" VPOS="1407" WIDTH="39" HEIGHT="21" WC="0.96" CONTENT="har"/><SP WIDTH="16" VPOS="1407" HPOS="334"/>
							<String ID="string_434" HPOS="350" VPOS="1407" WIDTH="106" HEIGHT="21" WC="0.96" CONTENT="utskottet"/><SP WIDTH="17" VPOS="1407" HPOS="456"/>
							<String ID="string_435" HPOS="473" VPOS="1408" WIDTH="28" HEIGHT="26" WC="0.93" CONTENT="på"/><SP WIDTH="15" VPOS="1408" HPOS="501"/>
							<String ID="string_436" HPOS="516" VPOS="1414" WIDTH="47" HEIGHT="20" WC="0.87" CONTENT="pag."/><SP WIDTH="18" VPOS="1414" HPOS="563"/>
							<String ID="string_437" HPOS="581" VPOS="1409" WIDTH="25" HEIGHT="19" WC="0.96" CONTENT="17"/><SP WIDTH="21" VPOS="1409" HPOS="606"/>
							<String ID="string_438" HPOS="627" VPOS="1410" WIDTH="31" HEIGHT="19" WC="0.96" CONTENT="ett"/><SP WIDTH="22" VPOS="1410" HPOS="658"/>
							<String ID="string_439" HPOS="680" VPOS="1408" WIDTH="111" HEIGHT="21" WC="0.93" CONTENT="uttalande"/><SP WIDTH="22" VPOS="1408" HPOS="791"/>
							<String ID="string_440" HPOS="813" VPOS="1406" WIDTH="82" HEIGHT="22" WC="0.93" CONTENT="derhän"/>
						</TextLine>
						<TextLine ID="line_45" HPOS="67" VPOS="1434" WIDTH="828" HEIGHT="29">
							<String ID="string_441" HPOS="67" VPOS="1437" WIDTH="33" HEIGHT="19" WC="0.96" CONTENT="att"/><SP WIDTH="14" VPOS="1437" HPOS="100"/>
							<String ID="string_442" HPOS="114" VPOS="1437" WIDTH="32" HEIGHT="19" WC="0.96" CONTENT="ett"/><SP WIDTH="16" VPOS="1437" HPOS="146"/>
							<String ID="string_443" HPOS="162" VPOS="1436" WIDTH="117" HEIGHT="26" WC="0.95" CONTENT="stadgande"/><SP WIDTH="15" VPOS="1436" HPOS="279"/>
							<String ID="string_444" HPOS="294" VPOS="1436" WIDTH="7" HEIGHT="20" WC="0.96" CONTENT="i"/><SP WIDTH="16" VPOS="1436" HPOS="301"/>
							<String ID="string_445" HPOS="317" VPOS="1436" WIDTH="36" HEIGHT="20" WC="0.93" CONTENT="det"/><SP WIDTH="15" VPOS="1436" HPOS="353"/>
							<String ID="string_446" HPOS="368" VPOS="1436" WIDTH="130" HEIGHT="21" WC="0.91" CONTENT="framhållna"/><SP WIDTH="21" VPOS="1436" HPOS="498"/>
							<String ID="string_447" HPOS="519" VPOS="1436" WIDTH="64" HEIGHT="27" WC="0.95" CONTENT="syftet"/><SP WIDTH="21" VPOS="1436" HPOS="583"/>
							<String ID="string_448" HPOS="604" VPOS="1442" WIDTH="50" HEIGHT="16" WC="0.93" CONTENT="vore"/><SP WIDTH="19" VPOS="1442" HPOS="654"/>
							<String ID="string_449" HPOS="673" VPOS="1436" WIDTH="78" HEIGHT="26" WC="0.90" CONTENT="egnadt"/><SP WIDTH="22" VPOS="1436" HPOS="751"/>
							<String ID="string_450" HPOS="773" VPOS="1437" WIDTH="32" HEIGHT="19" WC="0.95" CONTENT="att"/><SP WIDTH="22" VPOS="1437" HPOS="805"/>
							<String ID="string_451" HPOS="827" VPOS="1434" WIDTH="68" HEIGHT="22" WC="0.95" CONTENT="under"/>
						</TextLine>
						<TextLine ID="line_46" HPOS="68" VPOS="1463" WIDTH="827" HEIGHT="29">
							<String ID="string_452" HPOS="68" VPOS="1464" WIDTH="61" HEIGHT="26" WC="0.96" CONTENT="tider,"/><SP WIDTH="17" VPOS="1464" HPOS="129"/>
							<String ID="string_453" HPOS="146" VPOS="1464" WIDTH="27" HEIGHT="20" WC="0.96" CONTENT="då"/><SP WIDTH="16" VPOS="1464" HPOS="173"/>
							<String ID="string_454" HPOS="189" VPOS="1464" WIDTH="106" HEIGHT="21" WC="0.93" CONTENT="särskilda"/><SP WIDTH="16" VPOS="1464" HPOS="295"/>
							<String ID="string_455" HPOS="311" VPOS="1464" WIDTH="196" HEIGHT="22" WC="0.91" CONTENT="statsekonomiska"/><SP WIDTH="15" VPOS="1464" HPOS="507"/>
							<String ID="string_456" HPOS="522" VPOS="1465" WIDTH="131" HEIGHT="27" WC="0.95" CONTENT="synpunkter"/><SP WIDTH="15" VPOS="1465" HPOS="653"/>
							<String ID="string_457" HPOS="668" VPOS="1467" WIDTH="52" HEIGHT="25" WC="0.96" CONTENT="göra"/><SP WIDTH="16" VPOS="1467" HPOS="720"/>
							<String ID="string_458" HPOS="736" VPOS="1465" WIDTH="31" HEIGHT="26" WC="0.96" CONTENT="sig"/><SP WIDTH="22" VPOS="1465" HPOS="767"/>
							<String ID="string_459" HPOS="789" VPOS="1463" WIDTH="106" HEIGHT="28" WC="0.95" CONTENT="gällande,"/>
						</TextLine>
						<TextLine ID="line_47" HPOS="68" VPOS="1492" WIDTH="829" HEIGHT="28">
							<String ID="string_460" HPOS="68" VPOS="1492" WIDTH="48" HEIGHT="22" WC="0.96" CONTENT="leda"/><SP WIDTH="15" VPOS="1492" HPOS="116"/>
							<String ID="string_461" HPOS="131" VPOS="1492" WIDTH="32" HEIGHT="22" WC="0.96" CONTENT="till"/><SP WIDTH="17" VPOS="1492" HPOS="163"/>
							<String ID="string_462" HPOS="180" VPOS="1495" WIDTH="31" HEIGHT="19" WC="0.96" CONTENT="ett"/><SP WIDTH="16" VPOS="1495" HPOS="211"/>
							<String ID="string_463" HPOS="227" VPOS="1492" WIDTH="76" HEIGHT="22" WC="0.96" CONTENT="sådant"/><SP WIDTH="15" VPOS="1492" HPOS="303"/>
							<String ID="string_464" HPOS="318" VPOS="1493" WIDTH="122" HEIGHT="21" WC="0.96" CONTENT="förfarande"/><SP WIDTH="17" VPOS="1493" HPOS="440"/>
							<String ID="string_465" HPOS="457" VPOS="1496" WIDTH="34" HEIGHT="19" WC="0.96" CONTENT="att"/><SP WIDTH="16" VPOS="1496" HPOS="491"/>
							<String ID="string_466" HPOS="507" VPOS="1500" WIDTH="25" HEIGHT="14" WC="0.96" CONTENT="en"/><SP WIDTH="16" VPOS="1500" HPOS="532"/>
							<String ID="string_467" HPOS="548" VPOS="1495" WIDTH="34" HEIGHT="19" WC="0.96" CONTENT="ort"/><SP WIDTH="15" VPOS="1495" HPOS="582"/>
							<String ID="string_468" HPOS="597" VPOS="1500" WIDTH="80" HEIGHT="20" WC="0.96" CONTENT="gynnas"/><SP WIDTH="13" VPOS="1500" HPOS="677"/>
							<String ID="string_469" HPOS="690" VPOS="1493" WIDTH="88" HEIGHT="21" WC="0.95" CONTENT="framför"/><SP WIDTH="10" VPOS="1493" HPOS="778"/>
							<String ID="string_470" HPOS="788" VPOS="1499" WIDTH="26" HEIGHT="15" WC="0.96" CONTENT="en"/><SP WIDTH="11" VPOS="1499" HPOS="814"/>
							<String ID="string_471" HPOS="825" VPOS="1498" WIDTH="72" HEIGHT="15" WC="0.95" CONTENT="annan"/>
						</TextLine>
					</TextBlock>
				</ComposedBlock>
				<ComposedBlock ID="cblock_3" HPOS="804" VPOS="1532" WIDTH="22" HEIGHT="18">
					<TextBlock ID="block_2" HPOS="804" VPOS="1532" WIDTH="22" HEIGHT="18">
						<TextLine ID="line_48" HPOS="804" VPOS="1532" WIDTH="22" HEIGHT="18">
							<String ID="string_472" HPOS="804" VPOS="1532" WIDTH="22" HEIGHT="18" WC="0.96" CONTENT="46"/>
						</TextLine>
					</TextBlock>
				</ComposedBlock>
			</PrintSpace>
		</Page>
	</Layout>
</alto>
