1025 1686
339 96 26 17 R.
378 101 17 12 o.
408 96 22 17 A.
444 97 54 16 1891.
523 97 8 16 1
544 96 64 21 April.
820 91 41 20 545

59 176 46 21 icke
120 175 115 22 underläta
250 177 32 20 att
296 175 115 22 framhälla
426 177 39 25 att,
482 176 27 21 dä
525 176 50 21 flere
589 176 140 21 medlemmar
744 177 23 20 af
777 177 116 21 Ekonomi-

58 205 113 25 utskottet,
188 204 71 21 hvilka
272 204 24 26 ju
311 204 47 21 haft
373 206 33 19 att
422 204 61 27 tillgå
499 205 43 21 alla
560 205 128 27 handlingar
703 205 7 21 i
726 205 94 26 ärendet,
836 205 54 21 kun-

58 234 37 19 nat
110 233 75 20 förena
201 233 31 26 sig
245 239 34 14 om
295 235 31 19 ett
342 233 113 21 uttalande
471 233 23 21 af
508 233 24 21 så
547 233 100 27 allvarlig
669 235 41 24 art,
727 239 45 15 som
788 234 36 21 det
838 233 53 22 ifrå-

58 261 128 26 gavarande,
209 262 24 20 sä
255 261 69 21 måste
347 261 34 21 väl
406 264 80 19 enhvar
502 262 61 21 deraf
577 262 22 21 få
615 262 41 21 den
672 262 169 26 uppfattningen,
858 264 33 19 att

59 295 34 15 om
109 290 59 20 detta
183 289 112 21 uttalande
311 289 40 21 har
366 290 42 26 fog,
425 302 28 2 —
472 290 37 26 jag
525 292 68 25 säger,
610 297 34 15 om
661 291 25 21 de
702 290 94 27 antydda
810 290 81 21 förhål-

58 318 92 21 landena
165 318 109 26 verkligen
289 318 55 21 varit
360 318 82 21 sådana
458 325 45 15 som
515 319 26 21 de
551 320 45 20 deri
603 319 139 25 framställas,
752 318 24 22 så
786 320 24 20 är
821 319 70 21 denna

60 346 75 28 åtgärd
150 346 112 27 högeligen
277 348 32 19 att
325 346 98 28 beklaga.

128 404 32 20 Hr
182 404 143 21 Lindelöf:
356 404 34 21 Då
410 404 37 27 jag
470 404 6 21 i
500 404 120 22 hufvudsak
641 404 85 22 förenat
740 405 43 26 mig
798 411 34 15 om
848 404 42 22 den

59 432 145 21 betänkandet
219 432 112 27 vidfogade
347 433 168 26 reservationen,
531 433 24 21 så
570 439 63 15 anser
646 433 37 27 jag
699 434 42 26 mig
759 433 61 21 äfven
836 433 55 21 böra

59 463 57 25 yttra
138 460 67 27 några
221 461 38 21 ord
274 461 7 20 i
297 461 70 21 denna
388 461 68 27 fråga.
486 462 44 20 För
545 462 43 20 min
605 462 34 20 del
654 462 38 21 vill
705 462 36 26 jag
756 462 46 21 icke
818 462 50 26 ingå
883 462 7 21 i

59 489 64 26 något
146 489 133 21 bedömande
301 490 24 20 af
346 490 25 20 de
387 490 49 20 utaf
451 490 110 26 Styrelsen
576 490 103 26 vidtagna
695 490 100 26 åtgärder
810 490 81 21 beträf-

59 518 62 21 fande
137 518 153 26 dispositionen
301 518 23 21 af
329 518 96 21 kronans
434 518 210 27 öfverloppsjordar
637 514 12 36 i
657 519 130 26 nordligaste
799 518 92 22 Finland

60 547 38 20 och
114 546 101 21 särskildt
230 546 130 26 Kemiträsk,
377 553 46 14 som
439 547 68 21 finnas
523 547 94 21 berörda
631 547 28 26 på
675 548 40 21 sid.
732 548 32 25 11,
776 547 40 21 och
827 547 63 21 hvar-

58 575 82 26 igenom
157 575 94 26 betydlig
267 575 123 26 skogsareal
407 575 152 22 öfverlemnats
574 576 33 20 till
623 575 84 22 enskild
722 582 46 20 ego.
796 575 42 21 För
846 576 45 21 min

59 604 34 21 del
116 605 24 19 är
160 603 37 26 jag
220 603 48 21 fullt
291 603 127 27 öfvertygad
441 610 35 15 om
492 607 33 18 att
540 604 126 27 regeringen
681 605 75 20 härvid
772 606 70 19 ansett
859 605 32 26 sig

59 632 79 21 handla
160 632 7 21 i
190 631 221 22 öfverensstämmelse
434 633 49 20 med
504 633 131 21 Ständernas
650 633 8 20 i
673 633 66 21 saken
754 633 82 21 fattade
852 633 39 21 be-

59 661 49 20 slut.
138 661 33 20 De
187 660 158 27 upplysningar,
362 667 45 15 som
424 661 35 21 vid
475 663 84 19 senaste
574 661 87 26 plenum
677 661 137 22 meddelades
829 661 23 22 af
863 668 27 15 en

58 689 208 27 regeringsmedlem,
289 689 39 22 och
344 689 73 21 hvilka
431 690 37 26 jag
484 690 124 26 visserligen
624 690 47 21 icke
687 691 54 20 hade
757 689 84 22 tillfälle
857 692 34 19 att

59 717 73 28 ähöra,
147 723 49 16 men
212 720 42 19 sett
269 718 119 21 refererade
405 719 7 20 i
428 719 143 26 tidningarna,
596 719 75 26 styrka
686 719 43 26 mig
743 719 124 26 ytterligare
883 719 7 20 i

58 747 70 20 denna
144 746 146 27 öfvertygelse.
322 747 33 20 Dä
371 747 127 27 emellertid,
515 747 70 21 säsom
601 747 23 21 af
638 747 41 21 den
687 747 128 27 föregäende
824 748 66 21 ärade

58 775 83 21 talaren
166 775 117 25 framhölls,
299 775 58 21 olika
379 776 112 26 meningar
506 776 7 21 i
529 776 60 21 detta
608 776 107 24 afseende,
731 776 107 21 äfvensom
854 776 37 21 be-

58 803 105 22 träffande
179 803 150 27 lämpligheten
352 804 23 21 af
388 805 27 20 de
430 805 104 26 vidtagna
554 804 130 27 åtgärderna
704 805 63 26 hysas
790 805 101 21 särskildt

58 832 22 21 af
94 833 55 24 dem,
165 832 40 21 hos
221 832 71 20 hvilka
307 839 50 14 man
373 833 69 21 måste
455 833 117 20 förutsätta
593 835 109 19 närmaste
722 833 120 21 kännedom
855 840 35 14 om

58 860 128 22 hithörande
202 860 156 26 förhållanden,
374 861 40 21 och
435 861 28 21 då
478 863 53 19 utan
547 861 73 21 tvifvel
636 867 26 15 en
678 864 46 18 stor
739 861 67 21 skada
821 862 70 21 skulle

58 889 94 27 tillfogas
173 889 36 21 det
230 889 114 24 allmänna,
361 890 45 21 ifall
421 890 48 21 icke
484 890 35 21 vid
536 890 25 21 de
577 890 128 26 vidtgående
721 890 106 26 åtgärder,
843 896 46 15 som

58 924 62 20 synas
143 924 52 15 vara
217 918 68 26 ifråga
299 918 8 20 i
326 918 55 26 syfte
397 920 34 19 att
446 918 34 21 för
495 918 72 26 odling
582 918 86 27 afskilja
683 919 120 26 betydande
820 919 70 21 områ-

58 946 48 24 den,
122 946 64 27 nödig
201 946 81 27 hänsyn
298 948 60 25 tages
374 947 32 21 till
424 947 131 21 bevarandet
570 948 23 20 af
605 948 85 20 landets
706 947 84 27 skogar,
809 954 45 14 som
865 948 25 26 ju

57 977 79 25 utgöra
160 975 48 21 dess
230 975 81 21 kanske
333 976 115 26 vigtigaste
471 976 188 26 framtidskapital,
683 976 24 21 så
722 982 63 15 anser
798 976 36 27 jag
850 976 40 21 allt

58 1003 47 21 skäl
120 1003 115 21 förefinnas
251 1004 32 20 till
299 1005 31 19 ett
346 1004 78 21 sådant
439 1005 118 25 uttalande,
576 1011 46 14 som
637 1005 7 20 i
660 1005 158 21 reservationen
833 1004 56 22 före-

58 1032 42 21 slås
123 1032 71 21 såsom
217 1038 26 15 en
264 1032 108 26 inledning
388 1033 33 20 till
438 1035 72 19 svaret
525 1033 28 26 på
568 1034 40 20 den
624 1033 48 21 nåd.
689 1039 61 21 prop.
780 1033 61 21 Hvad
857 1040 32 14 se-

58 1060 41 21 dan
116 1060 75 27 sjelfva
207 1061 106 21 klämmen
334 1060 109 27 beträffar,
468 1063 24 19 sä
507 1061 65 27 vågar
585 1062 38 26 jag
639 1062 57 21 hålla
711 1061 46 22 före
774 1063 32 19 att
820 1068 70 15 reser-

58 1090 99 20 vationen
181 1089 61 21 äfven
263 1090 6 20 i
292 1089 62 21 detta
375 1090 123 21 hänseende
517 1096 50 21 eger
581 1090 110 22 företräde
706 1090 90 21 framför
811 1090 41 21 den
867 1090 23 22 af

57 1118 106 20 utskottet
187 1118 126 25 föreslagna,
337 1118 104 21 särskildt
464 1119 48 20 med
528 1119 81 26 hänsyn
625 1119 33 21 till
673 1119 148 21 redaktionen.
851 1119 38 21 Uti

57 1146 160 21 reservationen
239 1146 124 22 framhållas
386 1147 109 26 nämligen
516 1147 7 21 i
538 1147 90 21 främsta
643 1150 93 18 rummet
751 1153 81 16 mossar
848 1148 41 21 och

57 1175 57 25 kärr,
138 1174 72 21 hvilka
229 1175 24 26 ju
274 1177 77 24 utgöra
367 1175 41 21 den
424 1176 113 26 vigtigaste
553 1176 39 21 och
608 1178 55 19 mest
678 1176 132 21 omfattande
826 1177 62 20 delen

58 1203 22 21 af
100 1203 26 21 de
150 1203 91 27 marker,
265 1209 46 15 som
333 1206 39 19 äro
395 1204 7 21 i
420 1204 69 26 fråga,
505 1204 77 21 medan
597 1205 7 20 i
620 1205 117 21 utskottets
752 1205 57 21 kläm
826 1205 63 21 dessa

57 1231 86 22 marker
158 1231 55 22 först
227 1232 85 21 komma
328 1233 7 20 i
351 1233 69 20 andra
435 1235 99 19 rummet.
565 1233 70 21 Jemte
653 1233 37 22 det
703 1233 37 27 jag
754 1234 7 20 i
777 1233 63 27 öfrigt
856 1234 33 20 in-

58 1262 100 19 stämmer
173 1261 8 20 i
196 1261 55 20 hvad
268 1261 40 20 den
323 1261 131 26 föregående
478 1261 66 22 ärade
559 1262 84 21 talaren
659 1264 74 25 yttrat,
749 1262 38 21 ber
800 1262 37 27 jag
853 1269 36 14 en-

58 1289 48 21 dast
121 1289 7 20 i
143 1289 89 22 korthet
247 1289 22 21 få
283 1289 88 22 förorda
386 1291 133 25 antagandet
535 1291 23 20 af
571 1291 167 21 reservationen.

126 1346 31 21 Hr
173 1345 250 28 Yrjö-Koskinen:
440 1347 47 21 Den
496 1347 65 21 ärade
569 1348 76 25 talare,
653 1354 46 15 som
708 1347 54 22 först
770 1348 7 21 i
786 1348 40 26 dag
834 1354 55 20 upp-

57 1374 76 21 trädde
141 1375 7 20 i
156 1375 145 26 föreliggande
308 1375 67 26 fråga,
383 1376 78 21 ställde
469 1376 31 26 sig
507 1376 27 26 på
540 1382 81 15 samma
628 1376 133 27 ståndpunkt
767 1383 45 14 som
819 1382 68 15 reser-

56 1405 104 19 vanterna
169 1403 39 21 och
216 1410 107 20 upprepar
332 1404 56 20 hvad
396 1404 33 20 uti
441 1405 160 20 reservationen
612 1405 66 21 redan
689 1405 67 21 finnes
771 1405 116 21 omnämdt.

57 1431 73 27 Enligt
152 1432 43 20 min
217 1432 66 21 tanke
304 1432 65 21 hafva
385 1435 164 19 reservanterna
564 1434 105 25 misstagit
685 1434 31 26 sig
732 1440 34 14 om
782 1433 49 21 hela
846 1433 43 27 syf-

56 1459 89 21 temålet
160 1460 49 20 med
225 1461 161 26 propositionen
402 1461 7 20 i
425 1463 79 19 ämnet.
535 1462 41 20 Det
592 1462 39 20 har
646 1462 116 26 ingalunda
773 1462 55 20 varit
838 1468 50 20 pro-

58 1488 132 26 positionens
213 1489 54 26 syfte
290 1491 31 19 att
345 1489 79 21 beröra
446 1490 76 26 frågan
538 1490 80 27 derom,
634 1490 106 21 huruvida
756 1490 39 21 och
810 1490 7 21 i
832 1490 56 22 hvad
