1025 1686
172 95 42 21 654
417 99 25 17 R.
455 104 17 13 o.
484 100 23 17 A.
521 99 54 18 1891.
600 101 23 16 14
635 99 65 22 April

145 179 39 21 ber
199 180 33 20 att
247 179 7 20 i
270 179 43 22 alla
328 180 59 21 delar
402 179 22 22 få
446 179 114 22 instämma
579 180 7 21 i
608 179 58 22 Frih.
692 179 24 22 af
737 179 113 21 Schult6ns
872 178 103 28 yrkande,

145 207 62 22 äfven
223 207 76 22 derom
314 210 32 19 att
361 209 41 21 den
418 207 108 22 blifvande
547 208 220 25 därvärdsanstalten,
792 213 46 16 som
860 207 39 22 här
921 209 25 19 är
967 207 8 21 i

146 236 68 27 fräga,
231 235 36 22 mä
282 237 86 21 komma
382 238 34 20 att
431 236 101 22 bekostas
547 237 24 21 af
584 237 108 21 allmänna
708 236 133 22 statsmedel.

215 293 154 21 Diskussionen
384 293 134 21 förklarades
534 293 53 21 härä
602 293 102 26 afslutad,
726 292 108 22 hvarefter
848 292 33 22 Hr
896 292 81 22 Landt-

145 322 140 21 marskalken
301 322 32 20 till
349 321 102 22 Ständets
468 322 130 21 besvarande
613 322 134 21 framställde
769 321 93 27 följande
885 322 91 20 omröst-

142 350 198 27 ningsproposition
348 357 4 14 :

213 406 55 24 Den,
282 412 45 16 som
342 406 126 33 godkänner
482 407 119 21 utskottets
616 406 138 22 betänkande
769 406 59 22 säväl
843 405 133 23 beträffande

145 434 214 22 därvärdsanstalten
374 436 7 20 i
397 435 151 32 Tammerfors,
571 442 46 14 som
633 442 26 14 en
675 435 59 27 dylik
750 435 79 21 anstalt
848 435 3 21 i
867 435 65 21 Wasa
947 435 29 21 el-

143 463 33 21 ler
191 463 122 27 Uleäborgs
328 464 42 26 län,
386 465 70 20 röstar
468 464 36 26 ja;

214 520 75 22 vinner
311 520 41 27 nej,
375 520 39 21 har
437 521 25 20 R.
484 527 18 15 o.
526 521 26 21 A.
576 520 95 22 beslutat
690 521 34 20 att
740 520 90 21 omfatta
844 526 27 14 en
885 519 91 27 petition

144 548 81 25 derom,
241 550 41 22 att,
295 549 66 26 jemte
378 549 36 20 det
429 549 155 26 anläggningen
599 548 24 21 af
641 549 40 20 den
705 548 138 21 härförinnan
865 548 111 21 beslutade

142 577 51 20 kur-
209 577 40 20 och
265 576 161 22 värdanstalten
440 576 34 22 för
490 577 134 26 sinnessjuka
643 577 3 20 i
667 576 145 21 Tammerfors
832 575 67 23 mätte
915 576 60 21 verk-

144 606 56 20 samt
215 605 111 26 fullföljas,
341 605 61 21 Hans
417 605 120 27 Kejserliga
552 605 101 26 Majestät
674 605 51 21 ville
740 605 7 20 i
762 604 66 22 näder
844 604 85 27 vidtaga
945 605 32 21 ät-

144 633 54 27 gärd
213 639 35 16 om
265 633 40 22 och
320 634 74 21 anvisa
408 633 78 28 nödiga
501 633 70 22 medel
586 634 33 21 för
634 633 135 27 uppförande
784 633 23 21 af
822 639 26 15 en
864 633 113 21 enahanda

145 662 82 21 anstalt
241 662 7 21 i
265 661 120 28 Uleåborgs
400 662 52 21 eller
467 663 67 20 Wasa
548 662 43 21 län.

216 719 165 26 Propositionen
396 719 129 21 besvarades
539 719 49 21 med
611 719 104 26 enhälligt
737 719 43 26 nej;
804 719 81 21 hvilket
906 719 72 21 beslut

148 747 69 22 skulle
233 747 108 22 utskottet
356 753 76 21 genom
448 748 77 26 utdrag
540 754 27 14 ur
581 748 133 26 protokollet
729 747 115 22 meddelas.

416 877 88 29 Afgjorda
518 878 192 28 landtdagsärenden.

218 934 59 21 Frän
292 934 152 27 Lagutskottet
459 934 56 22 hade
530 934 69 27 ingätt
615 935 101 21 anmälan
732 935 74 21 derom
825 936 33 20 att
880 935 99 27 samtliga

151 962 69 22 Stånd
235 963 97 27 godkänt
347 963 117 21 utskottets
478 963 151 22 betänkanden
649 963 42 22 N:o
707 965 13 20 4
736 964 7 21 i
758 964 114 26 anledning
887 964 22 21 af
929 964 49 21 nåd.

148 997 61 22 prop.
226 992 41 21 N:o
284 992 19 26 4,
320 998 34 15 om
370 991 100 27 åtgärder
485 992 31 21 till
531 992 182 28 förekommande
732 992 32 28 af
780 992 123 28 bosättning
918 993 63 21 invid

150 1020 204 28 begrafningsplats
361 1028 7 18 ;

220 1078 41 20 N:o
285 1078 12 20 5
320 1077 49 21 med
391 1077 113 27 anledning
526 1077 23 21 af
570 1078 197 26 motionsförslaget
794 1084 34 15 om
857 1078 122 22 omedelbar

148 1105 166 27 verkställighet
329 1106 23 21 af
364 1106 74 27 utslag
453 1106 112 27 angående
575 1106 108 27 flyttning
698 1113 29 14 ur
742 1106 53 25 hus;
812 1108 56 19 samt

220 1162 41 21 N:o
278 1162 12 21 3
305 1162 7 21 i
327 1162 114 27 anledning
463 1162 23 21 af
506 1162 49 21 nåd.
571 1169 60 20 prop.
647 1162 41 22 N:o
705 1163 13 21 5
734 1162 109 27 angående
859 1163 120 28 ersättning

150 1190 31 27 af
193 1191 116 20 allmänna
323 1191 69 20 medel
407 1191 22 20 åt
444 1191 82 20 vittnen
541 1191 8 20 i
565 1190 107 22 brottmål.

218 1321 91 22 Plenum
323 1321 117 22 afslutades
454 1322 29 21 kl.
500 1322 41 27 1/,9
556 1328 19 15 e.
591 1328 26 16 m.

769 1385 21 17 In
802 1385 62 18 fidem:

718 1418 22 22 J.
758 1419 24 21 F.
799 1419 106 28 Aminoff.
