<?xml version="1.0" encoding="UTF-8"?>
<alto xmlns="http://www.loc.gov/standards/alto/ns-v3#" xmlns:xlink="http://www.w3.org/1999/xlink" xmlns:xsi="http://www.w3.org/2001/XMLSchema-instance" xsi:schemaLocation="http://www.loc.gov/standards/alto/ns-v3# http://www.loc.gov/alto/v3/alto-3-0.xsd">
	<Description>
		<MeasurementUnit>pixel</MeasurementUnit>
		<sourceImageInformation>
			<fileName>/tmp/tess_uezhiy9x_input.PNG</fileName>
		</sourceImageInformation>
		<OCRProcessing ID="OCR_0">
			<ocrProcessingStep>
				<processingSoftware>
					<softwareName>tesseract 5.3.4</softwareName>
				</processingSoftware>
			</ocrProcessingStep>
		</OCRProcessing>
	</Description>
	<Layout>
		<Page WIDTH="1025" HEIGHT="1686" PHYSICAL_IMG_NR="0" ID="page_0">
			<PrintSpace HPOS="0" VPOS="0" WIDTH="1025" HEIGHT="1686">
				<ComposedBlock ID="cblock_0" HPOS="335" VPOS="88" WIDTH="513" HEIGHT="27">
					<TextBlock ID="block_0" HPOS="335" VPOS="88" WIDTH="513" HEIGHT="27">
						<TextLine ID="line_0" HPOS="335" VPOS="88" WIDTH="513" HEIGHT="27">
							<String ID="string_0" HPOS="335" VPOS="97" WIDTH="25" HEIGHT="16" WC="0.96" CONTENT="R."/><SP WIDTH="14" VPOS="97" HPOS="360"/>
							<String ID="string_1" HPOS="374" VPOS="100" WIDTH="18" HEIGHT="12" WC="0.79" CONTENT="o."/><SP WIDTH="12" VPOS="100" HPOS="392"/>
							<String ID="string_2" HPOS="404" VPOS="96" WIDTH="22" HEIGHT="16" WC="0.95" CONTENT="A."/><SP WIDTH="13" VPOS="96" HPOS="426"/>
							<String ID="string_3" HPOS="439" VPOS="96" WIDTH="54" HEIGHT="16" WC="0.95" CONTENT="1891."/><SP WIDTH="25" VPOS="96" HPOS="493"/>
							<String ID="string_4" HPOS="518" VPOS="95" WIDTH="13" HEIGHT="16" WC="0.96" CONTENT="6"/><SP WIDTH="12" VPOS="95" HPOS="531"/>
							<String ID="string_5" HPOS="543" VPOS="95" WIDTH="48" HEIGHT="20" WC="0.96" CONTENT="Maj."/><SP WIDTH="217" VPOS="95" HPOS="591"/>
							<String ID="string_6" HPOS="808" VPOS="88" WIDTH="40" HEIGHT="21" WC="0.90" CONTENT="845"/>
						</TextLine>
					</TextBlock>
				</ComposedBlock>
				<GraphicalElement ID="cblock_1" HPOS="48" VPOS="129" WIDTH="831" HEIGHT="6"></GraphicalElement >
				<ComposedBlock ID="cblock_2" HPOS="48" VPOS="174" WIDTH="839" HEIGHT="1346">
					<TextBlock ID="block_1" HPOS="48" VPOS="174" WIDTH="837" HEIGHT="796">
						<TextLine ID="line_1" HPOS="48" VPOS="174" WIDTH="831" HEIGHT="29">
							<String ID="string_7" HPOS="48" VPOS="177" WIDTH="40" HEIGHT="22" WC="0.95" CONTENT="och"/><SP WIDTH="24" VPOS="177" HPOS="88"/>
							<String ID="string_8" HPOS="112" VPOS="177" WIDTH="34" HEIGHT="22" WC="0.93" CONTENT="för"/><SP WIDTH="22" VPOS="177" HPOS="146"/>
							<String ID="string_9" HPOS="168" VPOS="176" WIDTH="131" HEIGHT="27" WC="0.84" CONTENT="utvidgande"/><SP WIDTH="16" VPOS="176" HPOS="299"/>
							<String ID="string_10" HPOS="315" VPOS="176" WIDTH="22" HEIGHT="21" WC="0.93" CONTENT="af"/><SP WIDTH="14" VPOS="176" HPOS="337"/>
							<String ID="string_11" HPOS="351" VPOS="175" WIDTH="47" HEIGHT="22" WC="0.96" CONTENT="vårt"/><SP WIDTH="16" VPOS="175" HPOS="398"/>
							<String ID="string_12" HPOS="414" VPOS="175" WIDTH="123" HEIGHT="21" WC="0.93" CONTENT="nuvarande"/><SP WIDTH="17" VPOS="175" HPOS="537"/>
							<String ID="string_13" HPOS="554" VPOS="175" WIDTH="198" HEIGHT="21" WC="0.92" CONTENT="folkskoleväsende"/><SP WIDTH="16" VPOS="175" HPOS="752"/>
							<String ID="string_14" HPOS="768" VPOS="175" WIDTH="6" HEIGHT="20" WC="0.93" CONTENT="i"/><SP WIDTH="16" VPOS="175" HPOS="774"/>
							<String ID="string_15" HPOS="790" VPOS="174" WIDTH="89" HEIGHT="21" WC="0.91" CONTENT="nämndt"/>
						</TextLine>
						<TextLine ID="line_2" HPOS="50" VPOS="203" WIDTH="829" HEIGHT="30">
							<String ID="string_16" HPOS="50" VPOS="206" WIDTH="60" HEIGHT="27" WC="0.93" CONTENT="syfte,"/><SP WIDTH="20" VPOS="206" HPOS="110"/>
							<String ID="string_17" HPOS="130" VPOS="205" WIDTH="107" HEIGHT="26" WC="0.92" CONTENT="Styrelsen"/><SP WIDTH="25" VPOS="205" HPOS="237"/>
							<String ID="string_18" HPOS="262" VPOS="205" WIDTH="109" HEIGHT="26" WC="0.90" CONTENT="dervidlag"/><SP WIDTH="23" VPOS="205" HPOS="371"/>
							<String ID="string_19" HPOS="394" VPOS="204" WIDTH="48" HEIGHT="21" WC="0.93" CONTENT="ville"/><SP WIDTH="23" VPOS="204" HPOS="442"/>
							<String ID="string_20" HPOS="465" VPOS="204" WIDTH="82" HEIGHT="21" WC="0.92" CONTENT="förfara"/><SP WIDTH="22" VPOS="204" HPOS="547"/>
							<String ID="string_21" HPOS="569" VPOS="203" WIDTH="23" HEIGHT="21" WC="0.93" CONTENT="sä"/><SP WIDTH="19" VPOS="203" HPOS="592"/>
							<String ID="string_22" HPOS="611" VPOS="203" WIDTH="108" HEIGHT="27" WC="0.92" CONTENT="grundligt"/><SP WIDTH="15" VPOS="203" HPOS="719"/>
							<String ID="string_23" HPOS="734" VPOS="209" WIDTH="45" HEIGHT="15" WC="0.96" CONTENT="som"/><SP WIDTH="17" VPOS="209" HPOS="779"/>
							<String ID="string_24" HPOS="796" VPOS="203" WIDTH="83" HEIGHT="26" WC="0.96" CONTENT="möjligt"/>
						</TextLine>
						<TextLine ID="line_3" HPOS="49" VPOS="231" WIDTH="830" HEIGHT="29">
							<String ID="string_25" HPOS="49" VPOS="235" WIDTH="39" HEIGHT="21" WC="0.93" CONTENT="och"/><SP WIDTH="16" VPOS="235" HPOS="88"/>
							<String ID="string_26" HPOS="104" VPOS="236" WIDTH="50" HEIGHT="24" WC="0.92" CONTENT="taga"/><SP WIDTH="16" VPOS="236" HPOS="154"/>
							<String ID="string_27" HPOS="170" VPOS="234" WIDTH="80" HEIGHT="26" WC="0.96" CONTENT="hänsyn"/><SP WIDTH="7" VPOS="234" HPOS="250"/>
							<String ID="string_28" HPOS="257" VPOS="227" WIDTH="49" HEIGHT="37" WC="0.91" CONTENT="till,"/><SP WIDTH="13" VPOS="227" HPOS="306"/>
							<String ID="string_29" HPOS="319" VPOS="234" WIDTH="43" HEIGHT="20" WC="0.91" CONTENT="icke"/><SP WIDTH="16" VPOS="234" HPOS="362"/>
							<String ID="string_30" HPOS="378" VPOS="233" WIDTH="76" HEIGHT="21" WC="0.96" CONTENT="endast"/><SP WIDTH="16" VPOS="233" HPOS="454"/>
							<String ID="string_31" HPOS="470" VPOS="233" WIDTH="25" HEIGHT="20" WC="0.93" CONTENT="de"/><SP WIDTH="16" VPOS="233" HPOS="495"/>
							<String ID="string_32" HPOS="511" VPOS="232" WIDTH="95" HEIGHT="21" WC="0.91" CONTENT="faktiska"/><SP WIDTH="15" VPOS="232" HPOS="606"/>
							<String ID="string_33" HPOS="621" VPOS="232" WIDTH="128" HEIGHT="26" WC="0.96" CONTENT="kunskaper,"/><SP WIDTH="17" VPOS="232" HPOS="749"/>
							<String ID="string_34" HPOS="766" VPOS="238" WIDTH="45" HEIGHT="15" WC="0.93" CONTENT="som"/><SP WIDTH="17" VPOS="238" HPOS="811"/>
							<String ID="string_35" HPOS="828" VPOS="231" WIDTH="51" HEIGHT="21" WC="0.91" CONTENT="vära"/>
						</TextLine>
						<TextLine ID="line_4" HPOS="49" VPOS="261" WIDTH="830" HEIGHT="27">
							<String ID="string_36" HPOS="49" VPOS="270" WIDTH="25" HEIGHT="14" WC="0.92" CONTENT="ur"/><SP WIDTH="16" VPOS="270" HPOS="74"/>
							<String ID="string_37" HPOS="90" VPOS="262" WIDTH="147" HEIGHT="22" WC="0.91" CONTENT="folkskolorna"/><SP WIDTH="14" VPOS="262" HPOS="237"/>
							<String ID="string_38" HPOS="251" VPOS="262" WIDTH="110" HEIGHT="26" WC="0.92" CONTENT="utgängna"/><SP WIDTH="16" VPOS="262" HPOS="361"/>
							<String ID="string_39" HPOS="377" VPOS="262" WIDTH="69" HEIGHT="20" WC="0.92" CONTENT="elever"/><SP WIDTH="16" VPOS="262" HPOS="446"/>
							<String ID="string_40" HPOS="462" VPOS="261" WIDTH="69" HEIGHT="25" WC="0.92" CONTENT="hafva,"/><SP WIDTH="16" VPOS="261" HPOS="531"/>
							<String ID="string_41" HPOS="547" VPOS="261" WIDTH="47" HEIGHT="20" WC="0.89" CONTENT="icke"/><SP WIDTH="16" VPOS="261" HPOS="594"/>
							<String ID="string_42" HPOS="610" VPOS="261" WIDTH="76" HEIGHT="20" WC="0.95" CONTENT="endast"/><SP WIDTH="16" VPOS="261" HPOS="686"/>
							<String ID="string_43" HPOS="702" VPOS="261" WIDTH="31" HEIGHT="20" WC="0.96" CONTENT="till"/><SP WIDTH="17" VPOS="261" HPOS="733"/>
							<String ID="string_44" HPOS="750" VPOS="261" WIDTH="25" HEIGHT="20" WC="0.92" CONTENT="de"/><SP WIDTH="11" VPOS="261" HPOS="775"/>
							<String ID="string_45" HPOS="786" VPOS="261" WIDTH="93" HEIGHT="20" WC="0.92" CONTENT="kunska-"/>
						</TextLine>
						<TextLine ID="line_5" HPOS="49" VPOS="288" WIDTH="830" HEIGHT="30">
							<String ID="string_46" HPOS="49" VPOS="298" WIDTH="44" HEIGHT="20" WC="0.96" CONTENT="per,"/><SP WIDTH="17" VPOS="298" HPOS="93"/>
							<String ID="string_47" HPOS="110" VPOS="297" WIDTH="44" HEIGHT="15" WC="0.93" CONTENT="som"/><SP WIDTH="24" VPOS="297" HPOS="154"/>
							<String ID="string_48" HPOS="178" VPOS="291" WIDTH="85" HEIGHT="20" WC="0.92" CONTENT="lärarne"/><SP WIDTH="22" VPOS="291" HPOS="263"/>
							<String ID="string_49" HPOS="285" VPOS="291" WIDTH="6" HEIGHT="20" WC="0.93" CONTENT="i"/><SP WIDTH="22" VPOS="291" HPOS="291"/>
							<String ID="string_50" HPOS="313" VPOS="290" WIDTH="149" HEIGHT="21" WC="0.92" CONTENT="folkskolorna"/><SP WIDTH="19" VPOS="290" HPOS="462"/>
							<String ID="string_51" HPOS="481" VPOS="290" WIDTH="34" HEIGHT="21" WC="0.96" CONTENT="för"/><SP WIDTH="15" VPOS="290" HPOS="515"/>
							<String ID="string_52" HPOS="530" VPOS="289" WIDTH="133" HEIGHT="21" WC="0.93" CONTENT="närvarande"/><SP WIDTH="16" VPOS="289" HPOS="663"/>
							<String ID="string_53" HPOS="679" VPOS="288" WIDTH="84" HEIGHT="25" WC="0.88" CONTENT="besitta,"/><SP WIDTH="17" VPOS="288" HPOS="763"/>
							<String ID="string_54" HPOS="780" VPOS="291" WIDTH="52" HEIGHT="19" WC="0.93" CONTENT="utan"/><SP WIDTH="16" VPOS="291" HPOS="832"/>
							<String ID="string_55" HPOS="848" VPOS="288" WIDTH="31" HEIGHT="21" WC="0.91" CONTENT="äf-"/>
						</TextLine>
						<TextLine ID="line_6" HPOS="49" VPOS="317" WIDTH="830" HEIGHT="27">
							<String ID="string_56" HPOS="49" VPOS="326" WIDTH="39" HEIGHT="15" WC="0.96" CONTENT="ven"/><SP WIDTH="16" VPOS="326" HPOS="88"/>
							<String ID="string_57" HPOS="104" VPOS="320" WIDTH="32" HEIGHT="20" WC="0.93" CONTENT="till"/><SP WIDTH="16" VPOS="320" HPOS="136"/>
							<String ID="string_58" HPOS="152" VPOS="319" WIDTH="163" HEIGHT="21" WC="0.92" CONTENT="förhällandena"/><SP WIDTH="15" VPOS="319" HPOS="315"/>
							<String ID="string_59" HPOS="330" VPOS="319" WIDTH="6" HEIGHT="20" WC="0.96" CONTENT="i"/><SP WIDTH="18" VPOS="319" HPOS="336"/>
							<String ID="string_60" HPOS="354" VPOS="318" WIDTH="66" HEIGHT="21" WC="0.96" CONTENT="andra"/><SP WIDTH="16" VPOS="318" HPOS="420"/>
							<String ID="string_61" HPOS="436" VPOS="318" WIDTH="81" HEIGHT="21" WC="0.92" CONTENT="länder."/><SP WIDTH="31" VPOS="318" HPOS="517"/>
							<String ID="string_62" HPOS="548" VPOS="318" WIDTH="84" HEIGHT="26" WC="0.92" CONTENT="Frägan"/><SP WIDTH="22" VPOS="318" HPOS="632"/>
							<String ID="string_63" HPOS="654" VPOS="320" WIDTH="23" HEIGHT="18" WC="0.93" CONTENT="är"/><SP WIDTH="16" VPOS="320" HPOS="677"/>
							<String ID="string_64" HPOS="693" VPOS="317" WIDTH="128" HEIGHT="27" WC="0.90" CONTENT="svärare,än"/><SP WIDTH="17" VPOS="317" HPOS="821"/>
							<String ID="string_65" HPOS="838" VPOS="317" WIDTH="41" HEIGHT="21" WC="0.96" CONTENT="den"/>
						</TextLine>
						<TextLine ID="line_7" HPOS="50" VPOS="346" WIDTH="829" HEIGHT="28">
							<String ID="string_66" HPOS="50" VPOS="348" WIDTH="35" HEIGHT="21" WC="0.96" CONTENT="vid"/><SP WIDTH="16" VPOS="348" HPOS="85"/>
							<String ID="string_67" HPOS="101" VPOS="348" WIDTH="67" HEIGHT="21" WC="0.93" CONTENT="första"/><SP WIDTH="17" VPOS="348" HPOS="168"/>
							<String ID="string_68" HPOS="185" VPOS="348" WIDTH="128" HEIGHT="26" WC="0.96" CONTENT="ögonkastet"/><SP WIDTH="15" VPOS="348" HPOS="313"/>
							<String ID="string_69" HPOS="328" VPOS="354" WIDTH="34" HEIGHT="14" WC="0.96" CONTENT="ser"/><SP WIDTH="15" VPOS="354" HPOS="362"/>
							<String ID="string_70" HPOS="377" VPOS="349" WIDTH="24" HEIGHT="19" WC="0.95" CONTENT="ut"/><SP WIDTH="16" VPOS="349" HPOS="401"/>
							<String ID="string_71" HPOS="417" VPOS="348" WIDTH="31" HEIGHT="20" WC="0.96" CONTENT="att"/><SP WIDTH="19" VPOS="348" HPOS="448"/>
							<String ID="string_72" HPOS="467" VPOS="353" WIDTH="58" HEIGHT="14" WC="0.96" CONTENT="vara."/><SP WIDTH="32" VPOS="353" HPOS="525"/>
							<String ID="string_73" HPOS="557" VPOS="346" WIDTH="42" HEIGHT="21" WC="0.96" CONTENT="Det"/><SP WIDTH="15" VPOS="346" HPOS="599"/>
							<String ID="string_74" HPOS="614" VPOS="346" WIDTH="42" HEIGHT="21" WC="0.96" CONTENT="kan"/><SP WIDTH="16" VPOS="346" HPOS="656"/>
							<String ID="string_75" HPOS="672" VPOS="346" WIDTH="29" HEIGHT="21" WC="0.93" CONTENT="bli"/><SP WIDTH="15" VPOS="346" HPOS="701"/>
							<String ID="string_76" HPOS="716" VPOS="346" WIDTH="60" HEIGHT="26" WC="0.96" CONTENT="fråga"/><SP WIDTH="8" VPOS="346" HPOS="776"/>
							<String ID="string_77" HPOS="784" VPOS="353" WIDTH="41" HEIGHT="18" WC="0.93" CONTENT="om,"/><SP WIDTH="16" VPOS="353" HPOS="825"/>
							<String ID="string_78" HPOS="841" VPOS="346" WIDTH="38" HEIGHT="20" WC="0.92" CONTENT="hu-"/>
						</TextLine>
						<TextLine ID="line_8" HPOS="52" VPOS="374" WIDTH="827" HEIGHT="28">
							<String ID="string_79" HPOS="52" VPOS="377" WIDTH="75" HEIGHT="21" WC="0.91" CONTENT="ruvida"/><SP WIDTH="15" VPOS="377" HPOS="127"/>
							<String ID="string_80" HPOS="142" VPOS="376" WIDTH="230" HEIGHT="26" WC="0.92" CONTENT="fortbildningskurser"/><SP WIDTH="23" VPOS="376" HPOS="372"/>
							<String ID="string_81" HPOS="395" VPOS="376" WIDTH="61" HEIGHT="20" WC="0.93" CONTENT="skola"/><SP WIDTH="14" VPOS="376" HPOS="456"/>
							<String ID="string_82" HPOS="470" VPOS="375" WIDTH="65" HEIGHT="21" WC="0.90" CONTENT="blifva"/><SP WIDTH="16" VPOS="375" HPOS="535"/>
							<String ID="string_83" HPOS="551" VPOS="375" WIDTH="122" HEIGHT="21" WC="0.92" CONTENT="anordnade"/><SP WIDTH="17" VPOS="375" HPOS="673"/>
							<String ID="string_84" HPOS="690" VPOS="375" WIDTH="6" HEIGHT="21" WC="0.96" CONTENT="i"/><SP WIDTH="16" VPOS="375" HPOS="696"/>
							<String ID="string_85" HPOS="712" VPOS="375" WIDTH="102" HEIGHT="21" WC="0.96" CONTENT="samband"/><SP WIDTH="18" VPOS="375" HPOS="814"/>
							<String ID="string_86" HPOS="832" VPOS="374" WIDTH="47" HEIGHT="22" WC="0.96" CONTENT="med"/>
						</TextLine>
						<TextLine ID="line_9" HPOS="50" VPOS="403" WIDTH="831" HEIGHT="27">
							<String ID="string_87" HPOS="50" VPOS="406" WIDTH="156" HEIGHT="24" WC="0.92" CONTENT="folkskolorna,"/><SP WIDTH="17" VPOS="406" HPOS="206"/>
							<String ID="string_88" HPOS="223" VPOS="405" WIDTH="52" HEIGHT="21" WC="0.96" CONTENT="eller"/><SP WIDTH="16" VPOS="405" HPOS="275"/>
							<String ID="string_89" HPOS="291" VPOS="411" WIDTH="44" HEIGHT="15" WC="0.93" CONTENT="som"/><SP WIDTH="16" VPOS="411" HPOS="335"/>
							<String ID="string_90" HPOS="351" VPOS="404" WIDTH="115" HEIGHT="21" WC="0.92" CONTENT="fristäende"/><SP WIDTH="20" VPOS="404" HPOS="466"/>
							<String ID="string_91" HPOS="486" VPOS="404" WIDTH="105" HEIGHT="23" WC="0.91" CONTENT="läroverk,"/><SP WIDTH="16" VPOS="404" HPOS="591"/>
							<String ID="string_92" HPOS="607" VPOS="404" WIDTH="69" HEIGHT="20" WC="0.92" CONTENT="säsom"/><SP WIDTH="17" VPOS="404" HPOS="676"/>
							<String ID="string_93" HPOS="693" VPOS="403" WIDTH="138" HEIGHT="27" WC="0.92" CONTENT="aftonskolor,"/><SP WIDTH="17" VPOS="403" HPOS="831"/>
							<String ID="string_94" HPOS="848" VPOS="403" WIDTH="33" HEIGHT="21" WC="0.92" CONTENT="sä-"/>
						</TextLine>
						<TextLine ID="line_10" HPOS="50" VPOS="432" WIDTH="830" HEIGHT="27">
							<String ID="string_95" HPOS="50" VPOS="441" WIDTH="46" HEIGHT="14" WC="0.93" CONTENT="som"/><SP WIDTH="15" VPOS="441" HPOS="96"/>
							<String ID="string_96" HPOS="111" VPOS="434" WIDTH="153" HEIGHT="25" WC="0.92" CONTENT="vinterkurser,"/><SP WIDTH="17" VPOS="434" HPOS="264"/>
							<String ID="string_97" HPOS="281" VPOS="434" WIDTH="52" HEIGHT="20" WC="0.93" CONTENT="eller"/><SP WIDTH="15" VPOS="434" HPOS="333"/>
							<String ID="string_98" HPOS="348" VPOS="433" WIDTH="69" HEIGHT="21" WC="0.96" CONTENT="såsom"/><SP WIDTH="17" VPOS="433" HPOS="417"/>
							<String ID="string_99" HPOS="434" VPOS="432" WIDTH="170" HEIGHT="22" WC="0.93" CONTENT="sommarkurser"/><SP WIDTH="16" VPOS="432" HPOS="604"/>
							<String ID="string_100" HPOS="620" VPOS="439" WIDTH="18" HEIGHT="14" WC="0.96" CONTENT="o."/><SP WIDTH="17" VPOS="439" HPOS="638"/>
							<String ID="string_101" HPOS="655" VPOS="438" WIDTH="16" HEIGHT="14" WC="0.96" CONTENT="s."/><SP WIDTH="16" VPOS="438" HPOS="671"/>
							<String ID="string_102" HPOS="687" VPOS="438" WIDTH="18" HEIGHT="14" WC="0.91" CONTENT="v."/><SP WIDTH="31" VPOS="438" HPOS="705"/>
							<String ID="string_103" HPOS="736" VPOS="432" WIDTH="60" HEIGHT="21" WC="0.96" CONTENT="Flere"/><SP WIDTH="18" VPOS="432" HPOS="796"/>
							<String ID="string_104" HPOS="814" VPOS="433" WIDTH="66" HEIGHT="21" WC="0.96" CONTENT="andra"/>
						</TextLine>
						<TextLine ID="line_11" HPOS="51" VPOS="461" WIDTH="829" HEIGHT="29">
							<String ID="string_105" HPOS="51" VPOS="462" WIDTH="104" HEIGHT="28" WC="0.91" CONTENT="spörsmäl"/><SP WIDTH="23" VPOS="462" HPOS="155"/>
							<String ID="string_106" HPOS="178" VPOS="462" WIDTH="107" HEIGHT="26" WC="0.92" CONTENT="uppställa"/><SP WIDTH="23" VPOS="462" HPOS="285"/>
							<String ID="string_107" HPOS="308" VPOS="462" WIDTH="38" HEIGHT="27" WC="0.93" CONTENT="sig,"/><SP WIDTH="24" VPOS="462" HPOS="346"/>
							<String ID="string_108" HPOS="370" VPOS="462" WIDTH="82" HEIGHT="20" WC="0.92" CONTENT="hvilkas"/><SP WIDTH="17" VPOS="462" HPOS="452"/>
							<String ID="string_109" HPOS="469" VPOS="467" WIDTH="123" HEIGHT="21" WC="0.92" CONTENT="noggranna"/><SP WIDTH="15" VPOS="467" HPOS="592"/>
							<String ID="string_110" HPOS="607" VPOS="461" WIDTH="128" HEIGHT="21" WC="0.92" CONTENT="studerande"/><SP WIDTH="17" VPOS="461" HPOS="735"/>
							<String ID="string_111" HPOS="752" VPOS="462" WIDTH="60" HEIGHT="20" WC="0.96" CONTENT="torde"/><SP WIDTH="16" VPOS="462" HPOS="812"/>
							<String ID="string_112" HPOS="828" VPOS="467" WIDTH="52" HEIGHT="15" WC="0.96" CONTENT="vara"/>
						</TextLine>
						<TextLine ID="line_12" HPOS="50" VPOS="490" WIDTH="831" HEIGHT="27">
							<String ID="string_113" HPOS="50" VPOS="492" WIDTH="24" HEIGHT="20" WC="0.93" CONTENT="af"/><SP WIDTH="13" VPOS="492" HPOS="74"/>
							<String ID="string_114" HPOS="87" VPOS="492" WIDTH="76" HEIGHT="20" WC="0.95" CONTENT="nöden."/><SP WIDTH="31" VPOS="492" HPOS="163"/>
							<String ID="string_115" HPOS="194" VPOS="491" WIDTH="35" HEIGHT="21" WC="0.93" CONTENT="Uti"/><SP WIDTH="25" VPOS="491" HPOS="229"/>
							<String ID="string_116" HPOS="254" VPOS="491" WIDTH="93" HEIGHT="21" WC="0.93" CONTENT="Schweiz"/><SP WIDTH="23" VPOS="491" HPOS="347"/>
							<String ID="string_117" HPOS="370" VPOS="493" WIDTH="14" HEIGHT="18" WC="0.92" CONTENT="t."/><SP WIDTH="18" VPOS="493" HPOS="384"/>
							<String ID="string_118" HPOS="402" VPOS="497" WIDTH="31" HEIGHT="14" WC="0.96" CONTENT="ex."/><SP WIDTH="17" VPOS="497" HPOS="433"/>
							<String ID="string_119" HPOS="450" VPOS="490" WIDTH="39" HEIGHT="21" WC="0.93" CONTENT="har"/><SP WIDTH="15" VPOS="490" HPOS="489"/>
							<String ID="string_120" HPOS="504" VPOS="490" WIDTH="327" HEIGHT="27" WC="0.91" CONTENT="fortbildningsundervisningen"/><SP WIDTH="17" VPOS="490" HPOS="831"/>
							<String ID="string_121" HPOS="848" VPOS="496" WIDTH="33" HEIGHT="14" WC="0.92" CONTENT="re-"/>
						</TextLine>
						<TextLine ID="line_13" HPOS="51" VPOS="518" WIDTH="829" HEIGHT="28">
							<String ID="string_122" HPOS="51" VPOS="521" WIDTH="42" HEIGHT="20" WC="0.92" CONTENT="dan"/><SP WIDTH="15" VPOS="521" HPOS="93"/>
							<String ID="string_123" HPOS="108" VPOS="520" WIDTH="92" HEIGHT="26" WC="0.91" CONTENT="fortgätt"/><SP WIDTH="15" VPOS="520" HPOS="200"/>
							<String ID="string_124" HPOS="215" VPOS="520" WIDTH="68" HEIGHT="20" WC="0.96" CONTENT="under"/><SP WIDTH="14" VPOS="520" HPOS="283"/>
							<String ID="string_125" HPOS="297" VPOS="519" WIDTH="82" HEIGHT="27" WC="0.93" CONTENT="ganska"/><SP WIDTH="16" VPOS="519" HPOS="379"/>
							<String ID="string_126" HPOS="395" VPOS="519" WIDTH="49" HEIGHT="26" WC="0.93" CONTENT="läng"/><SP WIDTH="15" VPOS="519" HPOS="444"/>
							<String ID="string_127" HPOS="459" VPOS="519" WIDTH="31" HEIGHT="20" WC="0.96" CONTENT="tid"/><SP WIDTH="17" VPOS="519" HPOS="490"/>
							<String ID="string_128" HPOS="507" VPOS="518" WIDTH="40" HEIGHT="21" WC="0.96" CONTENT="och"/><SP WIDTH="19" VPOS="518" HPOS="547"/>
							<String ID="string_129" HPOS="566" VPOS="518" WIDTH="66" HEIGHT="21" WC="0.93" CONTENT="redan"/><SP WIDTH="17" VPOS="518" HPOS="632"/>
							<String ID="string_130" HPOS="649" VPOS="518" WIDTH="73" HEIGHT="20" WC="0.91" CONTENT="vunnit"/><SP WIDTH="16" VPOS="518" HPOS="722"/>
							<String ID="string_131" HPOS="738" VPOS="520" WIDTH="45" HEIGHT="19" WC="0.93" CONTENT="stor"/><SP WIDTH="16" VPOS="520" HPOS="783"/>
							<String ID="string_132" HPOS="799" VPOS="519" WIDTH="81" HEIGHT="20" WC="0.92" CONTENT="anslut-"/>
						</TextLine>
						<TextLine ID="line_14" HPOS="52" VPOS="547" WIDTH="828" HEIGHT="28">
							<String ID="string_133" HPOS="52" VPOS="549" WIDTH="55" HEIGHT="26" WC="0.95" CONTENT="ning."/><SP WIDTH="31" VPOS="549" HPOS="107"/>
							<String ID="string_134" HPOS="138" VPOS="548" WIDTH="10" HEIGHT="21" WC="0.96" CONTENT="I"/><SP WIDTH="23" VPOS="548" HPOS="148"/>
							<String ID="string_135" HPOS="171" VPOS="548" WIDTH="62" HEIGHT="27" WC="0.95" CONTENT="tyska"/><SP WIDTH="24" VPOS="548" HPOS="233"/>
							<String ID="string_136" HPOS="257" VPOS="548" WIDTH="95" HEIGHT="21" WC="0.96" CONTENT="Schweiz"/><SP WIDTH="23" VPOS="548" HPOS="352"/>
							<String ID="string_137" HPOS="375" VPOS="547" WIDTH="67" HEIGHT="21" WC="0.93" CONTENT="finnas"/><SP WIDTH="16" VPOS="547" HPOS="442"/>
							<String ID="string_138" HPOS="458" VPOS="547" WIDTH="55" HEIGHT="21" WC="0.90" CONTENT="både"/><SP WIDTH="16" VPOS="547" HPOS="513"/>
							<String ID="string_139" HPOS="529" VPOS="547" WIDTH="228" HEIGHT="26" WC="0.92" CONTENT="fortbildningskurser"/><SP WIDTH="16" VPOS="547" HPOS="757"/>
							<String ID="string_140" HPOS="773" VPOS="548" WIDTH="38" HEIGHT="19" WC="0.93" CONTENT="och"/><SP WIDTH="17" VPOS="548" HPOS="811"/>
							<String ID="string_141" HPOS="828" VPOS="548" WIDTH="52" HEIGHT="19" WC="0.92" CONTENT="fort-"/>
						</TextLine>
						<TextLine ID="line_15" HPOS="52" VPOS="575" WIDTH="829" HEIGHT="28">
							<String ID="string_142" HPOS="52" VPOS="577" WIDTH="180" HEIGHT="26" WC="0.92" CONTENT="bildningsskolor"/><SP WIDTH="8" VPOS="577" HPOS="232"/>
							<String ID="string_143" HPOS="240" VPOS="577" WIDTH="67" HEIGHT="20" WC="0.96" CONTENT="under"/><SP WIDTH="16" VPOS="577" HPOS="307"/>
							<String ID="string_144" HPOS="323" VPOS="576" WIDTH="57" HEIGHT="21" WC="0.93" CONTENT="olika"/><SP WIDTH="16" VPOS="576" HPOS="380"/>
							<String ID="string_145" HPOS="396" VPOS="576" WIDTH="163" HEIGHT="25" WC="0.91" CONTENT="benämningar:"/><SP WIDTH="19" VPOS="576" HPOS="559"/>
							<String ID="string_146" HPOS="578" VPOS="575" WIDTH="113" HEIGHT="21" WC="0.92" CONTENT="Fortbildu"/><SP WIDTH="64" VPOS="575" HPOS="691"/>
							<String ID="string_147" HPOS="755" VPOS="575" WIDTH="69" HEIGHT="26" WC="0.91" CONTENT="hulen,"/><SP WIDTH="17" VPOS="575" HPOS="824"/>
							<String ID="string_148" HPOS="841" VPOS="575" WIDTH="40" HEIGHT="21" WC="0.92" CONTENT="Er-"/>
						</TextLine>
						<TextLine ID="line_16" HPOS="50" VPOS="603" WIDTH="831" HEIGHT="29">
							<String ID="string_149" HPOS="50" VPOS="605" WIDTH="204" HEIGHT="27" WC="0.85" CONTENT="gänzungsschulen,"/><SP WIDTH="15" VPOS="605" HPOS="254"/>
							<String ID="string_150" HPOS="269" VPOS="605" WIDTH="228" HEIGHT="27" WC="0.90" CONTENT="Repetitionssehulen,"/><SP WIDTH="12" VPOS="605" HPOS="497"/>
							<String ID="string_151" HPOS="509" VPOS="604" WIDTH="183" HEIGHT="24" WC="0.91" CONTENT="Rekrutenkurse,"/><SP WIDTH="10" VPOS="604" HPOS="692"/>
							<String ID="string_152" HPOS="702" VPOS="603" WIDTH="179" HEIGHT="28" WC="0.75" CONTENT="Sekundensehu-"/>
						</TextLine>
						<TextLine ID="line_17" HPOS="51" VPOS="633" WIDTH="829" HEIGHT="27">
							<String ID="string_153" HPOS="51" VPOS="635" WIDTH="32" HEIGHT="20" WC="0.93" CONTENT="len"/><SP WIDTH="13" VPOS="635" HPOS="83"/>
							<String ID="string_154" HPOS="96" VPOS="637" WIDTH="46" HEIGHT="23" WC="0.83" CONTENT="etc.,"/><SP WIDTH="16" VPOS="637" HPOS="142"/>
							<String ID="string_155" HPOS="158" VPOS="635" WIDTH="6" HEIGHT="20" WC="0.96" CONTENT="i"/><SP WIDTH="21" VPOS="635" HPOS="164"/>
							<String ID="string_156" HPOS="185" VPOS="634" WIDTH="88" HEIGHT="21" WC="0.96" CONTENT="franska"/><SP WIDTH="13" VPOS="634" HPOS="273"/>
							<String ID="string_157" HPOS="286" VPOS="633" WIDTH="95" HEIGHT="22" WC="0.92" CONTENT="Schweiz"/><SP WIDTH="19" VPOS="633" HPOS="381"/>
							<String ID="string_158" HPOS="400" VPOS="633" WIDTH="75" HEIGHT="21" WC="0.91" CONTENT="Ecoles"/><SP WIDTH="17" VPOS="633" HPOS="475"/>
							<String ID="string_159" HPOS="492" VPOS="633" WIDTH="205" HEIGHT="26" WC="0.32" CONTENT="complementaires,"/><SP WIDTH="20" VPOS="633" HPOS="697"/>
							<String ID="string_160" HPOS="717" VPOS="633" WIDTH="75" HEIGHT="21" WC="0.72" CONTENT="Ecoles"/><SP WIDTH="16" VPOS="633" HPOS="792"/>
							<String ID="string_161" HPOS="808" VPOS="633" WIDTH="72" HEIGHT="20" WC="0.91" CONTENT="sécon-"/>
						</TextLine>
						<TextLine ID="line_18" HPOS="52" VPOS="661" WIDTH="829" HEIGHT="28">
							<String ID="string_162" HPOS="52" VPOS="663" WIDTH="75" HEIGHT="26" WC="0.92" CONTENT="daires,"/><SP WIDTH="17" VPOS="663" HPOS="127"/>
							<String ID="string_163" HPOS="144" VPOS="669" WIDTH="18" HEIGHT="14" WC="0.81" CONTENT="o."/><SP WIDTH="18" VPOS="669" HPOS="162"/>
							<String ID="string_164" HPOS="180" VPOS="669" WIDTH="15" HEIGHT="14" WC="0.96" CONTENT="s."/><SP WIDTH="16" VPOS="669" HPOS="195"/>
							<String ID="string_165" HPOS="211" VPOS="669" WIDTH="19" HEIGHT="14" WC="0.88" CONTENT="v."/><SP WIDTH="33" VPOS="669" HPOS="230"/>
							<String ID="string_166" HPOS="263" VPOS="662" WIDTH="35" HEIGHT="21" WC="0.95" CONTENT="Uti"/><SP WIDTH="16" VPOS="662" HPOS="298"/>
							<String ID="string_167" HPOS="314" VPOS="662" WIDTH="96" HEIGHT="21" WC="0.93" CONTENT="Schweiz"/><SP WIDTH="23" VPOS="662" HPOS="410"/>
							<String ID="string_168" HPOS="433" VPOS="661" WIDTH="76" HEIGHT="21" WC="0.96" CONTENT="funnos"/><SP WIDTH="18" VPOS="661" HPOS="509"/>
							<String ID="string_169" HPOS="527" VPOS="661" WIDTH="23" HEIGHT="21" WC="0.95" CONTENT="är"/><SP WIDTH="18" VPOS="661" HPOS="550"/>
							<String ID="string_170" HPOS="568" VPOS="661" WIDTH="53" HEIGHT="21" WC="0.96" CONTENT="1889"/><SP WIDTH="18" VPOS="661" HPOS="621"/>
							<String ID="string_171" HPOS="639" VPOS="661" WIDTH="58" HEIGHT="21" WC="0.95" CONTENT="öfver"/><SP WIDTH="16" VPOS="661" HPOS="697"/>
							<String ID="string_172" HPOS="713" VPOS="662" WIDTH="63" HEIGHT="23" WC="0.93" CONTENT="8,300"/><SP WIDTH="15" VPOS="662" HPOS="776"/>
							<String ID="string_173" HPOS="791" VPOS="662" WIDTH="90" HEIGHT="25" WC="0.92" CONTENT="primär-"/>
						</TextLine>
						<TextLine ID="line_19" HPOS="51" VPOS="689" WIDTH="830" HEIGHT="28">
							<String ID="string_174" HPOS="51" VPOS="692" WIDTH="73" HEIGHT="21" WC="0.92" CONTENT="skolor"/><SP WIDTH="15" VPOS="692" HPOS="124"/>
							<String ID="string_175" HPOS="139" VPOS="691" WIDTH="48" HEIGHT="21" WC="0.93" CONTENT="med"/><SP WIDTH="17" VPOS="691" HPOS="187"/>
							<String ID="string_176" HPOS="204" VPOS="698" WIDTH="16" HEIGHT="14" WC="0.91" CONTENT="c."/><SP WIDTH="17" VPOS="698" HPOS="220"/>
							<String ID="string_177" HPOS="237" VPOS="691" WIDTH="92" HEIGHT="26" WC="0.92" CONTENT="475,000"/><SP WIDTH="18" VPOS="691" HPOS="329"/>
							<String ID="string_178" HPOS="347" VPOS="691" WIDTH="77" HEIGHT="25" WC="0.91" CONTENT="elever,"/><SP WIDTH="16" VPOS="691" HPOS="424"/>
							<String ID="string_179" HPOS="440" VPOS="692" WIDTH="56" HEIGHT="19" WC="0.93" CONTENT="samt"/><SP WIDTH="15" VPOS="692" HPOS="496"/>
							<String ID="string_180" HPOS="511" VPOS="691" WIDTH="80" HEIGHT="20" WC="0.93" CONTENT="inemot"/><SP WIDTH="18" VPOS="691" HPOS="591"/>
							<String ID="string_181" HPOS="609" VPOS="691" WIDTH="61" HEIGHT="24" WC="0.92" CONTENT="1,800"/><SP WIDTH="11" VPOS="691" HPOS="670"/>
							<String ID="string_182" HPOS="681" VPOS="689" WIDTH="200" HEIGHT="28" WC="0.92" CONTENT="fortbildningssko-"/>
						</TextLine>
						<TextLine ID="line_20" HPOS="52" VPOS="718" WIDTH="831" HEIGHT="27">
							<String ID="string_183" HPOS="52" VPOS="721" WIDTH="33" HEIGHT="20" WC="0.91" CONTENT="lor"/><SP WIDTH="16" VPOS="721" HPOS="85"/>
							<String ID="string_184" HPOS="101" VPOS="721" WIDTH="48" HEIGHT="20" WC="0.95" CONTENT="med"/><SP WIDTH="16" VPOS="721" HPOS="149"/>
							<String ID="string_185" HPOS="165" VPOS="720" WIDTH="97" HEIGHT="25" WC="0.93" CONTENT="omkring"/><SP WIDTH="16" VPOS="720" HPOS="262"/>
							<String ID="string_186" HPOS="278" VPOS="720" WIDTH="78" HEIGHT="25" WC="0.91" CONTENT="62,000"/><SP WIDTH="16" VPOS="720" HPOS="356"/>
							<String ID="string_187" HPOS="372" VPOS="719" WIDTH="114" HEIGHT="26" WC="0.95" CONTENT="lärjungar."/><SP WIDTH="31" VPOS="719" HPOS="486"/>
							<String ID="string_188" HPOS="517" VPOS="719" WIDTH="41" HEIGHT="26" WC="0.93" CONTENT="Jag"/><SP WIDTH="15" VPOS="719" HPOS="558"/>
							<String ID="string_189" HPOS="573" VPOS="719" WIDTH="57" HEIGHT="20" WC="0.95" CONTENT="inser"/><SP WIDTH="15" VPOS="719" HPOS="630"/>
							<String ID="string_190" HPOS="645" VPOS="719" WIDTH="129" HEIGHT="26" WC="0.95" CONTENT="visserligen,"/><SP WIDTH="13" VPOS="719" HPOS="774"/>
							<String ID="string_191" HPOS="787" VPOS="721" WIDTH="32" HEIGHT="18" WC="0.93" CONTENT="att"/><SP WIDTH="16" VPOS="721" HPOS="819"/>
							<String ID="string_192" HPOS="835" VPOS="718" WIDTH="48" HEIGHT="21" WC="0.95" CONTENT="vårt"/>
						</TextLine>
						<TextLine ID="line_21" HPOS="54" VPOS="747" WIDTH="828" HEIGHT="28">
							<String ID="string_193" HPOS="54" VPOS="749" WIDTH="50" HEIGHT="20" WC="0.95" CONTENT="land"/><SP WIDTH="16" VPOS="749" HPOS="104"/>
							<String ID="string_194" HPOS="120" VPOS="749" WIDTH="26" HEIGHT="26" WC="0.92" CONTENT="pä"/><SP WIDTH="16" VPOS="749" HPOS="146"/>
							<String ID="string_195" HPOS="162" VPOS="748" WIDTH="50" HEIGHT="27" WC="0.96" CONTENT="lång"/><SP WIDTH="16" VPOS="748" HPOS="212"/>
							<String ID="string_196" HPOS="228" VPOS="749" WIDTH="31" HEIGHT="20" WC="0.93" CONTENT="tid"/><SP WIDTH="16" VPOS="749" HPOS="259"/>
							<String ID="string_197" HPOS="275" VPOS="749" WIDTH="46" HEIGHT="20" WC="0.96" CONTENT="icke"/><SP WIDTH="16" VPOS="749" HPOS="321"/>
							<String ID="string_198" HPOS="337" VPOS="749" WIDTH="42" HEIGHT="20" WC="0.96" CONTENT="kan"/><SP WIDTH="23" VPOS="749" HPOS="379"/>
							<String ID="string_199" HPOS="402" VPOS="749" WIDTH="86" HEIGHT="20" WC="0.96" CONTENT="komma"/><SP WIDTH="16" VPOS="749" HPOS="488"/>
							<String ID="string_200" HPOS="504" VPOS="748" WIDTH="32" HEIGHT="20" WC="0.96" CONTENT="till"/><SP WIDTH="16" VPOS="748" HPOS="536"/>
							<String ID="string_201" HPOS="552" VPOS="753" WIDTH="81" HEIGHT="15" WC="0.93" CONTENT="samma"/><SP WIDTH="16" VPOS="753" HPOS="633"/>
							<String ID="string_202" HPOS="649" VPOS="747" WIDTH="131" HEIGHT="27" WC="0.96" CONTENT="ståndpunkt"/><SP WIDTH="15" VPOS="747" HPOS="780"/>
							<String ID="string_203" HPOS="795" VPOS="747" WIDTH="27" HEIGHT="26" WC="0.93" CONTENT="pä"/><SP WIDTH="16" VPOS="747" HPOS="822"/>
							<String ID="string_204" HPOS="838" VPOS="753" WIDTH="44" HEIGHT="15" WC="0.92" CONTENT="om-"/>
						</TextLine>
						<TextLine ID="line_22" HPOS="53" VPOS="776" WIDTH="830" HEIGHT="27">
							<String ID="string_205" HPOS="53" VPOS="777" WIDTH="61" HEIGHT="21" WC="0.90" CONTENT="rädet"/><SP WIDTH="23" VPOS="777" HPOS="114"/>
							<String ID="string_206" HPOS="137" VPOS="777" WIDTH="33" HEIGHT="21" WC="0.93" CONTENT="för"/><SP WIDTH="23" VPOS="777" HPOS="170"/>
							<String ID="string_207" HPOS="193" VPOS="777" WIDTH="191" HEIGHT="26" WC="0.90" CONTENT="sekundärskolan,"/><SP WIDTH="24" VPOS="777" HPOS="384"/>
							<String ID="string_208" HPOS="408" VPOS="783" WIDTH="48" HEIGHT="14" WC="0.95" CONTENT="men"/><SP WIDTH="20" VPOS="783" HPOS="456"/>
							<String ID="string_209" HPOS="476" VPOS="777" WIDTH="35" HEIGHT="20" WC="0.95" CONTENT="det"/><SP WIDTH="17" VPOS="777" HPOS="511"/>
							<String ID="string_210" HPOS="528" VPOS="776" WIDTH="61" HEIGHT="21" WC="0.96" CONTENT="torde"/><SP WIDTH="16" VPOS="776" HPOS="589"/>
							<String ID="string_211" HPOS="605" VPOS="782" WIDTH="50" HEIGHT="15" WC="0.96" CONTENT="vara"/><SP WIDTH="16" VPOS="782" HPOS="655"/>
							<String ID="string_212" HPOS="671" VPOS="776" WIDTH="46" HEIGHT="21" WC="0.96" CONTENT="skäl"/><SP WIDTH="15" VPOS="776" HPOS="717"/>
							<String ID="string_213" HPOS="732" VPOS="778" WIDTH="38" HEIGHT="22" WC="0.96" CONTENT="att,"/><SP WIDTH="16" VPOS="778" HPOS="770"/>
							<String ID="string_214" HPOS="786" VPOS="778" WIDTH="38" HEIGHT="19" WC="0.92" CONTENT="när"/><SP WIDTH="16" VPOS="778" HPOS="824"/>
							<String ID="string_215" HPOS="840" VPOS="776" WIDTH="43" HEIGHT="21" WC="0.92" CONTENT="frä-"/>
						</TextLine>
						<TextLine ID="line_23" HPOS="51" VPOS="804" WIDTH="832" HEIGHT="28">
							<String ID="string_216" HPOS="51" VPOS="812" WIDTH="42" HEIGHT="20" WC="0.91" CONTENT="gan"/><SP WIDTH="23" VPOS="812" HPOS="93"/>
							<String ID="string_217" HPOS="116" VPOS="806" WIDTH="100" HEIGHT="26" WC="0.93" CONTENT="slutligen"/><SP WIDTH="24" VPOS="806" HPOS="216"/>
							<String ID="string_218" HPOS="240" VPOS="806" WIDTH="90" HEIGHT="26" WC="0.61" CONTENT="afoöres,"/><SP WIDTH="24" VPOS="806" HPOS="330"/>
							<String ID="string_219" HPOS="354" VPOS="805" WIDTH="60" HEIGHT="21" WC="0.95" CONTENT="äfven"/><SP WIDTH="18" VPOS="805" HPOS="414"/>
							<String ID="string_220" HPOS="432" VPOS="805" WIDTH="25" HEIGHT="21" WC="0.96" CONTENT="de"/><SP WIDTH="24" VPOS="805" HPOS="457"/>
							<String ID="string_221" HPOS="481" VPOS="805" WIDTH="97" HEIGHT="25" WC="0.96" CONTENT="resultat,"/><SP WIDTH="22" VPOS="805" HPOS="578"/>
							<String ID="string_222" HPOS="600" VPOS="811" WIDTH="44" HEIGHT="14" WC="0.96" CONTENT="som"/><SP WIDTH="17" VPOS="811" HPOS="644"/>
							<String ID="string_223" HPOS="661" VPOS="811" WIDTH="48" HEIGHT="14" WC="0.96" CONTENT="man"/><SP WIDTH="16" VPOS="811" HPOS="709"/>
							<String ID="string_224" HPOS="725" VPOS="805" WIDTH="6" HEIGHT="20" WC="0.94" CONTENT="i"/><SP WIDTH="16" VPOS="805" HPOS="731"/>
							<String ID="string_225" HPOS="747" VPOS="804" WIDTH="92" HEIGHT="21" WC="0.93" CONTENT="Schweiz"/><SP WIDTH="16" VPOS="804" HPOS="839"/>
							<String ID="string_226" HPOS="855" VPOS="817" WIDTH="28" HEIGHT="2" WC="0.91" CONTENT="—"/>
						</TextLine>
						<TextLine ID="line_24" HPOS="52" VPOS="833" WIDTH="831" HEIGHT="27">
							<String ID="string_227" HPOS="52" VPOS="835" WIDTH="62" HEIGHT="20" WC="0.93" CONTENT="detta"/><SP WIDTH="15" VPOS="835" HPOS="114"/>
							<String ID="string_228" HPOS="129" VPOS="835" WIDTH="266" HEIGHT="25" WC="0.92" CONTENT="folkskolepedagogikens"/><SP WIDTH="16" VPOS="835" HPOS="395"/>
							<String ID="string_229" HPOS="411" VPOS="834" WIDTH="118" HEIGHT="20" WC="0.92" CONTENT="förlofvade"/><SP WIDTH="16" VPOS="834" HPOS="529"/>
							<String ID="string_230" HPOS="545" VPOS="833" WIDTH="57" HEIGHT="26" WC="0.92" CONTENT="land,"/><SP WIDTH="17" VPOS="833" HPOS="602"/>
							<String ID="string_231" HPOS="619" VPOS="846" WIDTH="27" HEIGHT="2" WC="0.90" CONTENT="—"/><SP WIDTH="15" VPOS="846" HPOS="646"/>
							<String ID="string_232" HPOS="661" VPOS="833" WIDTH="89" HEIGHT="21" WC="0.83" CONTENT="kommit"/><SP WIDTH="16" VPOS="833" HPOS="750"/>
							<String ID="string_233" HPOS="766" VPOS="833" WIDTH="38" HEIGHT="26" WC="0.93" CONTENT="till,"/><SP WIDTH="12" VPOS="833" HPOS="804"/>
							<String ID="string_234" HPOS="816" VPOS="833" WIDTH="67" HEIGHT="21" WC="0.92" CONTENT="mätte"/>
						</TextLine>
						<TextLine ID="line_25" HPOS="53" VPOS="862" WIDTH="830" HEIGHT="28">
							<String ID="string_235" HPOS="53" VPOS="866" WIDTH="63" HEIGHT="24" WC="0.95" CONTENT="tagas"/><SP WIDTH="16" VPOS="866" HPOS="116"/>
							<String ID="string_236" HPOS="132" VPOS="863" WIDTH="81" HEIGHT="27" WC="0.96" CONTENT="hänsyn"/><SP WIDTH="17" VPOS="863" HPOS="213"/>
							<String ID="string_237" HPOS="230" VPOS="863" WIDTH="38" HEIGHT="21" WC="0.96" CONTENT="till."/><SP WIDTH="32" VPOS="863" HPOS="268"/>
							<String ID="string_238" HPOS="300" VPOS="863" WIDTH="41" HEIGHT="26" WC="0.96" CONTENT="Jag"/><SP WIDTH="16" VPOS="863" HPOS="341"/>
							<String ID="string_239" HPOS="357" VPOS="863" WIDTH="35" HEIGHT="20" WC="0.96" CONTENT="vill"/><SP WIDTH="17" VPOS="863" HPOS="392"/>
							<String ID="string_240" HPOS="409" VPOS="862" WIDTH="54" HEIGHT="21" WC="0.96" CONTENT="dock"/><SP WIDTH="15" VPOS="862" HPOS="463"/>
							<String ID="string_241" HPOS="478" VPOS="862" WIDTH="47" HEIGHT="21" WC="0.96" CONTENT="icke"/><SP WIDTH="20" VPOS="862" HPOS="525"/>
							<String ID="string_242" HPOS="545" VPOS="862" WIDTH="115" HEIGHT="26" WC="0.96" CONTENT="uppehålla"/><SP WIDTH="16" VPOS="862" HPOS="660"/>
							<String ID="string_243" HPOS="676" VPOS="862" WIDTH="42" HEIGHT="26" WC="0.93" CONTENT="mig"/><SP WIDTH="15" VPOS="862" HPOS="718"/>
							<String ID="string_244" HPOS="733" VPOS="862" WIDTH="81" HEIGHT="25" WC="0.96" CONTENT="härvid,"/><SP WIDTH="17" VPOS="862" HPOS="814"/>
							<String ID="string_245" HPOS="831" VPOS="863" WIDTH="52" HEIGHT="19" WC="0.96" CONTENT="utan"/>
						</TextLine>
						<TextLine ID="line_26" HPOS="52" VPOS="890" WIDTH="829" HEIGHT="28">
							<String ID="string_246" HPOS="52" VPOS="892" WIDTH="39" HEIGHT="26" WC="0.90" CONTENT="gär"/><SP WIDTH="23" VPOS="892" HPOS="91"/>
							<String ID="string_247" HPOS="114" VPOS="891" WIDTH="59" HEIGHT="21" WC="0.86" CONTENT="öfver"/><SP WIDTH="23" VPOS="891" HPOS="173"/>
							<String ID="string_248" HPOS="196" VPOS="892" WIDTH="32" HEIGHT="20" WC="0.96" CONTENT="till"/><SP WIDTH="17" VPOS="892" HPOS="228"/>
							<String ID="string_249" HPOS="245" VPOS="892" WIDTH="36" HEIGHT="20" WC="0.96" CONTENT="det"/><SP WIDTH="16" VPOS="892" HPOS="281"/>
							<String ID="string_250" HPOS="297" VPOS="892" WIDTH="67" HEIGHT="20" WC="0.93" CONTENT="andra"/><SP WIDTH="15" VPOS="892" HPOS="364"/>
							<String ID="string_251" HPOS="379" VPOS="890" WIDTH="245" HEIGHT="27" WC="0.91" CONTENT="petitionsmemorialet,"/><SP WIDTH="18" VPOS="890" HPOS="624"/>
							<String ID="string_252" HPOS="642" VPOS="891" WIDTH="35" HEIGHT="20" WC="0.95" CONTENT="det"/><SP WIDTH="16" VPOS="891" HPOS="677"/>
							<String ID="string_253" HPOS="693" VPOS="890" WIDTH="22" HEIGHT="21" WC="0.96" CONTENT="af"/><SP WIDTH="15" VPOS="890" HPOS="715"/>
							<String ID="string_254" HPOS="730" VPOS="891" WIDTH="32" HEIGHT="20" WC="0.96" CONTENT="Hr"/><SP WIDTH="15" VPOS="891" HPOS="762"/>
							<String ID="string_255" HPOS="777" VPOS="890" WIDTH="104" HEIGHT="21" WC="0.96" CONTENT="Mechelin"/>
						</TextLine>
						<TextLine ID="line_27" HPOS="53" VPOS="918" WIDTH="832" HEIGHT="28">
							<String ID="string_256" HPOS="53" VPOS="921" WIDTH="6" HEIGHT="20" WC="0.96" CONTENT="i"/><SP WIDTH="24" VPOS="921" HPOS="59"/>
							<String ID="string_257" HPOS="83" VPOS="921" WIDTH="59" HEIGHT="20" WC="0.93" CONTENT="detta"/><SP WIDTH="23" VPOS="921" HPOS="142"/>
							<String ID="string_258" HPOS="165" VPOS="920" WIDTH="120" HEIGHT="26" WC="0.92" CONTENT="Höglofliga"/><SP WIDTH="17" VPOS="920" HPOS="285"/>
							<String ID="string_259" HPOS="302" VPOS="920" WIDTH="67" HEIGHT="21" WC="0.96" CONTENT="Stånd"/><SP WIDTH="17" VPOS="920" HPOS="369"/>
							<String ID="string_260" HPOS="386" VPOS="920" WIDTH="77" HEIGHT="20" WC="0.96" CONTENT="väckta"/><SP WIDTH="16" VPOS="920" HPOS="463"/>
							<String ID="string_261" HPOS="479" VPOS="920" WIDTH="102" HEIGHT="26" WC="0.96" CONTENT="förslaget"/><SP WIDTH="17" VPOS="920" HPOS="581"/>
							<String ID="string_262" HPOS="598" VPOS="919" WIDTH="109" HEIGHT="26" WC="0.64" CONTENT="angående"/><SP WIDTH="17" VPOS="919" HPOS="707"/>
							<String ID="string_263" HPOS="724" VPOS="920" WIDTH="120" HEIGHT="20" WC="0.92" CONTENT="inrättande"/><SP WIDTH="17" VPOS="920" HPOS="844"/>
							<String ID="string_264" HPOS="861" VPOS="918" WIDTH="24" HEIGHT="21" WC="0.96" CONTENT="af"/>
						</TextLine>
						<TextLine ID="line_28" HPOS="53" VPOS="948" WIDTH="495" HEIGHT="22">
							<String ID="string_265" HPOS="53" VPOS="955" WIDTH="16" HEIGHT="15" WC="0.87" CONTENT="s."/><SP WIDTH="17" VPOS="955" HPOS="69"/>
							<String ID="string_266" HPOS="86" VPOS="949" WIDTH="19" HEIGHT="21" WC="0.90" CONTENT="k."/><SP WIDTH="17" VPOS="949" HPOS="105"/>
							<String ID="string_267" HPOS="122" VPOS="949" WIDTH="147" HEIGHT="21" WC="0.90" CONTENT="landtmanna-"/><SP WIDTH="18" VPOS="949" HPOS="269"/>
							<String ID="string_268" HPOS="287" VPOS="948" WIDTH="38" HEIGHT="21" WC="0.93" CONTENT="och"/><SP WIDTH="16" VPOS="948" HPOS="325"/>
							<String ID="string_269" HPOS="341" VPOS="948" WIDTH="207" HEIGHT="21" WC="0.89" CONTENT="husmodersskolor."/>
						</TextLine>
					</TextBlock>
					<TextBlock ID="block_2" HPOS="51" VPOS="976" WIDTH="836" HEIGHT="544">
						<TextLine ID="line_29" HPOS="122" VPOS="976" WIDTH="762" HEIGHT="28">
							<String ID="string_270" HPOS="122" VPOS="978" WIDTH="40" HEIGHT="26" WC="0.96" CONTENT="Jag"/><SP WIDTH="16" VPOS="978" HPOS="162"/>
							<String ID="string_271" HPOS="178" VPOS="979" WIDTH="35" HEIGHT="19" WC="0.96" CONTENT="vet"/><SP WIDTH="16" VPOS="979" HPOS="213"/>
							<String ID="string_272" HPOS="229" VPOS="978" WIDTH="40" HEIGHT="25" WC="0.96" CONTENT="väl,"/><SP WIDTH="17" VPOS="978" HPOS="269"/>
							<String ID="string_273" HPOS="286" VPOS="979" WIDTH="32" HEIGHT="19" WC="0.96" CONTENT="att"/><SP WIDTH="16" VPOS="979" HPOS="318"/>
							<String ID="string_274" HPOS="334" VPOS="978" WIDTH="43" HEIGHT="20" WC="0.96" CONTENT="min"/><SP WIDTH="17" VPOS="978" HPOS="377"/>
							<String ID="string_275" HPOS="394" VPOS="978" WIDTH="60" HEIGHT="25" WC="0.96" CONTENT="ringa"/><SP WIDTH="16" VPOS="978" HPOS="454"/>
							<String ID="string_276" HPOS="470" VPOS="978" WIDTH="47" HEIGHT="19" WC="0.96" CONTENT="röst"/><SP WIDTH="15" VPOS="978" HPOS="517"/>
							<String ID="string_277" HPOS="532" VPOS="976" WIDTH="46" HEIGHT="21" WC="0.96" CONTENT="icke"/><SP WIDTH="16" VPOS="976" HPOS="578"/>
							<String ID="string_278" HPOS="594" VPOS="977" WIDTH="6" HEIGHT="20" WC="0.96" CONTENT="i"/><SP WIDTH="17" VPOS="977" HPOS="600"/>
							<String ID="string_279" HPOS="617" VPOS="976" WIDTH="60" HEIGHT="21" WC="0.96" CONTENT="detta"/><SP WIDTH="11" VPOS="976" HPOS="677"/>
							<String ID="string_280" HPOS="688" VPOS="976" WIDTH="65" HEIGHT="21" WC="0.96" CONTENT="Stånd"/><SP WIDTH="11" VPOS="976" HPOS="753"/>
							<String ID="string_281" HPOS="764" VPOS="976" WIDTH="43" HEIGHT="21" WC="0.96" CONTENT="kan"/><SP WIDTH="13" VPOS="976" HPOS="807"/>
							<String ID="string_282" HPOS="820" VPOS="976" WIDTH="64" HEIGHT="21" WC="0.96" CONTENT="hafva"/>
						</TextLine>
						<TextLine ID="line_30" HPOS="51" VPOS="1005" WIDTH="832" HEIGHT="27">
							<String ID="string_283" HPOS="51" VPOS="1006" WIDTH="70" HEIGHT="26" WC="0.96" CONTENT="någon"/><SP WIDTH="15" VPOS="1006" HPOS="121"/>
							<String ID="string_284" HPOS="136" VPOS="1006" WIDTH="111" HEIGHT="26" WC="0.79" CONTENT="betydelse."/><SP WIDTH="38" VPOS="1006" HPOS="247"/>
							<String ID="string_285" HPOS="285" VPOS="1006" WIDTH="33" HEIGHT="20" WC="0.93" CONTENT="Då"/><SP WIDTH="14" VPOS="1006" HPOS="318"/>
							<String ID="string_286" HPOS="332" VPOS="1006" WIDTH="37" HEIGHT="26" WC="0.96" CONTENT="jag"/><SP WIDTH="15" VPOS="1006" HPOS="369"/>
							<String ID="string_287" HPOS="384" VPOS="1006" WIDTH="83" HEIGHT="20" WC="0.95" CONTENT="uttalar"/><SP WIDTH="16" VPOS="1006" HPOS="467"/>
							<String ID="string_288" HPOS="483" VPOS="1006" WIDTH="43" HEIGHT="26" WC="0.96" CONTENT="mig"/><SP WIDTH="16" VPOS="1006" HPOS="526"/>
							<String ID="string_289" HPOS="542" VPOS="1006" WIDTH="6" HEIGHT="20" WC="0.96" CONTENT="i"/><SP WIDTH="17" VPOS="1006" HPOS="548"/>
							<String ID="string_290" HPOS="565" VPOS="1006" WIDTH="69" HEIGHT="20" WC="0.96" CONTENT="denna"/><SP WIDTH="15" VPOS="1006" HPOS="634"/>
							<String ID="string_291" HPOS="649" VPOS="1005" WIDTH="67" HEIGHT="26" WC="0.96" CONTENT="fråga,"/><SP WIDTH="16" VPOS="1005" HPOS="716"/>
							<String ID="string_292" HPOS="732" VPOS="1005" WIDTH="49" HEIGHT="21" WC="0.96" CONTENT="sker"/><SP WIDTH="15" VPOS="1005" HPOS="781"/>
							<String ID="string_293" HPOS="796" VPOS="1005" WIDTH="36" HEIGHT="21" WC="0.93" CONTENT="det"/><SP WIDTH="16" VPOS="1005" HPOS="832"/>
							<String ID="string_294" HPOS="848" VPOS="1012" WIDTH="35" HEIGHT="14" WC="0.92" CONTENT="en-"/>
						</TextLine>
						<TextLine ID="line_31" HPOS="52" VPOS="1034" WIDTH="832" HEIGHT="27">
							<String ID="string_295" HPOS="52" VPOS="1035" WIDTH="48" HEIGHT="21" WC="0.91" CONTENT="dast"/><SP WIDTH="22" VPOS="1035" HPOS="100"/>
							<String ID="string_296" HPOS="122" VPOS="1034" WIDTH="34" HEIGHT="21" WC="0.96" CONTENT="för"/><SP WIDTH="23" VPOS="1034" HPOS="156"/>
							<String ID="string_297" HPOS="179" VPOS="1036" WIDTH="32" HEIGHT="19" WC="0.93" CONTENT="att"/><SP WIDTH="22" VPOS="1036" HPOS="211"/>
							<String ID="string_298" HPOS="233" VPOS="1034" WIDTH="138" HEIGHT="27" WC="0.90" CONTENT="ådagalägga,"/><SP WIDTH="18" VPOS="1034" HPOS="371"/>
							<String ID="string_299" HPOS="389" VPOS="1035" WIDTH="35" HEIGHT="20" WC="0.96" CONTENT="det"/><SP WIDTH="14" VPOS="1035" HPOS="424"/>
							<String ID="string_300" HPOS="438" VPOS="1035" WIDTH="37" HEIGHT="25" WC="0.96" CONTENT="jag"/><SP WIDTH="15" VPOS="1035" HPOS="475"/>
							<String ID="string_301" HPOS="490" VPOS="1034" WIDTH="54" HEIGHT="26" WC="0.96" CONTENT="icke,"/><SP WIDTH="17" VPOS="1034" HPOS="544"/>
							<String ID="string_302" HPOS="561" VPOS="1034" WIDTH="70" HEIGHT="20" WC="0.96" CONTENT="såsom"/><SP WIDTH="16" VPOS="1034" HPOS="631"/>
							<String ID="string_303" HPOS="647" VPOS="1040" WIDTH="49" HEIGHT="14" WC="0.96" CONTENT="man"/><SP WIDTH="16" VPOS="1040" HPOS="696"/>
							<String ID="string_304" HPOS="712" VPOS="1034" WIDTH="120" HEIGHT="26" WC="0.95" CONTENT="möjligtvis,"/><SP WIDTH="18" VPOS="1034" HPOS="832"/>
							<String ID="string_305" HPOS="850" VPOS="1040" WIDTH="34" HEIGHT="15" WC="0.96" CONTENT="om"/>
						</TextLine>
						<TextLine ID="line_32" HPOS="52" VPOS="1062" WIDTH="831" HEIGHT="27">
							<String ID="string_306" HPOS="52" VPOS="1064" WIDTH="46" HEIGHT="20" WC="0.95" CONTENT="icke"/><SP WIDTH="16" VPOS="1064" HPOS="98"/>
							<String ID="string_307" HPOS="114" VPOS="1064" WIDTH="45" HEIGHT="25" WC="0.96" CONTENT="här,"/><SP WIDTH="17" VPOS="1064" HPOS="159"/>
							<String ID="string_308" HPOS="176" VPOS="1063" WIDTH="23" HEIGHT="21" WC="0.96" CONTENT="så"/><SP WIDTH="16" VPOS="1063" HPOS="199"/>
							<String ID="string_309" HPOS="215" VPOS="1063" WIDTH="130" HEIGHT="21" WC="0.96" CONTENT="åtminstone"/><SP WIDTH="16" VPOS="1063" HPOS="345"/>
							<String ID="string_310" HPOS="361" VPOS="1063" WIDTH="149" HEIGHT="26" WC="0.95" CONTENT="annorstädes,"/><SP WIDTH="17" VPOS="1063" HPOS="510"/>
							<String ID="string_311" HPOS="527" VPOS="1062" WIDTH="70" HEIGHT="21" WC="0.96" CONTENT="kunde"/><SP WIDTH="19" VPOS="1062" HPOS="597"/>
							<String ID="string_312" HPOS="616" VPOS="1065" WIDTH="85" HEIGHT="24" WC="0.95" CONTENT="antaga,"/><SP WIDTH="12" VPOS="1065" HPOS="701"/>
							<String ID="string_313" HPOS="713" VPOS="1062" WIDTH="116" HEIGHT="22" WC="0.93" CONTENT="behandlat"/><SP WIDTH="11" VPOS="1062" HPOS="829"/>
							<String ID="string_314" HPOS="840" VPOS="1062" WIDTH="43" HEIGHT="21" WC="0.92" CONTENT="frå-"/>
						</TextLine>
						<TextLine ID="line_33" HPOS="52" VPOS="1091" WIDTH="831" HEIGHT="27">
							<String ID="string_315" HPOS="52" VPOS="1098" WIDTH="41" HEIGHT="20" WC="0.91" CONTENT="gan"/><SP WIDTH="22" VPOS="1098" HPOS="93"/>
							<String ID="string_316" HPOS="115" VPOS="1092" WIDTH="121" HEIGHT="26" WC="0.91" CONTENT="lättsinnigt"/><SP WIDTH="22" VPOS="1092" HPOS="236"/>
							<String ID="string_317" HPOS="258" VPOS="1092" WIDTH="39" HEIGHT="20" WC="0.93" CONTENT="och"/><SP WIDTH="16" VPOS="1092" HPOS="297"/>
							<String ID="string_318" HPOS="313" VPOS="1092" WIDTH="59" HEIGHT="20" WC="0.92" CONTENT="stödt"/><SP WIDTH="15" VPOS="1092" HPOS="372"/>
							<String ID="string_319" HPOS="387" VPOS="1092" WIDTH="43" HEIGHT="26" WC="0.96" CONTENT="mig"/><SP WIDTH="15" VPOS="1092" HPOS="430"/>
							<String ID="string_320" HPOS="445" VPOS="1091" WIDTH="27" HEIGHT="27" WC="0.96" CONTENT="pä"/><SP WIDTH="16" VPOS="1091" HPOS="472"/>
							<String ID="string_321" HPOS="488" VPOS="1092" WIDTH="67" HEIGHT="20" WC="0.95" CONTENT="andra"/><SP WIDTH="16" VPOS="1092" HPOS="555"/>
							<String ID="string_322" HPOS="571" VPOS="1092" WIDTH="56" HEIGHT="26" WC="0.96" CONTENT="slags"/><SP WIDTH="17" VPOS="1092" HPOS="627"/>
							<String ID="string_323" HPOS="644" VPOS="1092" WIDTH="66" HEIGHT="20" WC="0.96" CONTENT="motiv"/><SP WIDTH="15" VPOS="1092" HPOS="710"/>
							<String ID="string_324" HPOS="725" VPOS="1093" WIDTH="27" HEIGHT="19" WC="0.96" CONTENT="än"/><SP WIDTH="16" VPOS="1093" HPOS="752"/>
							<String ID="string_325" HPOS="768" VPOS="1091" WIDTH="53" HEIGHT="25" WC="0.96" CONTENT="dem,"/><SP WIDTH="17" VPOS="1091" HPOS="821"/>
							<String ID="string_326" HPOS="838" VPOS="1097" WIDTH="45" HEIGHT="15" WC="0.96" CONTENT="som"/>
						</TextLine>
						<TextLine ID="line_34" HPOS="54" VPOS="1120" WIDTH="831" HEIGHT="27">
							<String ID="string_327" HPOS="54" VPOS="1121" WIDTH="37" HEIGHT="26" WC="0.93" CONTENT="jag"/><SP WIDTH="15" VPOS="1121" HPOS="91"/>
							<String ID="string_328" HPOS="106" VPOS="1120" WIDTH="72" HEIGHT="21" WC="0.96" CONTENT="anfört"/><SP WIDTH="16" VPOS="1120" HPOS="178"/>
							<String ID="string_329" HPOS="194" VPOS="1121" WIDTH="7" HEIGHT="20" WC="0.93" CONTENT="i"/><SP WIDTH="16" VPOS="1121" HPOS="201"/>
							<String ID="string_330" HPOS="217" VPOS="1120" WIDTH="166" HEIGHT="21" WC="0.95" CONTENT="reservationen."/><SP WIDTH="31" VPOS="1120" HPOS="383"/>
							<String ID="string_331" HPOS="414" VPOS="1120" WIDTH="10" HEIGHT="21" WC="0.91" CONTENT="I"/><SP WIDTH="16" VPOS="1120" HPOS="424"/>
							<String ID="string_332" HPOS="440" VPOS="1120" WIDTH="159" HEIGHT="21" WC="0.96" CONTENT="reservationen"/><SP WIDTH="16" VPOS="1120" HPOS="599"/>
							<String ID="string_333" HPOS="615" VPOS="1120" WIDTH="39" HEIGHT="21" WC="0.96" CONTENT="har"/><SP WIDTH="13" VPOS="1120" HPOS="654"/>
							<String ID="string_334" HPOS="667" VPOS="1120" WIDTH="37" HEIGHT="26" WC="0.96" CONTENT="jag"/><SP WIDTH="8" VPOS="1120" HPOS="704"/>
							<String ID="string_335" HPOS="712" VPOS="1120" WIDTH="39" HEIGHT="21" WC="0.96" CONTENT="och"/><SP WIDTH="9" VPOS="1120" HPOS="751"/>
							<String ID="string_336" HPOS="760" VPOS="1120" WIDTH="56" HEIGHT="20" WC="0.93" CONTENT="mina"/><SP WIDTH="10" VPOS="1120" HPOS="816"/>
							<String ID="string_337" HPOS="826" VPOS="1121" WIDTH="59" HEIGHT="20" WC="0.92" CONTENT="med-"/>
						</TextLine>
						<TextLine ID="line_35" HPOS="52" VPOS="1148" WIDTH="831" HEIGHT="27">
							<String ID="string_338" HPOS="52" VPOS="1151" WIDTH="134" HEIGHT="19" WC="0.84" CONTENT="reservanter"/><SP WIDTH="23" VPOS="1151" HPOS="186"/>
							<String ID="string_339" HPOS="209" VPOS="1149" WIDTH="49" HEIGHT="20" WC="0.95" CONTENT="sökt"/><SP WIDTH="24" VPOS="1149" HPOS="258"/>
							<String ID="string_340" HPOS="282" VPOS="1149" WIDTH="76" HEIGHT="20" WC="0.96" CONTENT="anföra"/><SP WIDTH="16" VPOS="1149" HPOS="358"/>
							<String ID="string_341" HPOS="374" VPOS="1149" WIDTH="25" HEIGHT="21" WC="0.93" CONTENT="de"/><SP WIDTH="17" VPOS="1149" HPOS="399"/>
							<String ID="string_342" HPOS="416" VPOS="1149" WIDTH="164" HEIGHT="26" WC="0.92" CONTENT="hufvudsakliga"/><SP WIDTH="16" VPOS="1149" HPOS="580"/>
							<String ID="string_343" HPOS="596" VPOS="1149" WIDTH="53" HEIGHT="25" WC="0.92" CONTENT="skäl,"/><SP WIDTH="17" VPOS="1149" HPOS="649"/>
							<String ID="string_344" HPOS="666" VPOS="1155" WIDTH="44" HEIGHT="14" WC="0.93" CONTENT="som"/><SP WIDTH="16" VPOS="1155" HPOS="710"/>
							<String ID="string_345" HPOS="726" VPOS="1148" WIDTH="106" HEIGHT="21" WC="0.92" CONTENT="föranledt"/><SP WIDTH="17" VPOS="1148" HPOS="832"/>
							<String ID="string_346" HPOS="849" VPOS="1155" WIDTH="34" HEIGHT="14" WC="0.96" CONTENT="oss"/>
						</TextLine>
						<TextLine ID="line_36" HPOS="52" VPOS="1177" WIDTH="833" HEIGHT="27">
							<String ID="string_347" HPOS="52" VPOS="1179" WIDTH="32" HEIGHT="19" WC="0.96" CONTENT="att"/><SP WIDTH="16" VPOS="1179" HPOS="84"/>
							<String ID="string_348" HPOS="100" VPOS="1177" WIDTH="45" HEIGHT="21" WC="0.96" CONTENT="icke"/><SP WIDTH="16" VPOS="1177" HPOS="145"/>
							<String ID="string_349" HPOS="161" VPOS="1177" WIDTH="34" HEIGHT="22" WC="0.96" CONTENT="för"/><SP WIDTH="15" VPOS="1177" HPOS="195"/>
							<String ID="string_350" HPOS="210" VPOS="1178" WIDTH="136" HEIGHT="20" WC="0.90" CONTENT="närvarande"/><SP WIDTH="24" VPOS="1178" HPOS="346"/>
							<String ID="string_351" HPOS="370" VPOS="1178" WIDTH="108" HEIGHT="26" WC="0.94" CONTENT="tillstyrka"/><SP WIDTH="17" VPOS="1178" HPOS="478"/>
							<String ID="string_352" HPOS="495" VPOS="1177" WIDTH="60" HEIGHT="21" WC="0.96" CONTENT="bifall"/><SP WIDTH="16" VPOS="1177" HPOS="555"/>
							<String ID="string_353" HPOS="571" VPOS="1177" WIDTH="32" HEIGHT="21" WC="0.93" CONTENT="till"/><SP WIDTH="15" VPOS="1177" HPOS="603"/>
							<String ID="string_354" HPOS="618" VPOS="1177" WIDTH="132" HEIGHT="21" WC="0.96" CONTENT="inrättandet"/><SP WIDTH="17" VPOS="1177" HPOS="750"/>
							<String ID="string_355" HPOS="767" VPOS="1177" WIDTH="23" HEIGHT="20" WC="0.93" CONTENT="af"/><SP WIDTH="14" VPOS="1177" HPOS="790"/>
							<String ID="string_356" HPOS="804" VPOS="1177" WIDTH="81" HEIGHT="21" WC="0.96" CONTENT="sådana"/>
						</TextLine>
						<TextLine ID="line_37" HPOS="54" VPOS="1206" WIDTH="831" HEIGHT="27">
							<String ID="string_357" HPOS="54" VPOS="1206" WIDTH="263" HEIGHT="27" WC="0.90" CONTENT="fortbildningsanstalter."/><SP WIDTH="32" VPOS="1206" HPOS="317"/>
							<String ID="string_358" HPOS="349" VPOS="1207" WIDTH="32" HEIGHT="20" WC="0.95" CONTENT="Hr"/><SP WIDTH="23" VPOS="1207" HPOS="381"/>
							<String ID="string_359" HPOS="404" VPOS="1207" WIDTH="105" HEIGHT="20" WC="0.96" CONTENT="Mechelin"/><SP WIDTH="22" VPOS="1207" HPOS="509"/>
							<String ID="string_360" HPOS="531" VPOS="1206" WIDTH="38" HEIGHT="21" WC="0.96" CONTENT="har"/><SP WIDTH="23" VPOS="1206" HPOS="569"/>
							<String ID="string_361" HPOS="592" VPOS="1206" WIDTH="7" HEIGHT="21" WC="0.96" CONTENT="i"/><SP WIDTH="23" VPOS="1206" HPOS="599"/>
							<String ID="string_362" HPOS="622" VPOS="1207" WIDTH="37" HEIGHT="20" WC="0.93" CONTENT="sitt"/><SP WIDTH="14" VPOS="1207" HPOS="659"/>
							<String ID="string_363" HPOS="673" VPOS="1206" WIDTH="212" HEIGHT="27" WC="0.89" CONTENT="petitionsmemorial"/>
						</TextLine>
						<TextLine ID="line_38" HPOS="52" VPOS="1234" WIDTH="833" HEIGHT="27">
							<String ID="string_364" HPOS="52" VPOS="1235" WIDTH="98" HEIGHT="21" WC="0.91" CONTENT="förordat"/><SP WIDTH="21" VPOS="1235" HPOS="150"/>
							<String ID="string_365" HPOS="171" VPOS="1235" WIDTH="134" HEIGHT="21" WC="0.91" CONTENT="inrättandet"/><SP WIDTH="22" VPOS="1235" HPOS="305"/>
							<String ID="string_366" HPOS="327" VPOS="1234" WIDTH="23" HEIGHT="21" WC="0.93" CONTENT="af"/><SP WIDTH="20" VPOS="1234" HPOS="350"/>
							<String ID="string_367" HPOS="370" VPOS="1235" WIDTH="215" HEIGHT="21" WC="0.91" CONTENT="landtmannaskolor"/><SP WIDTH="18" VPOS="1235" HPOS="585"/>
							<String ID="string_368" HPOS="603" VPOS="1235" WIDTH="48" HEIGHT="21" WC="0.96" CONTENT="med"/><SP WIDTH="16" VPOS="1235" HPOS="651"/>
							<String ID="string_369" HPOS="667" VPOS="1235" WIDTH="93" HEIGHT="26" WC="0.93" CONTENT="följande"/><SP WIDTH="16" VPOS="1235" HPOS="760"/>
							<String ID="string_370" HPOS="776" VPOS="1235" WIDTH="109" HEIGHT="21" WC="0.92" CONTENT="undervis-"/>
						</TextLine>
						<TextLine ID="line_39" HPOS="53" VPOS="1263" WIDTH="831" HEIGHT="28">
							<String ID="string_371" HPOS="53" VPOS="1264" WIDTH="150" HEIGHT="26" WC="0.89" CONTENT="ningsämnen:"/><SP WIDTH="32" VPOS="1264" HPOS="203"/>
							<String ID="string_372" HPOS="235" VPOS="1264" WIDTH="125" HEIGHT="26" WC="0.45" CONTENT="Agronomi,"/><SP WIDTH="24" VPOS="1264" HPOS="360"/>
							<String ID="string_373" HPOS="384" VPOS="1264" WIDTH="154" HEIGHT="27" WC="0.90" CONTENT="husdjurslära,"/><SP WIDTH="25" VPOS="1264" HPOS="538"/>
							<String ID="string_374" HPOS="563" VPOS="1263" WIDTH="321" HEIGHT="27" WC="0.86" CONTENT="landtmannabyggnadskonst,"/>
						</TextLine>
						<TextLine ID="line_40" HPOS="53" VPOS="1292" WIDTH="832" HEIGHT="27">
							<String ID="string_375" HPOS="53" VPOS="1292" WIDTH="145" HEIGHT="27" WC="0.92" CONTENT="fältmätning,"/><SP WIDTH="16" VPOS="1292" HPOS="198"/>
							<String ID="string_376" HPOS="214" VPOS="1292" WIDTH="120" HEIGHT="27" WC="0.93" CONTENT="bokföring,"/><SP WIDTH="16" VPOS="1292" HPOS="334"/>
							<String ID="string_377" HPOS="350" VPOS="1292" WIDTH="178" HEIGHT="27" WC="0.92" CONTENT="korrespondens,"/><SP WIDTH="23" VPOS="1292" HPOS="528"/>
							<String ID="string_378" HPOS="551" VPOS="1292" WIDTH="233" HEIGHT="27" WC="0.92" CONTENT="samhällsförfattning,"/><SP WIDTH="15" VPOS="1292" HPOS="784"/>
							<String ID="string_379" HPOS="799" VPOS="1293" WIDTH="86" HEIGHT="26" WC="0.92" CONTENT="jordbe-"/>
						</TextLine>
						<TextLine ID="line_41" HPOS="53" VPOS="1321" WIDTH="832" HEIGHT="27">
							<String ID="string_380" HPOS="53" VPOS="1321" WIDTH="113" HEIGHT="26" WC="0.94" CONTENT="skattning,"/><SP WIDTH="25" VPOS="1321" HPOS="166"/>
							<String ID="string_381" HPOS="191" VPOS="1321" WIDTH="96" HEIGHT="25" WC="0.96" CONTENT="historie,"/><SP WIDTH="16" VPOS="1321" HPOS="287"/>
							<String ID="string_382" HPOS="303" VPOS="1321" WIDTH="101" HEIGHT="27" WC="0.96" CONTENT="geografi,"/><SP WIDTH="16" VPOS="1321" HPOS="404"/>
							<String ID="string_383" HPOS="420" VPOS="1321" WIDTH="186" HEIGHT="21" WC="0.96" CONTENT="fäderneslandets"/><SP WIDTH="16" VPOS="1321" HPOS="606"/>
							<String ID="string_384" HPOS="622" VPOS="1321" WIDTH="108" HEIGHT="21" WC="0.96" CONTENT="litteratur"/><SP WIDTH="19" VPOS="1321" HPOS="730"/>
							<String ID="string_385" HPOS="749" VPOS="1323" WIDTH="55" HEIGHT="19" WC="0.96" CONTENT="samt"/><SP WIDTH="16" VPOS="1323" HPOS="804"/>
							<String ID="string_386" HPOS="820" VPOS="1321" WIDTH="65" HEIGHT="26" WC="0.96" CONTENT="slöjd;"/>
						</TextLine>
						<TextLine ID="line_42" HPOS="54" VPOS="1349" WIDTH="831" HEIGHT="25">
							<String ID="string_387" HPOS="54" VPOS="1356" WIDTH="82" HEIGHT="15" WC="0.96" CONTENT="summa"/><SP WIDTH="8" VPOS="1356" HPOS="136"/>
							<String ID="string_388" HPOS="144" VPOS="1351" WIDTH="25" HEIGHT="19" WC="0.93" CONTENT="12"/><SP WIDTH="10" VPOS="1351" HPOS="169"/>
							<String ID="string_389" HPOS="179" VPOS="1349" WIDTH="166" HEIGHT="22" WC="0.90" CONTENT="hufvudämnen."/><SP WIDTH="21" VPOS="1349" HPOS="345"/>
							<String ID="string_390" HPOS="366" VPOS="1350" WIDTH="62" HEIGHT="21" WC="0.96" CONTENT="Hvad"/><SP WIDTH="9" VPOS="1350" HPOS="428"/>
							<String ID="string_391" HPOS="437" VPOS="1350" WIDTH="184" HEIGHT="21" WC="0.95" CONTENT="fäderneslandets"/><SP WIDTH="10" VPOS="1350" HPOS="621"/>
							<String ID="string_392" HPOS="631" VPOS="1350" WIDTH="107" HEIGHT="21" WC="0.92" CONTENT="litteratur"/><SP WIDTH="8" VPOS="1350" HPOS="738"/>
							<String ID="string_393" HPOS="746" VPOS="1350" WIDTH="139" HEIGHT="24" WC="0.90" CONTENT="vidkommer,"/>
						</TextLine>
						<TextLine ID="line_43" HPOS="53" VPOS="1378" WIDTH="833" HEIGHT="27">
							<String ID="string_394" HPOS="53" VPOS="1378" WIDTH="25" HEIGHT="21" WC="0.96" CONTENT="så"/><SP WIDTH="15" VPOS="1378" HPOS="78"/>
							<String ID="string_395" HPOS="93" VPOS="1380" WIDTH="90" HEIGHT="25" WC="0.95" CONTENT="antager"/><SP WIDTH="12" VPOS="1380" HPOS="183"/>
							<String ID="string_396" HPOS="195" VPOS="1378" WIDTH="44" HEIGHT="27" WC="0.95" CONTENT="jag,"/><SP WIDTH="17" VPOS="1378" HPOS="239"/>
							<String ID="string_397" HPOS="256" VPOS="1380" WIDTH="33" HEIGHT="19" WC="0.96" CONTENT="att"/><SP WIDTH="17" VPOS="1380" HPOS="289"/>
							<String ID="string_398" HPOS="306" VPOS="1379" WIDTH="89" HEIGHT="20" WC="0.96" CONTENT="härmed"/><SP WIDTH="16" VPOS="1379" HPOS="395"/>
							<String ID="string_399" HPOS="411" VPOS="1379" WIDTH="47" HEIGHT="20" WC="0.96" CONTENT="icke"/><SP WIDTH="15" VPOS="1379" HPOS="458"/>
							<String ID="string_400" HPOS="473" VPOS="1385" WIDTH="74" HEIGHT="14" WC="0.96" CONTENT="menas"/><SP WIDTH="21" VPOS="1385" HPOS="547"/>
							<String ID="string_401" HPOS="568" VPOS="1379" WIDTH="49" HEIGHT="20" WC="0.96" CONTENT="hela"/><SP WIDTH="14" VPOS="1379" HPOS="617"/>
							<String ID="string_402" HPOS="631" VPOS="1379" WIDTH="183" HEIGHT="20" WC="0.93" CONTENT="fäderneslandets"/><SP WIDTH="16" VPOS="1379" HPOS="814"/>
							<String ID="string_403" HPOS="830" VPOS="1379" WIDTH="56" HEIGHT="21" WC="0.92" CONTENT="litte-"/>
						</TextLine>
						<TextLine ID="line_44" HPOS="53" VPOS="1406" WIDTH="834" HEIGHT="28">
							<String ID="string_404" HPOS="53" VPOS="1410" WIDTH="66" HEIGHT="22" WC="0.90" CONTENT="ratur,"/><SP WIDTH="17" VPOS="1410" HPOS="119"/>
							<String ID="string_405" HPOS="136" VPOS="1409" WIDTH="53" HEIGHT="18" WC="0.95" CONTENT="utan"/><SP WIDTH="16" VPOS="1409" HPOS="189"/>
							<String ID="string_406" HPOS="205" VPOS="1413" WIDTH="34" HEIGHT="15" WC="0.96" CONTENT="om"/><SP WIDTH="15" VPOS="1413" HPOS="239"/>
							<String ID="string_407" HPOS="254" VPOS="1407" WIDTH="37" HEIGHT="26" WC="0.96" CONTENT="jag"/><SP WIDTH="16" VPOS="1407" HPOS="291"/>
							<String ID="string_408" HPOS="307" VPOS="1406" WIDTH="24" HEIGHT="22" WC="0.96" CONTENT="så"/><SP WIDTH="15" VPOS="1406" HPOS="331"/>
							<String ID="string_409" HPOS="346" VPOS="1407" WIDTH="34" HEIGHT="21" WC="0.96" CONTENT="får"/><SP WIDTH="14" VPOS="1407" HPOS="380"/>
							<String ID="string_410" HPOS="394" VPOS="1407" WIDTH="101" HEIGHT="27" WC="0.96" CONTENT="uttrycka"/><SP WIDTH="16" VPOS="1407" HPOS="495"/>
							<String ID="string_411" HPOS="511" VPOS="1407" WIDTH="42" HEIGHT="27" WC="0.96" CONTENT="mig"/><SP WIDTH="16" VPOS="1407" HPOS="553"/>
							<String ID="string_412" HPOS="569" VPOS="1407" WIDTH="76" HEIGHT="21" WC="0.93" CONTENT="endast"/><SP WIDTH="15" VPOS="1407" HPOS="645"/>
							<String ID="string_413" HPOS="660" VPOS="1406" WIDTH="72" HEIGHT="22" WC="0.92" CONTENT="halfva"/><SP WIDTH="10" VPOS="1406" HPOS="732"/>
							<String ID="string_414" HPOS="742" VPOS="1407" WIDTH="145" HEIGHT="21" WC="0.89" CONTENT="fäderneslan-"/>
						</TextLine>
						<TextLine ID="line_45" HPOS="54" VPOS="1435" WIDTH="831" HEIGHT="27">
							<String ID="string_415" HPOS="54" VPOS="1435" WIDTH="54" HEIGHT="25" WC="0.91" CONTENT="dets,"/><SP WIDTH="17" VPOS="1435" HPOS="108"/>
							<String ID="string_416" HPOS="125" VPOS="1436" WIDTH="19" HEIGHT="20" WC="0.91" CONTENT="d."/><SP WIDTH="16" VPOS="1436" HPOS="144"/>
							<String ID="string_417" HPOS="160" VPOS="1442" WIDTH="19" HEIGHT="14" WC="0.92" CONTENT="v."/><SP WIDTH="17" VPOS="1442" HPOS="179"/>
							<String ID="string_418" HPOS="196" VPOS="1442" WIDTH="16" HEIGHT="14" WC="0.89" CONTENT="s."/><SP WIDTH="16" VPOS="1442" HPOS="212"/>
							<String ID="string_419" HPOS="228" VPOS="1436" WIDTH="7" HEIGHT="20" WC="0.96" CONTENT="i"/><SP WIDTH="16" VPOS="1436" HPOS="235"/>
							<String ID="string_420" HPOS="251" VPOS="1436" WIDTH="181" HEIGHT="26" WC="0.96" CONTENT="svenskspråkiga"/><SP WIDTH="16" VPOS="1436" HPOS="432"/>
							<String ID="string_421" HPOS="448" VPOS="1436" WIDTH="73" HEIGHT="20" WC="0.96" CONTENT="skolor"/><SP WIDTH="16" VPOS="1436" HPOS="521"/>
							<String ID="string_422" HPOS="537" VPOS="1436" WIDTH="91" HEIGHT="21" WC="0.95" CONTENT="svenska"/><SP WIDTH="13" VPOS="1436" HPOS="628"/>
							<String ID="string_423" HPOS="641" VPOS="1436" WIDTH="143" HEIGHT="25" WC="0.96" CONTENT="litteraturen,"/><SP WIDTH="16" VPOS="1436" HPOS="784"/>
							<String ID="string_424" HPOS="800" VPOS="1436" WIDTH="6" HEIGHT="20" WC="0.93" CONTENT="i"/><SP WIDTH="16" VPOS="1436" HPOS="806"/>
							<String ID="string_425" HPOS="822" VPOS="1436" WIDTH="63" HEIGHT="21" WC="0.91" CONTENT="finsk-"/>
						</TextLine>
						<TextLine ID="line_46" HPOS="55" VPOS="1463" WIDTH="832" HEIGHT="27">
							<String ID="string_426" HPOS="55" VPOS="1463" WIDTH="100" HEIGHT="27" WC="0.92" CONTENT="språkiga"/><SP WIDTH="16" VPOS="1463" HPOS="155"/>
							<String ID="string_427" HPOS="171" VPOS="1464" WIDTH="41" HEIGHT="20" WC="0.96" CONTENT="den"/><SP WIDTH="15" VPOS="1464" HPOS="212"/>
							<String ID="string_428" HPOS="227" VPOS="1464" WIDTH="76" HEIGHT="21" WC="0.96" CONTENT="finska."/><SP WIDTH="32" VPOS="1464" HPOS="303"/>
							<String ID="string_429" HPOS="335" VPOS="1465" WIDTH="63" HEIGHT="20" WC="0.95" CONTENT="Hvad"/><SP WIDTH="15" VPOS="1465" HPOS="398"/>
							<String ID="string_430" HPOS="413" VPOS="1471" WIDTH="29" HEIGHT="14" WC="0.96" CONTENT="nu"/><SP WIDTH="16" VPOS="1471" HPOS="442"/>
							<String ID="string_431" HPOS="458" VPOS="1465" WIDTH="63" HEIGHT="21" WC="0.96" CONTENT="dessa"/><SP WIDTH="19" VPOS="1465" HPOS="521"/>
							<String ID="string_432" HPOS="540" VPOS="1466" WIDTH="75" HEIGHT="20" WC="0.93" CONTENT="ämnen"/><SP WIDTH="16" VPOS="1466" HPOS="615"/>
							<String ID="string_433" HPOS="631" VPOS="1464" WIDTH="137" HEIGHT="26" WC="0.92" CONTENT="vidkommer,"/><SP WIDTH="18" VPOS="1464" HPOS="768"/>
							<String ID="string_434" HPOS="786" VPOS="1464" WIDTH="23" HEIGHT="21" WC="0.96" CONTENT="så"/><SP WIDTH="15" VPOS="1464" HPOS="809"/>
							<String ID="string_435" HPOS="824" VPOS="1471" WIDTH="63" HEIGHT="15" WC="0.96" CONTENT="anser"/>
						</TextLine>
						<TextLine ID="line_47" HPOS="52" VPOS="1492" WIDTH="835" HEIGHT="28">
							<String ID="string_436" HPOS="52" VPOS="1492" WIDTH="38" HEIGHT="27" WC="0.96" CONTENT="jag"/><SP WIDTH="16" VPOS="1492" HPOS="90"/>
							<String ID="string_437" HPOS="106" VPOS="1492" WIDTH="36" HEIGHT="21" WC="0.93" CONTENT="det"/><SP WIDTH="15" VPOS="1492" HPOS="142"/>
							<String ID="string_438" HPOS="157" VPOS="1492" WIDTH="80" HEIGHT="27" WC="0.92" CONTENT="nödigt,"/><SP WIDTH="18" VPOS="1492" HPOS="237"/>
							<String ID="string_439" HPOS="255" VPOS="1492" WIDTH="46" HEIGHT="22" WC="0.96" CONTENT="ifall"/><SP WIDTH="18" VPOS="1492" HPOS="301"/>
							<String ID="string_440" HPOS="319" VPOS="1493" WIDTH="72" HEIGHT="21" WC="0.96" CONTENT="skolor"/><SP WIDTH="15" VPOS="1493" HPOS="391"/>
							<String ID="string_441" HPOS="406" VPOS="1493" WIDTH="48" HEIGHT="21" WC="0.96" CONTENT="med"/><SP WIDTH="18" VPOS="1493" HPOS="454"/>
							<String ID="string_442" HPOS="472" VPOS="1493" WIDTH="60" HEIGHT="21" WC="0.96" CONTENT="detta"/><SP WIDTH="21" VPOS="1493" HPOS="532"/>
							<String ID="string_443" HPOS="553" VPOS="1499" WIDTH="99" HEIGHT="21" WC="0.96" CONTENT="program"/><SP WIDTH="16" VPOS="1499" HPOS="652"/>
							<String ID="string_444" HPOS="668" VPOS="1493" WIDTH="85" HEIGHT="21" WC="0.96" CONTENT="komma"/><SP WIDTH="16" VPOS="1493" HPOS="753"/>
							<String ID="string_445" HPOS="769" VPOS="1494" WIDTH="32" HEIGHT="20" WC="0.96" CONTENT="till"/><SP WIDTH="17" VPOS="1494" HPOS="801"/>
							<String ID="string_446" HPOS="818" VPOS="1493" WIDTH="69" HEIGHT="27" WC="0.96" CONTENT="stånd,"/>
						</TextLine>
					</TextBlock>
				</ComposedBlock>
				<ComposedBlock ID="cblock_3" HPOS="796" VPOS="1534" WIDTH="23" HEIGHT="17">
					<TextBlock ID="block_3" HPOS="796" VPOS="1534" WIDTH="23" HEIGHT="17">
						<TextLine ID="line_48" HPOS="796" VPOS="1534" WIDTH="23" HEIGHT="17">
							<String ID="string_447" HPOS="796" VPOS="1534" WIDTH="23" HEIGHT="17" WC="0.93" CONTENT="54"/>
						</TextLine>
					</TextBlock>
				</ComposedBlock>
				<Illustration ID="cblock_4" HPOS="693" VPOS="560" WIDTH="60" HEIGHT="40"></Illustration>
			</PrintSpace>
		</Page>
	</Layout>
</alto>
