1025 1686
183 99 41 20 728
442 103 24 16 R.
480 107 17 12 0.
510 103 90 17 A..1801.
624 104 13 17 2
649 103 49 21 Maj.

154 182 51 27 ning
227 182 97 24 kommit,
340 183 39 21 och
396 183 125 21 instämmer
535 183 130 27 fullkomligt
681 183 31 21 uti
729 183 36 21 det
781 183 142 25 erkännande,
939 188 46 15 som

153 211 198 22 Bankdirektionen
373 211 45 22 deri
441 211 98 22 tilldelas.
570 212 40 21 Vid
634 211 207 27 Bankfullmäktiges
859 211 127 21 berättelses

154 239 75 22 remiss
244 240 34 21 till
293 240 84 21 utskott
392 240 54 21 hade
459 240 36 27 jag
512 240 75 21 tillätit
606 240 43 27 mig
673 239 113 22 framhålla
801 239 191 28 önskligheten
963 235 33 36 af

154 269 33 19 att
202 268 170 21 Bankutskottet
388 269 67 20 skulle
476 269 57 20 finna
556 269 65 26 nägot
637 269 85 25 förslag,
739 275 44 14 som
800 269 68 20 skulle
881 268 106 26 begränsa

154 296 104 22 Finlands
273 296 72 22 Banks
361 296 103 27 utläning,
480 297 24 21 sä
519 298 32 20 att
567 297 121 21 Ständerna
704 297 48 21 med
768 298 69 20 större
848 296 100 22 säkerhet
959 298 27 19 än

154 325 69 21 under
239 325 27 21 de
282 327 85 19 senaste
383 326 126 26 perioderna
525 326 56 20 varit
595 326 60 21 fallet
671 326 71 20 kunde
753 325 96 27 päräkna
858 325 129 21 ätminstone

154 352 71 27 någon
241 353 35 21 del
292 353 23 21 af
328 354 100 21 Bankens
443 354 54 21 vinst
513 354 34 21 för
562 354 68 21 andra
645 354 162 21 statsändamäl.
834 354 75 20 Ehuru
923 360 64 14 nuen

155 382 35 20 del
213 381 23 21 af
257 382 179 22 Bankutskottets
458 385 150 19 resonnement
631 382 133 22 beträffande
779 382 70 22 denna
865 382 60 26 fräga
940 382 49 21 icke

154 410 49 21 fullt
225 410 95 27 förnöjer
341 412 50 26 mig,
413 411 23 21 sä
451 411 39 21 har
503 411 37 27 jag
555 412 48 20 med
619 411 23 21 sä
657 411 85 26 mycket
758 413 69 19 större
842 410 145 22 tillfredsstäl-

155 438 52 21 lelse
229 440 50 25 sett,
296 441 31 19 att
342 440 106 20 utskottet
470 440 79 20 nttalat
565 440 32 26 sig
611 439 28 27 pä
654 440 39 20 sid.
710 440 26 20 22
752 446 45 14 som
813 439 73 27 följer:
911 456 11 7 ,
925 439 63 21 Hvad

154 467 110 21 utskottet
285 474 29 14 nu
336 468 117 21 framhällit
474 468 89 21 innebär
586 468 54 21 dock
655 468 116 26 ingalunda
786 468 65 26 nägot
866 468 73 20 förord
955 467 33 21 för

155 496 137 26 utläningens
314 496 138 22 bedrifvande
474 497 7 20 i
504 496 24 22 sä
549 499 46 19 stor
615 496 128 27 omfattning
758 496 100 21 Bankens
873 496 115 26 tillgångar

155 524 102 26 möjligen
281 525 116 27 medgäfve,
420 525 19 27 ej
462 524 66 22 heller
551 525 66 26 nägot
638 525 183 21 underskattande
843 525 23 21 af
879 525 40 21 den
936 525 51 26 vigt,

156 559 45 14 som
217 553 68 26 ligger
300 553 27 26 pä
342 554 131 20 bevarandet
488 554 22 20 af
525 554 78 25 rödiga
619 560 101 15 reserver.
751 553 101 21 Finlands
872 553 61 21 Bank
949 553 40 20 bör

156 583 52 19 utan
231 581 73 22 tvifvel
326 582 96 26 jakttaga
443 584 69 19 större
532 582 176 21 återhållsamhet
723 582 6 20 i
745 582 31 20 sin
792 581 97 26 utlåning
904 583 25 19 än
946 582 43 26 pri-

155 609 150 22 vatbankerna
319 610 40 21 och
375 610 68 26 aldrig
458 610 44 21 läta
518 611 32 26 sig
565 610 58 21 föras
638 611 21 20 in
675 611 6 20 i
699 609 107 27 tillfälliga
822 610 169 25 konjunkturers

156 638 143 27 strömdrag.*
326 639 66 20 Detta
408 641 23 18 är
446 645 27 14 nu
489 641 32 19 ett
536 639 117 25 uttalande,
670 639 82 21 hvilket
768 639 23 20 af
805 639 183 20 bankförvaltnin-

156 672 41 21 gen
213 666 106 27 sjelffallet
335 667 95 21 kommer
445 669 33 19 att
497 667 200 27 uppmärksammas
713 667 39 21 och
768 673 45 15 som
829 667 64 21 också
908 667 33 20 för
957 667 32 21 sin

157 695 34 21 del
207 695 56 21 skall
279 696 65 20 verka
359 696 5 20 i
381 696 40 21 den
436 696 95 26 riktning
543 696 38 27 jag
596 696 54 21 hade
667 698 52 19 äran
732 695 120 25 framhälla,
862 702 47 14 men
918 695 73 22 Bank-

157 723 109 22 utskottet
288 723 67 22 finner
378 726 31 19 ett
421 727 65 18 annat
504 726 56 19 ännu
576 725 160 20 verksammare
752 725 68 20 medel
836 724 52 21 deri,
904 726 33 19 att
952 724 36 21 det

157 751 92 22 föreslär
269 752 126 26 Ständerna,
418 755 38 24 att,
480 753 44 21 ifall
545 753 167 21 Statsutskottet
726 753 96 21 kommer
838 754 32 20 att
885 752 56 21 finna
956 754 34 19 att

158 787 26 14 en
201 781 34 20 del
251 781 24 20 af
295 781 139 21 bankvinsten
450 781 68 21 skulle
534 781 108 22 erfordras
657 782 33 20 till
707 781 136 21 bestridande
860 781 23 20 af
897 783 92 19 statsän-

158 809 77 25 damäl,
253 809 28 21 dä
295 810 74 20 anvisa
384 810 69 26 nägon
469 810 34 21 del
519 810 23 21 af
555 811 40 20 den
611 811 56 20 vinst
677 810 89 21 Banken
779 810 96 21 kommer
886 812 31 19 att
927 809 65 22 hafva

157 838 69 20 under
248 838 177 21 nästkommande
448 839 75 25 period
544 839 79 20 härtill.
655 839 65 20 Detta
736 840 24 19 är
772 839 24 25 ju
812 844 26 15 en
854 838 83 26 mycket
953 838 36 20 be-

158 866 71 20 stämd
244 866 150 27 fingervisning
410 866 22 21 ät
446 866 147 26 Direktionen,
609 873 26 15 en
650 867 158 26 fingervisning,
824 872 45 15 som
880 868 56 19 ännu
946 866 45 21 för-

158 894 84 21 stärkes
266 901 75 20 genom
365 896 12 19 2
400 901 70 20 mom.
487 902 45 14 som
549 896 129 20 bestämmer
702 897 42 25 ,att
768 896 32 20 till
816 896 35 20 det
868 895 70 21 beslut
954 901 36 15 om

158 924 112 26 anvisning
285 923 13 21 å
313 923 146 26 bankvinsten,
476 924 85 20 hvartill
577 924 178 21 Statsutskottets
774 924 157 26 framställning
946 923 43 21 kan

158 951 119 26 föranleda,
293 952 67 21 mätte
375 952 59 26 fogas
450 952 134 26 bestämning
607 952 79 26 derom,
707 954 32 19 att
755 952 40 21 den
811 952 101 21 anvisade
928 952 63 21 delen

158 979 24 21 af
196 980 141 21 bankvinsten
354 980 79 26 ärligen
449 981 60 26 skall,
526 981 24 21 sä
573 983 59 19 snart
654 981 111 21 bokslutet
787 980 69 22 blifvit
874 980 23 21 af
911 980 78 22 reviso-

159 1014 64 15 rerna
237 1009 117 26 godkändt,
370 1009 116 21 öfverföras
501 1010 33 20 till
551 1008 147 22 Statsverkets
721 1016 51 20 upp-
788 1009 39 21 och
843 1008 149 27 afskrifnings-

159 1037 109 27 räkning."
298 1037 42 21 För
362 1038 43 20 min
428 1038 33 20 del
484 1038 96 21 anhåller
593 1038 37 26 jag
645 1041 32 18 att
694 1038 32 21 till
742 1038 42 20 alla
800 1038 60 21 delar
875 1037 21 21 få
912 1038 78 21 under-

158 1066 63 20 stöda
237 1066 179 21 Bankutskottets
431 1066 86 26 förslag.

228 1122 58 21 Frih.
312 1129 51 14 von
389 1123 83 20 Born:
504 1123 41 26 Jag
575 1123 96 21 anhåller
703 1124 75 20 endast
806 1125 33 18 att
867 1122 21 21 få
913 1124 78 19 nämna

160 1152 33 19 att
213 1151 37 26 jag
274 1151 47 20 icke
343 1152 6 19 i
372 1151 42 21 allo
436 1153 23 19 är
475 1157 49 15 ense
541 1159 33 14 om
591 1152 39 21 den
645 1158 126 20 gynsamma
786 1151 142 26 uppfattning,
945 1157 47 15 som

159 1179 172 21 Bankutskottet
353 1180 79 21 uttalat
447 1180 131 21 beträffande
600 1180 102 21 Finlands
718 1180 72 21 Banks
805 1179 134 22 förhällande
955 1179 33 21 till

160 1208 26 20 de
203 1208 97 20 enskilda
316 1208 115 23 bankerna,
447 1209 38 20 och
502 1211 32 18 att
547 1209 43 26 jag,
607 1215 43 14 som
668 1209 46 20 haft
730 1210 51 19 äran
797 1210 33 19 att
845 1209 68 20 under
924 1209 25 20 de
958 1214 32 15 se-

160 1238 61 19 naste
242 1236 42 21 fem
308 1237 51 20 ären
382 1243 51 14 vara
454 1237 25 21 R.
496 1243 19 15 o.
531 1238 37 20 A:s
585 1237 145 25 bankrevisor,
747 1237 73 21 dervid
836 1237 66 20 delvis
918 1237 76 21 stöder

159 1265 44 26 mig
218 1265 62 20 äfven
296 1265 27 26 pä
338 1265 68 21 andra
420 1266 188 26 omständigheter,
623 1267 27 19 än
667 1265 26 21 de
710 1271 45 15 som
771 1265 69 21 blifvit
855 1265 24 21 af
895 1265 98 21 Bankut-

159 1293 84 21 skottet
266 1293 98 21 berörda.
395 1294 41 27 Jag
458 1300 62 15 anser
536 1295 48 26 mig,
601 1294 47 21 med
664 1294 100 21 afseende
780 1294 13 20 ä
808 1296 31 19 ett
854 1294 100 26 yttrande
971 1293 23 21 af

158 1322 43 20 den
217 1321 67 22 förste
300 1322 65 21 ärade
380 1323 44 25 tal.,
440 1323 65 20 också
521 1323 53 20 böra
589 1323 74 26 uttala,
680 1324 34 19 att
727 1323 37 26 jag
772 1323 67 20 finner
847 1324 33 19 att
888 1322 102 26 tidnings-

159 1356 88 20 pressen
264 1356 75 20 genom
355 1353 33 18 att
402 1353 94 24 upptaga
512 1351 69 21 denna
596 1351 60 26 fräga
671 1351 34 21 till
721 1351 129 26 behandling
859 1351 75 20 endast
942 1350 51 21 full-

159 1378 58 27 gjort
232 1385 27 14 en
275 1379 59 26 pligt.
365 1379 43 21 För
423 1379 64 26 öfrigt
502 1386 63 14 anser
577 1379 38 27 jag
630 1380 36 20 det
682 1379 47 22 icke
744 1379 97 27 lämpligt
857 1381 31 19 att
905 1379 37 20 här
958 1379 34 20 in-

159 1406 28 26 gå
208 1407 7 20 i
237 1406 68 27 några
328 1408 97 20 närmare
444 1406 97 28 detaljer,
556 1408 76 20 främst
647 1408 74 20 derför
736 1410 33 18 att
783 1407 61 21 detta
860 1407 132 22 missförhäl-

159 1435 65 21 lande
247 1436 53 20 eller
322 1435 134 22 förhällande
470 1442 88 15 numera
573 1436 45 21 helt
633 1436 40 21 och
690 1436 67 21 hället
772 1436 94 26 upphört
881 1436 39 21 och
937 1435 55 21 efter

160 1463 56 21 hvad
229 1464 39 26 jag
282 1464 36 20 vill
334 1464 82 26 hoppas
431 1464 45 21 icke
492 1470 59 15 mera
567 1465 54 21 skall
637 1465 88 20 komma
740 1466 32 19 att
787 1464 114 21 framdeles
917 1466 5 19 i
939 1464 56 21 ban-

159 1492 54 20 kens
229 1492 129 26 förvaltning
373 1492 91 26 inträffa,
480 1493 39 21 och
535 1493 94 25 dernäst,
645 1493 91 21 emedan
752 1493 7 20 i
768 1492 72 27 hvarje
848 1492 101 22 händelse
958 1498 34 15 sa-
