1025 1686
178 94 13 20 YI

193 94 12 19 [<]

207 93 12 20 co

434 97 20 17 Ed

472 102 11 5 +]

502 97 17 17 >

538 98 9 16 N

549 98 13 17 0

564 98 12 17 DO

579 98 8 17 2

618 98 12 17 K=]

643 97 27 17 E

664 101 19 17 E

150 178 122 27 Kejserliga
287 178 113 27 Majestäts
414 177 78 27 nädiga
506 177 133 27 proposition
661 176 110 27 angäende
790 177 149 26 utsträckning
960 176 23 21 af

150 205 358 28 Helsingfors—Tavastehus—$S:t
523 206 142 26 Petersburgs
681 205 90 28 jernväg
793 206 33 21 till
848 205 132 26 Helsingfors

150 235 59 21 stads
226 235 65 21 södra
306 235 70 25 hamn,
393 235 98 26 samtliga
506 234 62 21 ständ
585 235 95 26 godkänt
693 234 118 21 utskottets
821 235 7 20 i
839 234 66 21 saken
917 234 64 21 fram-

150 263 79 21 ställda
245 263 87 27 förslag,
354 263 160 21 Presteständet
530 263 55 21 dock
600 263 49 21 med
672 263 36 21 det
723 262 113 24 förbehåll,
860 264 32 20 att
912 263 69 20 beslu-

152 293 32 19 tet
200 292 93 21 rörande
309 292 41 21 den
366 292 23 20 af
402 292 106 21 utskottet
523 292 7 20 i
544 292 53 20 sista
612 292 117 20 momentet
744 291 123 27 föreslagna
887 291 94 26 anslags-

151 326 98 15 summan
266 320 92 25 800,000
374 320 62 21 mark
450 326 26 15 ur
491 320 276 21 kommunikationsfonden
783 320 69 21 skulle
868 325 62 15 anses
948 320 34 21 för

150 348 117 26 eventuelt,
283 349 32 21 till
331 348 49 22 dess
396 348 166 22 Statsutskottet
583 348 82 26 afgifvit
688 348 106 27 yttrande,
818 348 105 21 huruvida
946 348 36 21 det

152 383 50 15 vore
217 376 84 28 möjligt
316 378 32 20 att
364 377 34 21 för
412 377 123 21 ändamälet
549 384 26 14 ur
591 377 93 21 berörda
700 377 50 21 fond
766 377 96 21 beräkna
881 377 36 21 det
932 376 50 22 ifrä-

150 406 123 26 gavarande
289 406 107 26 beloppet.
426 405 36 21 Då
483 406 83 21 således
588 406 7 20 i
619 406 69 26 öfriga
709 405 93 27 punkter
823 405 160 21 ständerbeslut

151 434 34 21 för
201 434 117 21 utskottets
333 434 81 27 förslag
428 434 114 27 föreligger
557 436 56 19 samt
628 434 76 27 frägan
721 440 34 15 om
777 434 74 27 anslag
874 440 25 15 ur
922 434 61 21 kom-

152 463 227 21 munikationsfonden
394 463 95 21 kommer
505 464 33 20 att
553 463 86 27 afgöras
653 463 7 21 i
674 462 155 27 sammanhang
852 463 48 21 med
916 462 67 27 öfriga

151 491 160 27 anslagsfrägor
327 492 40 20 och
382 491 90 21 sälunda
488 492 18 26 ej
523 498 58 14 mera
597 491 65 21 blifva
685 491 90 21 föremäl
796 491 34 21 för
844 492 139 26 Jernvägsut-

152 520 94 21 skottets
263 520 164 27 handläggning,
443 520 39 20 har
497 520 107 21 utskottet
619 520 6 20 i
641 520 71 26 vanlig
730 520 90 26 ordning
844 520 139 21 öfverlemnat

152 548 157 27 handlingarna
323 549 7 20 i
346 549 88 20 ärendet
449 548 32 21 till
496 548 254 27 Expeditionsutskottet.

221 577 109 26 Derjemte
347 577 81 21 tilläter
443 577 31 26 sig
490 577 107 20 utskottet
611 577 79 20 föreslä
706 578 33 20 att
756 576 122 27 Höglofliga
893 576 90 21 Ridder-

152 605 77 26 skapet
245 605 41 21 och
307 605 69 21 Adeln
400 605 108 26 behagade
532 611 34 15 om
589 605 38 21 sitt
647 605 72 21 beslut
740 605 6 21 i
769 605 65 21 saken
858 605 125 21 underrätta

152 633 171 22 Statsutskottet.

381 690 31 21 Pä
427 690 220 27 Jernvägsutskottets
663 692 90 25 vägnar:

495 735 32 23 Th.
542 735 94 29 Tallyvist.

656 799 100 20 Lennart
773 798 140 28 Gripenberg.

223 878 10 21 I
249 878 114 26 anledning
386 878 23 20 af
431 878 151 21 ofvanstäende
605 878 111 21 skrifvelse
739 877 70 21 beslöt
831 878 24 20 R.
873 884 18 14 o.
907 878 32 25 A.,
956 877 27 27 pä

153 908 30 19 Hr
199 906 221 22 Landtmarskalkens
435 906 163 27 framställning,
620 908 32 20 att
675 906 78 26 utdrag
775 912 26 15 ur
824 906 101 21 Ständets
948 906 35 21 vid

153 934 179 28 föredragningen
358 935 23 21 af
405 935 91 21 berörda
519 935 135 21 betänkande
681 936 41 20 den
745 935 27 20 29
798 935 102 21 sistvikne
923 934 61 27 April

153 963 63 21 förda
231 964 109 26 protokoll
356 964 70 20 skulle
442 964 31 20 till
489 963 166 22 Statsutskottet
671 963 145 21 öfversändas.

224 1105 105 27 Slutligen
338 1106 142 27 tillkännagaf
487 1106 31 21 Hr
526 1106 208 21 Landtmarskalken
745 1107 32 20 att
788 1106 94 27 följande
897 1106 86 27 plenum

154 1134 85 21 komme
255 1136 33 19 att
304 1134 68 21 hållas
389 1134 118 27 Måndagen
524 1135 40 20 den
581 1136 23 19 11
623 1135 42 26 Maj
689 1135 29 20 kl.
734 1135 12 20 6
762 1141 18 14 e.
796 1141 28 14 m.
840 1136 55 19 samt
918 1133 66 28 derpä

153 1162 95 27 följande
264 1163 86 26 plenum
367 1162 112 28 Onsdagen
495 1163 40 21 den
554 1164 24 20 13
594 1163 43 27 Maj
652 1163 30 21 kl.
700 1165 23 19 11
741 1163 13 21 f.
771 1169 28 15 m.

222 1293 90 21 Plenum
327 1293 117 22 afslutades
460 1294 27 21 kl.
504 1294 42 27 1/,4
562 1300 17 15 e.
596 1301 27 14 m.

739 1350 22 17 In
773 1350 60 17 fidem:

653 1385 62 20 Karl
732 1385 183 27 Standertskjöld.
