1025 1686
174 82 49 21 598
426 87 26 18 R.
464 92 18 13 0.
493 88 23 17 A.
530 88 54 17 1891.
608 88 25 17 10
645 87 64 22 April.

153 173 46 16 som
213 167 80 27 jemväl
308 168 7 21 i
331 168 186 27 propositionerna
532 167 57 22 N:ris
604 168 27 21 28
647 167 41 22 och
704 168 27 21 29
754 167 40 21 har
809 167 102 21 förefallit
934 167 49 26 mig,

153 195 42 22 och
209 201 47 16 som
270 195 38 28 jag
323 199 46 19 tror
384 196 90 27 mängen
490 203 71 14 annan
574 196 67 27 jemte
656 196 50 27 mig,
722 196 51 27 föga
788 195 125 22 tilltalande.
944 195 40 22 Re-

154 224 42 21 dan
213 230 34 15 om
264 230 49 16 man
329 225 75 21 kastar
419 231 27 15 en
460 225 58 21 blick
534 224 27 27 pä
572 225 41 21 den
624 225 65 24 tariff,
705 231 46 14 som
766 225 130 20 bestämmer
911 224 73 21 bevill-

152 253 162 26 ningssatserna
321 253 35 22 för
364 253 69 22 denna
442 253 141 26 tobaksaccis,
590 253 68 21 finner
663 259 58 20 man,
730 253 55 21 huru
793 253 99 26 ofantligt
900 253 84 21 inveck-

152 281 37 21 lad
199 281 147 27 beräkningen
357 284 30 23 är,
401 282 93 26 jemförd
507 281 49 21 med
571 283 97 19 satserna
684 281 34 21 för
728 281 41 21 den
785 281 198 27 tobaksbevillning,

155 315 46 15 som
217 309 67 22 sedan
300 310 24 21 är
341 310 55 22 1882
412 310 40 21 har
466 310 54 26 gällt
535 310 7 21 i
557 310 80 26 landet,
660 310 41 21 och
723 310 116 26 genomgär
854 316 48 14 man
918 310 66 20 sedan

153 337 27 21 de
197 337 70 27 öfriga
281 338 189 28 bestämningarna
484 339 8 21 i
506 338 51 22 näd.
572 345 67 20 prop.,
655 338 24 22 sä
695 338 68 21 finner
778 344 49 15 man
838 338 103 21 likaledes
952 339 32 20 att

152 366 27 21 de
195 366 104 22 innebära
310 370 31 18 ett
352 368 197 26 reglementerande
560 367 23 21 af
591 367 82 27 ganska
683 366 129 27 vidtgäende
822 366 40 22 och
877 366 61 27 djupt
953 367 31 20 in-

152 395 105 25 gripande
273 395 154 26 beskaffenhet,
448 402 46 14 som
510 396 95 26 återigen
627 396 8 20 i
657 396 33 21 sin
706 396 90 26 ordning
810 395 127 21 förutsätter
953 396 31 20 ett

152 423 82 26 ganska
249 424 123 22 inveckladt
389 424 180 27 kontrollsystem.
600 424 75 21 Redan
698 424 34 21 för
754 426 33 19 att
809 423 174 22 tobaksfabriker

153 452 62 20 skola
231 452 74 22 kunna
319 453 103 27 anläggas
437 453 69 21 mäste
521 452 106 22 särskilda
641 452 137 22 föreskrifter
787 452 114 27 iakttagas,
918 452 65 21 sedan

152 480 70 21 mäste
237 482 97 20 rörelsen
350 481 108 21 bedrifvas
473 481 56 21 efter
543 482 57 20 vissa
615 481 134 21 föreskrifter
769 481 40 21 och
832 480 71 22 dertill
924 480 60 22 kom-

152 514 47 16 mer
213 510 34 20 att
263 510 66 26 enligt
345 516 26 15 en
387 510 135 26 bestämning
537 510 7 20 i
559 510 49 21 näd.
623 516 60 20 prop.
701 509 65 21 ocksä
782 510 28 20 all
826 509 72 27 odling
912 509 24 21 af
950 511 34 19 to-

145 537 58 24 "bak,
219 539 61 20 utom
295 538 34 21 för
344 538 112 26 husbehof,
480 538 68 22 skulle
570 538 117 26 förbjudas.
718 538 44 21 För
784 540 32 19 att
838 538 72 20 kunna
932 544 52 20 upp-

154 565 105 26 rätthälla
274 566 154 22 efterlefnaden
443 567 23 20 af
480 567 63 20 dessa
557 567 161 26 bestämningar
730 566 90 21 föresläs
831 566 64 21 ocksä
905 566 7 21 i
922 572 60 21 prop.

153 594 146 22 tillsättandet
313 596 23 19 af
350 601 26 15 en
392 595 34 21 hel
441 595 265 27 tjenstemannapersonal,
729 595 106 26 nämligen
857 601 25 14 en
898 595 84 26 inspek-

152 624 36 19 tör
203 623 40 20 och
260 625 32 19 ett
308 624 59 21 antal
389 623 144 22 kontrollörer
554 623 33 22 för
610 623 208 22 tobaksfabrikerna.
848 623 43 21 För
907 625 32 19 att
955 629 28 15 nu

152 651 48 20 icke
217 651 46 22 tala
278 658 34 15 om
328 652 26 21 de
370 652 66 27 dryga
452 652 123 24 kostnader,
591 659 44 14 som
652 653 61 20 detta
736 651 88 26 medför,
848 652 40 21 och
911 651 72 21 hvilka

153 679 74 22 säkert
242 680 69 21 skulle
328 680 70 27 uppgä
414 681 33 20 till
462 687 25 15 en
503 681 47 21 icke
566 681 109 26 obetydlig
690 683 90 24 procent
795 681 23 20 af
832 680 40 21 den
883 680 99 26 inkomst,

151 713 47 16 som
215 708 41 21 den
272 709 128 26 ifrägasatta
415 710 82 20 accisen
513 709 69 22 skulle
597 709 106 26 inbringa,
720 709 23 21 sä
758 709 83 21 medför
857 711 30 18 ett
906 709 77 21 sädant

152 738 80 25 system
248 737 47 21 helt
309 738 104 26 naturligt
428 738 77 26 mänga
521 738 67 21 andra
607 738 145 27 olägenheter,
776 737 72 21 hvilka
870 739 37 19 äro
930 737 23 21 sä
975 738 8 20 i

152 766 85 25 ögonen
251 765 95 22 fallande
362 768 32 19 att
407 766 37 27 jag
458 767 48 20 icke
522 767 61 20 torde
606 767 61 26 länge
692 766 91 21 behöfva
805 765 115 27 uppehålla
940 766 43 26 mig

151 793 35 21 vid
203 794 56 21 dem.
290 794 42 21 Det
347 795 69 20 mäste
431 801 51 15 vara
498 795 59 21 svärt
571 795 34 21 för
620 795 70 21 denna
705 795 92 21 industri
818 795 40 20 och
873 795 25 20 de
915 794 68 27 öfriga

152 821 125 26 industrier,
292 823 33 21 för
341 823 72 21 hvilka
428 823 162 27 ifrägavarande
609 823 138 26 beskattning
769 823 40 21 här
831 823 96 25 föresläs,
950 825 33 19 att

151 850 78 21 arbeta
243 851 70 21 under
332 852 84 26 trycket
438 852 23 20 af
481 858 26 15 en
530 852 59 26 dylik
611 852 185 26 reglementering.
825 851 74 21 Säsom
915 851 67 21 redan

151 880 92 25 nämnts,
261 881 25 19 är
301 880 69 20 denna
385 880 193 27 accisbeskattning
597 880 120 26 föreslagen
740 882 34 19 att
796 880 62 21 träda
879 880 8 21 i
909 880 72 21 stället

151 906 36 22 för
202 908 41 20 den
259 908 115 26 bevillning
390 908 27 27 pä
432 909 72 26 tobak,
521 915 46 15 som
583 908 121 22 Ständerna
725 908 68 27 åtagit
816 909 31 26 sig
868 908 33 21 vid
927 909 54 21 1882

151 935 36 21 ärs
203 936 111 27 landtdag,
329 937 41 21 och
385 943 45 15 som
446 938 65 20 sedan
527 938 48 20 dess
586 938 120 26 uppburits.
732 937 75 21 Redan
822 938 7 20 i
844 943 59 21 prop.
919 937 8 21 i
938 939 44 19 äm-

151 967 38 18 net
204 964 34 22 till
255 966 55 21 1885
325 966 35 20 års
376 966 102 26 landtdag
493 966 97 21 förekom
605 972 27 15 en
647 966 95 27 antydan
765 966 74 21 derom
861 968 32 18 att
912 966 69 21 denna

152 991 119 29 bevillning
286 994 68 21 skulle
370 994 52 27 utgä
437 995 75 21 endast
528 994 34 22 för
577 995 41 21 den
633 994 197 27 landtdagsperiod,
846 1000 45 15 som
907 994 27 21 dä
945 996 36 25 tog

151 1021 34 21 sin
200 1021 84 27 början.
313 1022 11 21 I
339 1022 114 28 anledning
468 1023 23 21 af
505 1023 69 21 denna
589 1024 95 26 antydan
700 1024 7 20 i
724 1024 54 20 1885
794 1023 35 21 års
850 1029 59 20 prop.
925 1023 56 21 före-

151 1049 48 27 slog
214 1050 239 28 Bevillningsutskottet
476 1052 36 20 vid
535 1052 67 26 sagda
623 1052 104 26 landtdag
749 1054 32 18 ett
803 1052 111 21 uttalande
935 1051 48 21 utaf

152 1077 123 23 Ständerna
290 1080 80 26 derom,
386 1082 32 18 att
434 1080 36 21 det
486 1086 49 16 vore
552 1080 116 21 önskvärdt
683 1082 34 19 att
732 1080 70 21 denna
817 1080 116 26 bevillning
951 1080 30 20 äf-

150 1112 41 15 ven
206 1107 57 21 efter
277 1108 108 26 utgången
400 1108 24 21 af
437 1108 24 21 år
485 1110 52 20 1891
563 1109 68 20 skulle
653 1108 98 21 fortfara.
782 1109 66 20 Detta
863 1108 81 27 förslag
959 1108 23 21 af

150 1134 239 28 Bevillningsutskottet
405 1137 61 21 ledde
481 1137 120 21 emellertid
615 1137 47 21 icke
678 1137 35 21 till
728 1137 66 26 nägot
815 1137 166 25 ständerbeslut,

150 1163 88 22 hvartill
254 1165 92 21 orsaken
361 1165 55 21 dock
431 1165 18 27 ej
465 1172 38 14 var
519 1165 40 22 den
574 1168 33 18 att
623 1165 121 22 Ständerna
759 1165 69 22 skulle
848 1165 64 21 hafva
935 1165 46 21 haft

150 1197 27 15 en
192 1199 72 15 annan
280 1193 55 27 äsigt
350 1193 7 21 i
372 1193 66 22 saken
452 1195 28 20 än
494 1194 246 26 Bevillningsutskottet,
763 1197 53 18 utan
836 1193 93 22 berodde
945 1194 36 21 det

150 1219 29 27 pä
194 1223 49 19 rent
258 1221 99 22 formella
372 1222 52 21 skäl.
454 1223 42 20 Det
511 1223 104 26 framgick
631 1223 107 26 nämligen
748 1223 78 26 tydligt
836 1223 24 20 af
868 1223 26 21 de
905 1223 76 24 beslut,

150 1255 46 14 som
213 1249 7 21 i
235 1250 28 21 de
279 1250 105 21 särskilda
400 1251 93 21 Ständen
508 1251 100 26 fattades,
621 1253 32 19 att
665 1251 131 21 Ständernas
805 1251 105 27 enhälliga
917 1251 64 21 tanke

149 1282 40 16 var
203 1278 42 21 den
261 1281 33 19 att
309 1279 70 21 denna
394 1279 137 27 beskattning
545 1286 38 14 var
598 1280 136 26 synnerligen
749 1280 87 27 lämplig
851 1280 46 25 och,
913 1279 69 22 sävidt

150 1305 67 22 behof
231 1307 24 21 af
269 1307 59 28 dylik
342 1308 59 21 skatt
416 1308 68 26 fanns,
500 1308 67 21 borde
583 1308 63 21 ocksä
656 1308 115 21 framdeles
782 1309 57 26 utgä.
857 1308 124 21 Emellertid

149 1335 83 21 uttalas
253 1341 30 16 nu
298 1336 31 21 uti
344 1336 144 27 föreliggande
504 1336 48 21 näd.
568 1343 67 20 prop.,
651 1339 35 19 att
701 1337 27 20 H.
744 1337 28 20 M.
788 1336 71 21 funnit
873 1337 47 20 skäl
934 1336 47 22 icke

150 1363 74 22 vidare
245 1364 134 22 förekomma
394 1367 32 19 att
441 1365 7 21 i
464 1365 67 22 bredd
546 1365 49 21 med
609 1365 40 22 tull
665 1371 28 16 en
708 1371 70 15 annan
794 1365 188 27 bevillningsafgift

149 1391 70 22 skulle
242 1393 116 26 uppbäras.
389 1393 33 21 Då
443 1400 29 14 nu
494 1394 37 21 det
553 1394 47 21 icke
622 1394 39 20 har
683 1394 83 20 kunnat
788 1400 52 14 vara
857 1394 124 26 regeringen

149 1420 102 27 obekant,
268 1421 86 21 hvilken
369 1421 55 27 äsigt
440 1421 120 22 Ständerna
575 1422 61 26 hyste
651 1422 7 21 i
674 1422 68 21 saken
754 1422 36 21 vid
802 1422 54 21 1885
867 1422 35 20 ärs
912 1422 70 21 landt-

149 1448 42 27 dag
214 1449 41 21 och
279 1450 36 21 det
337 1450 89 21 oaktadt
440 1450 47 22 icke
504 1450 190 27 bevillningsafgift
708 1450 122 27 föreslagits
845 1452 52 19 utan
912 1456 27 16 en
954 1456 27 21 ny

149 1476 41 22 och
206 1478 70 21 under
291 1478 51 21 vära
357 1478 149 22 förhällanden
521 1479 100 27 temligen
636 1479 134 21 främmande
786 1479 54 21 form
856 1478 23 22 af
886 1479 96 21 beskatt-
