1025 1686
185 99 40 20 690
430 103 24 16 R.
468 107 16 12 o.
497 104 22 15 A.
534 103 53 16 1891.
607 104 26 16 25
645 102 65 21 April.

155 183 32 20 till
211 182 151 27 arkeologiska
384 183 176 21 kommissionens
583 183 132 26 förfogande,
737 181 23 22 sä
776 182 60 21 torde
852 181 63 21 dessa
930 181 55 20 ordi-

155 211 58 20 narie
237 211 89 27 krafter,
350 212 63 21 ledda
436 211 22 21 af
474 211 190 26 statsarkeologen,
680 211 6 21 i
704 210 74 27 sjelfva
793 210 76 21 verket
884 209 102 22 innebära

155 239 24 21 sä
201 241 32 19 att
258 241 51 26 säga
333 243 32 18 ett
380 241 32 20 frö
429 240 30 21 till
476 246 25 15 en
517 239 107 22 blifvande
641 239 63 27 byrä;
721 239 39 21 och
776 245 60 20 synes
852 239 36 20 det
903 238 34 21 vid
954 237 32 22 sä-

155 268 52 20 dant
229 268 135 22 förhällande
388 269 123 25 lämpligare
535 271 32 17 att
583 269 45 19 läta
643 268 75 26 frägan
736 274 32 14 om
785 267 122 21 inrättande
924 267 22 21 af
961 273 25 14 en

157 296 65 21 sädan
239 297 63 21 anstä
318 297 32 21 till
366 304 26 14 en
408 297 92 25 framtid,
518 296 27 21 dä
562 297 55 20 ökad
633 296 122 21 erfarenhet
766 296 42 20 kan
816 295 67 21 finnas
892 295 33 21 för
936 295 51 21 han-

156 325 47 21 den.
234 325 33 21 En
292 326 164 26 omständighet,
481 326 87 20 hvarför
589 326 36 26 jag
646 326 62 20 äfven
724 324 101 22 särskildt
841 324 67 20 under
923 330 64 14 nuva-

157 354 66 20 rande
239 354 102 26 tidpunkt
357 354 46 21 icke
420 354 68 21 skulle
504 354 50 26 vilja
569 354 87 21 förorda
672 356 33 18 att
721 354 65 20 redan
802 359 28 15 nu
845 353 27 26 gä
887 352 24 21 sä
921 352 65 27 längt,

157 388 45 15 som
219 382 40 20 den
277 383 64 20 ärade
358 383 142 26 petitionären
517 382 96 21 föreslär,
630 384 29 23 är,
677 384 33 18 att
722 382 37 27 jag
775 382 33 20 för
824 382 36 20 det
875 381 68 21 första
951 388 36 14 an-

156 416 33 16 ser
213 410 121 22 Ständerna
357 412 47 20 icke
428 418 51 14 vara
500 413 33 19 ett
548 411 49 21 fullt
612 411 98 26 lämpligt
725 411 69 21 forum
810 410 33 20 för
859 410 128 26 behandling

156 439 23 21 af
192 440 70 20 denna
277 440 60 26 fräga
353 440 48 20 med
418 440 48 20 dess
482 440 90 25 detaljer
587 440 7 20 i
609 440 66 20 första
693 440 63 24 hand,
772 439 39 21 och
821 439 33 21 för
870 439 35 20 det
921 438 67 21 andra

156 468 47 20 icke
219 468 43 20 kan
279 469 145 26 undertrycka
439 468 79 21 tanken
534 468 66 26 derpä
617 470 32 18 att
665 468 39 20 här
718 468 22 26 ju
758 467 54 21 ändä
828 468 39 20 sist
882 467 38 21 och
937 467 51 20 slut-

156 496 55 26 ligen
235 496 116 27 föreligger
368 503 25 15 en
410 496 83 27 rifning,
503 503 45 15 som
564 503 28 14 nu
608 497 45 21 icke
670 496 139 26 ovilkorligen
825 496 40 20 hör
881 496 31 20 till
929 496 59 20 insti-

156 525 105 25 tutionen,
285 529 50 17 utan
359 526 67 20 måste
450 532 62 14 anses
528 525 21 21 få
565 525 51 21 bero
633 526 26 25 pä
675 524 142 27 öofvergäende
832 524 154 21 förhållanden.

156 553 33 20 Dä
208 554 37 25 jag
273 554 92 26 antydde
390 556 32 18 att
439 554 118 21 Ständerna
573 554 66 25 enligt
655 554 44 20 min
716 554 63 20 tanke
796 553 46 20 icke
858 553 74 20 härvid
949 554 37 19 äro

156 581 37 21 det
208 582 135 26 lämpligaste
359 583 76 24 forum,
452 583 36 20 vill
502 582 36 27 jag
553 582 46 21 icke
615 583 91 20 förneka
717 583 32 20 att
762 581 46 21 icke
821 581 97 21 enskilda
929 581 58 20 med-

156 610 89 21 lemmar
261 611 72 20 kunna
349 611 64 20 vinna
428 611 79 20 inblick
522 611 6 20 i
545 611 62 20 dessa
623 611 77 26 faägor.
729 611 29 20 De
769 610 138 26 undandraga
920 610 31 25 sig
962 610 24 26 ju

155 639 47 21 icke
224 645 25 14 en
274 639 71 21 bildad
370 645 88 20 persons
474 639 139 25 bedömande,
630 645 47 14 men
694 639 61 20 äfven
772 645 33 14 om
821 645 48 14 man
885 638 33 21 för
933 644 53 20 egen

156 667 34 20 del
213 667 90 21 kommit
322 668 32 26 sig
372 668 32 21 tili
427 674 24 14 en
468 668 61 26 äsigt,
545 669 24 19 är
585 668 36 21 det
637 668 6 20 i
659 667 43 21 alla
718 667 37 21 fall
771 667 57 21 svärt
844 669 32 18 att
891 667 7 20 i
913 666 73 27 frägor

155 698 59 18 utom
231 699 49 23 eget
291 696 47 21 fack
354 697 53 20 söka
424 696 109 27 öfvertyga
548 697 65 20 andra
629 702 103 21 personer
748 702 33 15 om
794 697 30 20 sin
837 695 66 26 äsigts
912 695 75 26 riktig-

155 724 42 26 het,
215 725 40 20 och
272 725 54 20 hvad
343 725 103 26 rifningen
463 725 107 26 beträffar,
583 725 29 24 sä,
625 725 70 20 såsom
704 725 36 26 jag
752 725 64 20 redan
828 724 81 26 antydt,
921 723 66 22 blifva

153 753 24 25 ju
201 753 54 20 efter
271 754 117 20 utskottets
404 753 79 26 förslag
500 753 25 21 de
541 754 152 25 väsentligaste
709 753 165 25 anledningarne
891 753 31 20 till
945 753 40 20 den

155 781 168 26 undanrödjade.
354 782 53 21 Utaf
428 783 88 25 mycken
537 782 43 26 vigt
596 788 61 15 anser
671 783 38 25 jag
724 783 36 20 det
775 782 6 20 i
798 781 72 27 hvarje
885 781 101 20 händelse

155 815 58 18 vara,
237 812 33 19 att
286 811 40 20 den
342 810 88 21 främste
448 812 174 25 representanten
637 811 32 20 för
686 810 38 21 vär
747 810 148 26 arkeologiska
916 812 71 18 veten-

155 838 54 26 skap
225 839 75 20 ställes
322 839 30 20 uti
369 841 30 18 ett
416 839 53 25 läge,
486 839 76 20 sädant
578 841 32 18 att
626 839 40 20 han
683 839 42 20 kan
741 839 107 25 hängifvet
863 839 75 19 arbeta
954 838 33 20 för

155 867 38 20 sitt
211 867 80 26 vigtiga
307 866 49 24 mäl,
373 867 39 21 och
428 867 81 26 hoppas
523 867 36 27 jag
575 869 32 19 att
623 868 108 26 Styrelsen
746 867 54 21 skall
813 867 53 21 efter
878 866 108 21 inhemtad

156 895 73 21 vidare
246 896 122 20 erfarenhet
383 896 7 20 i
406 896 66 20 sinom
489 896 30 20 tid
536 898 94 24 upptaga
645 896 76 26 frägan
738 902 33 14 om
784 895 132 21 inrättandet
929 895 22 21 af
961 901 26 15 en

156 923 120 27 ullständig
291 924 137 26 arkeologisk
443 924 58 27 byrä.

225 980 38 21 Hr
291 980 253 27 Yrjö-Koskinen:
575 982 42 20 Det
649 983 23 19 är
706 980 46 22 icke
786 982 50 19 utan
870 982 32 19 ett
934 980 52 21 visst

155 1008 90 27 obehag,
269 1015 45 15 som
334 1009 36 27 jag
392 1012 60 24 tager
472 1010 32 20 till
520 1010 61 20 ordet
596 1010 7 20 i
619 1010 115 26 anledning
750 1009 22 21 af
787 1010 39 20 den
842 1008 145 27 föreliggande

154 1038 125 25 petitionen,
302 1038 92 25 hvilken,
416 1038 27 20 dä
458 1044 46 15 man
522 1040 61 24 tager
599 1038 40 21 den
655 1040 99 19 närmare
770 1038 4 20 i
792 1038 116 26 ögonsigte,
925 1039 63 25 utgör

154 1072 27 14 en
204 1066 48 21 frän
276 1067 194 26 statsarkeologens
493 1067 46 21 sida
561 1073 76 20 genom
659 1067 144 26 petitionären
819 1066 32 21 till
867 1066 121 21 Ständerna

155 1093 122 23 framställd
290 1096 77 25 klagan
381 1098 56 18 emot
449 1096 149 26 arkeologiska
610 1096 173 20 kommissionen,
804 1095 40 26 Jag
856 1101 61 15 anser
926 1095 62 20 verk--

154 1123 56 26 ligen
234 1124 47 20 icke
305 1125 33 19 att
354 1123 72 26 dylika
441 1124 118 26 interiörer,
576 1130 44 15 som
637 1124 39 20 här
692 1124 72 20 kunna
780 1123 138 23 förekomma,
935 1123 53 20 böra

155 1151 78 26 dragas
256 1152 56 20 inför
335 1152 149 26 allmänheten,
509 1152 39 21 och
569 1153 37 26 jag
626 1153 35 20 vill
678 1153 6 20 i
701 1153 59 20 detta
776 1152 119 21 hänseende
911 1151 77 21 endast

154 1180 70 20 uttala
245 1182 34 18 att
303 1181 48 20 med
367 1181 41 20 den
423 1181 126 25 kännedom,
562 1181 37 26 jag
615 1187 48 20 eger
680 1187 35 14 om
731 1180 167 26 förhällandena,
915 1181 72 26 klago-

154 1207 67 22 målet
242 1210 25 19 är
291 1209 115 26 obefogadt
430 1209 38 21 och
488 1209 65 21 beror
568 1209 27 26 pä
611 1211 54 19 vissa
681 1209 122 26 personliga
819 1209 169 26 gvalifikationer

155 1236 39 21 hos
217 1237 193 27 statsarkeologen.
441 1238 41 20 Det
502 1239 24 19 är
542 1238 87 21 alldeles
644 1240 61 19 utom
721 1238 27 21 all
765 1237 60 26 fråga
840 1239 32 19 att
888 1243 25 15 en
929 1237 58 27 dylik

154 1265 126 26 myndighet
302 1272 45 14 som
368 1266 149 26 arkeologiska
539 1267 166 20 kommissionen
728 1267 39 20 har
790 1267 54 20 varit
860 1266 39 21 och
915 1268 24 18 är
955 1268 32 18 ut-

155 1294 155 27 omordentligt
329 1294 91 27 behöflig
436 1294 32 21 för
492 1297 32 18 att
540 1295 67 20 delvis
623 1295 121 24 öfvervaka,
761 1295 66 20 delvis
842 1294 57 27 gifva
914 1294 73 27 styrka

154 1322 24 21 ät
201 1323 26 20 de
251 1323 107 26 ätgärder,
382 1329 45 15 som
449 1323 22 21 af
485 1324 185 26 statsarkeologen
687 1324 73 20 kunna
775 1323 114 26 företagas,
905 1323 39 21 och
960 1322 27 21 dä

154 1350 50 21 man
220 1351 89 26 känner,
326 1351 72 21 hvilka
416 1358 101 20 personer
533 1352 22 21 af
569 1353 25 20 de
617 1352 70 21 skilda
710 1352 160 26 vetenskapliga
893 1351 94 21 samfun-

154 1379 41 20 den
211 1379 66 21 hafva
295 1380 77 21 insatts
387 1381 6 20 i
410 1381 69 20 denna
494 1381 144 25 kommission,
652 1381 23 20 så
699 1381 61 20 torde
785 1387 48 14 man
851 1380 46 21 icke
915 1380 72 21 kunna

154 1407 59 20 tvifla
229 1407 28 26 på
266 1410 32 18 att
309 1408 62 21 dessa
386 1414 101 20 personer
502 1409 6 20 i
526 1409 116 21 allmänhet
653 1409 40 21 och
703 1409 37 26 jag
752 1408 65 27 vågar
828 1410 51 25 säga
890 1408 96 21 allesam-

154 1442 61 14 mans
231 1436 65 21 hafva
312 1437 36 20 det
363 1437 160 26 vetenskapliga
534 1438 89 20 intresse
637 1438 38 20 och
691 1438 40 20 den
743 1437 107 21 allmänna
861 1438 126 25 vetenskap-

154 1464 43 26 liga
220 1464 72 27 insigt,
316 1471 45 15 som
385 1465 33 21 för
439 1466 111 26 uppgiften
566 1466 55 20 varit
637 1466 132 26 erforderlig.
801 1466 41 20 Det
858 1466 89 20 oaktadt
963 1467 24 19 är

154 1492 37 21 det
213 1492 64 22 fallet
299 1495 32 19 att
354 1493 145 22 förhållandet
515 1494 38 21 har
569 1495 54 20 varit
639 1497 31 19 ett
686 1495 83 21 mindre
785 1494 108 26 behagligt
909 1494 78 22 mellan
