1025 1686
339 101 26 17 R.
378 106 17 12 o.
407 102 22 16 A.
443 102 53 17 1891.
521 102 14 17 2
545 101 48 21 Maj.
808 95 40 21 725

51 181 103 26 landsdel,
170 187 45 15 som
230 181 56 22 varit
301 181 66 26 något
382 181 73 27 längre
471 181 109 27 aflägsnad
589 181 46 22 från
653 181 25 21 de
694 181 60 21 äldre
767 181 110 26 kontoren,

51 216 89 15 numera
160 209 97 27 uppstätt
279 216 42 20 nya
343 210 84 21 kontor.
458 211 40 25 Jag
522 213 46 18 tror
589 212 32 19 att
637 210 115 26 anledning
768 209 31 21 till
816 210 62 21 deras

51 239 72 20 vidare
146 238 83 21 ökande
251 238 47 21 icke
321 239 58 20 skall:
396 239 23 20 sä
440 241 60 18 snart
515 239 125 21 framträda.
657 251 27 2 —
700 238 10 21 I
725 238 61 26 fråga
802 244 34 15 om
851 239 26 20 de

52 268 58 19 rätta
132 267 112 26 principer,
267 273 45 15 som
336 273 50 14 vore
408 269 32 19 att
456 267 52 27 följa
523 267 35 21 vid
574 267 151 21 statsbankens
741 266 136 26 förvaltning,

52 295 49 21 med
116 295 81 27 hänsyn
213 295 33 21 till
261 295 107 21 ernäende
384 295 23 21 af
420 296 62 26 vinst,
499 296 24 20 sä
542 296 36 20 vill
591 296 38 26 jag
643 295 32 21 till
691 295 55 21 hvad
762 294 32 21 Hr
809 294 70 22 Mont-

53 330 86 20 gomery
163 324 71 20 anfört
256 324 68 26 villigt
346 324 94 21 erkänna
462 326 33 19 att
515 324 7 21 i
539 326 31 19 ett
585 324 141 25 betänkande,
742 323 77 21 sådant
834 329 45 15 som

54 352 66 26 detta,
144 358 25 15 en
193 352 66 21 sädan
281 352 62 26 fräga
358 352 46 22 icke
420 353 41 21 kan
478 353 27 27 pä
521 355 31 19 ett
567 353 147 21 uttömmande
730 353 43 19 sätt
789 352 89 26 belysas.

53 380 41 28 Jag
108 380 69 22 håller
193 381 53 21 dock
261 381 46 21 före
323 383 32 19 att
371 381 107 27 åtskilliga
486 382 80 20 sådana
575 381 126 21 situationer
716 380 6 21 i
738 380 82 21 landets
829 380 50 22 eko-

54 410 97 20 nomiska
165 409 26 21 lif
205 410 71 20 kunna
291 409 91 25 inträffa,
399 410 27 20 dä
445 410 45 26 just
506 410 140 21 statsbanken
662 409 81 21 mindre
759 411 25 18 än
802 409 77 26 privat-

54 438 108 21 bankerna
178 438 42 21 kan
236 438 108 26 uppställa
359 438 105 22 ernäende
480 439 23 21 af
517 439 55 20 vinst
587 438 71 21 såsom
673 438 161 20 bestämmande
846 437 34 21 för

55 467 37 21 sitt
114 466 163 27 handlingssätt.
307 466 71 22 Också
400 474 37 14 var
448 468 42 24 det,
506 470 47 18 tror
565 467 43 27 jag,
625 466 119 27 egentligen
759 466 47 21 icke
821 466 6 20 i
843 472 36 14 an-

54 497 38 19 nat
108 495 54 27 syfte
177 496 32 20 Hr
225 496 147 26 Montgomery
394 496 48 21 ville
462 496 70 21 uttala
547 496 38 26 sig,
600 502 49 14 men
665 502 33 14 om
712 495 36 26 jag
763 495 64 21 fattat
842 494 38 21 ho-

54 530 50 15 nom
127 526 50 24 rätt,
201 524 23 21 sä
247 524 68 20 skulle
336 525 8 20 i
365 524 60 27 fråga
440 531 34 15 om
490 526 87 19 räntans
594 524 132 26 bestämning
749 522 132 22 vinstberäk-

56 552 76 27 ningen
154 553 73 20 kunna
248 559 51 14 vara
319 552 33 21 för
368 553 139 21 statsbanken
522 553 44 20 lika
581 552 139 21 normerande
737 558 44 14 som
797 552 33 20 för
845 558 36 14 en-

56 581 69 20 skilda
140 581 87 21 banker.
257 581 41 26 Jag
313 581 69 21 mäste
396 581 34 21 för
445 582 43 20 min
504 581 34 21 del
554 582 6 19 i
576 581 59 21 detta
651 580 119 21 hänseende
787 580 51 27 hysa
854 585 26 15 en

56 615 70 15 annan
148 609 142 27 uppfattning,
314 610 102 21 särskildt
436 610 49 21 med
506 610 99 21 afseende
621 609 12 21 ä
649 609 25 21 de
690 609 127 26 verkningar
832 615 49 14 man

57 638 22 21 af
100 644 25 15 en
148 639 156 26 räntestegring
316 639 40 20 och
372 639 199 26 räntenedsättning
587 638 41 21 kan
643 638 104 21 förvänta.
778 637 41 26 Jag
834 639 46 18 tror

56 668 32 19 att
104 673 49 14 man
169 667 72 21 städse
256 667 76 21 främst
348 667 39 21 bör
402 669 84 24 utröna,
497 667 105 20 huruvida
617 667 63 20 orsak
697 666 32 21 till
745 666 40 21 den
801 671 39 15 ena
852 665 29 20 el-

56 695 32 21 ler
103 696 67 20 andra
185 696 102 26 ätgärden
303 696 119 21 förefinnes.
453 696 82 21 Träffar
550 702 49 14 man
615 695 74 21 härvid
698 695 36 20 det
746 696 63 23 rätta,
822 693 60 21 skola

57 723 60 22 äfven
141 724 114 27 ätgärdens
277 725 129 26 verkningar
426 724 93 27 gestalta
535 724 31 27 sig
582 724 108 25 naturligt.
721 723 47 21 Kan
785 723 36 20 det
835 722 46 21 fak-

57 755 45 18 tum
118 753 135 21 konstateras
269 755 32 18 att
317 753 128 26 efterfrågan
462 753 13 20 &
490 753 81 28 kapital
587 753 46 20 icke
649 754 24 19 är
688 751 23 22 sä
726 754 46 18 stor
783 757 45 15 som
839 751 42 20 till-

57 781 82 27 gången
160 781 33 21 för
215 782 64 24 tiden,
301 781 24 21 sä
344 782 114 26 föreligger
474 781 113 26 anledning
602 781 32 20 till
650 779 104 28 sänkning
769 779 21 22 af
805 781 77 19 räntan

58 810 40 21 och
112 810 34 21 vid
162 811 89 20 motsatt
266 810 132 21 förhällande
415 810 32 21 till
463 811 100 25 stegring.
593 809 42 27 Jag
650 809 105 21 bestrider
767 808 116 26 ingalunda

58 839 55 21 hvad
128 845 46 15 som
190 839 87 25 anförts,
295 841 31 19 att
341 845 50 14 inan
406 839 6 20 i
428 838 69 27 någon
514 838 49 21 män
573 838 47 20 kan
629 837 65 21 verka
709 838 31 20 till
751 837 131 25 indragande

58 868 23 20 af
94 868 81 26 kapital
190 867 47 21 frän
253 868 67 20 andra
335 868 75 20 länder
424 867 33 21 till
472 867 49 21 värt
539 872 76 21 genom
631 872 26 14 en
673 865 79 27 kraftig
768 865 93 26 stegring
875 865 7 20 i

60 898 81 23 räntan,
158 902 48 15 men
221 896 69 21 denna
305 896 80 20 verkan
400 898 24 18 är
439 896 47 20 icke
500 895 107 27 jemförlig
621 894 48 22 med
686 894 46 25 den,
742 900 45 14 som
798 893 85 21 diskon-

58 927 44 19 tots
117 924 87 27 höjning
219 924 85 22 utöfvar
319 924 27 27 pä
362 924 80 21 sådana
458 926 65 23 orter,
533 924 37 20 der
585 926 60 18 stora
660 923 74 21 börser
745 922 72 21 finnas.
841 922 42 20 Det

58 955 24 19 är
98 953 101 21 särskildt
215 954 68 20 denna
299 953 131 25 distinktion,
440 959 45 15 som
502 952 105 21 utskottet
623 952 115 20 velat
683 946 7 37 i
698 952 40 20 sitt
747 950 135 22 betänkande

58 982 86 26 antyda,
160 984 32 19 att
207 982 106 26 nämligen
334 981 27 27 pä
381 988 24 14 en
422 981 115 26 börsplats,
554 980 39 22 och
609 980 123 27 isynnerhet
747 979 26 27 pä
789 979 93 21 domine-

58 1010 66 21 rande
148 1010 137 27 börsplatser,
308 1010 148 26 förändringar
477 1010 7 20 i
507 1010 108 20 diskontet
636 1009 63 21 hafva
714 1014 26 15 en
756 1008 44 20 helt
815 1013 69 15 annan

58 1039 109 27 betydelse
183 1039 40 21 och
238 1039 156 26 mängsidigare
409 1038 102 21 inverkan
527 1040 26 19 än
570 1038 39 20 hos
625 1044 40 14 oss.
689 1037 66 25 Dock,
768 1036 70 20 såsom
848 1036 36 26 jag

58 1068 67 20 redan
140 1068 82 26 antydt,
238 1069 24 19 är
277 1070 73 18 ämnet
364 1067 23 21 af
400 1067 24 21 sä
439 1066 147 26 komplicerad
601 1068 34 18 art
651 1066 39 20 och
708 1064 177 26 sammanhänger

60 1096 48 21 med
124 1096 23 21 sä
163 1096 76 26 mänga
255 1096 67 21 andra
337 1096 140 20 ekonomiska
492 1095 72 27 frägor
580 1097 32 18 att
627 1100 48 15 man
692 1094 45 21 icke
754 1099 36 15 ens
798 1092 34 21 mä
842 1092 42 21 för-

60 1125 59 24 söka,
135 1127 33 18 att
184 1125 6 20 i
206 1130 24 15 en
247 1125 90 25 muntlig
356 1124 73 21 debatt
444 1124 136 25 fullständigt
596 1123 111 20 klarställa
722 1122 42 21 alla
779 1121 25 21 de
821 1127 63 20 nyan:

60 1159 34 15 ser
109 1153 7 20 i
132 1153 141 26 uppfattning,
289 1159 45 14 som
350 1153 72 20 kunna
437 1152 80 25 finnas;
536 1164 23 2 —
578 1151 39 21 och
633 1151 36 21 det
686 1151 70 26 tyckes
772 1149 55 21 dock
835 1155 51 15 vara

60 1181 56 22 blott
138 1182 7 20 i
167 1182 56 20 vissa
245 1187 98 21 nyanser,
368 1187 44 15 som
428 1181 33 20 Hr
476 1181 159 26 Montgomerys
651 1179 99 27 yttrande
766 1178 73 27 skiljer
854 1178 32 25 sig

59 1210 47 21 frän
122 1210 123 21 utskottets.

131 1239 30 20 Hr
184 1239 99 21 Lindelöf
304 1238 40 21 har
366 1238 74 21 berört
462 1237 67 26 nägra
552 1237 90 26 detaljer
657 1237 7 20 i
681 1235 117 22 utskottets
813 1235 74 20 betän-

60 1268 76 21 kande.
167 1268 62 20 Hvad
245 1267 102 21 särskildt
362 1267 102 20 beträffar
480 1265 167 26 anmärkningen
664 1271 33 14 om
714 1266 30 19 ett
759 1263 85 27 uttryck
859 1263 28 26 pä

61 1297 66 20 slutet
143 1296 23 21 af
179 1296 39 21 sid.
235 1297 19 24 4,
271 1295 24 22 sä
310 1296 56 21 lärer
382 1296 36 20 det
434 1295 123 26 visserligen
572 1300 52 14 vara
639 1293 80 26 riktigt,
735 1295 32 18 att
782 1292 52 22 både
842 1291 45 21 för-

61 1325 91 27 säljning
167 1325 39 20 och
223 1325 85 26 uppköp
324 1324 24 21 af
370 1324 54 20 1886
446 1323 35 21 års
498 1323 141 26 obligationer
654 1322 39 20 har
708 1324 35 24 egt
758 1327 46 14 rum
820 1320 68 21 under

61 1355 25 20 de
109 1353 102 21 förflutna
233 1353 57 20 åren.
321 1353 49 25 Det,
386 1359 44 14 som
454 1351 107 22 utskottet
583 1351 60 26 afsäg
662 1350 48 21 med
725 1349 126 21 anförandet
867 1348 23 21 af

61 1383 69 20 denna
146 1381 63 25 siffra,
221 1388 37 14 var
274 1383 31 19 ett
320 1381 125 26 påpekande
461 1380 23 21 af
498 1382 33 19 att
546 1379 101 21 Finlands
657 1379 61 20 Bank
732 1382 76 23 genom
824 1379 32 19 att
864 1377 24 20 år

63 1411 54 21 1886
132 1410 105 21 förmedla
251 1409 164 27 ifrågavarande
434 1408 91 22 statslän
540 1408 46 20 icke
602 1408 33 20 för
649 1407 50 26 lång
714 1406 31 21 tid
762 1405 75 21 bundit
852 1405 36 21 be-

62 1439 92 27 tydande
177 1438 114 26 tillgängär
314 1438 80 24 dervid,
418 1437 27 21 dä
468 1436 128 27 exempelvis
617 1436 32 20 för
665 1434 132 22 närvarande
813 1434 76 21 endast

63 1468 92 25 115,000
170 1467 62 21 mark
248 1466 87 27 gvarläg
350 1466 6 21 i
373 1466 62 21 dessa
450 1466 148 25 obligationer.
628 1464 41 26 Jag
688 1464 105 20 erkänner
809 1464 31 19 att
855 1464 32 18 ut-

50 1496 96 26 -trycket
161 1495 77 26 ,finnes
254 1496 73 26 gvar'*,
344 1497 24 18 är
383 1494 81 21 mindre
481 1494 70 24 exakt;
568 1499 47 15 men
623 1493 35 20 vid
669 1492 139 21 redaktionen
816 1491 73 21 kunna
