1025 1686
166 99 12 20 Oo

180 99 12 20 O

194 98 13 21 m

422 103 24 16 R.
460 107 17 12 o.
490 103 22 16 A.
526 103 55 16 1891.
595 103 22 16 13
629 103 48 20 Maj.

136 183 79 26 loppet,
233 189 62 20 synes
311 183 49 26 mig,
376 185 32 19 att
424 189 47 14 man
494 188 65 21 gerna
582 189 28 14 nu
634 182 77 23 kunde,
727 182 6 20 i
749 181 53 27 syfte
825 183 32 18 att
879 180 88 27 fördyra

136 217 66 15 varan
218 211 39 21 och
275 211 122 27 derigenom
412 213 53 24 göra
481 211 40 21 den
537 211 82 20 mindre
642 210 109 27 åtkomlig,
774 210 49 26 ingå
846 209 27 26 pä
896 209 70 20 denna

136 239 128 27 förhöjning,
281 246 45 15 som
342 240 70 21 tillika
427 241 63 25 utgör
506 241 31 19 ett
553 239 133 21 afrundande
702 238 23 21 af
739 239 150 20 skattesatsen.

205 296 32 21 Hr
252 297 25 20 A.
295 297 22 21 L.
334 302 50 15 von
406 296 155 26 Knorring:
585 296 74 20 Säsom
675 296 41 20 den
732 297 84 19 senaste
832 294 64 21 ärade
912 294 54 20 tala-

136 331 37 15 ren
189 324 126 24 framhållit,
331 332 37 14 var
384 324 74 27 frågan
474 331 34 14 om
525 324 158 27 skattehöjning
698 324 47 21 från
761 324 27 21 62
804 324 32 20 till
856 323 26 21 65
903 323 62 25 penni

136 353 66 21 redan
218 353 91 21 föremål
324 353 34 21 för
374 353 130 21 Ständernas
520 353 99 26 pröfning
640 353 35 21 vid
699 355 83 19 senaste
805 351 109 26 landtdag,
938 351 27 21 dä

136 382 83 20 likvisst
234 382 7 20 i
257 384 66 19 annat
338 382 158 26 sammanhang.
524 381 33 21 Då
571 382 55 20 hade
639 382 37 26 jag
692 380 83 22 tillfälle
786 383 32 19 att
829 380 34 20 vid
879 379 86 27 frågans

135 410 130 26 behandling
288 410 27 26 pä
338 411 60 20 detta
420 417 46 14 rum
490 410 69 21 uttala
581 410 43 26 mig
646 412 45 19 mot
710 416 26 14 en
758 410 57 26 dylik
837 408 126 26 förhöjning.

136 438 44 21 Min
196 438 136 28 uppfattning
354 446 38 14 var
416 439 26 21 dä
458 439 31 21 till
505 439 42 20 viss
570 439 53 26 grad
646 438 109 27 päverkad
779 437 66 24 deraf,
869 438 32 19 att
916 443 48 14 man

136 468 76 20 endast
230 467 35 21 för
283 469 32 19 att
334 468 82 20 omföra
436 468 173 26 skattebeloppet
623 468 66 25 enligt
717 468 170 25 metersystemet
902 465 62 21 fram-

136 496 60 20 ställt
218 496 134 26 proposition
373 502 34 15 om
429 502 25 15 en
476 496 121 26 förhöjning
617 496 22 20 af
660 496 92 24 skatten,
773 501 48 15 men
844 500 34 16 om
901 494 65 20 ocksä

136 524 69 21 denna
221 525 159 26 omständighet
395 524 97 27 utgjorde
508 531 25 14 en
550 525 63 20 orsak
629 524 32 21 till
672 524 43 21 min
728 524 136 26 uppfattning
876 528 33 15 om
923 522 42 21 frä-

135 559 48 19 gan,
200 552 23 21 sä
239 559 38 14 var
293 554 39 19 den
349 553 64 20 likväl
436 553 45 20 icke
502 553 39 20 den
563 553 202 25 hufvudsakligaste.
796 552 40 26 Jag
860 551 54 20 hade
938 551 27 20 dä

136 581 83 20 tillfälle
236 583 33 18 att
284 581 69 21 uttala
368 582 42 20 min
426 581 89 26 farhäga
531 581 130 21 beträffande
678 581 40 21 den
735 583 59 18 stora
804 580 46 21 fara
861 580 33 20 för
905 580 60 20 lönn-

136 609 85 26 krögeri
237 609 40 21 och
293 609 33 21 för
342 610 119 26 smuggling
476 609 22 21 af
513 609 96 25 bränvin,
633 616 44 14 som
694 615 76 21 genom
786 611 31 19 ett
833 608 68 27 dylikt
921 609 43 20 för-

136 637 92 26 höjande
244 638 23 20 af
283 638 85 21 skatten
384 639 138 26 ovilkorligen
538 638 68 21 mäste
622 638 84 26 uppstä.
736 638 40 25 Jag
793 638 41 20 kan
857 637 46 20 icke
919 637 46 21 hel-

135 667 31 20 ler
183 672 27 14 nu
227 667 56 20 neka
299 667 31 20 till
347 669 31 18 att
394 673 80 14 samma
490 667 133 20 förhållande
639 669 38 24 gör
694 667 32 26 sig
741 666 98 27 gällande
863 666 101 21 särskildt

136 695 133 20 beträffande
285 695 159 26 lönnkrögeriet
461 695 29 21 uti
506 695 49 21 hela
571 695 40 21 den
627 695 33 21 del
682 695 23 20 af
727 695 79 26 landet,
829 700 46 15 som
898 694 68 27 ligger

135 725 96 19 närmast
246 725 92 24 gränsen
354 724 32 20 till
403 723 47 22 värt
466 725 58 19 östra
539 724 125 25 grannland.
696 723 42 21 Det
754 725 24 18 är
794 729 25 15 en
834 723 51 26 läng
904 723 59 20 land-

134 753 65 24 gräns
225 753 48 20 med
297 758 25 15 en
345 753 81 25 ganska
450 753 137 26 ofullständig
612 752 127 26 bevakning,
762 752 37 20 der
822 751 84 21 tillfälle
931 752 33 21 till

135 780 120 26 smuggling
272 781 39 20 och
321 781 89 20 stillfälle
426 781 32 20 till
473 781 136 26 lönnkrögeri
625 783 24 18 är
664 781 82 26 ganska
762 782 60 19 stort.
850 781 41 25 Jag
905 780 58 21 befa-

135 815 35 14 rar
187 811 32 18 att
235 809 61 20 äfven
313 809 39 21 den
369 810 59 25 ringa
444 809 119 27 förhöjning
579 809 23 21 af
616 810 13 21 3
644 810 63 26 penni
729 815 38 20 per
789 809 55 24 liter,
868 815 44 14 som
936 815 28 14 nu

136 839 24 18 är
176 837 119 26 ifrägasatt,
313 838 83 20 komme
412 840 32 18 att
459 838 6 20 i
481 838 104 25 väsentlig
606 837 48 21 män
670 840 130 24 uppmuntra
823 838 41 20 den
880 843 83 21 smugg-

136 865 43 27 ling
195 865 39 21 och
251 866 36 20 det
302 866 143 26 lönnkrögeri,
468 872 45 14 som
533 866 27 26 pä
575 866 68 21 andra
665 868 59 19 orter
748 866 67 20 redan
836 868 25 18 är
883 866 82 26 ganska

135 894 86 20 allmän.
251 894 42 26 Jag
309 894 38 21 ber
362 894 82 22 säledes
460 896 32 20 att
507 894 60 22 äfven
583 895 23 20 af
620 895 69 21 denna
708 894 159 26 omständighet
889 894 22 21 fä
926 901 37 14 un-

136 922 101 21 derstöda
254 922 57 22 Frih.
327 922 84 22 Wrede.

205 979 32 21 Hr
261 980 220 26 Pippingsköld:
504 980 68 21 Äfven
593 980 37 27 jag
651 980 64 21 utber
737 980 43 27 mig
795 980 21 21 få
831 980 133 22 understöda

135 1008 58 20 Frih.
209 1008 92 21 Wredes
317 1009 153 21 amendement.
500 1009 41 26 Jag
556 1009 36 21 vill
608 1009 45 21 icke
672 1008 51 27 ingä
738 1010 7 20 i
761 1015 25 15 en
810 1008 49 27 läng
881 1009 82 27 utlägg-

135 1036 56 26 ning,
208 1042 48 15 men
272 1037 81 21 uttalar
368 1037 69 21 säsom
453 1038 43 20 min
512 1038 147 26 öfvertygelse,
676 1040 33 18 att
725 1038 40 20 den
788 1038 64 25 skatt,
869 1044 45 14 som
930 1038 34 20 för

134 1066 134 20 närvarande
284 1065 69 21 hvilar
368 1066 28 26 pä
412 1066 161 26 tillverkningen
589 1066 24 21 af
631 1066 90 21 bränvin
736 1066 7 20 i
759 1066 47 20 värt
822 1066 77 26 fattiga
907 1066 56 25 land,

134 1094 24 19 är
175 1093 48 26 hög,
240 1094 67 21 hellre
322 1094 34 21 för
372 1094 41 26 hög
428 1096 26 19 än
470 1094 33 22 för
519 1095 40 26 läg.
585 1095 59 21 Blott
660 1097 32 18 ett
706 1095 56 20 bevis
778 1094 82 22 tilläter
873 1095 36 26 jag
920 1096 43 25 mig

134 1124 32 17 att
183 1122 120 26 framlägga
318 1123 39 20 och
373 1124 59 19 detta
447 1124 67 25 gäller
530 1123 68 26 äfven,
615 1124 69 19 säsom
702 1124 36 19 det
752 1123 36 26 jag
805 1124 59 19 förut
886 1124 76 23 anfört,

134 1149 213 22 lönnbrännerierna.
379 1151 71 21 Under
466 1152 23 20 är
507 1152 140 21 1881—1886
664 1151 107 27 uppgingo
793 1151 64 21 fallen
874 1151 23 21 af
910 1152 52 20 kon-

134 1179 109 20 staterade
260 1179 176 21 lönnbrännerier
451 1180 45 21 icke
512 1181 85 20 utöfver
618 1181 47 25 278,
690 1186 48 15 men
762 1179 57 22 höllo
843 1180 32 26 sig
898 1180 65 21 oftast

133 1206 62 27 kring
212 1207 40 20 190
269 1207 13 21 å
297 1209 42 20 200
355 1214 37 20 per
408 1208 29 27 är,
453 1215 47 14 men
518 1209 60 25 1887,
601 1209 26 20 dä
651 1209 41 20 den
715 1209 65 28 högre
797 1209 166 26 beskattningen

134 1235 105 26 inträdde,
255 1236 70 21 blefvo
342 1236 64 21 fallen
422 1237 66 21 redan
504 1237 39 21 322
561 1237 39 21 och
611 1238 53 21 1888
675 1237 49 22 430.
750 1237 67 22 Äfven
829 1237 25 20 de
866 1237 97 27 afgjorda

133 1263 70 21 målen
220 1270 52 15 voro
289 1264 33 21 för
337 1265 92 21 nämnda
445 1265 23 21 är
483 1266 7 20 i
505 1272 82 15 samma
597 1266 126 26 proportion
734 1266 66 26 högre
811 1266 6 20 i
829 1265 134 22 förhållande

133 1292 31 20 till
181 1292 99 26 tidigare.
312 1293 48 21 Men
375 1293 34 21 för
422 1295 32 20 att
469 1301 48 14 man
534 1295 46 20 icke
595 1294 77 21 mände
683 1296 41 23 tro,
740 1297 33 18 att
784 1295 60 20 detta
857 1294 106 21 mähända

133 1320 72 21 berott
220 1321 28 26 pä
265 1328 25 14 en
307 1322 135 26 tillfällighet,
459 1323 58 20 detta
533 1323 124 26 tilltagande
673 1323 24 21 af
711 1323 177 21 lönnbrännerier
896 1323 68 20 under

132 1355 25 14 en
174 1349 100 21 minskad
289 1351 137 25 produktion,
442 1351 23 20 sä
480 1351 35 21 vill
529 1351 37 26 jag
582 1353 57 19 ännu
654 1351 90 21 hänvisa
759 1351 27 27 pä
802 1353 78 19 tvänne
897 1351 66 21 andra

133 1377 36 20 är:
188 1378 54 21 1879
259 1379 40 20 och
317 1379 61 21 1880.
401 1379 72 21 Under
490 1380 60 21 dessa
566 1380 29 25 är,
614 1381 53 20 1879
684 1380 40 21 och
743 1381 60 24 1880,
815 1379 89 26 nedgick
916 1386 47 19 pro-

132 1405 118 21 duktionen
267 1406 55 21 ifrån
339 1408 24 20 11
381 1407 104 21 millioner
501 1408 48 20 liter
565 1408 6 20 i
587 1408 101 21 medeltal
704 1414 38 21 per
758 1408 24 21 är
799 1408 33 21 till
855 1408 13 20 8
884 1408 75 21 millio-

132 1440 38 14 ner
185 1434 34 20 för
235 1435 36 20 det
287 1435 59 21 förra
361 1436 39 20 och
416 1436 65 26 nägot
496 1436 59 21 öfver
571 1438 12 19 6
599 1436 106 22 millioner
720 1436 34 21 för
769 1437 36 20 det
818 1442 75 15 senare
909 1436 52 26 äret,

132 1468 26 14 en
173 1463 132 25 produktion
321 1464 83 21 säledes
420 1464 103 27 betydligt
538 1465 137 21 förminskad.
708 1465 44 21 Och
769 1465 61 21 äfven
845 1464 34 21 för
901 1465 61 21 dessa

132 1492 79 20 tvänne
227 1491 24 21 är
267 1494 38 19 äro
321 1493 232 21 lönnbrännerimälens
569 1494 59 21 antal
644 1494 50 20 vida
710 1494 65 26 högre
788 1496 27 18 än
826 1493 34 21 för
871 1493 90 27 tidigare
