1025 1686
170 94 41 22 646
418 99 24 18 R.
455 103 17 14 o.
485 99 23 17 A.
521 99 54 18 1891.
597 99 24 18 14
631 99 63 22 April.

141 181 69 20 andra
225 179 62 22 sidan
302 180 124 21 Atlanten".
456 179 42 22 Det
514 181 25 19 är
553 179 35 21 väl
603 179 32 21 till
651 180 81 20 största
754 178 62 22 delen
838 178 78 26 derför,
938 178 33 20 att

142 215 50 15 man
208 208 47 21 icke
272 208 40 21 alls
322 209 6 20 i
339 208 48 21 vårt
401 208 50 21 land
466 208 40 21 har
522 207 39 22 råd
577 209 32 20 att
624 208 57 21 slösa
696 207 48 22 med
760 207 85 26 andliga
857 211 113 19 ressurser,

144 243 47 15 som
206 243 51 15 man
272 243 89 15 numera
376 237 90 21 inrättat
480 237 121 20 samskolor
615 236 56 21 bäde
686 236 7 21 i
711 235 149 22 huvudstaden
883 235 40 22 och
943 234 28 27 pä

142 265 79 27 många
250 265 78 21 ställen
355 265 7 21 i
387 265 130 21 landsorten.
555 265 169 21 Reservanterne
751 264 70 21 uttala
846 264 72 20 vidare
943 263 28 29 pä

142 294 66 21 slutet
223 293 24 21 af
263 294 26 20 13
305 294 61 20 sidan
381 295 45 19 rätt
446 294 147 26 egendomliga
615 293 87 26 äsigter.
732 292 32 22 De
786 292 52 27 utgä
860 291 48 23 frän
930 292 41 21 den

142 322 125 26 premissen,
283 324 33 19 att
330 328 102 15 mannens
447 322 40 21 och
502 323 105 25 gvinnans
626 321 150 22 bestämmelse
798 322 24 20 är
844 320 63 26 olika,
931 320 40 21 och

141 352 35 20 att
191 350 74 22 derför
280 350 64 22 ocksä
360 350 26 21 de
402 350 78 25 skolor,
496 350 7 21 i
521 350 74 21 hvilka
610 350 26 21 de
659 350 129 26 uppfostras,
811 349 34 21 för
865 350 33 20 att
919 354 52 15 vara

141 379 190 26 ändamälsenliga,
347 379 53 21 böra
415 385 51 15 vara
481 378 25 22 sä
521 379 126 25 olikartade,
671 381 33 19 att
726 378 27 22 de
773 378 79 21 bereda
867 377 47 21 sina
928 377 43 21 ele-

140 414 38 14 ver
192 408 34 20 för
241 407 38 21 det
295 407 111 21 bestämda
428 407 130 21 ändamälet.
587 408 41 26 Jag
648 407 83 25 tänker,
754 408 33 20 att
810 407 160 21 reservanterne

142 436 77 21 endast
234 435 65 21 hafva
314 436 80 26 äsyftat
409 436 42 25 det,
467 438 33 19 att
515 436 63 21 dessa
593 436 72 21 skolor
680 435 67 21 borde
762 442 52 14 vara
830 434 119 22 olikartade
963 434 8 21 i

141 464 101 22 afseende
258 464 14 21 &
287 464 75 27 sjelfva
376 464 199 27 läroprogrammet.
606 464 125 21 Emellertid
746 464 46 21 står
807 463 66 21 saken
888 463 31 24 sä,
939 464 32 20 att

140 499 151 20 programmen
292 488 9 36 i
314 493 47 21 värt
369 493 61 21 lands
436 493 111 27 gosskolor
556 492 39 22 och
602 492 123 22 flickskolor
733 492 76 22 endast
816 492 7 21 i
830 492 101 26 temligen
939 497 32 15 se-

141 521 99 21 kundära
250 521 74 27 frägor
338 523 38 19 äro
388 521 120 21 hvarandra
519 521 64 21 olika.
606 521 11 21 I
632 521 25 21 de
672 520 50 22 vida
732 522 81 25 vägnar
823 520 62 21 flesta
895 521 76 19 ämnen

140 550 127 20 undervisas
281 550 8 20 i
303 549 55 21 bäde
373 556 59 19 goss-
447 550 40 20 och
502 550 129 20 flickskolor.
662 549 63 20 Hvad
744 550 138 19 reservanten
897 554 74 15 menar

140 577 48 22 med
203 577 95 26 följande
313 577 99 26 yttrande
428 579 24 19 är
467 577 62 21 äfven
553 577 80 21 oklart:
657 593 4 9 ,
663 577 151 25 flickskolan",
836 578 63 25 säger
921 575 49 27 han,

140 606 52 26 ybör
207 606 7 20 i
229 606 92 21 främsta
341 608 93 19 rummet
456 605 100 27 bibringa
577 606 46 20 sina
645 605 71 22 elever
738 605 82 21 sädana
841 604 128 27 kunskaper,

140 641 46 14 som
201 634 34 21 för
250 634 131 21 husmodren
396 636 37 19 äro
448 634 137 27 nödvändiga
601 634 38 21 och
655 634 104 26 nyttiga".
788 633 42 22 Det
845 633 54 21 hade
916 633 55 20 varit

141 663 125 24 intressant,
282 668 34 15 om
331 664 136 19 reservanten
488 663 55 20 hade
558 663 80 20 uttalat
653 664 105 24 närmare,
779 662 73 21 hvilka
875 661 95 21 kunska-

141 697 38 20 per
195 693 38 19 äro
249 691 35 21 för
299 697 26 14 en
340 691 115 21 husmoder
470 691 135 27 nödvändiga
621 691 39 21 och
680 691 90 26 nyttiga,
792 690 137 21 alldenstund
944 690 26 21 de

140 719 63 22 flesta
218 721 84 25 ämnen,
326 725 45 16 som
390 720 56 21 läras
468 719 7 21 i
497 719 158 25 flickskolorna,
679 721 37 19 äro
738 719 109 21 desamma
869 724 46 15 som
938 718 32 21 uti

140 748 150 26 gosskolorna.
319 748 43 21 Det
376 748 62 21 torde
453 748 92 21 indirekt
561 747 82 28 framgä
664 747 24 22 af
709 748 60 21 detta
791 747 124 27 pästäende,
937 748 32 19 att

140 776 53 21 vära
207 776 124 21 flickskolor
346 776 34 21 för
399 777 132 20 närvarande
553 777 46 20 icke
623 776 63 21 hafva
709 778 31 19 ett
762 776 78 21 sädant
862 781 106 21 program,

140 811 46 14 som
202 805 71 20 skulle
288 805 111 26 uppfostra
414 805 100 26 lämpliga
529 805 127 21 husmödrar
672 805 20 21 d.
708 811 19 14 v.
743 811 23 20 s.,
789 806 33 19 att
836 804 133 21 flickskolor-

140 839 39 15 nas
194 839 102 20 program
312 833 66 21 borde
400 833 83 21 ändras.
515 834 32 20 En
571 834 133 26 egendomlig
728 839 75 20 passus
825 833 144 21 förekommer

140 861 28 27 pä
184 862 53 20 sista
253 861 61 21 sidan
329 862 6 20 i
351 862 69 21 denna
434 862 106 26 märkliga
555 862 137 21 reservation.
719 861 43 21 Der
772 861 56 21 står:
845 878 12 9 ,,
860 862 38 20 Att
907 862 60 26 qvin-

140 896 42 14 nan
198 890 7 20 i
220 890 160 26 undantagsfall
396 890 47 21 med
458 890 131 21 utmärkelse
604 890 88 21 arbetar
707 890 28 26 pä
747 896 102 15 mannens
859 890 108 21 verksam-

140 918 94 22 hetsfält,
250 918 114 21 förändrar
378 918 46 22 icke
440 918 69 21 denna
525 919 106 21 allmänna
647 919 64 27 regel,
728 920 22 25 ty
765 919 55 21 intet
831 918 88 21 hindrar
929 924 38 15 nu-

140 952 60 15 mera
215 953 27 14 en
258 946 105 27 begäfvad
378 947 77 27 gvinna
470 949 33 19 att
518 947 98 21 förkofra
630 948 32 26 sig
677 948 7 20 i
700 948 89 20 vetande
812 947 56 21 huru
883 947 84 26 mycket

140 981 46 15 som
201 975 65 25 helst,
281 981 48 15 men
346 975 36 21 det
397 975 39 21 bör
451 982 49 14 man
515 976 140 26 förekomma,
677 977 33 20 att
726 976 36 21 det
776 975 48 21 icke
839 976 41 20 blir
902 976 64 26 regel,

139 1005 34 19 att
188 1004 121 26 gvinnorna
324 1004 58 21 ledas
398 1004 21 20 in
434 1004 27 26 pä
476 1010 26 15 en
517 1004 34 22 för
567 1004 62 22 deras
644 1004 25 22 lif
683 1004 40 22 och
738 1004 150 22 bestämmelse
899 1004 68 22 öfver-

140 1032 80 21 hufvud
235 1032 133 22 främmande
384 1032 76 21 bana".
490 1033 27 21 D.
540 1039 19 15 v.
582 1039 16 15 s.
620 1033 48 21 med
692 1033 67 21 andra
782 1033 50 21 ord:
855 1039 50 15 man
927 1032 40 22 bör

140 1060 157 25 åstadkomma,
313 1063 32 18 att
360 1060 34 21 det
410 1061 42 21 blir
466 1061 63 28 regel,
546 1063 33 19 att
594 1062 25 21 de
635 1061 60 22 ledas
710 1062 22 20 in
747 1061 28 27 pä
790 1067 26 16 en
827 1061 139 21 öfverhufvud

139 1088 34 22 för
189 1089 63 21 deras
268 1089 25 21 lif
307 1089 131 22 främmande
454 1090 62 20 bana.
541 1090 34 21 Dä
590 1090 69 22 denna
675 1090 122 26 stilisering,
810 1090 38 27 jag
863 1090 42 21 kan
920 1090 47 21 icke

139 1123 51 15 anse
206 1118 37 20 det
259 1124 52 14 vara
326 1120 65 19 annat
406 1120 26 19 än
448 1125 25 14 en
489 1118 58 27 dälig
562 1119 39 20 och
617 1119 79 26 oriktig
711 1119 121 26 stilisering,
855 1118 47 21 icke
925 1118 42 21 kan

139 1145 127 22 tillskrifvas
281 1145 69 27 nägon
366 1146 138 27 sekreterare,
527 1149 53 19 utan
596 1147 67 21 mäste
683 1147 33 21 stä
739 1147 33 21 för
795 1149 172 19 reservanternes

138 1179 54 21 egen
207 1174 98 27 räkning,
321 1174 24 21 sä
361 1181 72 15 menar
445 1175 44 26 jag,
504 1177 33 19 att
552 1175 62 21 äfven
629 1175 60 22 detta
704 1175 8 21 i
727 1176 31 20 sin
776 1175 49 22 män
847 1175 120 21 karaktäri-

139 1208 60 15 serar
215 1205 62 18 arten
293 1203 23 21 af
329 1203 70 21 denna
413 1204 67 20 andra
496 1204 137 21 reservation.
664 1205 44 20 Det
730 1203 44 22 stär
796 1204 73 21 vidare
893 1203 27 27 pä
936 1206 31 19 ett

138 1231 69 26 ställe,
224 1233 34 19 att
274 1237 49 15 man
338 1231 163 28 mängenstädes
516 1232 76 27 klagar
607 1233 59 20 öfver
681 1232 95 21 förstörd
787 1233 60 20 helsa
858 1233 39 20 hos
909 1232 58 27 gvin-

139 1265 46 20 nor,
202 1259 28 27 pä
245 1260 70 26 grund
329 1260 25 21 af
367 1263 33 18 att
414 1261 26 20 de
459 1260 47 27 gätt
527 1261 8 20 i
557 1261 113 21 samskola.
701 1261 66 21 Detta
787 1261 40 21 har
849 1267 50 15 man
921 1261 46 21 icke

138 1287 75 27 klagat
229 1287 60 22 öfver
305 1289 6 20 i
326 1289 107 26 Amerika,
449 1289 70 21 sävidt
532 1289 37 27 jag
584 1292 41 24 vet,
636 1290 47 21 icke
696 1289 84 22 heller
776 1283 11 38 i
791 1289 100 26 Holland,
905 1289 63 21 hvar-

138 1319 33 18 est
187 1316 124 21 samskolan
326 1318 65 20 redan
406 1317 49 27 läng
470 1318 32 21 tid
517 1318 108 26 existerat,
644 1318 56 21 allra
714 1319 64 20 minst
800 1317 8 22 i
829 1318 78 26 Norge,
930 1318 38 21 der

138 1351 49 14 man
204 1346 94 20 tvärtom
312 1345 45 27 just
372 1346 31 21 till
419 1348 45 19 stor
485 1346 35 21 del
542 1353 26 14 ur
590 1346 107 22 helsoskäl
719 1346 99 21 förordar
839 1346 128 22 samskolan.

138 1373 51 21 Icke
205 1373 69 22 heller
288 1374 7 21 i
311 1374 48 21 vårt
374 1374 49 21 land
439 1375 39 20 har
492 1381 50 15 man
560 1375 67 21 under
649 1376 43 21 den
713 1375 64 21 korta
799 1375 31 22 tid
846 1375 121 21 samskolan

138 1402 103 20 existerat
257 1402 90 21 kommit
362 1403 32 20 till
410 1403 59 21 detta
484 1404 97 20 resaltat.

207 1430 133 27 Emellertid,
357 1430 27 22 dä
396 1431 24 26 ju
436 1432 65 20 saken
516 1432 76 21 främst
607 1434 24 19 är
647 1438 26 15 en
689 1432 149 27 principfräga,
861 1432 50 21 ville
931 1432 37 27 jag

136 1458 89 21 förorda
240 1460 122 26 antagande
377 1459 22 21 af
413 1460 117 21 utske*tets
545 1460 143 22 betänkande.
717 1460 43 22 Det
775 1462 25 20 är
815 1461 109 27 naturligt,
935 1463 32 19 att

136 1486 76 27 frågan
228 1494 36 15 om
279 1488 133 21 samskolaus
427 1488 94 22 fördelar
537 1489 39 21 och
591 1489 116 21 nackdelar
719 1489 46 21 icke
781 1491 57 19 ännu
850 1490 43 20 kan
903 1490 6 20 i
920 1489 48 21 vårt
