1025 1686
343 93 24 17 R.
380 97 18 13 o.
410 94 22 15 A.
446 93 54 18 1891.
527 93 13 17 .6
552 93 46 21 Maj.
812 89 41 20 839

57 172 107 21 klämmen
186 172 7 21 i
217 173 115 21 utskottets
354 173 80 26 förslag
456 173 56 26 finge
533 173 92 21 förfalla.
656 173 112 21 Utskottet
788 173 40 22 har
842 173 41 21 här

56 200 98 22 förordat
177 207 25 14 en
225 201 127 21 hemställan
374 201 74 21 derom
471 204 39 21 att,
523 201 27 27 sä
566 204 60 19 snart
641 201 242 22 kommunikationsfon-

57 230 52 20 dens
132 229 113 26 tillgängar
267 229 36 22 det
323 229 119 27 medgäfve,
458 230 123 27 byggandet
596 230 23 21 af
632 237 26 14 en
673 230 56 21 bana
744 229 47 22 frän
807 231 76 20 Waala

56 258 33 20 till
104 257 108 26 Uleåborg
227 257 66 22 måtte
316 258 106 21 förordas.
452 258 34 21 Då
501 259 7 20 i
524 259 76 25 början
616 259 23 21 af
651 265 82 15 samma
747 258 135 21 betänkande

57 285 60 27 fråga
132 292 38 14 var
185 292 34 15 om
234 286 69 21 banan
326 286 228 27 Uleäborg—Torneä,
571 286 24 21 sä
609 293 39 15 var
662 286 164 27 formuleringen
842 287 41 20 den

56 316 32 19 att
103 314 132 27 proposition
249 315 18 26 ji
282 315 68 21 sinom
365 314 44 22 tid"
424 314 68 22 måtte
508 315 33 21 till
557 314 119 22 Ständerna
692 315 75 21 aflätas
783 322 34 14 om
828 315 51 27 byg-

56 343 69 26 gande
141 342 23 21 af
178 343 69 21 denna
261 343 62 21 bana.
353 343 51 21 Man
419 344 42 20 kan
476 344 48 20 icke
539 344 72 26 undgä
625 345 33 19 att
672 344 53 21 söka
739 344 22 21 fä
776 344 58 21 klart
848 343 34 21 för

57 371 38 27 sig,
111 371 138 21 hvilkendera
263 372 24 20 af
300 372 62 20 dessa
372 371 36 21 två
418 372 75 26 banor,
501 372 221 26 Uleäborg—Torneä
730 372 40 21 och
777 373 105 21 Waala-—

55 399 115 27 Uleäborg,
193 406 29 14 nu
244 400 68 21 skulle
334 400 22 21 fä
371 402 31 19 ett
417 406 98 15 varmare
531 400 74 22 förord
619 400 48 22 frän
682 400 131 22 Ständernas
828 401 53 24 sida,

57 434 34 15 om
113 434 49 14 man
185 431 88 23 antager
287 429 117 21 utskottets
419 429 140 27 formulering
573 429 8 21 i
597 429 62 21 dessa
673 429 79 26 frägor.
782 430 40 26 Jag
838 429 43 21 kan

54 456 34 21 för
103 457 43 21 min
162 456 34 22 del
210 457 46 21 icke
272 459 33 19 tro
321 459 33 19 att
373 458 37 20 det
425 457 48 21 frän
489 458 135 26 synpunkten
639 458 23 20 af
675 458 83 21 landets
773 458 108 20 allmänna

54 485 104 21 intressen
174 491 50 15 vore
239 485 44 21 lika
298 486 76 26 vigtigt
390 488 32 18 att
437 486 70 26 bygga
522 486 71 21 banan
606 486 218 26 Uleäborg—Waala,
835 492 46 15 som

54 513 227 27 Uleäborg—Torneä.
311 514 50 21 Men
384 520 34 15 om
441 520 51 15 man
514 514 97 22 anhäller
633 520 34 16 om
690 514 132 27 proposition
844 520 38 15 an-

54 542 81 26 gående
150 542 110 27 byggande
276 542 23 22 af
313 543 69 20 denna
397 542 225 27 Waala—Uleäborgs
637 543 63 26 bana,
709 543 23 21 så
748 545 58 19 snart
818 543 61 21 kom-

54 570 235 22 munikationsfondens
311 571 115 26 tillgångar
442 571 36 21 det
494 571 113 27 medgifva,
625 583 24 2 —
666 571 101 21 hvarmed
782 577 49 15 man
846 571 34 20 väl

54 598 40 21 bör
108 599 75 25 förstä,
199 599 23 21 sä
237 601 59 19 snart
311 605 107 16 ressurser
433 599 73 21 kunna
522 600 97 23 beredas,
639 602 23 24 ty
677 599 204 22 kommunikations-

53 627 79 21 fonden
155 627 39 21 har
215 627 46 22 icke
276 627 67 27 nägra
358 631 59 18 stora
433 628 120 21 öfverskott
568 630 33 19 att
616 628 102 27 päräkna,
734 641 28 2 —
776 629 39 20 när
830 634 50 15 man

52 655 128 22 formulerar
201 656 116 27 petitionen
340 656 28 27 pä
392 657 60 20 detta
478 659 49 23 sätt,
553 657 24 20 sä
601 657 39 20 har
665 663 48 14 man
736 657 78 20 uttalat
838 657 41 20 den

53 684 55 26 äsigt
130 686 32 19 att
185 685 70 20 banan
278 685 213 26 Waala—Uleäborg
515 685 68 21 skulle
605 687 96 19 närmast
716 685 161 26 ifrägakomma.

52 713 42 26 Jag
116 713 35 21 vill
174 713 46 21 icke
244 713 95 21 bestrida
362 716 32 18 att
415 713 47 22 icke
478 713 108 26 ätskilliga
601 713 124 22 trafikanter
740 713 72 22 kunna
828 715 53 19 röna

53 741 69 21 fördel
137 747 76 21 genom
229 741 213 27 Waala—Uleäborg
458 742 78 25 banan,
553 749 48 14 men
616 742 67 21 mäste
699 742 54 21 dock
764 741 74 22 befara
848 744 33 19 att

55 770 101 21 särskildt
172 770 133 26 vintertiden,
322 771 65 20 sedan
403 770 116 22 Uleäträsk
534 771 69 26 frusit,
619 771 40 20 den
677 771 83 21 komme
771 773 32 18 att
812 771 68 21 förete

53 798 72 21 bilden
141 799 22 20 af
177 805 26 15 en
219 799 68 26 ödslig
299 799 61 26 strät,
376 799 38 21 der
429 799 64 26 ingen
512 799 118 26 synnerligt
645 801 45 19 stor
704 799 64 21 trafik
782 805 50 15 vore
848 801 33 19 att

52 827 102 25 päräkna.
184 827 41 26 Jag
241 827 68 21 skulle
324 827 129 21 ätminstone
468 827 47 21 icke
531 834 29 14 nu
575 827 50 27 vilja
641 828 112 20 hemställa
764 834 34 14 om
811 828 70 20 denna

52 855 56 21 bana
130 855 40 21 och
193 855 90 21 föreslär
306 855 72 21 derför
394 858 33 18 att
442 856 26 20 de
484 855 134 27 uttalanden,
627 862 46 15 som
688 856 162 21 sammanfattas
866 856 13 20 ä

52 884 39 20 sid.
108 885 48 24 147,
171 884 46 21 icke
232 884 67 21 mätte
314 884 132 26 godkännas.

120 940 58 21 Frih.
195 947 50 15 von
260 940 125 22 Alfthan:
402 941 41 26 Jag
458 942 47 20 tror
520 941 46 21 icke
582 942 32 20 att
630 947 26 15 en
671 941 55 21 bana
741 940 46 22 frän
803 941 76 21 Waala

52 969 32 21 till
99 968 108 28 Uleäborg
222 970 43 20 kan
280 969 86 21 komma
381 971 33 19 att
428 969 98 27 päräkna
542 969 70 27 nägon
627 970 107 26 synnerlig
749 968 70 27 trafik,
831 976 48 14 men

52 998 41 20 den
114 998 40 26 gär
177 998 6 20 i
206 998 43 21 alla
264 998 113 21 händelser
392 998 7 20 i
414 998 42 20 den
471 998 24 20 af
508 998 44 26 mig
567 1004 46 15 som
628 998 120 26 principielt
763 998 64 26 riktig
842 1004 37 15 an-

52 1026 65 21 sedda
140 1026 120 27 riktningen
277 1026 49 21 frän
342 1026 36 21 det
394 1026 45 21 inre
462 1026 33 21 till
517 1026 85 26 kusten,
621 1026 55 21 ifrän
698 1033 26 15 en
746 1028 46 19 stor
815 1026 64 26 insjö-

51 1054 91 28 bassäng
165 1055 33 21 till
221 1061 26 15 en
269 1055 121 26 betydande
413 1055 147 25 handelsstad,
583 1055 40 21 och
639 1055 36 21 det
690 1054 63 22 räder
768 1060 29 15 nu
812 1055 66 21 redan

52 1084 37 20 der
97 1089 26 15 en
140 1085 45 19 rätt
201 1084 95 26 ansenlig
319 1083 63 21 trafik
405 1083 91 21 förenad
512 1084 55 20 dock
583 1084 48 20 med
647 1083 77 27 många
738 1083 139 26 olägenheter

51 1112 35 20 vid
100 1112 116 26 forslingen
234 1112 23 20 af
275 1118 63 15 varor
353 1112 49 20 med
417 1112 64 20 bätar
496 1112 61 26 längs
573 1112 76 24 elfven,
665 1112 85 20 hvilken
766 1111 63 21 trafik
844 1112 34 20 till

51 1140 53 27 följd
126 1139 23 22 af
167 1140 128 27 jernvägens
317 1140 106 21 tillkomst
446 1140 109 21 sannolikt
578 1140 84 21 komme
678 1142 32 19 att
725 1139 103 27 upphöra,
844 1140 34 21 till

51 1171 45 18 stor
118 1169 99 21 tidsvinst
239 1168 34 21 för
288 1169 53 25 dem,
358 1175 45 14 som
418 1168 86 21 befatta
519 1170 32 25 sig
566 1169 48 20 med
630 1170 136 25 transporten
781 1168 23 21 af
817 1169 60 26 gods,

50 1197 149 26 förnämligast
214 1197 56 27 tjära
285 1197 32 21 till
333 1197 114 26 Uleåborg.
478 1197 41 26 Jag
541 1200 46 18 tror
603 1197 40 21 ock
659 1199 38 23 att,
713 1203 34 15 om
762 1196 116 27 nägonstä-

51 1225 43 26 des,
118 1225 23 22 sä
164 1227 23 19 är
211 1226 36 21 det
269 1226 45 26 här,
336 1231 46 16 som
398 1231 26 15 en
439 1225 128 27 smalspärig
583 1225 56 22 bana
653 1225 68 22 skulle
736 1231 52 15 vara
802 1225 28 26 pä
845 1225 33 21 sin

50 1254 62 25 plats.
142 1254 123 27 Terrängen
279 1256 25 19 är
318 1254 49 21 hela
382 1256 68 24 vägen
465 1254 78 26 utföre,
559 1254 28 21 dä
602 1254 41 21 den
657 1254 39 27 gär
710 1254 60 26 längs
784 1260 27 14 en
826 1253 52 22 flod-

50 1282 42 25 dal,
108 1283 82 26 ganska
196 1283 59 26 jemn
270 1283 39 21 och
325 1282 27 21 dä
367 1283 92 20 trafiken
474 1283 47 20 icke
537 1284 24 19 är
576 1283 85 26 mycket
676 1285 51 22 stor,
743 1282 24 22 sä
782 1282 42 21 kan
836 1283 42 20 den

50 1311 62 21 äfven
127 1311 48 21 med
194 1317 29 15 nu
243 1317 84 16 vunnen
349 1311 123 26 utveckling
493 1311 85 27 mycket
600 1311 35 21 väl
656 1311 123 26 tillgodoses
801 1317 76 20 genom

50 1345 27 15 en
92 1339 126 27 smalspärig
233 1340 63 21 bana.
326 1339 32 22 Pä
373 1340 26 21 de
415 1339 55 26 skäl,
485 1346 46 15 som
547 1340 32 20 Hr
595 1339 104 22 Mechelin
714 1339 78 27 anfört,
809 1339 68 21 skulle

48 1367 37 27 jag
100 1368 65 21 ocksä
180 1368 33 21 för
228 1369 43 20 min
287 1368 34 21 del
336 1367 58 28 gifva
408 1368 111 21 företräde
537 1368 22 21 ät
574 1369 40 20 den
630 1368 136 27 formulering
782 1369 32 20 att
828 1374 49 20 pro-

50 1396 92 26 position
166 1403 35 14 om
224 1397 69 21 denna
309 1397 55 20 bana
379 1397 7 20 i
402 1397 68 21 sinom
486 1397 32 20 tid
533 1397 120 21 Ständerna
668 1397 66 20 mätte
749 1397 126 25 föreläggas,

50 1424 96 25 emedan,
162 1431 35 15 om
211 1431 50 15 man
276 1425 82 21 lemnar
374 1425 41 20 den
429 1431 30 15 nu
474 1425 41 21 här
529 1424 122 27 föreslagna
666 1424 170 27 formuleringen,
853 1424 24 21 sä

50 1452 41 22 blir
106 1452 36 22 det
158 1459 26 15 en
200 1453 113 27 ovilkorlig
327 1453 123 27 skyldighet
464 1455 34 19 att
514 1453 72 21 skrida
601 1453 33 21 till
649 1452 112 23 utförande
776 1454 24 20 af
808 1453 69 21 denna
