1025 1686
341 93 25 16 R.
379 97 17 12 0.
409 93 23 16 A.
446 92 54 17 1891.
513 93 23 16 13
548 92 48 21 Maj.
812 87 40 20 953

50 171 37 22 är:
110 171 84 22 säledes
208 174 31 19 ett
261 172 158 21 inskränkande
442 172 24 21 af
487 172 158 27 produktionen
667 172 131 26 framkallar,
815 173 66 26 enligt

51 200 55 21 hvad
123 201 121 20 statistiken
259 201 7 20 i
282 201 100 20 afseende
398 200 12 21 å
426 200 157 27 lönnbränning
598 201 90 23 bevisar,
710 201 81 20 sådana
807 201 74 26 betyd-

51 229 39 26 ligt
106 229 67 21 ökade
189 229 113 20 förseelser
317 231 45 18 mot
377 229 172 26 bränvinslagen.
575 229 40 26 Jag
631 229 41 20 kan
684 229 46 21 icke
742 229 62 21 häraf
814 229 67 27 draga

50 257 71 26 någon
136 264 70 14 annan
223 257 87 21 slutsats
326 259 26 19 än
368 259 33 19 att
416 257 95 22 visheten
540 257 75 26 bjuder
637 260 32 18 att
692 257 46 22 icke
760 257 50 27 höja
833 264 48 20 pro-

50 285 194 21 duktionsskatten.
276 286 41 20 Det
333 287 25 19 är
373 288 48 18 sant
444 288 33 19 att
499 286 48 20 med
567 286 13 20 3
602 286 63 26 penni
690 292 58 14 mera
771 292 37 20 per
832 286 49 21 liter

51 314 68 21 skulle
135 314 40 21 den
192 314 67 21 ökade
276 314 155 21 skattevinsten
448 314 67 21 blifva
529 314 34 21 för
578 314 47 21 året
639 314 81 21 kanske
744 315 92 23 200,000
852 315 28 20 el-

50 343 32 20 ler
98 343 92 26 240,000
205 343 60 20 mark
281 343 39 21 och
337 343 36 21 det
388 342 85 26 frestar,
490 349 48 15 men
555 343 35 21 det
605 344 25 19 är
653 342 84 27 mycket
760 345 68 23 värre,
844 349 34 15 om

50 371 20 21 vi
86 371 66 21 fresta
167 372 26 20 de
209 371 76 27 fattiga
301 372 38 20 och
356 378 60 14 arma
431 372 6 20 i
454 372 146 26 landsbygden
620 372 31 20 till
675 371 65 24 brott,
763 373 27 19 än
806 374 31 18 att
852 372 27 26 gå

50 400 62 20 miste
128 406 34 15 om
179 400 40 20 den
235 400 94 26 antydda
344 400 186 26 skatteökningen.

119 457 31 20 Hr
173 457 65 21 Edv.
260 457 212 26 Björkenheim:
495 457 42 26 Jag
560 458 45 19 tror
628 458 33 19 att
677 456 201 27 nykterhetsfrågan

49 485 142 27 ovilkorligen
207 485 39 21 har
262 485 31 21 sin
309 486 114 26 anledning
446 486 45 20 deri
508 488 39 24 att
570 485 182 26 lönnbränningen
775 486 73 26 bragts
872 486 7 20 i

48 514 70 26 dagen
134 514 22 20 sä
173 520 49 20 pass
238 514 83 26 mycket
337 520 45 15 som
398 515 73 26 gjorts.
503 514 67 21 Afven
590 514 67 20 håller
675 514 37 26 jag
738 514 45 20 före
805 516 30 18 att
852 514 26 20 de

49 542 76 26 siffror,
152 548 45 15 som
222 543 69 20 utvisa
315 544 32 19 ett
372 542 66 21 ökadt
463 543 59 21 antal
547 542 206 26 lagöfverträdelser,
782 549 28 14 nu
834 543 45 20 tala

49 572 31 19 ett
104 577 90 14 sannare
219 571 65 26 språk
309 572 26 19 än
357 571 63 20 förut.
452 571 63 21 Hvad
537 571 102 26 höjandet
659 570 24 21 af
700 571 84 20 skatten
800 571 78 20 beträf-

48 599 40 26 far,
112 599 23 21 så
151 599 61 21 torde
229 599 39 21 den
292 600 5 20 i
321 599 114 26 praktiken
459 600 60 26 spela
542 606 25 14 en
590 599 81 26 ganska
694 599 50 21 liten
768 599 46 24 roll,
830 606 48 14 men

49 627 28 21 då
100 627 47 21 från
170 627 197 28 nykterhetsvänlig
382 629 108 26 synpunkt
506 629 60 20 detta
581 634 50 15 vore
647 629 31 19 ett
694 627 146 27 medgifvande
856 628 22 21 åt

49 656 222 27 nykterhetsrörelsen
292 657 39 20 och
354 657 28 20 då
404 657 40 20 här
462 657 108 20 dessutom
594 656 127 21 framhållits
737 656 67 21 andra
824 656 53 26 skäl,

50 685 87 20 hvarför
153 691 26 15 en
195 685 94 27 stegring
311 685 23 21 af
348 686 12 19 3
382 686 63 25 penni
469 685 72 21 kunde
563 685 123 26 medgifvas,
710 685 23 20 så
755 685 65 26 vågar
840 685 38 26 jag

49 713 113 21 frambälla
179 713 36 22 det
231 714 119 21 önskvärda
365 714 7 21 i
387 715 33 20 att
442 714 37 21 det
501 713 122 27 Höglofliga
645 713 90 21 Ständet
758 719 28 15 nu
808 713 71 21 skulle

49 741 76 22 förena
140 743 33 25 sig
189 749 33 14 om
239 749 25 14 en
281 743 58 20 skatt
354 743 22 20 af
390 743 26 20 65
433 743 70 26 penni.

119 799 32 22 Hr
174 799 139 22 Lindelöf:
337 799 30 21 På
390 799 52 24 skäl,
467 806 45 15 som
529 799 66 22 redan
610 799 82 21 anförts
708 799 23 21 af
744 799 50 20 flere
810 799 65 21 ärade

50 828 76 24 talare,
144 829 37 20 vill
194 829 37 25 jag
247 828 33 21 för
295 829 43 20 min
361 828 34 20 del
418 828 65 21 också
506 828 107 26 tillstyrka
633 827 155 27 godkännande
805 827 23 21 af
841 830 34 18 ut-

50 856 93 21 skottets
158 856 80 27 förslag
253 858 5 20 i
275 857 69 21 denna
359 856 40 22 del.
431 856 47 21 Den
494 856 91 27 lindriga
605 856 148 26 förhöjningen
776 855 23 21 af
818 856 57 20 skat-

50 886 36 19 ten
102 884 46 22 från
164 886 27 20 62
207 886 32 20 till
257 886 26 20 65
302 885 63 27 penni
388 891 38 20 per
449 885 49 21 liter
521 885 42 21 kan
589 885 66 26 enligt
677 884 43 21 min
742 884 64 21 tanke
829 884 46 21 icke

49 912 65 22 hafva
129 913 66 27 något
210 914 127 21 nämnvärdt
352 913 115 27 inflytande
490 913 27 27 på
540 913 157 27 befrämjandet
719 913 23 21 af
762 912 114 21 lönnbrän-

50 942 84 26 ningen,
150 942 77 21 liksom
243 942 46 21 icke
305 942 67 21 heller
386 942 28 26 på
436 942 172 21 konsumtionen.
639 942 42 20 Det
702 943 24 19 är
742 947 86 15 snarare
844 943 33 19 att

49 970 101 22 betrakta
165 971 70 21 såsom
255 977 24 15 en
295 970 127 27 afrundning
438 970 23 21 af
478 970 101 27 beloppet
602 970 39 22 och
665 970 40 21 den
727 970 103 20 förökade
845 970 32 20 in-

50 998 77 26 komst,
144 1006 45 14 som
206 1000 123 26 härigenom
346 1000 68 20 skulle
437 1000 86 20 komma
547 998 274 22 kommunikationsfonden
844 998 32 20 till

49 1027 63 26 godo,
128 1030 24 18 är
168 1029 7 19 i
191 1028 42 21 alla
247 1028 38 21 fall
300 1028 142 21 välkommen.

119 1084 32 22 Hr
166 1085 214 27 Pippingsköld:
397 1085 76 21 Denna
489 1085 60 26 ringa
564 1084 122 26 förhöjning
701 1084 22 20 af
737 1084 12 21 3
765 1084 63 26 penni
839 1090 38 20 per

50 1113 49 20 liter
110 1113 39 20 har
164 1114 73 20 säkert
253 1114 41 21 den
309 1114 87 25 verkan,
412 1116 32 18 att
460 1114 41 20 den
515 1113 65 26 jemte
597 1113 40 20 den
653 1112 56 26 höga
724 1112 91 24 skatten,
832 1118 44 15 som

50 1141 58 21 förut
128 1141 121 27 förefinnes,
265 1142 121 21 föranleder
404 1141 57 22 ökad
477 1141 162 26 lönnbränning,
663 1147 33 14 om
712 1141 40 20 ock
767 1141 5 20 i
790 1140 39 21 och
844 1140 33 21 för

50 1170 32 26 sig
98 1176 26 15 en
139 1170 123 27 förhöjning
277 1171 23 21 af
315 1171 12 21 3
342 1171 64 26 penni
421 1170 56 21 hade
493 1171 77 26 ytterst
589 1170 60 25 ringa
670 1169 114 26 betydelse.
814 1169 63 20 Hvad

50 1198 47 21 åter
112 1199 159 26 medgifvandet
287 1199 22 21 åt
325 1199 222 27 nykterhetsrörelsen
563 1199 48 20 med
635 1198 62 21 dessa
720 1198 13 21 3
755 1198 63 26 penni
841 1197 36 21 be-

50 1227 82 26 träffar,
148 1227 24 22 så
187 1234 63 15 anser
263 1228 38 27 jag
316 1228 36 21 det
366 1227 24 22 så
406 1227 126 27 obetydligt,
555 1229 33 18 att
601 1226 37 27 jag
654 1226 101 27 beklagar
770 1227 41 20 den
826 1226 51 27 nyk-

50 1256 171 25 terhetsrörelse,
237 1263 45 14 som
299 1256 61 21 deraf
374 1256 69 21 skulle
459 1255 66 27 något
541 1255 59 22 bero.

119 1313 32 20 Hr
166 1314 26 20 A.
211 1314 23 21 F.
259 1313 133 22 Granfelt:
416 1312 34 22 Då
465 1312 185 27 lönnbränningen
665 1312 87 26 tilltagit
768 1311 67 21 under
851 1311 26 21 de

50 1343 85 19 senaste
151 1341 51 22 åren
219 1342 110 27 betydligt,
352 1342 36 21 vill
404 1341 38 27 jag
465 1341 120 24 framhålla,
608 1343 33 18 att
663 1347 26 14 en
712 1340 84 27 mycket
811 1340 66 26 vigtig

49 1369 73 22 faktor
137 1371 56 20 varit
208 1371 37 20 det
260 1373 84 18 enormt
358 1370 49 27 låga
422 1370 68 27 priset
504 1369 13 22 å
532 1369 130 27 spanmålen.
693 1369 61 21 Hvad
770 1368 108 27 förhöjan-

50 1398 37 20 det
102 1398 24 21 af
139 1399 234 26 tillverkningsskatten
389 1398 109 25 beträffar,
514 1400 46 18 tror
573 1398 37 26 jag
625 1397 34 21 för
674 1398 43 20 min
732 1397 40 25 del,
789 1398 32 19 att
836 1397 41 20 den

50 1426 55 21 skall
120 1427 66 21 verka
201 1427 40 21 bra
258 1428 47 20 litet
328 1427 32 21 till
382 1427 52 21 eller
456 1426 54 22 ifrån
534 1426 133 21 beträffande
688 1425 189 25 lönnbränningen.

49 1454 87 27 Mycket
151 1462 59 14 mera
225 1456 78 21 verkar
315 1456 37 20 det
366 1457 39 25 att,
424 1454 72 22 såsom
510 1460 50 16 man
575 1456 43 19 sett
640 1454 48 21 från
711 1453 167 23 bränvinskomi-

49 1483 47 21 téns
112 1483 143 28 betänkande,
270 1483 259 27 utminuteringsbolagen
543 1483 6 21 i
565 1482 102 22 medeltal
690 1482 53 27 tagit
766 1488 26 15 en
814 1481 64 27 profit
