1025 1686
167 98 42 21 642
418 101 25 18 R.
455 106 17 13 o.
484 102 24 17 A.
521 102 56 17 1891.
600 103 24 17 14
635 102 64 21 April.

141 184 34 20 att
190 183 71 21 denna
276 182 63 27 länge
354 188 42 21 nog
412 181 132 28 uppskjutna
560 181 40 22 och
615 181 119 22 äsidosatta
751 180 222 28 lagstiftningsreform

140 217 30 16 nu
185 211 97 26 äntligen
297 210 66 22 mätte
379 210 49 21 med
443 210 67 21 allvar
527 212 112 25 upptagas.

210 267 32 22 På
265 268 33 20 Hr
319 267 219 21 Landtmarskalkens
559 267 158 26 framställning
733 267 45 21 blef
791 266 146 22 betänkandet
951 265 24 22 af

143 296 27 21 R.
186 302 19 15 0.
221 296 26 21 A.
263 296 117 26 godkändt.

210 324 41 22 Om
267 324 136 22 förestäende
417 324 47 27 fyra
479 324 72 21 beslut
567 324 69 21 skulle
651 324 153 26 Lagutskottet
814 329 75 21 genom
901 324 73 26 proto-

141 352 138 28 kollsutdrag
295 353 143 21 underrättas.

486 449 141 24 Samskolorna.

212 506 123 27 Föredrogs
358 507 114 21 Allmänna
486 506 210 22 Besvärsutskottets
711 506 136 21 betänkande
862 506 40 20 N:o
920 506 32 25 11,
968 506 7 20 i

143 536 116 25 anledning
275 535 22 21 af
311 536 31 20 ett
357 535 7 21 i
379 535 182 27 Borgareständet
576 535 64 21 väckt
660 534 214 26 petitionsmemorial
889 539 35 15 om
940 533 35 21 be-

142 563 93 27 viljande
257 563 24 21 af
301 563 172 21 statsunderstöd
494 562 34 21 för
543 562 84 27 privata
642 562 120 21 samskolor
776 562 8 20 i
799 562 43 20 lika
858 561 55 24 män,
929 567 46 16 som

143 591 34 22 för
193 591 85 27 privata
295 591 117 26 gosskolor.

212 648 51 21 Med
279 648 113 27 anledning
407 648 23 21 af
443 648 59 21 detta
517 647 136 22 betänkande
669 647 86 28 yttrade

213 694 32 21 Hr
261 693 145 22 Lindelöf:
436 693 11 22 I
468 693 142 22 törevarande
628 693 136 21 betänkande
779 692 90 22 föresläs
885 694 32 19 att
932 693 43 26 pri-

143 724 52 19 vata
217 722 120 21 samskolor
362 721 66 22 måtte
448 722 6 21 i
470 722 87 21 afsende
573 721 13 22 å
601 721 127 22 subvention
744 721 24 21 af
782 721 109 21 allmänna
905 721 70 21 medel

142 751 107 22 likställas
273 751 49 21 med
344 751 83 26 privata
441 750 119 27 gosskolor.
588 750 62 21 Hvad
665 750 71 21 denna
750 749 129 22 subvention
894 749 81 22 beträf-

142 780 41 25 far,
199 779 69 21 finnes
283 779 73 21 derom
369 779 100 26 stadgadt
484 779 6 20 i
506 779 49 20 näd.
571 778 142 28 kungörelsen
728 778 24 21 af
765 779 40 20 den
822 779 23 20 11
857 778 50 21 Dec.
920 778 56 21 1884

143 807 106 28 följande:
266 823 6 9 ,
274 807 90 27 privata
379 807 104 25 läroverk,
500 813 46 15 som
562 807 33 21 stä
606 807 68 21 under
685 807 181 26 Ofverstyrelsens
876 806 33 21 för
917 807 59 21 skol-

143 836 104 21 väsendet
269 836 107 24 inseende,
400 836 70 20 kunna
485 835 55 21 efter
559 835 98 27 pröfning
673 836 24 20 af
710 835 101 21 behofvet
826 835 39 21 och
881 837 94 19 omstän-

144 864 129 27 digheterna
295 864 6 21 i
323 864 73 26 hvarje
418 864 103 21 särskildt
540 864 38 21 fall
601 864 81 21 erhälla
698 864 117 21 understöd
831 864 23 20 af
867 863 108 22 allmänna

143 892 72 22 medel
230 892 34 22 till
279 892 157 22 nedanstäende
451 892 78 27 belopp
544 892 34 21 för
593 892 71 27 hvarje
680 892 66 25 klass,
762 892 106 26 nämligen
876 892 99 21 läroverk

144 922 35 21 för
199 927 88 21 gossar:
313 920 33 22 för
368 920 66 27 högre
452 921 82 21 klasser
549 920 63 27 högst
627 921 64 26 4,000
706 920 68 26 mark,
789 920 34 22 för
838 920 58 26 lägre
912 920 63 27 högst

144 950 64 27 2,500
231 949 72 26 mark;
325 949 98 21 läroverk
444 949 34 22 för
499 948 82 22 flickor:
600 949 34 21 för
649 949 66 27 högre
730 949 84 21 klasser
833 949 64 26 högst
911 949 64 26 2,000

143 978 70 24 mark,
235 978 36 21 för
293 978 58 26 lägre
373 978 63 26 högst
458 978 69 26 1,000.
558 978 63 21 Hvad
642 978 39 21 här
696 978 40 21 bör
750 977 79 22 förstäs
844 978 49 20 med
909 978 66 26 högre

144 1006 41 22 och
200 1006 61 27 lägre
276 1006 88 27 klasser,
380 1006 66 22 finnes
461 1007 7 21 i
489 1006 143 27 kungörelsen
647 1006 47 22 icke
709 1008 99 20 närmare
822 1006 88 27 antydt;
927 1012 48 15 men

144 1041 36 15 om
203 1041 50 15 man
276 1035 33 21 till
331 1035 26 21 de
379 1035 58 27 lägre
452 1034 112 22 klasserna
579 1035 6 21 i
601 1037 32 19 ett
648 1035 136 27 ättaklassigt
798 1035 82 27 lyceum
896 1035 79 21 räknar

144 1064 27 21 de
193 1063 48 27 fyra
266 1063 69 21 första
362 1063 39 21 och
423 1064 33 20 till
478 1064 26 20 de
525 1064 66 26 högre
607 1064 26 20 de
648 1064 47 26 fyra
710 1064 94 27 följande
819 1064 116 26 klasserna,
951 1063 24 21 sä

144 1092 70 22 skulle
236 1091 90 22 sälunda
341 1092 33 21 för
388 1093 32 20 ett
434 1092 136 27 fullständigt
585 1092 133 28 gosslyceum
734 1092 153 22 subventionen
903 1092 72 21 kunna

144 1120 72 27 uppgä
231 1120 33 21 till
280 1120 74 21 inalles
370 1120 78 26 26,000
462 1120 68 21 mark.
561 1121 38 20 Ett
614 1120 23 21 sä
653 1123 55 18 stort
723 1120 118 21 understöd
857 1121 39 20 har
911 1120 64 21 likväl

144 1149 8 21 i
174 1148 119 21 allmänhet
315 1149 46 20 icke
383 1149 120 21 tillerkänts
525 1149 66 21 andra
606 1150 85 26 privata
706 1149 99 21 läroverk
820 1150 28 19 än
864 1149 47 21 dem
927 1149 47 20 med

144 1177 72 21 finskt*
232 1177 235 27 undervisningsspräk,
489 1177 108 27 nämligen
615 1178 26 21 de
656 1177 70 22 finska
741 1178 99 26 lyceerna
854 1178 8 21 i
877 1177 98 27 Helsing-

144 1205 52 26 fors,
219 1200 56 31 Äbo,
290 1205 95 27 Wiborg,
400 1205 115 28 Uleäborg,
537 1206 132 27 Björneborg
691 1206 39 21 och
746 1206 141 23 Nikolaistad,
904 1205 71 22 hvilka

143 1234 46 21 alla
203 1240 90 15 numera
309 1233 125 28 öfvertagits
449 1234 23 21 af
486 1236 77 25 staten,
579 1235 48 21 med
642 1235 142 26 undantag
755 1229 26 37 af
792 1235 36 21 det
836 1234 138 22 sistnämnda.

144 1262 45 21 För
204 1263 27 20 de
247 1263 84 26 privata
346 1262 124 22 läroverken
486 1263 49 21 med
551 1263 86 22 svenskt
647 1263 236 27 undervisningsspräk,
893 1263 24 21 af
923 1262 52 21 hvil-

143 1291 30 21 ka
187 1292 34 20 tre
236 1290 36 21 för
287 1291 131 21 närvarande
433 1291 67 22 finnas
517 1292 6 20 i
539 1291 78 27 landet,
633 1292 106 27 nämligen
754 1292 6 21 i
776 1292 139 27 Helsingfors,
923 1291 50 21 Fre-

143 1319 128 22 drikshamn
283 1319 40 22 och
338 1319 90 28 Kuopio,
444 1320 40 21 har
499 1320 153 22 subventionen
668 1320 118 22 beräknats
800 1320 54 21 efter
869 1327 26 14 en
910 1319 65 27 nägot

143 1348 60 26 lägre
224 1347 65 22 tariff.
319 1347 62 22 Hvad
403 1354 29 15 nu
452 1349 120 21 samskolor
591 1348 108 27 beträffar,
716 1349 71 21 hvilka
802 1349 72 21 kunde
889 1349 86 21 komma

144 1377 7 20 i
166 1376 63 27 fräga
243 1378 34 19 att
293 1376 179 27 subventioneras,
489 1383 51 21 eger
555 1377 134 27 Helsingfors
704 1377 49 22 stad
768 1383 73 16 ensam
857 1377 46 22 icke
918 1377 57 21 färre

144 1406 27 19 än
194 1405 14 20 4
231 1404 88 26 sädana,
342 1405 105 26 nämligen
462 1406 13 20 3
490 1405 50 21 med
563 1406 86 20 svenskt
671 1406 40 20 och
728 1407 10 20 1
755 1406 49 21 med
819 1406 64 21 finskt
899 1405 76 21 under-

143 1433 168 27 visningsspräk,
333 1433 72 21 hvilka
427 1434 42 20 alla
491 1433 64 22 hafva
578 1434 32 21 till
625 1434 85 26 uppgift
725 1436 33 20 att
773 1434 98 22 meddela
886 1434 89 27 ungefär

143 1467 83 15 samma
241 1461 83 27 kurser,
341 1468 45 14 som
401 1461 133 22 förekomma
549 1462 6 21 i
571 1462 151 27 reallyceerna.
746 1462 54 22 Utaf
807 1463 63 21 dessa
880 1463 95 21 samsko-

143 1489 33 21 lor
191 1489 87 27 ätnjuta
293 1490 34 21 för
341 1490 133 22 närvarande
489 1490 37 22 tvä
541 1491 91 21 svenska
653 1491 41 21 och
709 1497 26 15 en
750 1491 56 22 finsk
821 1492 118 21 understöd
953 1490 24 22 af
