1025 1686
199 92 42 23 832
462 99 24 17 R.
498 103 18 13 o.
528 99 23 17 A.
564 99 53 17 1891.
641 99 13 17 6
666 99 49 21 Maj.

171 178 69 22 skulle
263 177 67 22 binda
351 178 38 27 sig,
413 178 39 21 och
472 178 38 27 jag
525 177 66 28 vägar
606 178 71 22 derför
692 177 80 23 föreslä
787 179 33 20 att
834 178 25 22 R.
876 183 18 16 o.
910 177 26 21 A.
951 177 20 21 vi

170 206 123 22 bortlemna
315 207 26 22 de
358 207 37 21 två
416 206 68 22 första
505 209 122 20 momenten
642 207 7 21 i
665 207 61 21 detta
740 206 87 27 förslag.
856 206 40 27 Jag
911 207 38 26 gör
965 211 6 16 (

171 235 34 21 för
221 235 66 26 öfrigt
302 235 62 22 äfven
374 235 49 22 med
440 235 120 22 beaktande
569 235 22 22 af
601 236 37 21 det
645 235 113 22 uttalande
767 236 29 20 Hr
804 234 152 28 Pippingsköld
965 241 6 14 %

171 263 83 27 gående
271 264 213 26 byggnadssystemet
498 264 89 27 afgifvit.
616 264 25 21 R.
657 271 19 14 o.
693 264 25 21 A.
736 263 68 21 skulle
820 263 91 21 sålunda
925 263 46 21 end:

172 291 91 22 omfatta
287 292 26 21 de
333 293 77 20 tvänne
426 298 74 16 senare
515 294 128 24 momenten,
659 292 137 26 naturligtvis
811 292 49 21 med
875 291 66 22 sådan
957 297 12 15 o:

170 320 130 27 redigering,
315 326 47 15 som
380 320 113 22 erfordras.
524 320 45 22 Och
584 320 81 22 tillåter
678 320 38 27 jag
731 320 43 27 mig
789 320 72 22 derför
875 320 79 22 töreslå
969 328 2 12 :

170 349 26 21 R.
213 355 19 15 o.
248 349 27 21 A.
301 349 67 21 skulle
390 349 75 21 förena
489 349 32 27 sig
536 355 35 15 om
586 349 93 27 följande
695 349 149 27 formulering:
869 350 46 25 ,att
929 348 27 21 H.

170 377 49 21 ville
242 379 52 25 taga
309 376 67 23 under
397 377 140 27 ompröfning,
560 378 104 20 huruvida
679 378 49 21 icke
743 383 77 21 genom
835 376 70 28 nägon
920 376 49 22 mod

170 405 75 21 kation
268 406 7 20 i
299 406 211 27 byggnadssystemet
525 406 286 27 anläggningskostnaderna
824 406 35 21 för
874 411 26 15 en
913 404 58 28 jernv

170 434 48 21 frän
241 434 76 21 Keuru
331 435 34 20 till
380 435 115 27 Jyväskylä
510 435 71 21 kunde
597 435 136 26 nedbringas.
750 436 55 20 samt
820 434 109 26 förelägga
943 435 28 19 nä

170 463 204 21 sammanträdande
390 463 92 21 Ständer
496 463 48 21 nåd.
561 469 60 21 prop.
637 469 35 15 om
688 462 124 22 utförandet
827 462 23 22 af
863 462 70 22 denna
942 462 29 27 jer

169 491 174 27 vägsbyggnad.'*
366 491 119 22 Ständerna
499 492 54 20 böra
568 492 46 21 icke
630 491 27 27 pä
665 491 94 21 förhand
766 491 66 21 binda
840 491 33 26 sig
880 491 35 21 vid
924 490 47 22 best

169 525 47 43 fom
241 520 38 21 det
301 520 45 21 står
368 520 7 20 i
390 520 50 21 vida
456 520 69 26 fältet,
541 520 106 21 huruvida
662 520 110 21 desamma
786 519 62 22 skola
862 520 71 20 kunna
949 525 22 21 ur

178 554 61 20 yllas.

239 604 59 21 Frih.
315 605 26 21 K.
357 605 25 21 E.
398 605 118 21 Palmén:
547 605 46 21 Den
615 605 147 27 anmärkning,
778 611 45 15 som
838 604 83 27 nyligen
937 604 33 21 fra

170 633 89 21 ställdes
275 633 23 21 af
312 633 32 21 Hr
360 633 25 21 K.
402 633 78 26 Antell,
495 633 107 22 uttalades
617 634 68 21 redan
700 633 36 22 vid
751 635 84 20 senaste
844 633 103 26 måndags
955 639 15 20 p

170 667 51 15 num
244 661 41 21 och
307 661 129 22 besvarades
459 661 27 22 då
508 661 24 22 af
552 662 33 21 Hr
605 662 24 21 L.
649 662 141 27 Gripenberg.
821 661 31 22 Hr
868 661 103 26 Gripenbe

170 689 102 22 framhöll
287 690 107 26 nämligen
409 692 33 19 att
457 690 97 27 orsaken,
570 690 86 21 hvarför
664 690 108 21 utskottet
780 689 89 22 föreslår
878 691 32 20 att
919 691 52 20 sträc

170 718 78 26 ningen
271 718 219 27 Jyväskylä—Keuru
508 719 67 21 redan
589 725 30 15 nu
634 719 70 21 skulle
719 718 125 24 fastställas,
860 725 37 14 var
912 718 41 21 den
968 725 3 13 :

171 747 107 21 utskottet
293 747 94 21 önskade
398 749 32 19 att
442 747 171 22 kontinuiteten
608 743 9 36 i
621 747 223 27 jernvägsbyggandet
855 747 68 21 skulle
930 747 41 20 fort

170 775 41 21 och
226 775 48 21 icke
289 777 32 19 ett
335 775 83 22 afbrott
432 775 72 22 häruti
519 776 86 21 komma
623 777 32 20 att
671 782 40 21 ega
726 782 54 15 rum.
811 775 154 26 Sträckningen

170 803 222 28 Keuru—Jyväskylä
414 804 69 21 banan
506 804 45 21 står
572 804 34 21 för
624 804 66 27 öfrigt
704 804 47 21 icke
766 805 7 20 i
788 804 65 27 något
867 803 104 22 förhållan

170 832 34 20 till
227 832 41 20 den
291 832 205 27 systemförändring
512 833 107 21 utskottet
634 833 64 21 tänkt
713 833 38 26 sig.
782 833 31 20 Hr
828 831 143 27 Standertskji

170 860 40 20 har
225 860 67 21 redan
308 860 124 27 framhållit,
448 861 84 21 hvaruti
548 861 69 21 denna
632 860 207 28 systemförändring
853 860 69 22 skulle
932 860 37 21 bes

170 888 47 21 Den
241 888 69 22 skulle
332 889 62 21 bestå
415 890 7 20 i
442 889 112 22 införande
569 890 23 20 af
605 890 103 26 skarpare
725 889 123 27 stigningar,
864 889 107 25 hvarigent

170 916 27 22 de
221 916 139 22 öfverhöfvan
384 919 59 20 stora
457 918 154 26 jordarbetena
625 918 70 22 skulle
711 918 100 25 minskas,
826 924 49 15 men
891 916 80 22 samtid:

172 945 188 27 öfverbyggnaden
381 948 63 24 göras
459 948 76 26 tyngre
550 947 91 21 likasom
656 947 42 21 den
714 947 80 26 rörliga
808 946 132 25 materielen,
955 947 16 19 si

171 974 67 25 skildt
254 974 152 22 lokomotiven.
436 975 74 21 Såsom
526 982 49 14 man
593 974 90 22 härutaf
697 975 43 21 kan
754 975 64 26 finna,
834 974 24 22 sä
873 974 98 21 bestämn

171 1002 71 21 denna
265 1002 124 28 förändring
411 1004 87 21 alldeles
518 1004 46 21 icke
580 1004 81 21 banans
677 1004 124 26 sträckning
816 1004 52 20 utan
883 1003 88 21 sträckn

170 1036 41 21 gen
234 1032 25 20 är
283 1032 120 21 oberoende
426 1032 24 21 af
466 1032 129 21 densamma.
625 1033 39 21 Att
679 1039 30 14 nu
724 1032 118 22 förutsätta
856 1033 33 19 att
903 1031 37 21 det
954 1031 17 21 ic

170 1059 69 21 under
263 1066 26 15 en
311 1060 128 22 kommande
459 1060 143 28 finansperiod
617 1061 133 28 (1894—97)
766 1060 68 22 skulle
849 1060 68 21 finnas
932 1066 39 14 met

170 1088 34 21 till
220 1089 32 20 att
268 1088 102 22 fortsätta
385 1095 26 15 en
426 1089 56 26 linie,
498 1096 45 14 som
559 1090 71 21 dertill
645 1090 47 21 icke
708 1096 51 15 vore
767 1089 23 21 så
802 1088 134 28 synnerligen
945 1088 26 21 läi

170 1115 82 22 förstär
273 1117 36 26 jag
329 1118 54 20 icke.
413 1118 42 21 Det
478 1120 23 19 är
521 1118 24 26 ju
567 1118 47 21 icke
633 1118 48 21 skäl
696 1120 33 19 att
744 1121 78 23 antaga
836 1119 33 20 att
885 1117 26 20 de
925 1116 44 21 käll

170 1149 46 16 som
232 1144 78 23 hittiils
325 1145 77 22 tillfört
416 1146 275 22 kommunikationsfonden
707 1147 77 25 medel,
796 1146 60 21 skola
863 1145 52 21 sina.
939 1145 32 20 Hv

171 1172 106 22 beträffar
292 1174 32 21 Hr
338 1174 164 27 Pippingskölds
525 1175 80 27 förslag
621 1181 34 15 om
666 1173 305 29 systemförändring
876 1168 10 38 i
895 1168 80 38 spärvic

170 1201 25 21 sä
217 1201 44 22 kan
279 1202 36 27 jag
329 1203 48 21 icke
392 1203 50 26 gilla
458 1203 124 27 detsamma,
597 1205 53 20 utan
665 1203 87 22 förenar
767 1204 43 27 mig
824 1202 134 26 fullständigt

170 1229 57 21 hvad
243 1231 34 21 Hr
291 1231 172 28 Standertskjöld
478 1232 71 21 anfört
564 1233 101 20 deremot.
697 1232 103 27 Slutligen
814 1231 39 22 ber
865 1231 43 26 jag,
925 1230 27 21 dä
965 1230 6 26 j

170 1257 41 22 har
227 1261 68 24 ordet,
311 1260 22 21 få
348 1260 173 27 förfullständiga
542 1261 67 26 några
623 1260 173 27 sifferuppgifter,
812 1267 45 14 som
873 1260 32 21 Hr
920 1259 49 21 Schi

170 1285 109 30 framlagt.
310 1289 50 21 Han
383 1289 40 21 har
445 1289 47 21 från
509 1289 229 22 komitebetänkandet
752 1289 111 27 angående
877 1287 94 22 fördelak

169 1317 63 24 gaste
248 1317 150 27 sträckningen
413 1317 34 22 för
462 1324 26 15 en
501 1318 89 27 jernväg
604 1317 49 22 frän
670 1318 117 27 Jyväskylä
802 1317 32 21 till
849 1317 70 26 nägon
934 1321 37 20 pur

170 1343 24 21 af
217 1345 66 22 Wasa
305 1346 72 21 banan
392 1345 123 27 framhällit,
531 1346 55 21 huru
601 1346 86 27 mycket
703 1353 59 14 mera
776 1346 53 27 gods
843 1344 97 23 afsändts
955 1344 16 21 fr

170 1371 133 29 Myllymäki,
326 1375 134 26 Pihlajavesi,
480 1375 81 26 Keuru,
582 1375 70 21 Kolho
669 1375 41 21 och
724 1375 100 26 Filppula
838 1374 104 22 stationer
958 1379 13 14 n

170 1400 65 22 söder
259 1405 27 19 än
309 1405 45 19 mot
376 1409 58 20 norr,
456 1409 49 15 men
527 1403 43 21 han
592 1403 39 21 har
646 1403 119 21 underlåtit
780 1405 32 19 att
827 1405 78 19 nämna
920 1403 51 19 att
961 1396 15 37 |

170 1428 65 23 dessa
250 1432 105 20 stationer
370 1432 88 20 anländt
473 1432 89 26 ungefär
573 1432 44 20 lika
625 1432 86 26 mycket
718 1432 53 26 gods
779 1431 47 21 frän
834 1437 57 20 norr,
900 1436 45 15 som
954 1428 17 22 fr

170 1458 75 30 söder;
258 1460 106 21 utskottet
375 1460 39 21 har
425 1460 96 21 deremot
531 1460 71 22 anfört
611 1460 50 21 hela
673 1460 101 27 beloppet
784 1460 59 26 gods,
852 1466 45 15 som
905 1458 66 31 afsänt

170 1486 34 21 till
220 1488 41 22 och
277 1488 89 22 anländt
378 1488 47 22 från
437 1489 63 21 söder
508 1495 55 21 resp.
572 1495 51 15 norr
631 1488 41 22 och
680 1489 60 21 detta
747 1490 63 25 utgör
818 1494 17 16 c.
849 1486 113 28 8,470,000
