1025 1686
338 54 24 17 R.
376 59 17 12 o.
406 54 22 17 A.
442 53 56 18 1891.
523 55 22 16 13
557 54 47 21 Maj.
803 49 54 21 1013

58 134 60 21 träde
133 133 89 22 framför
238 133 42 21 alla
297 133 67 27 öfriga
380 134 86 26 förslag,
490 140 45 15 som
555 134 67 21 under
638 134 70 21 denna
724 134 62 26 länga
802 134 83 21 diskus-

58 163 44 21 sion
119 162 131 21 framställts.

127 207 33 21 Dä
177 208 185 26 öfverläggningen
372 208 7 20 i
390 209 72 20 ämnet
474 208 87 21 härmed
570 207 124 26 afslutades,
704 208 50 21 aflät
764 208 31 21 Hr
807 208 79 21 Landt-

59 236 135 21 marskalken
218 237 47 20 med
289 237 114 26 anledning
426 236 23 21 af
471 237 25 20 de
513 236 57 21 olika
585 237 117 26 yrkanden,
718 242 45 15 som
780 237 107 20 derunder

59 265 69 20 blifvit
142 265 82 26 gjorda,
241 265 31 20 till
289 265 101 20 Ständets
407 265 132 20 besvarande
547 265 54 21 efter
611 265 121 20 hvarandra
740 265 93 26 följande
842 271 45 15 om-

59 293 264 26 röstningspropositioner
333 293 110 26 angäende
454 293 12 27 $
482 294 25 20 10
518 293 6 20 i
533 293 117 21 utskottets
657 293 229 27 författningsförslag
877 289 13 35 :

131 339 48 26 1:0).
210 339 51 26 Den,
278 345 43 14 som
338 339 36 20 vill
390 338 33 21 till
434 339 211 26 kontraproposition
657 341 57 19 emot
726 339 115 21 utskottets
852 339 35 21 be-

60 367 106 21 tänkande
185 369 78 24 antaga
279 367 30 21 Hr
326 367 116 21 Norrmöns
458 367 80 26 förslag
553 369 32 19 att
596 367 49 21 hela
657 368 83 20 vinsten
752 367 23 21 af
787 368 100 26 bolagens

60 396 79 21 rörelse
155 396 54 20 skall
225 396 84 20 tillfalla
325 396 106 25 städerna,
448 398 71 18 röstar
531 395 35 27 ja;

129 442 73 21 vinner
217 442 41 26 nej,
274 442 96 20 kommer
386 444 32 18 att
434 443 105 19 omröstas
555 448 34 14 om
606 442 25 20 de
649 441 67 27 öfriga
732 442 118 26 förslagen
842 437 12 36 ;

130 487 84 22 hvilken
230 488 132 26 proposition
379 487 127 21 besvarades
523 488 48 20 med
588 487 155 27 öfvervägande
760 487 44 26 nej:

131 534 46 25 2:0).
209 533 52 24 Den,
285 539 44 15 som
350 533 36 20 vill
410 533 31 21 till
465 533 210 26 kontraproposition
700 535 57 19 emot
774 533 117 21 utskottets

61 562 79 25 förslag
156 564 79 23 antaga
250 561 55 21 Frih.
323 567 40 14 von
381 561 99 21 Alfthans
495 562 86 25 förslag,
598 563 69 19 röstar
681 562 32 25 ja;

130 607 74 20 vinner
220 607 39 26 nej,
276 607 95 20 kommer
387 609 33 18 att
436 609 107 18 omröstas
558 607 89 20 emellan
664 607 49 20 näd.
732 613 58 20 prop.
807 606 38 21 och
859 607 33 20 Hr

62 636 23 20 A.
102 635 161 27 Björkenheims
279 635 79 27 förslag
374 635 70 21 säsom
461 635 221 26 kontraproposition
673 631 13 35 ;

132 687 44 15 som
200 681 34 21 vid
258 681 72 21 derom
354 681 92 20 anställd
463 681 69 21 sluten
549 681 96 26 votering
661 681 22 21 af
698 681 24 21 R.
739 687 18 14 0.
774 682 24 19 A.
816 681 77 21 hesva-

63 710 61 21 rades
140 710 48 21 med
206 711 24 20 16
245 710 22 26 ja
283 710 37 21 och
337 710 25 20 51
381 710 43 27 nej;

132 756 49 27 3:0).
213 756 51 25 Den,
288 762 45 15 som
358 756 34 20 vill
413 755 32 21 till
470 755 208 26 kontraproposition
702 757 56 18 emot
775 755 118 20 utskottets

63 784 79 27 förslag
158 787 78 24 antaga
252 785 40 20 den
307 785 49 20 näd.
372 791 68 20 prop.,
458 786 70 19 röstar
541 784 35 26 ja;

132 830 74 20 vinner
221 830 40 26 nej,
278 830 39 20 har
332 830 24 20 R.
374 835 18 15 o.
409 830 25 20 A.
452 829 32 21 till
500 829 210 26 kontraproposition
721 829 6 19 i
739 828 91 26 enlighet
845 827 48 21 med

64 859 31 20 Hr
110 858 160 27 Björkenheims
286 858 81 25 förslag
383 858 83 26 antagit
483 858 31 20 Hr
529 857 128 21 Rönnbäcks
673 857 143 24 reservation;

132 904 85 20 hvilken
238 903 132 27 proposition
388 903 34 21 vid
438 903 124 26 voteringen
578 902 128 22 besvarades
721 902 48 21 med
782 902 22 20 14
815 902 22 26 ja
852 901 40 21 och

64 932 27 22 53
107 932 40 27 nej.

133 972 50 27 4:0).
215 972 52 26 Den,
284 978 44 14 som
346 972 124 26 godkänner
486 971 117 21 utskottets
617 971 87 26 förslag,
721 972 70 18 röstar
805 970 33 26 ja;

132 1013 73 20 vinner
228 1012 40 26 nej,
288 1012 39 20 har
344 1012 24 20 R.
385 1018 19 14 o.
421 1012 25 20 A.
463 1012 83 26 antagit
561 1012 32 20 Hr
608 1010 129 22 Rönnbäcks
754 1010 138 21 reservation.

132 1052 33 21 Då
189 1052 62 21 äfven
274 1052 69 20 denna
366 1051 133 27 proposition
524 1050 127 22 besvarades
674 1050 48 21 med
739 1049 155 26 öfvervägande

64 1080 40 27 nej,
128 1080 55 22 hade
203 1081 24 20 R.
245 1086 18 15 o.
280 1081 23 20 A.
320 1080 7 20 i
343 1080 101 20 afseende
460 1080 12 20 ä
489 1080 11 26 $
515 1080 26 20 10
553 1079 95 27 godkänt
659 1079 36 21 det
710 1079 3 20 i
724 1078 31 21 Hr
766 1078 129 21 Rönnbäcks

63 1110 132 20 reservation
210 1108 103 27 ingäende
329 1108 111 26 förslaget.

132 1155 58 20 Enär
213 1155 10 25 $
242 1155 22 19 11
283 1155 51 20 nära
354 1153 181 26 sammanhängde
552 1153 47 20 med
615 1153 12 26 $
645 1153 32 24 10,
694 1151 39 22 och
750 1151 61 22 äfven
827 1151 67 21 delvis

64 1183 84 21 berörts
164 1183 68 20 under
248 1183 40 20 den
303 1182 130 26 föregäende
450 1181 155 26 diskussionen,
624 1181 127 21 hemställde
768 1181 30 20 Hr
814 1179 80 22 Landt-

64 1211 141 24 marskalken,
229 1211 104 21 huruvida
357 1211 45 20 icke
422 1211 122 26 lämpligast
559 1216 50 15 vore
625 1211 32 19 att
673 1215 29 15 nu
718 1209 6 20 i
740 1210 31 20 ett
787 1215 106 14 samman-

64 1241 56 26 hang
146 1240 40 21 och
211 1240 63 21 innan
300 1239 159 27 granskningen
486 1239 95 26 återgick
607 1238 32 21 till
663 1239 12 20 9
700 1239 18 25 $,
741 1237 54 21 först
820 1237 75 26 afgöra

64 1275 34 15 om
116 1271 22 19 11
156 1269 18 27 8.

132 1315 10 20 I
159 1314 94 26 enlighet
267 1313 89 21 härmed
372 1312 86 27 yttrade
475 1313 31 26 sig

134 1355 31 20 Hr
188 1353 145 22 Lindelöf:
365 1353 49 21 Med
438 1353 115 25 anledning
569 1352 22 21 af
606 1352 35 21 det
658 1351 76 26 beslut,
751 1357 44 15 som
812 1357 28 14 nu
855 1350 40 21 fat-

64 1385 44 18 tats
130 1383 7 20 i
157 1383 61 26 fråga
241 1389 33 14 om
297 1382 11 26 $
333 1382 33 25 10,
389 1381 41 21 blir
450 1381 36 21 det
502 1381 129 25 nödvändigt
647 1382 32 19 att
694 1382 52 24 göra
764 1385 24 15 en
805 1379 90 26 ändring

62 1411 79 26 jemväl
163 1412 7 20 i
186 1412 13 25 8
216 1412 31 19 11.
277 1410 41 27 Jag
334 1410 69 21 skulle
419 1410 28 20 dä
462 1408 87 26 föreslå,
565 1411 32 19 att
613 1408 129 27 paragrafen
758 1408 80 20 erhölle
856 1406 39 21 föl-

62 1440 65 26 jande
151 1440 88 26 lydelse:
267 1439 45 24 ,De
336 1438 65 26 enligt
417 1439 11 25 $
447 1438 26 20 10.
490 1438 89 20 emellan
595 1437 68 21 stads-
679 1436 40 22 och
735 1436 159 21 landskommu-
