1025 1686
325 97 25 17 R.
363 102 17 12 o.
392 98 23 16 A.
428 97 54 18 1891.
508 98 22 16 13
543 97 48 21 Maj.
802 92 41 21 975

44 179 62 21 dessa
129 178 90 27 drycker
241 178 108 27 praktiskt
375 179 59 25 taget
457 179 37 20 äro
516 177 49 22 utaf
587 178 54 21 intet
656 178 161 26 näringsvärde,
833 177 40 21 och

42 207 36 27 jag
94 213 62 16 anser
171 208 44 25 mig
229 207 52 26 godt
296 207 72 20 kunna
383 206 58 21 hålla
457 206 27 27 på
500 207 43 24 det,
559 206 90 21 oaktadt
659 207 39 20 allt
710 206 56 21 hvad
777 206 34 21 Hr
823 206 50 27 Pip-

44 235 112 28 pingsköld
179 235 78 22 anfört.
287 235 40 27 Jag
342 235 41 21 fick
399 241 25 15 en
440 235 56 27 gång
511 235 114 27 anledning
641 237 32 19 att
689 235 91 21 anställa
796 241 25 15 en
837 235 37 21 be-

44 265 88 25 räkning
155 263 59 22 öfver
236 264 162 26 näringsvärdet
420 264 7 20 i
450 264 27 25 öl,
494 263 38 21 och
550 264 44 21 ölet
609 263 61 21 torde
686 263 108 21 innehålla
808 264 65 20 minst

43 293 44 21 lika
109 292 85 28 mycket
212 293 150 26 näringsämne
380 298 45 15 som
440 292 95 21 vinerna.
565 292 42 26 Jag
622 292 123 21 beräknade
761 292 48 21 med
824 292 49 21 stöd

44 321 23 22 af
81 322 104 26 analyser,
201 327 46 15 som
263 323 37 19 äro
316 321 41 21 lätt
374 321 138 27 tillgängliga,
529 322 32 20 att
577 327 34 15 om
628 321 41 21 den
683 321 81 27 näring,
780 327 46 15 som
841 320 33 21 in-

43 350 38 27 går
100 350 7 21 i
124 350 50 25 ölet,
190 350 69 21 skulle
274 350 123 26 uppsamlas
413 350 6 20 i
436 356 25 15 en
477 350 24 20 så
517 352 44 18 stor
577 350 112 26 qvantitet,
705 353 33 18 att
753 350 36 21 det
805 349 68 21 skulle

43 381 108 19 motsvara
166 385 26 15 en
208 378 71 27 vanlig
291 378 99 24 hålkaka,
406 378 24 21 så
445 378 68 21 skulle
533 378 36 21 det
585 378 93 25 alkohol,
695 384 45 15 som
756 384 80 15 samma
852 378 22 21 öl

43 408 113 24 innehölle,
179 409 110 19 motsvara
306 406 90 27 ungefär
411 413 26 15 en
453 407 71 21 kanna
540 407 96 24 bränvin,
647 407 37 27 jag
700 409 45 19 tror
760 406 114 22 beräknin-

43 443 40 20 gen
98 436 86 27 gjordes
200 436 54 21 efter
270 436 27 21 50
305 436 35 27 /,,
356 436 140 21 alkoholhalt.
521 436 48 20 Men
585 437 34 20 att
634 436 47 21 med
698 442 25 14 en
739 436 57 21 kaka
819 436 55 20 bröd

44 465 111 27 nedskölja
177 471 27 15 en
225 464 35 22 hel
283 465 71 21 kanna
376 464 89 21 bränvin
489 465 61 21 torde
574 465 34 20 väl
631 464 46 22 icke
700 464 22 21 af
743 464 70 27 nägon
836 470 37 15 an-

44 499 32 16 ses
99 494 70 21 säsom
193 500 25 14 en
240 494 106 20 helsosam
363 493 49 21 diet.
444 493 61 21 Hvad
522 494 73 20 vidare
611 493 101 21 beträffar
727 493 32 21 Hr
774 493 99 27 Pipping-

44 523 72 21 skölds
142 522 157 27 framställning
317 522 109 26 angäende
450 522 36 20 det
508 522 142 21 helsosamma
666 523 6 20 i
688 528 27 15 en
729 522 84 26 mättlig
829 528 46 15 rus-

44 551 187 27 drycksförtäring,
255 551 24 21 sä
299 553 36 19 vet
357 550 41 21 ban
420 550 44 21 lika
485 551 34 20 väl
539 557 45 14 som
597 551 44 26 jag,
657 552 33 19 att
706 551 40 20 den
761 551 55 21 teori
831 551 44 20 han

43 580 111 25 förfäktar,
178 581 23 19 är
225 586 25 15 en
272 579 61 26 teori,
354 585 44 15 som
420 579 46 21 icke
482 580 24 19 är
522 579 71 21 allena
609 579 136 26 herrskande,
762 582 51 19 utan
829 582 46 19 mot

44 608 85 22 hvilken
144 608 79 27 mänga
237 609 82 26 ganska
335 608 95 21 ansedda
445 608 179 26 vetenskapsmän
640 608 27 26 pä
681 608 35 21 det
729 608 145 21 bestämdaste

44 643 108 20 opponera
176 637 38 27 sig.
245 637 42 21 Det
308 637 43 21 kan
373 637 136 26 naturligtvis
524 637 46 20 icke
586 637 87 20 komma
688 637 7 20 i
710 637 62 26 fråga
788 639 32 19 att
835 637 41 20 här

44 665 48 28 ingå
114 666 6 21 i
144 672 25 15 en
193 666 146 26 vetenskaplig
362 665 93 27 polemik
478 667 45 19 mot
543 666 32 20 Hr
590 665 158 27 Pippingsköld,
774 666 38 21 och
828 666 47 21 icke

44 701 50 15 vore
116 695 35 26 jag
175 695 39 20 alls
230 695 126 26 kompetent
372 694 78 24 dertill,
465 694 37 27 jag
517 694 35 21 vill
569 694 73 21 derför
658 695 76 20 endast
747 695 69 20 erinra
833 701 43 18 om,

44 725 32 20 att
92 724 65 21 saken
174 725 24 19 är
214 723 129 22 ätminstone
358 723 52 21 tvist
425 723 154 21 underkastad.

113 780 72 22 Sedan
209 781 39 21 den
265 781 108 20 allmänna
388 780 148 21 diskussionen
555 781 7 20 i
578 782 72 19 ämnet
666 780 87 22 härmed
769 781 106 26 afslutats,

46 809 108 27 öfvergick
170 809 90 22 Ständet
275 809 32 21 till
324 809 198 27 detaljaranskning
538 809 23 21 af
573 809 104 26 förslaget
692 809 32 21 till
740 810 34 26 lag
790 815 33 16 om
833 809 43 21 för-

44 838 91 27 säljning
150 844 27 15 m.
193 844 28 15 m.
237 837 24 21 af
274 838 96 25 bränvin,
387 838 39 21 och
443 837 69 21 blefvo
524 837 75 21 härvid

114 896 24 27 $$
155 896 55 20 1—3
226 897 51 19 utan
293 895 140 27 anmärkning
448 895 119 27 godkända.

114 952 135 22 Beträffande
265 954 12 25 &
292 954 13 20 4
321 952 66 22 utbad
402 952 32 28 sig

114 1010 32 21 Hr
161 1009 130 23 Lindelöf
305 1010 62 21 ordet
382 1009 39 22 och
436 1010 92 27 yttrade:
544 1010 11 20 I
569 1009 68 21 första
652 1010 116 21 momentet
776 1009 22 22 af
808 1009 69 22 denna

45 1038 100 28 paragraf
165 1040 24 20 är
211 1038 100 27 stadgadt
331 1040 32 20 att
384 1038 34 21 vid
440 1038 154 27 utminutering
613 1038 23 21 af
649 1038 89 21 bränvin
753 1038 32 21 fär
800 1038 32 21 till
848 1038 28 22 af-

45 1067 109 27 hemtning
176 1067 106 22 utlemnas
305 1067 63 21 minst
391 1068 12 20 2
426 1066 54 22 liter.
512 1067 75 21 Denna
601 1066 133 27 bestämning
749 1066 40 22 har
804 1069 73 19 natur-

45 1096 70 27 ligtvis
130 1096 123 21 tillkommit
268 1096 6 20 i
289 1095 55 27 syfte
360 1097 31 19 att
407 1096 121 26 derigenom
543 1095 95 21 försvära
653 1095 91 21 handeln
756 1096 46 21 med
813 1095 62 22 brän-

46 1124 33 21 vin
95 1124 39 21 och
149 1124 90 21 sålunda
254 1124 83 21 minska
352 1124 163 21 konsumtionen
532 1124 64 21 deraf.
627 1124 44 26 Mig
689 1129 61 22 synes
765 1123 64 22 likväl
844 1126 34 19 att

46 1153 120 21 ändamålet
182 1153 45 20 helt
243 1153 39 21 och
297 1152 67 22 hållet
382 1152 90 22 förfelas.
503 1153 43 20 Det
560 1152 61 21 torde
637 1158 51 15 vara
702 1152 58 21 svårt
776 1154 32 19 att
822 1159 55 20 upp-

46 1181 44 22 visa
108 1183 32 20 att
162 1181 161 27 ifrågavarande
347 1181 139 26 bestämning,
506 1187 47 15 som
568 1181 66 21 redan
649 1181 61 26 ingår
725 1181 6 20 i
747 1181 40 21 den
804 1181 73 26 nugäl-

46 1210 62 21 lande
124 1209 69 28 lagen,
209 1210 7 20 i
231 1209 104 27 väsentlig
350 1209 53 27 grad
418 1209 68 22 skulle
502 1209 93 27 bidragit
610 1209 32 21 till
657 1211 33 20 att
705 1209 83 22 minska
803 1209 74 28 åtgån-

46 1245 40 20 gen
110 1238 22 22 af
153 1238 88 21 bränvin
254 1238 40 22 och
310 1238 122 26 derigenom
448 1237 112 28 befrämjat
575 1237 151 28 nykterheten;
742 1237 87 22 fastmer
844 1244 34 21 sy-

46 1273 38 16 nes
103 1267 36 22 det
161 1267 43 27 mig
218 1273 60 16 vara
300 1267 120 27 uppenbart
438 1269 33 19 att
486 1268 116 19 motsatsen
618 1266 124 27 härigenom
756 1267 122 21 åstadkom-

46 1302 51 18 mes,
113 1297 22 26 ty
150 1301 35 16 om
202 1302 26 15 en
243 1301 77 22 person
336 1295 89 22 sålunda
440 1295 42 21 blir
496 1297 93 24 tvungen
605 1296 32 20 att
652 1295 56 27 köpa
724 1296 106 21 ettstörre
841 1295 37 22 be-

46 1324 50 27 lopp
112 1326 27 19 än
154 1324 43 21 han
212 1324 33 21 för
260 1324 92 21 tillfället
367 1323 91 22 behöfde
473 1323 40 22 och
528 1323 100 26 önskade,
645 1324 24 21 så
683 1325 90 20 utsättes
789 1323 41 22 han
845 1323 34 22 för

47 1353 110 22 frestelsen
181 1354 32 20 att
233 1352 81 22 förtära
329 1359 65 15 mera.
425 1352 90 27 Följden
530 1351 41 22 blir
586 1352 82 21 således
684 1354 32 19 att
730 1352 149 27 nykterheten,

47 1381 7 21 i
68 1381 72 22 stället
155 1381 34 22 för
203 1383 33 20 att
251 1381 119 27 befrämjas,
386 1383 94 20 tvärtom
495 1381 128 21 motverkas.
653 1381 76 21 Denna
746 1380 133 27 bestämning

47 1410 39 21 har
102 1409 108 22 dessutom
225 1409 46 22 haft
286 1410 32 21 till
333 1409 52 27 följd
400 1410 31 20 ett
446 1410 66 20 annat
531 1408 123 28 stadgande,
670 1415 45 15 som
730 1408 60 27 ingår
804 1409 75 27 längre

47 1438 53 22 fram
116 1439 6 20 i
138 1439 13 25 8
176 1439 31 25 15,
229 1438 40 22 och
283 1444 46 18 som
345 1438 69 21 måste
430 1444 62 15 anses
506 1437 7 21 i
529 1437 42 27 hög
585 1437 53 27 grad
653 1437 109 27 olämpligt
778 1437 39 22 och
832 1437 48 22 icke

49 1473 49 21 eger
114 1466 153 28 motsvarighet
282 1467 7 21 i
304 1467 70 27 någon
390 1472 70 16 annan
476 1466 137 27 lagstiftning,
629 1465 105 28 nämligen
749 1468 31 19 att
792 1472 26 16 en
830 1472 47 20 per-

48 1502 39 15 son
102 1495 47 22 icke
164 1495 35 22 får
215 1495 47 22 dela
277 1495 49 22 med
341 1495 70 27 någon
427 1501 70 15 annan
513 1496 31 20 ett
559 1494 72 22 förråd
646 1494 23 22 af
675 1494 94 26 bränvin,
780 1500 46 16 som
836 1494 44 22 han
