1025 1686
170 97 57 34 1008
424 106 25 17 R.
462 111 18 12 o.
492 106 22 17 A.
528 105 55 18 1891.
607 106 22 17 13
641 106 48 21 Maj.

139 190 68 27 joner,
216 189 64 26 högst
296 187 113 28 3,000,000
425 186 65 21 mark.
521 186 50 21 Man
585 185 43 22 kan
643 185 83 22 säledes
741 188 51 25 göra
806 186 32 27 sig
852 187 69 26 nägon
936 187 33 21 fö-

142 217 124 26 reställning
282 223 34 15 om
333 217 41 20 den
390 215 84 26 möjliga
493 215 88 26 vinsten,
604 215 73 21 sävida
692 215 154 26 produktionen
862 215 38 22 och
916 215 50 22 kon-

141 247 120 22 sumtionen
285 245 46 21 icke
354 243 101 27 storligen
478 243 61 26 stiga.
560 255 28 3 —
611 243 40 21 Till
673 243 55 21 huru
748 245 45 20 stor
808 243 33 22 del
857 244 62 21 hafva
935 244 32 21 väl

142 275 215 21 landskommunerna
372 272 114 26 bevisligen
502 271 91 27 bidragit
612 272 31 20 till
660 272 62 20 dessa
736 271 75 27 bolags
827 272 69 21 vinst?
926 273 42 21 En-

141 304 39 26 ligt
203 303 40 21 den
267 302 117 25 beräkning
403 300 92 22 komitén
511 300 63 27 gjort,
591 300 31 21 till
637 300 65 26 något
718 306 44 15 mer
777 302 26 19 än
819 306 25 16 en
860 300 107 27 fjerdedel.

142 332 29 22 Af
185 334 98 19 närmare
298 330 92 25 500,000
406 329 82 21 kannor
503 328 62 22 hafva
581 328 31 22 till
630 328 209 27 landtbefolkningen
854 328 68 22 blifvit
937 330 32 21 af-

142 360 85 29 yttrade
250 360 6 20 i
279 359 77 27 belopp
372 364 34 15 om
422 358 64 20 minst
502 357 49 27 2!/,
566 357 82 21 kannor
671 357 55 21 circa
743 358 90 26 120,000
848 357 13 22 å
879 358 90 26 130,000

142 391 89 21 kannor.
262 388 78 22 Säkert
355 389 25 19 är
402 388 32 20 att
449 386 129 22 landsborna
599 386 121 21 tillhandlat
735 386 31 26 sig
782 386 21 21 af
816 386 90 27 bolagen
922 387 47 21 vida

141 426 66 18 mera,
223 424 48 15 men
287 416 128 22 åtminstone
430 414 58 22 detta
504 414 76 27 belopp
597 415 66 21 måste
678 414 105 22 beräknas
798 416 27 26 på
832 415 79 21 landet.
929 416 40 25 De,

142 447 72 22 hvilka
229 446 7 21 i
252 446 60 22 detta
327 444 68 22 Stånd
410 443 57 22 velat
482 442 81 22 tilldela
579 449 24 15 en
619 442 102 27 fjerdedel
737 442 22 22 af
772 443 81 21 vinsten
869 444 100 21 ätlands-

142 476 161 23 kommunerna,
326 473 64 21 hafva
411 472 82 22 således
516 471 131 26 någorlunda
665 471 72 21 träffat
753 472 36 21 det
804 473 61 20 rätta.
897 472 73 22 Skulle

142 511 26 15 en
183 503 120 26 fördelning
317 502 87 21 komma
426 502 31 20 att
476 500 44 27 ske,
536 500 68 21 skulle
619 500 60 21 äfven
693 500 37 27 jag
744 500 33 22 för
791 500 42 21 min
850 500 32 22 del
899 500 71 22 derför

142 539 51 16 anse
208 532 80 26 skäligt
303 537 50 16 vara
369 532 32 19 att
423 529 127 21 tillerkänna
571 528 214 22 landskommunerna
800 529 63 21 minst
878 536 26 14 en
920 529 50 27 fjer-

142 561 62 22 dedel
219 560 22 22 af
256 560 88 21 vinsten.
376 558 45 21 Här
436 558 39 20 har
490 557 72 21 vidare
577 557 68 20 blifvit
660 557 68 26 sagdt,
743 559 32 19 att
790 564 26 15 en
829 560 45 19 stor
884 557 46 22 fara
937 557 33 22 för

142 590 220 21 landskommunerna
384 586 110 27 uppstode,
515 592 34 15 om
571 585 149 26 befolkningen
742 585 39 22 och
798 586 47 21 dess
860 592 109 20 represen-

142 621 72 19 tanter
234 618 1 21 i
251 617 155 22 kommunerna
420 615 68 22 skulle
504 614 72 27 vänjas
597 613 36 22 vid
647 616 31 19 att
695 613 21 22 få
731 621 25 14 en
772 614 66 22 sådan
854 615 69 21 direkt
939 615 30 21 in-

142 648 78 25 komst,
243 645 150 22 motsvarande
415 643 7 22 i
444 643 58 22 detta
517 643 36 21 fall
569 643 92 25 500,000
676 642 14 21 å
705 643 92 22 600.000
812 643 60 21 mark
887 643 83 22 utöfver

142 677 43 26 det,
201 681 46 16 som
262 675 66 21 redan
344 672 92 23 tillfaller
451 671 214 22 landskommunerna
680 671 49 22 med
736 671 56 27 goda
800 672 92 24 350,000
903 672 65 21 mark.

143 705 78 21 Månne
237 704 70 21 denna
321 702 45 21 fara
381 701 6 21 i
404 700 72 28 sjelfva
492 700 73 21 verket
587 706 50 15 vore
659 701 24 20 så
698 702 52 24 stor,
766 701 32 20 att
812 700 157 22 landskommu-

144 739 72 20 nerna,
232 733 7 20 i
255 730 103 23 händelse
374 730 36 21 det
424 729 7 21 i
446 735 26 16 en
488 728 85 21 framtid
588 728 68 21 skulle
672 728 44 22 visa
732 729 38 26 sig,
786 730 32 20 att
832 735 26 15 en
875 729 94 22 demora-

143 762 86 21 lisation
245 761 122 26 derigenom
382 758 135 27 uppkomme,
527 757 58 25 ,icke
604 757 42 21 läte
661 757 97 27 fräntaga
773 757 31 27 sig
820 757 67 22 denna
903 759 66 26 extra,

142 790 84 27 skadlig
240 789 94 22 befunna
349 787 97 22 inkomst.
478 786 39 26 Jag
533 787 43 20 tror
593 785 35 22 det
643 785 46 22 icke
706 792 49 15 vore
770 787 24 20 sä
809 786 63 26 svärt,
884 786 39 21 och
935 787 35 26 jag

144 819 73 22 stöder
233 818 70 21 denna
317 819 33 19 tro
367 816 27 27 pä
409 815 90 27 gammal
516 814 125 21 erfarenhet.
672 814 45 21 Och
729 814 84 21 hvilken
824 816 24 19 är
858 815 69 21 denna
937 821 33 15 er-

143 847 112 21 farenhet?
289 846 52 20 1865
365 845 35 20 års
422 843 123 26 förfatining
563 842 137 22 tillerkänner
716 843 159 25 kommunerna,
891 843 32 21 för
938 845 32 19 att

144 876 26 21 de
185 875 76 22 afstätt
276 874 46 22 frän
337 872 257 26 husbehofsbränningen:
612 871 62 21 Först
685 871 128 27 fjerdedelen
824 871 22 21 af
854 871 49 22 hela
913 872 57 21 skat-

144 904 151 25 teinkomsten,
317 902 85 21 hvilken
424 900 67 21 under
513 900 120 21 nuvarande
649 899 147 22 förhällanden
812 899 67 22 skulle
895 902 75 24 utgöra

144 933 33 22 väl
193 939 26 15 en
235 932 80 26 miljon.
344 929 128 26 Ytterligare
486 928 69 22 skulle
576 929 50 25 utgä
642 928 30 22 till
688 928 153 22 kommunerna
856 930 27 26 pä
898 929 73 21 landet

144 962 40 21 och
203 961 6 21 i
231 960 102 22 städerna
354 965 26 15 en
403 957 72 27 miljon
498 957 58 21 mark
578 957 65 27 enligt
658 963 81 15 samma
760 957 156 21 ständerbeslut
931 957 39 22 och

143 989 122 23 derutöfver
287 990 56 20 ännu
366 986 32 22 till
421 986 110 21 aflönande
553 985 22 21 af
595 985 48 22 bro-
667 985 39 21 och
729 985 129 27 skallfogdar
880 986 91 25 100,000

142 1019 67 22 mark.
240 1018 69 21 Dessa
331 1021 93 17 summor
446 1014 137 22 tillsammans
596 1014 95 22 lofvades
710 1014 153 22 kommunerna
877 1014 6 21 i
899 1014 72 22 landet

144 1048 39 22 och
199 1048 77 26 utgöra
292 1046 48 20 vida
355 1050 45 16 mer
415 1046 26 19 än
458 1043 47 21 dem
527 1042 66 27 enligt
613 1043 25 21 de
654 1043 121 21 nuvarande
790 1042 56 27 höga
861 1043 109 21 bränvins-

143 1077 70 27 prisen
229 1074 70 22 skulle
314 1074 118 21 tillkomma
447 1072 53 21 efter
515 1071 144 27 fördelningen
676 1072 28 26 pä
720 1071 46 21 dem
775 1071 22 21 af
810 1071 127 27 fjerdedelen
950 1071 23 22 af

143 1104 102 27 bolagens
261 1101 147 29 supponerade
424 1100 60 26 vinst,
501 1101 39 20 och
555 1100 64 21 likväl
635 1100 45 21 icke
697 1100 75 26 mänga
780 1101 24 20 är
814 1100 90 21 derefter
915 1100 56 22 med-

143 1133 62 27 gäfvo
221 1132 166 21 kommunernas
397 1129 177 27 representanter,
590 1127 175 27 hufvudsakligen
781 1128 6 21 i
805 1128 165 27 Bondeständet,

143 1163 32 21 att
196 1161 43 22 alla
259 1160 62 21 dessa
342 1158 138 22 biinkomster
498 1157 55 26 finge
569 1157 46 20 dem
631 1157 107 26 fräntagas
757 1159 58 18 utom
831 1157 26 21 de
872 1157 98 26 400,000,

143 1197 46 15 som
205 1189 38 22 allt
258 1187 132 22 fortfarande
406 1186 31 21 tili
453 1186 47 21 dem
520 1186 57 25 utgä.
607 1185 78 22 Risken
706 1185 22 21 af
742 1185 94 21 försöket
859 1187 32 19 att
906 1185 64 22 tiller-

143 1219 71 21 känna
235 1217 217 22 landskommunerna
473 1213 126 28 fjerdedelen
620 1213 21 22 af
655 1213 101 27 bolagens
772 1213 125 22 vinstmedel
921 1221 49 14 vore

143 1247 82 22 säledes
246 1245 116 27 ingalunda
382 1245 23 20 sä
424 1245 52 24 stor,
495 1249 45 14 som
560 1249 47 14 man
621 1242 40 21 här
677 1242 88 27 befarat,
781 1242 38 21 och
836 1242 35 21 det
886 1243 84 21 komme

143 1281 42 21 nog
208 1274 148 22 erfarenheten
374 1274 32 20 att
422 1271 103 22 bekräfta.
556 1271 41 26 Jag
617 1271 85 21 förenar
722 1271 42 26 mig
778 1270 83 22 således
876 1271 48 22 med
939 1271 32 21 Hr

143 1304 112 21 Hackman
271 1302 33 22 till
319 1301 42 22 alla
376 1300 59 22 delar
451 1300 74 25 deruti,
541 1301 32 19 att
589 1299 35 21 det
642 1299 76 21 främst
733 1301 24 19 är
771 1301 76 23 staten,
863 1306 46 15 som
924 1299 46 22 icke

144 1332 54 22 skall
213 1331 68 22 räkna
297 1331 28 26 pä
339 1329 93 22 inkomst
452 1327 46 22 frän
518 1327 264 28 bränvinsproduktionen.
813 1328 41 21 Det
870 1330 24 19 är
909 1328 61 21 verk-

144 1361 56 26 ligen
216 1360 82 27 ganska
313 1359 78 26 farligt,
407 1359 32 20 att
454 1358 69 19 staten
539 1356 72 27 gjorde
627 1355 61 22 deraf
702 1363 26 14 en
744 1356 58 27 affär,
818 1355 47 22 fullt
877 1356 43 21 lika
930 1356 41 21 far-

143 1390 46 26 ligt,
205 1395 46 15 som
267 1395 35 14 om
317 1388 153 20 kommunerna
485 1384 68 22 skulle
575 1385 60 21 deraf
651 1384 64 22 hafva
731 1387 31 19 ett
777 1384 91 22 tillskott
884 1385 30 20 till
931 1385 38 21 lin-

143 1417 90 22 drandet
249 1416 22 22 af
285 1416 46 21 sina
346 1415 74 21 besvär
436 1413 38 22 och
493 1412 91 27 utgifter.
615 1413 116 27 Exemplen
752 1412 45 22 frän
813 1412 26 22 de
854 1414 59 20 stora
927 1415 42 20 sta-

142 1448 63 20 terna
220 1448 23 18 är
265 1444 114 27 ingalunda
398 1441 178 29 uppmuntrande:
594 1442 35 21 det
647 1443 59 20 stora
722 1442 167 26 Kejsaredömet,
905 1442 65 27 Tysk-

143 1474 57 26 land,
217 1473 125 25 Frankrike,
359 1471 96 27 England
471 1472 36 19 äro
523 1470 7 20 i
545 1472 76 24 ytterst
637 1472 45 19 stor
697 1470 53 26 grad
761 1470 106 21 beroende
877 1470 22 21 af
908 1470 61 22 brän-

144 1503 165 25 vinsskatterna,
331 1501 39 21 och
392 1500 76 21 bevare
488 1505 33 15 oss
541 1498 47 22 Gud
609 1498 45 22 frän
671 1500 33 20 att
725 1498 37 22 det
780 1498 68 22 skulle
865 1498 63 22 blifva
942 1500 27 26 pä
