1025 1686
183 92 41 21 802
446 97 24 16 R.
483 101 17 12 0.
512 97 23 18 A,
549 97 54 16 1891.
627 97 12 16 6
652 96 46 21 Maj.

154 183 52 20 gare
219 177 187 26 jernvägsföretag
422 178 56 19 ännu
493 176 88 26 förestä,
590 183 45 14 som
651 176 68 21 borde
735 175 63 22 hafva
813 177 69 20 större
898 177 43 19 rätt
952 182 13 14 a

154 206 23 21 af
191 205 131 22 statsverket
343 205 122 26 befrämjas.
495 205 90 21 Derföre
601 211 62 16 anser
675 205 37 26 jag
728 205 106 20 utskottet
850 205 69 20 denna
929 203 36 26 gär

154 233 65 22 hafva
234 234 91 21 handlat
340 233 129 27 fullkomligt
484 234 85 21 rättvist
586 233 39 22 och
640 233 50 22 fullt
705 233 138 26 konsegvent.

225 290 33 21 Hr
281 290 219 26 Pippingsköld:
531 286 68 25 Äfven
619 290 36 26 jag
671 289 69 21 måste
755 290 69 20 uttala
839 290 43 26 mig
897 289 32 21 för
953 296 13 14 u

155 319 94 21 skottets
265 318 101 27 yrkande.
395 318 74 22 Såsom
485 319 66 21 saken
566 325 29 14 nu
610 318 51 26 står,
677 318 70 21 skulle
763 320 31 19 ett
810 318 77 21 sådant
902 318 65 26 projel

156 354 46 14 som
218 347 136 26 petitionens,
370 347 73 21 kunna
458 349 61 25 tagas
534 347 7 21 i
557 346 148 26 betraktande,
715 347 76 21 endast
807 353 34 15 om
857 352 26 14 en
899 346 68 21 alldeli

156 376 103 20 särskildt
281 375 124 22 ekonomisk
428 376 56 20 bana
506 382 49 15 vore
574 375 126 27 föreslagen,
718 376 39 20 och
772 376 66 26 priset
853 375 33 21 för
901 375 66 26 anläg;

155 404 79 26 ningen
245 404 48 21 icke
309 404 68 21 skulle
392 404 27 27 gä
434 404 83 22 utöfver
533 404 78 26 25,000
626 404 62 21 mark
702 410 38 20 per
756 404 122 25 kilometer;
895 403 27 21 dä
936 410 32 14 voi

155 432 76 27 frägan
248 439 27 14 en
291 439 69 15 annan.
397 433 49 21 Men
461 434 142 26 petitionerna
618 433 27 26 gä
660 435 23 19 ut
700 432 27 27 pä
743 440 25 13 en
784 433 93 27 jernväg,
893 432 75 21 likarta

156 462 49 20 med
229 461 52 21 våra
303 461 129 25 stambanor,
456 462 38 20 och
512 462 68 26 gäller
598 462 35 20 det
649 468 25 14 en
691 462 127 20 ätminstone
836 462 26 20 10
877 461 48 21 mils
940 462 29 23 vä,

156 490 43 21 Det
222 492 24 18 är
259 489 72 22 derför
346 490 54 21 intet
415 490 72 23 under,
504 496 33 15 om
553 490 107 20 utskottet
682 490 74 21 tvekat
772 490 39 21 och
826 489 47 27 gätt
889 490 40 20 den
945 490 20 20 fö

158 518 73 27 sigtigt
247 518 137 22 erkännande
400 519 143 26 medelvägen.
567 519 74 20 Ehuru
652 519 36 20 det
697 519 41 20 kan
752 524 62 21 synas
826 524 45 15 som
885 524 24 14 en
920 520 49 24 utor

156 547 70 20 skulle
247 546 38 27 jag
300 546 54 27 våga
369 549 40 23 tro,
426 549 31 19 att
473 554 25 14 en
512 547 94 26 jernväg,
623 547 102 26 börjande
742 547 34 20 mä
791 553 51 14 vara
857 546 47 21 från
921 546 48 21 Suo:

156 575 79 26 nejoki,
259 577 58 19 tvärs
339 576 84 26 igenom
438 576 72 21 landet
526 576 32 20 till
574 575 80 24 Kaskö,
671 581 50 15 vore
737 581 34 15 oss
787 575 80 26 möjlig,
883 581 48 14 men
948 575 22 20 de

157 603 128 27 smalspårig
304 604 39 21 och
359 604 89 21 sålunda
463 604 72 27 möjlig
551 606 32 19 att
599 604 78 27 byggas
692 605 34 20 för
741 606 31 19 ett
788 604 86 21 relativt
889 603 24 21 sä
928 603 42 26 ring

157 632 51 26 pris,
225 634 33 19 att
274 639 47 14 man
337 633 46 20 icke
399 633 90 21 behöfde
505 639 66 20 rygga
582 633 89 20 tillbaka
684 632 33 21 för
728 633 130 25 detsamma
849 628 12 36 ;
869 632 40 21 den
920 632 47 21 skul

157 660 63 21 äfven
243 667 47 14 mer
313 663 26 18 än
360 664 108 18 motsvara
483 662 63 20 dessa
561 661 133 21 landsdelars
710 661 43 20 alla
769 661 69 25 behof,
854 667 48 14 men
919 660 52 21 säso!

158 689 66 21 saken
240 695 30 15 nu
285 689 51 26 stär,
352 689 42 21 kan
410 689 60 22 äfven
484 690 37 26 jag
536 690 70 21 uttala
619 690 43 26 mig
671 690 55 21 blott
734 689 33 21 för
776 689 117 21 utskottets
901 689 70 25 försla;

227 746 60 21 Frih.
310 753 51 14 von
383 747 192 20 Willebrand:
606 747 40 26 Jag
669 747 43 20 kan
734 747 46 20 icke
802 748 66 19 annat
883 748 27 19 än
926 745 46 22 finn:

158 776 33 19 att
206 775 27 20 de
249 777 119 24 argument,
385 781 44 15 som
447 775 30 21 Hr
493 775 104 21 Mechelin
613 776 70 20 anfört
699 777 44 19 mot
758 775 48 21 mitt
822 775 87 26 förslag,
925 774 47 21 hafv

156 804 37 20 sin
207 803 54 21 fulla
277 803 133 26 tillämpning
426 804 64 21 också
504 803 28 27 pä
547 805 44 20 alla
607 805 66 25 öfriga
689 803 80 28 förslag
785 810 34 15 om
835 803 138 21 undersökni:

156 838 41 20 gar
212 832 49 20 utaf
272 832 255 26 jernvägssträckningar,
536 835 95 18 närmast
639 833 26 25 pä
677 832 187 26 undersökningen
877 831 22 21 af
907 832 66 20 sträck

158 860 79 25 ningen
253 860 180 21 Joensuu-Vaala.
460 861 60 20 Hvad
537 861 36 21 det
587 861 140 26 vidkommer,
744 863 32 18 att
792 860 69 21 denna
877 860 56 20 bana
943 860 30 20 ick

158 888 70 21 skulle
252 888 73 21 kunna
347 889 105 24 förordas,
475 889 89 21 emedan
587 890 26 20 de
631 890 79 24 städer,
727 889 32 21 till
774 889 73 21 hvilka
863 889 41 21 den
919 889 55 20 kund

157 919 113 25 utmynna,
294 919 37 19 äro
352 917 34 21 för
402 924 70 20 svaga,
488 918 22 20 sä
526 918 68 21 måste
608 918 37 26 jag
659 918 33 21 för
708 918 43 20 min
767 918 34 20 del
817 917 58 21 hålla
890 917 51 26 före,
958 922 16 16 a

159 946 36 20 det
211 946 48 20 icke
275 947 24 19 är
315 946 61 20 dessa
397 946 82 21 städers
495 946 72 21 lokala
582 947 111 23 intressen,
708 952 46 15 som
770 946 126 21 förestafvat
911 946 36 20 det
962 952 12 14 n

157 974 166 26 ifrägavarande
346 975 193 26 önskningsmälet;
563 975 54 21 allra
632 976 64 20 minst
712 975 41 21 kan
770 981 25 15 en
811 974 66 22 sädan
894 980 79 20 suppos

158 1002 45 21 tion
219 1002 163 28 ifrägakomma,
398 1003 27 21 dä
440 1004 36 20 det
490 1003 68 27 gäller
574 1010 25 14 en
615 1004 66 20 sädan
698 1005 34 19 ort
748 1010 45 14 som
808 1003 82 26 Kaskö,
906 1003 69 21 hvilke

158 1031 7 21 i
176 1031 137 21 ekonomiskt
327 1032 99 21 afseende
442 1034 24 19 är
482 1032 23 21 sä
520 1034 78 25 ytterst
613 1038 57 21 svag,
687 1034 33 19 att
735 1032 48 21 dess
798 1032 91 20 intresse
905 1032 46 20 icke
964 1038 11 20 p

159 1059 67 27 nägot
249 1062 44 19 sätt
316 1060 41 21 kan
380 1061 87 21 inverka
485 1067 50 15 vare
551 1061 32 27 sig
594 1060 33 22 för
643 1061 53 21 eller
712 1063 57 19 emot
784 1060 34 21 vid
834 1060 140 27 banprojekte

159 1090 53 19 utan
236 1095 43 21 nog
294 1095 50 15 vore
360 1089 36 21 det
410 1089 34 21 väl
460 1089 149 27 förnämligast
625 1090 24 20 de
665 1089 49 21 rika
729 1089 39 21 och
784 1089 133 27 välbebygda
932 1088 44 21 socl

159 1123 46 20 nar,
221 1123 47 15 som
283 1118 71 20 banan
370 1118 67 20 skulle
452 1118 110 26 genomgå,
579 1118 72 20 hvilka
673 1118 38 21 det
732 1118 39 20 här
786 1119 96 19 närmast
897 1124 50 13 vore
960 1124 17 13 a

160 1145 123 26 tillgodose.
309 1145 39 22 Om
364 1146 90 21 Ständet
469 1147 49 20 ville
533 1147 74 20 förena
623 1147 31 26 sig
670 1153 35 14 om
721 1153 25 14 en
762 1146 64 25 kläm,
843 1145 24 22 sä
883 1145 94 22 beskaffa

159 1179 46 15 som
219 1174 38 26 jag
273 1174 115 27 föreslagit,
405 1174 23 21 så
443 1181 50 15 vore
508 1175 37 21 det
559 1175 24 26 ju
598 1175 33 20 för
647 1175 65 26 öfrigt
727 1175 46 20 icke
789 1175 104 20 uteslutet
908 1176 32 19 att
956 1174 21 21 be

159 1208 42 15 nan
217 1202 72 22 kunde
305 1203 65 21 blifva
386 1203 55 21 huru
456 1203 59 26 billig
531 1210 45 15 som
592 1203 61 25 helst,
670 1205 15 19 t.
702 1209 32 15 ex.
750 1203 78 24 25,000
844 1203 60 20 mark
916 1203 58 26 per
960 1198 17 36 k

158 1230 98 21 lometer.
287 1231 41 27 Jag
350 1231 121 22 föreställer
493 1232 43 27 mig
558 1232 74 26 tillika,
657 1233 33 20 att
706 1232 40 21 den
762 1231 139 22 ekonomiska
916 1231 62 21 under

159 1259 98 27 sökning,
281 1266 45 15 som
349 1260 37 27 jag
406 1261 117 26 föreslagit,
547 1261 65 20 också
633 1260 69 21 skulle
718 1260 27 27 gå
760 1262 24 19 ut
799 1260 28 27 på
839 1261 33 20 att
887 1260 83 24 utreda,

159 1287 88 22 hvilken
271 1288 49 21 mån
341 1289 26 20 de
383 1289 79 26 bygder
479 1289 69 21 banan
565 1289 67 21 skulle
647 1289 113 26 genomgå,
775 1291 37 18 äro
829 1289 71 26 villiga
916 1290 31 19 att
963 1288 13 21 b

159 1316 68 27 draga
242 1317 34 21 till
291 1317 265 27 anläggningskostnaden.

229 1374 33 20 Hr
285 1375 84 20 Albin
389 1374 196 27 Wasastjerna
608 1374 147 21 understödde
777 1374 59 21 Frih.
861 1379 40 15 von
920 1373 59 21 Wille

159 1402 81 21 brands
256 1403 88 26 förslag.

229 1459 33 21 Hr
277 1460 24 20 L.
317 1459 184 27 Gripenberg:
525 1459 33 21 Då
573 1459 54 21 Frih.
641 1466 41 14 von
693 1458 145 22 Willebrands
850 1458 82 27 förslag
943 1464 38 15 vun

156 1487 33 21 nit
211 1488 126 25 understöd,
360 1488 62 21 utber
443 1488 35 27 jag
494 1488 43 26 mig
552 1488 48 21 med
615 1487 67 27 några
699 1488 38 20 ord
753 1488 20 20 få
789 1487 74 27 belysa
879 1488 26 20 de
922 1487 59 21 motiv
