1025 1686
177 95 42 21 88v
437 99 24 17 R.
474 104 17 12 0.
505 100 21 16 A.
541 99 53 17 1891.
619 99 12 16 9

644 99 19 37 ja

665 99 27 20 ai.

218 182 75 20 vinner
316 181 40 26 nej,
381 180 39 21 har
443 179 24 21 R.
484 185 17 15 o.
519 180 24 19 A.
561 171 93 29 beslutat
669 180 33 19 att
725 178 69 21 lemna
810 178 114 21 utskottets
940 177 41 21 för-

148 210 46 27 slag
209 213 52 18 utan
278 209 98 22 afseende
392 209 38 21 och
446 210 32 19 att
493 207 68 22 tillika
582 207 49 26 höja
647 207 40 21 den
704 207 22 20 af
739 207 105 21 utskottet
861 205 120 22 beräknade

148 244 98 16 summan
262 238 33 21 för
311 237 91 22 militära
417 237 85 26 utgifter
519 236 48 21 med
583 236 92 25 270,000
692 235 69 26 mark;

218 294 86 21 hvilken
327 293 131 27 proposition
481 292 33 22 vid
538 292 72 22 derom
633 292 92 22 anställd
742 292 96 26 votering
854 291 126 21 besvarades

151 323 50 22 med
215 324 28 20 42
257 323 24 26 ja
296 322 39 22 och
351 323 12 20 6
380 322 40 26 nej.

219 380 41 22 2:0.
290 380 54 25 Den,
360 385 46 15 som
422 379 125 26 godkänner
563 378 115 21 utskottets
695 378 57 20 kläm
768 378 26 26 pä
810 384 47 20 pag.
874 379 12 19 4
898 376 83 22 oförän-

149 408 60 26 drad,
225 410 72 19 röstar
307 408 31 26 ja;

219 465 74 21 vinner
317 465 41 26 nej,
374 464 38 22 har
427 464 23 21 R.
468 470 18 15 o.
504 464 25 21 A.
545 464 94 21 beslutat
655 463 89 21 omfatta
760 463 36 21 det
812 463 21 21 af
847 462 32 22 Hr
894 462 25 22 K.
936 462 45 21 An-

150 494 37 22 tell
204 494 39 21 och
259 494 59 22 Frih.
333 500 40 14 von
389 493 57 21 Born
462 492 133 22 framställda
610 492 107 26 förslaget.

222 551 33 21 Då
280 550 33 21 vid
337 556 34 15 om
395 550 68 21 denna
484 550 132 26 proposition
639 549 91 21 anställd
753 549 69 21 sluten
846 548 95 27 votering
956 550 23 19 rö

150 582 73 19 sterna
246 579 77 21 utföllo
347 579 48 20 med
418 579 25 20 27
458 579 22 26 ja
496 578 41 21 och
554 578 25 21 23
597 578 38 26 nej,
652 577 55 22 hade
723 577 24 21 R.
763 584 12 14 o.
799 577 25 21 A.
840 577 92 21 beslutat
948 579 31 19 att

150 608 141 21 oförändradt
305 607 113 26 godkänna
434 607 115 21 utskottets
566 606 83 27 förslag.

218 659 75 32 Öfriga
317 664 58 21 delar
399 663 20 22 af
433 663 145 22 betänkandet
594 663 123 22 föranledde
732 663 46 22 icke
794 664 65 26 något
875 663 104 26 menings-

149 693 82 27 utbyte,
247 695 52 19 utan
315 692 69 22 blefvo
400 692 22 21 af
436 692 89 21 Ständet
540 695 51 18 utan
607 692 139 27 anmärkning
762 692 117 27 godkända.

289 863 146 29 Verkställighet
449 864 5 22 i
470 863 75 23 Finland
561 863 20 23 af
596 864 45 28 rysk
657 863 93 23 domstols
766 863 70 28 utslag.

217 921 121 27 Föredrogs

217 978 163 26 Lagutskottets
403 978 117 26 bordlagda
541 978 134 21 betänkande
698 978 40 21 N:o
765 978 25 20 14
806 978 6 20 i
828 977 114 27 anledning
958 976 23 22 af

148 1007 48 21 nåd.
213 1013 62 20 prop.
291 1006 39 22 N:o
347 1008 23 19 21
389 1006 108 27 angående
513 1006 160 27 verkställighet
689 1006 6 21 i
711 1006 91 22 Finland
818 1006 21 21 af
854 1006 102 21 domstols
972 1004 6 22 i

148 1035 163 27 Kejsaredömet
327 1035 49 21 dom
392 1036 6 20 i
414 1035 111 21 tvistemål.

217 1092 31 22 På
264 1092 93 27 begäran
373 1092 107 22 lemnades
496 1093 61 21 ordet
573 1094 22 20 åt

217 1148 58 21 Frih.
299 1149 24 20 R.
348 1149 24 21 A.
388 1149 102 25 Wrede,
515 1155 45 15 som
577 1149 92 27 yttrade:
702 1149 40 26 Jag
764 1148 70 22 anhöll
860 1155 32 14 om
919 1148 60 21 ordet

146 1177 47 21 icke
212 1177 32 20 för
271 1179 32 19 att
322 1177 68 22 uttala
406 1177 42 27 mig
464 1184 32 15 om
513 1177 116 22 inunehället
645 1178 21 21 af
681 1178 60 21 detta
756 1177 119 26 lagförslag,
892 1177 87 21 hvarom

144 1205 38 27 jag
205 1205 39 22 har
264 1206 45 21 haft
328 1206 82 21 tillfälle
426 1208 31 19 att
473 1207 5 20 i
494 1207 105 20 utskottet
614 1209 57 24 yttra
688 1206 42 26 mig
746 1205 38 22 och
797 1205 78 28 jemväl
891 1206 89 25 bidraga

146 1233 33 22 till
203 1234 118 21 utskottets
341 1234 110 27 affattning
474 1235 21 21 af
513 1235 123 25 detsamma,
658 1237 51 19 utan
725 1234 33 21 för
772 1237 33 18 att
820 1234 6 21 i
842 1235 86 20 korthet
944 1234 36 21 be-

146 1264 50 19 röra
212 1269 26 14 en
255 1263 163 26 omständighet,
435 1269 44 15 som
502 1263 66 26 ligger
584 1264 27 26 pä
626 1263 61 22 sidan
704 1270 33 14 om
754 1263 58 21 detta
829 1263 150 26 lagstiftnings-

146 1291 91 21 ärendes
253 1291 185 27 grundlagsenliga
462 1291 134 27 behandling,
613 1292 38 21 och
668 1291 85 22 hvilken
769 1293 6 19 i
790 1291 137 27 förbigående
943 1291 38 21 be-

146 1321 57 20 rörts
227 1319 5 21 i
257 1320 116 21 utskottets
393 1320 140 21 betänkande.
565 1321 42 20 Det
625 1323 61 24 säges
706 1320 105 27 nämligen
833 1321 28 26 pä
878 1321 9 20 1
905 1319 38 22 sid.
960 1319 23 22 af

146 1348 119 21 utskottets
288 1348 140 27 betänkande,
448 1351 32 19 att
498 1355 25 14 ur
545 1349 25 20 de
591 1349 105 21 utskottet
717 1349 182 21 tillhandakomna
914 1348 65 21 hand-

147 1376 97 26 lingarna
260 1377 101 26 framgätt
376 1379 32 19 att
424 1377 40 22 den
480 1377 30 21 till
534 1377 129 22 Ständernas
680 1377 97 27 pröfning
793 1383 27 15 nu
836 1377 144 26 föreliggande

146 1405 163 26 propositionen
324 1405 68 21 blifvit
408 1405 88 21 affattad
511 1406 6 20 i
534 1405 218 22 öfverensstämmelse
768 1405 47 22 med
834 1405 147 22 Justitiemini-

145 1435 70 19 sterns
231 1433 6 21 i
249 1433 163 26 Kejsaredömet
427 1434 116 21 utlätande.
575 1434 38 20 Att
629 1434 59 21 Hans
704 1434 99 26 Majestät
824 1434 33 21 vid
873 1434 26 21 de
909 1434 72 22 beslut

146 1461 49 21 Han
212 1461 65 22 fattar
293 1468 34 15 om
343 1462 119 27 lagförslag,
478 1469 45 15 som
541 1462 60 22 skola
616 1462 102 22 Finlands
733 1463 91 21 Ständer
839 1462 118 28 föreläggas
973 1462 7 21 i

148 1490 99 21 afseende
265 1491 12 21 &
301 1490 129 22 Ständernas
445 1490 187 28 grundlagsenliga
647 1491 129 22 medverkan
792 1491 35 21 vid
843 1492 61 21 deras
920 1494 59 19 anta-
