1025 1686
331 94 24 16 R.
368 98 17 12 o.
398 93 22 16 A.
434 93 54 17 1891.
512 94 14 15 4
537 93 49 21 Maj.
801 89 39 20 741

45 173 83 21 seende.
160 173 61 20 Hvad
237 172 47 21 äter
299 172 101 21 beträffar
416 173 26 20 de
457 173 133 26 principiella
613 173 107 26 frägorna,
742 179 34 14 om
800 173 72 21 hvilka

45 201 39 21 här
100 202 65 21 redan
181 207 26 15 en
223 201 35 21 del
273 201 68 21 talare
356 203 68 24 yttrat
440 201 37 27 sig,
502 201 23 21 sä
541 202 36 20 vill
598 201 36 27 jag
657 201 53 21 först
734 201 38 21 och
794 201 77 22 främst

45 231 48 20 med
109 229 99 22 afseende
224 229 13 21 å
253 229 40 21 den
308 229 82 27 frågan,
413 229 106 22 huruvida
534 229 103 22 Senatens
653 229 218 26 Ekonomiedeparte-

44 260 59 19 ment
118 258 67 21 borde
200 258 36 20 vid
252 258 138 21 meddelande
406 258 22 21 af
442 258 99 21 tillständ
557 258 33 21 för
605 259 123 20 inrättande
738 258 23 21 af
775 259 96 25 magasin

44 286 22 21 fä
81 286 73 21 utöfva
169 286 70 26 nägon
255 292 70 14 annan
341 285 156 27 pröfningsrätt
512 288 28 19 än
556 286 48 21 med
620 286 100 21 afseende
736 286 73 26 derpä,
832 286 39 20 hu-

45 315 74 21 ruvida
134 314 103 26 förslaget
252 314 200 21 öfverensstämmer
472 315 49 21 med
543 315 35 26 lag
601 314 39 22 och
663 315 99 26 gällande
785 314 85 21 författ-

45 343 81 27 ningar,
155 344 86 20 ansluta
263 343 42 26 mig
327 343 33 20 till
382 343 118 21 utskottets
523 343 142 21 betänkande.
702 344 41 26 Jag
766 343 105 21 erkänner

45 378 71 20 gerna,
133 373 32 19 att
180 378 49 14 man
245 371 74 27 mäste,
335 371 28 21 dä
378 378 49 14 man
442 372 85 20 skrider
542 372 32 20 till
597 373 33 19 att
651 372 69 20 införa
742 372 6 20 i
770 372 38 20 vär
826 372 44 26 lag-

46 400 96 26 stiftning
158 402 31 18 ett
205 400 68 26 dylikt
288 400 90 25 institut,
395 406 44 15 som
456 400 38 21 der
508 400 59 21 förut
583 402 24 18 är
623 400 79 21 okändt
718 400 39 21 och
769 400 102 21 särskildt

47 428 64 22 också
127 429 47 20 med
190 428 99 21 afseende
305 428 12 21 å
333 428 40 21 den
396 429 60 26 ringa
479 428 126 26 affärsvana,
629 435 45 14 som
697 428 37 21 vär
755 428 116 21 allmänhet

46 459 56 19 ännu
118 457 32 21 till
166 459 45 19 stor
227 457 34 21 del
276 457 96 25 besitter,
388 463 52 15 vara
455 457 23 21 sä
494 457 98 27 försiktig
607 463 45 15 som
668 457 88 26 möjligt.
772 456 49 22 Men
834 457 38 26 jag

46 488 52 23 tror,
113 488 33 18 att
156 486 6 20 i
174 486 73 26 sjelfva
263 485 74 21 verket
348 491 25 15 en
384 485 24 21 sä
418 486 118 20 vidsträckt
551 485 160 27 pröfningsrätt,
727 492 44 14 som
787 486 6 20 i
804 484 68 22 första

46 514 157 21 reservationen
226 514 96 25 föresläs,
346 514 46 20 icke
415 520 50 15 vore
490 514 67 26 egnad
580 516 32 18 att
635 514 96 21 medföra
753 520 25 15 en
801 515 70 19 större

46 542 99 26 trygghet.
182 542 42 22 Det
239 542 42 21 kan
297 544 93 19 tvärtom
405 542 78 25 hända,
505 545 33 18 att
560 542 143 22 allmänheten
727 543 7 20 i
756 542 115 21 förlitande

46 571 27 26 pä
89 572 31 19 att
143 571 93 20 Senaten
251 570 54 21 skall
321 570 64 21 hafva
402 571 31 20 till
448 571 52 21 fullo
517 571 91 26 pröfvat,
630 571 104 20 huruvida
750 572 31 19 ett
804 569 68 27 dylikt

46 599 82 27 företag
143 599 7 21 i
166 600 31 20 ett
213 599 87 26 specielt
315 599 37 20 fall
368 599 100 26 erbjuder
483 599 116 26 tillräcklig
621 599 100 21 säkerhet
744 599 51 21 eller
818 598 53 25 icke,

47 628 54 20 skall
117 634 50 15 anse
183 627 71 21 denna
269 628 84 25 garanti
369 634 51 14 vara
435 628 116 26 tillräcklig
567 627 39 22 och
622 628 46 21 icke
689 627 48 27 sjelf
758 633 53 20 egna
830 626 42 21 frä-

46 662 41 21 gan
103 656 40 21 den
158 656 106 27 pröfning,
280 662 45 15 som
342 656 40 21 den
398 662 50 15 vore
463 657 6 20 i
485 656 66 21 behof
567 657 26 25 af,
613 656 39 21 och
667 656 35 26 jag
724 660 46 17 tror
793 655 79 25 derför,

46 686 33 19 att
94 691 48 14 man
158 685 47 20 med
222 685 99 20 afseende
337 685 13 20 å
365 691 26 14 en
408 685 105 20 önskvärd
530 685 99 26 trygghet
640 685 46 20 icke
698 684 72 21 vinner
781 684 92 27 mycket,

48 713 81 21 kanske
144 713 109 26 ingenting
268 713 40 21 alls
323 719 75 20 genom
415 715 32 19 att
463 713 130 21 öfverlemna
609 719 26 15 en
651 713 23 20 så
684 713 118 20 vidsträckt
814 711 59 28 pröf-

48 742 105 26 ningsrätt
168 741 23 22 åt
207 741 103 22 Senatens
325 741 275 27 Ekonomiedepartement.
631 741 61 21 Hvad
713 741 65 21 sedan
794 740 79 21 beträf-

48 769 33 21 far
96 769 74 28 frågan
187 777 33 14 om
237 770 138 21 förmånsrätt
390 770 22 21 åt
429 776 117 20 varuegare
562 770 33 21 för
611 770 23 21 af
648 770 78 21 honom
741 770 79 20 insatta
833 769 40 21 och

49 799 120 20 sedermera
185 799 94 21 skadade
295 799 53 20 eller
363 798 108 21 förstörda
486 805 69 18 varor,
572 799 23 20 så
611 801 24 18 är
648 799 36 26 jag
700 799 6 20 i
722 799 69 20 denna
813 797 61 26 fråga

48 827 129 26 fullkomligt
192 827 23 20 af
229 833 80 15 samma
325 827 55 26 åsigt
402 833 46 15 som
470 828 44 20 Hrr
536 827 106 21 Norrmén
665 827 39 21 och
726 827 148 25 Montgomery

50 855 39 21 och
106 861 61 15 anser
183 856 90 20 likasom
290 856 33 25 de,
339 857 33 19 att
387 862 26 14 en
429 855 66 21 sådan
511 857 44 25 tyst
569 855 141 21 förmånsrätt
725 855 67 20 skulle
808 854 66 21 verka

49 884 83 26 mycket
148 884 93 26 skadligt
256 886 55 19 samt
327 884 95 21 ansluter
438 884 42 26 mig
496 884 72 21 derför
583 884 6 20 i
605 884 60 21 detta
680 883 98 21 afseende
790 883 32 21 till
833 883 41 20 den

50 912 51 20 sista
116 913 164 20 reservationen.
311 912 9 21 I
335 912 62 26 fråga
413 918 33 15 om
467 913 26 20 de
517 912 95 21 enskilda
634 912 186 25 bestämningarna
842 911 32 21 uti

49 940 144 26 lagförslaget,
209 941 36 21 vill
258 940 37 27 jag
310 942 66 20 redan
391 941 39 20 här
445 941 35 20 vid
496 941 41 21 den
552 941 108 20 allmänna
676 940 145 21 diskussionen
837 946 37 14 an-

50 968 80 26 märka,
146 971 32 19 att
191 969 36 27 jag
243 969 33 21 för
291 969 42 21 min
350 969 33 21 del
399 969 45 21 icke
461 970 69 20 skulle
546 969 71 21 kunna
637 969 27 26 gå
687 969 21 20 in
730 968 27 27 på
778 968 40 20 den
840 968 35 20 be-

50 998 111 26 stämning,
179 1004 45 14 som
239 998 166 20 förekommer
398 993 16 35 i
427 998 25 20 19
476 998 12 26 $
512 999 7 19 i
539 998 152 23 betänkandet,
714 999 32 19 att
768 997 105 26 nämligen

50 1026 136 20 innehafvare
203 1026 22 21 af
238 1026 187 27 upplagsmagasin
441 1026 68 22 skulle
523 1033 45 20 ega,
584 1026 7 20 i
607 1026 101 20 händelse
719 1025 155 21 warrantinne-

50 1054 101 21 hafvaren
167 1056 24 19 är
207 1055 76 25 okänd,
301 1055 80 21 donera
402 1054 101 27 beloppet
526 1055 38 21 hos
587 1054 215 27 upplagsmagasinet.
832 1054 42 25 Jag

50 1082 68 21 måste
133 1083 7 20 i
155 1083 67 21 likhet
241 1083 48 21 med
311 1083 186 21 undertecknarne
519 1083 24 21 af
564 1084 40 20 den
625 1083 68 24 tredje
715 1082 159 21 reservationen

50 1111 88 26 påyrka,
162 1113 33 18 att
210 1111 67 21 sådan
291 1112 137 25 nedsättning
451 1112 48 20 utaf
520 1111 181 21 warrantfordran
724 1110 60 21 alltid
807 1110 67 20 borde

50 1139 37 20 ske
103 1139 6 20 i
125 1139 181 26 bankinrättning.
337 1139 105 26 Slutligen
457 1140 39 21 ber
517 1140 37 26 jag
578 1139 64 21 också
665 1139 21 21 få
708 1139 65 21 redan
794 1144 28 14 nu
838 1144 35 14 an-

49 1167 81 26 märka,
147 1170 32 19 att
195 1168 36 21 det
245 1167 289 22 mortifikationsförfarande
545 1168 48 21 med
605 1168 98 21 afseende
720 1167 12 21 å
742 1167 133 21 förkommen

50 1198 101 23 warrant,
166 1196 34 21 för
215 1197 80 20 hvilket
312 1197 132 26 bestämning
460 1197 109 20 meddelas
584 1197 7 20 i
607 1198 23 19 31
654 1196 11 27 &
688 1196 23 20 af
731 1195 144 26 lagförslaget,

50 1230 62 21 synes
127 1225 42 25 mig
184 1225 47 21 icke
247 1225 39 21 alls
301 1231 52 14 vara
368 1225 205 25 tillfredsställande,
589 1225 39 21 och
643 1225 39 20 ber
695 1225 42 26 jag,
754 1225 32 20 att
798 1223 26 21 då
840 1223 35 20 de-

50 1253 197 27 taljgranskningen
263 1253 76 21 hunnit
354 1253 24 21 så
393 1253 65 26 långt,
475 1253 21 22 få
512 1255 99 19 närmare
632 1253 84 26 angifva
736 1253 26 20 de
778 1251 99 22 anmärk-

50 1281 76 26 ningar
140 1281 37 27 jag
193 1281 39 21 har
247 1282 97 21 deremot
358 1284 32 19 att
405 1284 59 24 göra.
495 1282 93 21 Dermed
611 1281 178 26 sammanhänger
812 1279 65 22 också

51 1315 26 15 en
93 1309 23 21 af
130 1310 24 21 de
170 1310 171 27 anmärkningar,
366 1316 45 15 som
434 1310 86 27 gjordes
543 1311 23 20 af
586 1310 58 21 Frih.
661 1309 163 26 Langenskiöld,
840 1308 37 21 be-

51 1338 79 21 roende
144 1339 44 26 just
203 1338 28 26 på
247 1339 78 21 brister
340 1339 7 20 i
363 1339 147 26 stadgandena
531 1339 7 20 i
561 1339 69 20 denna
645 1339 24 20 31
688 1338 21 27 &.
738 1338 41 25 Jag
794 1336 83 21 förstod

51 1366 33 21 för
100 1366 64 27 öfrigt
179 1367 46 21 icke
241 1369 50 24 rätt,
307 1373 34 15 om
358 1367 36 21 det
413 1373 37 15 var
472 1367 59 21 Frih.
547 1367 169 26 Langenskiölds
738 1365 84 26 mening
844 1366 33 19 att

50 1395 25 20 R.
94 1401 18 14 o.
133 1396 25 20 A.
181 1395 73 25 borde,
277 1397 51 19 utan
350 1397 33 19 att
405 1395 49 27 ingå
469 1396 7 20 i
493 1395 203 27 detaljgranskning,
720 1394 157 21 återremittera

52 1423 60 20 detta
128 1423 121 27 lagförslag.
279 1423 43 21 För
338 1424 42 20 min
396 1424 34 20 del
446 1424 75 26 tycker
534 1424 37 26 jag
586 1424 36 20 det
635 1429 49 15 vore
708 1422 71 21 bättre
794 1423 33 19 att
841 1427 36 21 ge-

52 1451 77 26 nomgä
145 1451 102 27 förslaget
262 1452 133 26 paragrafvis
411 1452 40 21 och
466 1452 159 21 äterremittera
641 1452 35 20 det
688 1451 75 21 endast
778 1451 6 20 i
800 1450 26 20 de
842 1450 36 20 de-

52 1479 38 25 lar,
108 1481 5 19 i
130 1480 69 20 hvilka
217 1480 90 21 Ständet
322 1480 142 26 tilläfventyrs
479 1481 42 20 kan
538 1480 56 21 finna
610 1480 118 21 detsamma
748 1485 52 15 vara
815 1478 63 21 brist-
