1025 1686
181 93 41 20 716
437 97 23 17 R.
474 102 17 12 o.
504 98 22 16 A.
541 98 54 17 1891.
620 98 13 16 2
645 97 48 21 Maj.

154 177 53 21 eller
221 176 175 22 föreständarnes
412 177 121 26 personliga
549 176 171 27 gvalifikationer
728 175 66 22 finnes
805 176 72 25 likväl,
888 175 95 21 hvarken

153 206 7 21 i
176 205 153 26 förordningen
354 205 73 21 eller
419 199 12 36 i
444 205 36 21 det
501 205 161 26 propositionen
685 204 117 27 ätföljande
824 205 103 26 förslaget
949 203 34 21 till

154 233 137 27 kungörelse,
315 233 46 22 icke
376 233 101 27 stadgadt
499 233 123 27 nägonting,
645 233 71 22 säsom
740 233 64 21 ocksä
826 233 104 26 naturligt
953 233 30 20 är.

154 262 84 21 Endast
253 262 8 21 i
277 262 141 26 kungörelsen
434 261 116 22 innehälles
567 264 31 19 ett
613 261 76 22 sädant
706 261 117 26 stadgande
840 263 32 19 att
887 260 96 21 ansökan

154 296 35 15 om
205 290 95 21 tillstånd
317 291 33 20 att
360 290 81 20 inrätta
456 290 95 26 magasin
561 290 39 21 bör
609 290 85 26 åtföljas
706 290 22 20 af
737 289 89 27 uppgift,
840 289 28 27 pä
879 289 46 26 den,
937 294 46 16 som

153 318 40 22 bör
210 324 93 15 ansvara
317 318 34 21 för
366 318 129 22 detsammas
510 318 149 22 förbindelser.
690 318 40 21 Om
746 324 29 14 nu
790 324 26 15 en
839 318 66 21 sådan
921 319 62 19 ansö-

152 347 50 25 kan,
219 353 46 15 som
281 347 103 21 inlemnas
399 347 32 21 till
447 347 139 26 Regeringen,
603 346 119 22 innehäller
737 346 26 21 de
779 346 140 26 erforderliga
930 351 54 21 upp-

152 375 100 27 gifterna,
269 375 39 21 och
324 375 37 21 det
384 376 120 20 inlemnade
525 375 104 27 förslaget
650 376 33 20 till
705 376 128 26 reglemente
854 375 67 26 jemnt
944 373 40 22 och

154 405 48 19 nätt
218 403 202 22 öfverensstämmer
435 404 47 21 med
498 404 35 26 lag
557 404 39 21 och
619 404 133 26 författning,
776 403 24 21 sä
814 409 51 15 vore
884 402 99 25 Senaten,

153 438 46 14 som
215 432 40 20 har
271 433 33 20 att
319 432 99 21 meddela
433 432 133 26 koncession,
590 433 65 26 enligt
670 432 103 26 förslaget
796 434 93 24 tvungen
905 433 33 19 att
953 430 30 22 bi-

153 460 53 20 falla
222 460 96 21 ansökan
339 467 34 14 om
396 461 126 21 koncession
543 463 53 19 utan
617 461 100 21 afseende
741 460 51 21 derä
815 462 33 19 att
863 462 16 19 t.
895 466 30 15 ex.
944 460 40 20 den

153 494 85 21 person,
255 495 46 14 som
317 489 55 21 skall
388 488 79 22 förestä
484 490 145 25 inrättningen
645 489 39 21 och
701 495 91 15 ansvara
814 488 33 22 för
871 488 47 21 dess
941 488 43 21 för-

154 517 116 25 bindelser,
279 517 107 21 mähända
400 518 47 20 icke
463 518 100 26 erbjuder
579 518 26 20 de
621 517 140 27 erforderliga
776 517 116 21 moraliska
907 522 78 21 garan-

154 545 76 21 tierna.
261 545 113 21 Utskottet
390 548 24 18 är
432 546 89 21 härmed
544 546 91 21 tillfreds
658 546 40 21 och
722 552 63 14 anser
805 547 32 19 att
860 545 125 26 tillräckligt

155 573 112 21 korrektiv
283 575 44 19 mot
343 574 26 21 de
384 573 207 27 missförhållanden,
607 580 45 15 som
668 574 74 21 kunna
765 574 92 27 härflyta
872 573 23 21 af
915 573 70 21 denna

155 602 166 26 omständighet,
337 602 67 27 ligger
419 603 5 20 i
442 603 39 20 den
497 603 103 26 förmäga,
617 609 44 14 som
677 603 145 20 allmänheten
837 603 40 20 har
889 603 33 20 att
937 601 50 27 sjelf

154 629 77 27 pröfva
247 630 27 21 de
289 631 122 26 personliga
427 631 204 26 gvalifikationerna,
654 631 82 20 hvilket
759 631 107 20 utskottet
889 631 97 20 deremot

155 664 64 15 anser
236 658 59 21 svårt
308 659 23 26 ja
347 660 13 19 t.
378 665 18 15 o.
412 665 27 14 m.
456 659 96 27 omöjligt
567 659 34 21 för
616 659 133 27 Regeringen
764 661 33 19 att
807 661 58 24 göra.
887 654 14 37 I
921 659 64 20 förbi-

154 686 83 27 gäende
253 687 68 21 mäste
335 687 37 26 jag
387 688 103 21 anmärka
504 689 33 20 att
553 688 40 21 den
609 688 38 21 der
663 687 144 22 allmänheten
826 689 24 19 är
873 693 25 14 en
923 687 63 26 högst

155 715 140 26 märkvärdig
316 715 119 22 företeelse.
467 716 149 21 Allmänheten
641 716 81 21 förstär
744 716 82 27 allting,
847 716 43 21 kan
911 716 76 26 allting

156 743 41 21 och
212 745 35 20 vet
264 744 80 26 allting.
370 744 39 21 Om
425 751 49 14 man
490 751 28 14 nu
535 746 48 20 med
599 745 144 21 allmänheten
758 744 79 22 förstär
852 751 98 14 summan
966 744 23 21 af

156 771 43 22 alla
214 772 125 21 samhällets
356 773 146 26 medborgare,
519 773 39 21 och
573 773 192 26 medborgarinnor
780 773 56 26 med,
859 773 88 24 förstäs,
963 773 24 20 sä

156 800 37 21 vill
208 800 37 27 jag
261 801 53 20 visst
329 801 45 21 icke
390 801 109 26 disputera
514 802 48 21 med
579 802 40 21 den
635 802 108 21 allmänna
766 801 112 27 meningen
899 808 33 14 om
949 801 38 21 all-

156 829 128 20 mänhetens
300 829 42 20 alla
357 829 186 27 fullkomligheter,
559 837 48 14 men
622 831 7 19 i
645 831 60 19 detta
720 830 36 20 fall
774 832 24 18 är
808 830 36 20 det
852 830 24 26 ju
886 830 46 20 icke
949 829 38 21 all-

156 857 116 21 mänheten
287 857 7 21 i
310 857 69 21 denna
394 858 133 21 bemärkelse
543 865 45 14 som
604 860 39 25 gör
658 859 85 25 affärer,
766 860 51 18 utan
834 858 26 21 de
884 858 102 25 enskilde,

156 885 40 21 och
212 886 47 20 icke
275 885 56 21 blott
347 886 86 26 sädana,
450 892 45 15 som
517 888 39 19 äro
579 887 49 21 fullt
643 887 169 26 affärskunniga,
834 886 39 22 och
897 886 90 27 klyftiga

156 919 43 21 nog
214 916 33 18 att
263 914 72 20 kunna
351 914 91 21 bedöma
457 915 25 20 de
502 916 123 25 personliga
647 915 200 27 gvalifikationerna
870 915 39 21 hos
932 916 55 24 dem,

156 942 49 20 med
222 942 73 20 hvilka
310 942 25 21 de
356 942 43 21 ofta
415 949 41 20 nog
471 945 37 19 äro
524 946 95 24 tvungna
634 946 33 19 att
682 943 68 22 inläta
766 944 31 26 sig
812 944 7 20 i
835 944 83 24 affärer,
935 945 53 19 utan

156 970 67 21 ocksä
238 970 78 27 mänga
331 970 81 22 sädana
427 972 96 20 enskilda
539 978 107 20 personer,
663 978 45 15 som
725 972 47 21 icke
787 972 79 21 besitta
881 974 32 18 ett
921 972 66 26 grand

156 998 25 20 af
194 999 40 20 den
251 1001 60 19 stora
327 999 187 27 affärskunnighet,
524 1007 46 15 som
587 1001 144 21 allmänheten
748 1001 113 20 kollektivt
875 1002 60 25 taget
945 1001 43 20 kan

156 1026 112 22 berömma
291 1028 31 26 sig
345 1028 26 20 af.
402 1028 44 21 Och
468 1029 36 20 det
527 1031 24 19 är
570 1030 33 20 för
618 1030 69 20 denna
702 1029 98 26 kategori
816 1029 22 21 af
849 1029 78 21 affärer
937 1029 51 21 drif-

156 1056 69 20 vande
249 1056 148 26 medborgare,
421 1063 44 15 som
486 1058 37 20 det
539 1058 42 20 kan
597 1064 51 14 vara
663 1058 80 26 nyttigt
758 1059 32 19 att
806 1058 6 20 i
827 1057 161 27 lagstiftningen

157 1084 72 20 införa
243 1085 57 20 vissa
315 1084 167 28 begränsningar
496 1086 27 26 pä
539 1087 40 20 den
596 1086 140 21 ekonomiska
751 1086 174 21 verksamhetens
945 1092 43 15 om-

156 1112 53 21 räde
232 1113 40 20 och
288 1113 128 20 föreskrifva
431 1114 56 20 vissa
502 1115 114 25 garantier,
633 1115 82 20 hvilket
731 1114 65 26 enligt
812 1115 42 20 min
871 1114 55 27 äsigt
941 1114 46 21 icke

156 1142 25 19 är
196 1140 76 27 riktigt
289 1142 32 19 att
337 1142 91 26 stämpla
444 1142 69 21 säsom
530 1143 186 26 förmynderskap.
746 1142 72 21 Skulle
835 1143 36 20 det
887 1149 28 14 nu
930 1143 59 26 gälla

156 1170 34 19 att
213 1169 60 20 stifta
296 1175 25 15 en
343 1170 34 26 lag
399 1170 33 21 för
453 1171 55 20 blott
531 1171 134 26 Helsingfors
689 1171 40 21 och
746 1171 66 21 andra
827 1171 87 21 relativt
929 1173 60 19 stora

156 1197 174 26 handelsplatser
346 1198 6 21 i
367 1199 79 24 landet,
462 1199 24 21 sä
502 1199 68 21 skulle
587 1200 64 21 saken
668 1201 22 20 te
706 1200 32 25 sig
752 1199 82 26 ganska
846 1200 141 21 annorlunda.

156 1226 42 26 Jag
213 1227 47 19 tror
275 1232 66 20 gerna
356 1228 32 19 att
403 1227 27 26 pä
446 1227 79 21 sädana
541 1230 60 19 stora
616 1230 58 19 orter
690 1228 77 21 endast
782 1228 68 21 solida
867 1229 39 20 och
922 1228 67 26 enligt

158 1255 69 20 sunda
248 1254 172 27 affärsprinciper
442 1256 63 21 ledda
527 1257 193 26 magasinsföretag
741 1257 72 20 kunna
835 1257 78 26 uppstä
937 1256 52 21 eller

158 1282 130 21 åtminstone
304 1283 86 20 komma
405 1285 32 20 att
452 1284 83 26 uppstå,
553 1285 107 20 äfvensom
678 1287 34 18 att
727 1285 62 20 dessa
810 1286 69 20 orters
895 1285 94 21 sakkun-

157 1311 51 26 niga
223 1311 161 26 köpmannakär
393 1313 23 20 är
424 1312 125 27 kompetent
559 1315 32 19 att
607 1313 92 21 bedöma
714 1313 48 21 dem
776 1313 51 22 eller
839 1313 47 26 den,
902 1314 8 20 i
925 1313 64 21 hvars

157 1339 58 21 hand
231 1339 27 20 de
274 1339 85 21 komma
374 1342 32 19 att
422 1341 95 20 anförtro
534 1341 47 21 sina
596 1347 63 15 varor
676 1341 40 21 och
732 1342 124 26 penningar,
872 1348 49 15 men
936 1342 5 20 j
959 1341 30 21 af-

157 1367 76 26 lägsna
248 1367 122 22 landsorter
385 1368 39 21 och
440 1369 120 22 smästäder
576 1371 24 19 är
615 1369 145 22 förhällandet
776 1372 71 23 annat,
865 1370 39 21 och
927 1370 62 21 äfven

158 1395 39 21 der
221 1395 74 21 kunna
317 1396 107 20 allmänna
446 1398 186 26 upplagsmagasin
653 1399 89 20 komma
766 1401 32 18 att
822 1398 77 27 uppstä
922 1401 15 18 t.
957 1405 32 14 ex.

158 1424 33 20 för
207 1424 119 25 spannmäl,
343 1424 73 22 afsedd
432 1425 32 21 för
480 1428 82 24 export,
579 1426 38 21 och
633 1426 89 21 hvarför
740 1426 47 21 icke
810 1426 65 22 ocksä
895 1426 34 22 för
951 1428 38 20 im-

158 1452 114 26 porteradt
287 1452 58 26 mjöl,
362 1453 39 21 och
416 1454 142 26 uppkomsten
574 1454 24 21 af
611 1454 81 22 sädana
708 1455 96 26 magasin
824 1455 44 26 just
889 1456 6 20 i
919 1455 70 21 lands-

158 1481 63 20 orten
237 1480 44 20 kan
297 1480 21 26 ju
334 1481 46 21 icke
396 1488 62 14 anses
473 1482 33 21 för
527 1484 66 20 annat
615 1484 27 20 än
665 1483 101 26 önskligt.
796 1483 50 21 Man
870 1484 65 20 tänke
958 1484 32 26 sig
