1025 1686
333 100 26 16 R.
372 104 17 12 o.
402 100 23 16 A.
440 99 53 16 1891.
517 99 13 16 2
542 99 48 21 Maj.
806 93 41 21 133

118 179 79 21 Vidare
213 178 55 21 hade
283 178 47 21 från
347 178 112 21 utskotten
474 178 113 21 inkommit
597 177 40 22 och
647 177 115 22 bordlades
773 178 32 21 till
816 179 62 20 nästa

47 208 93 26 plenum.

117 263 114 21 Allmänna
255 263 209 21 Besvärsutskottets
486 262 135 21 betänkande
644 262 39 21 N:o
701 263 26 20 19
743 263 6 20 i
764 263 115 25 anledning

49 292 23 21 af
86 293 32 20 ett
132 292 7 20 i
154 291 164 21 Presteståndet
339 290 119 22 inlemnadt
473 290 213 27 petitionsmemorial
701 296 33 16 om
750 290 129 26 statsanslag

48 321 34 21 till
97 320 124 21 utbildande
237 319 23 21 af
274 320 70 21 lärare
360 319 34 21 för
409 319 99 27 kyrkliga
523 319 195 26 småbarnsskolor;
735 320 55 20 samt

118 377 114 21 Allmänna
252 376 211 21 Besvärsutskottets
485 376 135 21 betänkande
643 375 39 22 N:o
702 376 26 21 18
744 376 7 20 i
766 376 113 26 anledning

49 406 23 20 af
93 405 106 21 särskilda
219 405 7 21 i
248 405 25 21 R.
297 411 18 15 o.
332 405 25 20 A.
374 406 56 20 samt
444 404 106 26 Borgare-
565 404 40 22 och
620 404 165 21 Bondeständen
800 404 79 27 ingifna

49 434 214 27 petitionsmemorial
278 433 92 21 rörande
386 433 139 21 anordnande
540 432 23 22 af
579 432 300 27 fortbildningsundervisning

49 462 36 21 vid
109 462 83 21 landets
208 462 124 24 folkskolor,
348 461 122 21 inrättande
490 461 23 21 af
527 461 147 21 landtmanna-
690 461 39 21 och
744 461 136 21 husmoders-

51 491 81 24 skolor,
148 492 56 19 samt
219 490 114 21 anvisande
349 490 23 20 af
386 490 70 21 medel
471 490 34 21 för
520 490 182 26 grundläggandet
717 489 39 21 och
767 489 113 21 underhäl-

50 519 73 21 landet
137 518 23 22 af
174 518 167 26 folkhögskolor.

281 665 111 28 Förenkling
406 665 20 23 af
441 665 210 28 rättegänysväsendet.

119 723 57 20 Frän
191 722 152 27 Lagutskottet
358 722 56 21 hade
429 722 71 26 ingätt
515 728 26 15 en
557 721 109 22 skrifvelse
681 722 48 21 med
740 721 98 21 anmälan
847 723 33 19 att

50 751 101 26 samtliga
174 750 65 21 Stånd
263 750 95 27 godkänt
374 751 163 26 Lagutskottets
553 750 134 21 betänkande
703 750 39 21 N:o
758 750 12 20 8
786 750 7 20 i
808 750 72 21 anled-

51 780 51 26 ning
117 779 22 22 af
154 781 32 19 ett
201 779 6 20 i
223 779 183 26 Borgareständet
421 779 64 20 väckt
501 779 180 26 petitionsförslag
696 778 95 26 angände
804 778 77 26 skynd-

53 808 84 21 samhet
162 807 40 22 och
223 807 102 22 enkelhet
346 808 6 20 i
369 807 267 26 rättegängsförfarandet;
652 807 81 20 hvilket
748 806 46 21 icke
809 806 71 21 föran-

51 836 62 21 ledde
129 836 32 20 till
179 835 82 27 ätgärd.

123 994 31 20 Hr
177 994 208 20 Landtmarskalken
401 993 143 26 tillkännagaf
558 993 98 26 slutligen
671 994 33 19 att
718 994 62 19 nästa
796 992 85 26 pleuum

53 1022 84 21 komme
160 1024 33 18 att
211 1022 69 21 hällas
295 1022 120 26 Mändagen
434 1022 41 20 den
492 1022 13 20 4
521 1022 77 20 dennes
611 1021 27 20 kl.
655 1022 12 19 6
683 1027 18 15 e.
717 1027 27 14 m.
760 1020 40 21 och
816 1020 65 26 derpä

53 1050 93 27 följande
164 1050 63 27 plena
250 1050 113 26 Onsdagen
385 1050 40 20 den
448 1050 12 20 6
485 1050 39 21 och
545 1050 112 26 Lördagen
674 1049 41 21 den
730 1051 12 19 9
758 1048 79 21 dennes
851 1048 29 20 kl.

55 1080 23 19 11
96 1078 14 22 f.
126 1085 27 15 m.

122 1209 89 21 Plenum
227 1209 117 21 afslutades
358 1208 29 21 kl.
404 1208 41 27 1/,2
462 1214 18 15 e.
497 1214 26 15 m.

639 1297 21 16 In
672 1296 60 17 fidem:

556 1331 59 21 Karl
631 1329 181 28 Standertskjöld.

125 1521 37 15 N:o
175 1524 26 15 23.
796 1514 21 16 47
