1025 1686
336 95 24 16 R.
374 99 16 11 o.
404 95 22 15 A.
440 94 51 16 1891.
517 93 12 16 6
542 94 48 20 Maj.
810 89 39 20 783

50 180 44 15 som
111 174 133 21 förekomma
259 175 6 20 i
282 175 58 20 detta
358 173 146 27 biblioth&gue
520 175 123 23 circulante,
659 176 36 19 äro
711 174 42 21 alla
768 175 23 19 af
800 176 80 19 största

50 203 70 20 värde.
151 203 130 26 Volymerna
305 205 36 18 äro
366 202 109 21 oafbrutet
488 202 27 27 pä
537 203 42 25 län,
601 203 109 20 fördelade
727 203 4 20 i
749 203 56 20 olika
821 203 59 20 delar

50 231 22 21 af
95 231 127 21 Frankrike.
253 231 74 21 Ehuru
352 231 58 20 detta
431 231 104 21 bibliotek
550 231 47 21 icke
613 233 56 19 ännu
685 232 55 20 varit
756 231 23 21 sä
795 232 61 25 länge
872 232 6 20 i

49 259 142 26 verksamhet,
208 260 39 20 har
263 260 36 21 det
315 260 55 21 dock
386 260 54 20 visat
456 260 38 26 sig,
512 266 33 14 om
561 266 49 15 man
626 259 33 22 får
675 262 33 19 tro
731 260 25 21 de
780 260 98 21 officiella

49 288 114 26 uppgifter,
180 294 45 15 som
241 288 125 25 meddelats,
384 294 50 14 vara
450 288 32 20 till
498 291 56 18 stort
569 294 55 20 gagn
640 288 33 20 för
696 288 78 26 landet,
798 288 38 21 och
855 290 24 18 är

50 316 149 22 belätenheten
217 317 85 21 dermed
327 316 84 27 mycket
434 319 52 18 stor.
517 317 56 20 Frän
601 316 23 21 är
649 317 52 21 1882
724 317 31 21 till
777 317 23 21 är
825 317 53 21 1886

50 345 54 21 hade
121 345 59 21 öfver
197 346 63 25 3,150
276 346 129 25 sändningar
420 345 70 26 afgått
505 345 47 21 från
574 346 59 21 detta
655 345 102 21 bibliotek
773 346 32 20 till
822 346 56 20 olika

50 374 60 21 delar
125 374 23 20 af
162 374 125 24 Frankrike,
304 374 39 21 och
360 374 26 20 dä
402 380 48 14 man
466 376 61 24 tager
541 374 7 20 i
564 374 150 24 betraktande,
730 376 32 18 att
778 375 100 20 sändnin-

50 408 66 20 garna
132 402 72 21 kunna
219 403 71 26 uppgä
305 402 56 21 ända
377 402 31 21 till
425 403 12 20 5
454 402 111 26 kilogram,
581 402 24 22 sä
620 403 68 20 finner
704 409 52 19 man,
774 405 31 19 att
819 404 59 20 detta

50 430 147 27 bibliothegue
213 431 115 21 circulante
352 432 55 20 varit
430 431 93 21 särdeles
547 432 96 20 anlitadt.
674 444 22 2 —
718 432 40 26 Jag
782 434 36 24 tog
836 432 42 26 mig

52 460 74 20 endast
142 460 92 21 friheten
249 463 32 18 att
296 460 56 21 fästa
367 460 216 26 uppmärksamheten
607 460 34 21 vid
664 460 62 21 dessa
748 460 131 26 omständig-

52 488 66 26 heter,
135 488 72 21 hvilka
220 489 23 26 ju
260 488 105 22 måhända
381 489 72 20 kunna
469 495 51 14 vara
542 489 23 21 af
586 489 69 27 någon
679 490 51 20 liten
753 489 126 26 vägledning

51 517 33 21 för
100 517 54 26 dem,
171 517 71 21 hvilka
258 518 38 20 sist
311 518 39 20 och
367 517 99 26 slutligen
478 518 86 20 komma
580 520 33 18 att
629 520 48 24 taga
694 518 55 20 hand
763 524 33 14 om
810 518 69 20 denna

52 546 6 19 i
74 546 48 20 mitt
137 546 62 26 tycke
215 546 94 20 särdeles
326 546 79 26 vigtiga
420 546 67 25 fråga.

122 603 30 20 Hr
168 603 24 20 A.
216 603 150 20 Mechelin:
393 602 31 21 Dä
444 603 38 25 jag
504 603 53 26 tagit
580 603 43 26 mig
646 602 90 21 friheten
753 606 31 17 att
802 603 77 26 begära

52 631 67 24 ordet,
136 631 23 20 sä
176 631 49 21 sker
241 631 36 21 det
293 632 32 20 för
341 635 39 22 att,
404 634 50 17 utan
474 635 32 17 att
527 631 75 20 anföra
625 631 94 26 exempel
743 631 45 20 frän
812 632 67 19 andra

52 660 78 24 länder,
147 662 58 24 yttra
221 660 42 27 mig
278 659 110 27 angående
404 659 139 22 anskaftande
559 660 22 20 af
601 659 91 27 behöflig
716 660 106 21 litteratur
846 660 33 20 för

51 688 179 21 folkskollärarne
247 689 6 20 i
269 689 47 20 värt
333 692 48 23 eget
396 689 56 20 land.
470 692 55 17 samt
542 689 132 20 beträffande
690 689 25 20 de
729 689 67 20 medel
811 688 68 21 Stats-

52 717 106 21 utskottet
174 724 27 13 nu
218 717 110 26 föreslagit
344 718 32 20 tili
392 718 133 20 ändamälets
546 717 112 21 vinnande.
689 717 42 21 För
754 717 35 21 det
812 717 67 21 första

52 748 46 19 tror
112 746 36 26 jag
164 746 96 21 utskottet
285 746 129 26 fullkomligt
435 746 73 26 riktigt
531 746 82 25 antydt,
636 749 33 17 att
692 746 61 21 dessa
777 746 102 21 bibliotek

52 775 66 20 borde
134 775 68 20 finnas
219 775 5 20 i
241 775 72 26 hvarje
329 775 107 24 kommun,
456 775 52 20 eller
524 774 114 26 möjligtvis
654 777 76 18 tvänne
754 775 125 20 kommuner

51 804 76 20 förena
142 804 31 26 sig
190 810 33 14 om
241 806 20 19 ett
286 806 132 24 gemensamt
434 803 122 21 bokförräd.
587 803 54 21 Sker
657 803 65 25 detta,
739 804 23 20 sä
777 803 102 21 fördubb-

52 833 30 19 las
99 833 61 19 äfven
177 832 25 20 de
218 833 111 20 moderata
345 833 81 25 anslag,
448 839 45 13 som
517 833 106 19 utskottet
646 832 37 20 här
708 832 109 26 föreslagit
840 832 38 20 och

53 860 27 21 dä
95 860 92 21 äterstär
204 862 75 20 endast
294 861 82 26 frägan,
393 861 105 20 huruvida
513 860 61 21 äfven
597 861 40 19 den
660 860 140 22 fördubblade
823 867 56 14 sum-

53 896 47 14 man
117 890 71 20 kunde
203 896 62 14 anses
281 889 65 27 nägot
362 889 23 21 sä
400 891 39 18 när
455 889 114 26 tiliräeklig
590 889 33 20 för
647 890 35 20 det
704 889 88 21 afsedda
814 890 65 20 ända-

52 918 71 20 målet.
154 917 112 22 Utskottet
281 918 90 21 föreslår
387 918 104 26 nämligen
515 920 33 18 att
571 918 87 26 uppköp
681 918 23 20 af
726 918 84 25 böcker,
834 924 45 15 som

52 952 62 15 anses
130 947 33 20 för
179 946 164 22 folkskollärare
360 946 38 21 och
416 946 119 21 lärarinnor
551 952 51 14 vara
626 946 110 27 behötlisa,
760 947 67 20 skulle
844 947 35 21 be-

52 975 71 21 kostas
140 976 48 20 med
205 976 61 20 dessa
281 976 81 26 anslag.
394 975 45 21 Den
456 976 116 22 litteratur,
594 982 49 13 man
665 975 88 21 sälunda
774 976 34 20 vill
824 982 55 14 sam-

51 1004 133 26 manbringa,
201 1007 46 18 tror
265 1004 32 26 jag
313 1004 46 21 icke
376 1004 100 20 behöfver
498 1004 65 20 blifva
585 1004 95 20 särdeles
697 1007 50 17 stor.
778 1004 60 21 Hvad
855 1006 24 18 är

51 1032 105 26 nämligen
173 1032 122 22 ändamålet
311 1033 48 21 med
375 1033 61 19 dessa
453 1032 165 26 boksamlingar.
650 1032 72 21 Gäller
745 1033 35 20 det
796 1036 32 18 att
844 1039 35 15 en-

51 1062 47 20 dast
114 1061 22 21 åt
151 1061 164 21 folkskollärare
331 1062 39 20 och
393 1061 126 25 lärarinnor,
543 1061 72 20 hvilka
636 1061 24 26 ju
683 1061 72 26 sjelfva
778 1067 38 20 ega
840 1062 39 20 och

50 1090 67 20 måste
134 1096 39 20 ega
189 1090 36 20 det
242 1090 122 24 bokförräd,
374 1096 44 14 som
435 1090 62 20 deras
514 1090 135 20 verksamhet
666 1090 70 20 direkt
746 1090 132 26 förutsätter,

50 1118 79 21 bereda
145 1118 84 21 tillfälle
246 1119 32 20 till
295 1119 69 26 nyttig
380 1118 88 25 läsning,
485 1118 27 26 pä
528 1118 35 20 det
580 1120 24 18 de
621 1118 34 21 mä
671 1118 70 21 kunna
756 1118 52 26 följa
830 1119 49 20 med

50 1147 31 20 sin
97 1147 37 23 tid,
151 1147 52 20 eller
219 1147 39 20 bör
274 1147 59 20 detta
349 1146 115 22 bokförräd
481 1153 51 14 vara
554 1147 128 26 tillgängligt
705 1146 33 21 för
761 1153 25 14 en
810 1149 69 18 större

49 1176 123 25 allmänhet,
189 1182 45 14 som
251 1176 94 20 önskade
362 1176 31 25 sig
409 1175 61 21 deraf
486 1175 112 26 begagna?
621 1175 40 21 Att
676 1175 48 21 med
740 1176 139 20 användande

50 1204 23 21 af
87 1204 134 27 betydligare
237 1211 94 14 summor
346 1205 80 20 inrätta
450 1206 58 18 stora
533 1204 104 20 bibliotek
659 1204 33 21 för
716 1204 163 21 folkskollärare

50 1233 38 21 och
103 1233 126 26 lärarinnor,
246 1236 45 17 tror
305 1233 37 26 jag
358 1233 33 20 för
407 1233 41 20 min
466 1233 35 20 del
517 1233 88 20 alldeles
622 1233 45 20 icke
685 1233 64 20 blifva
764 1233 114 26 praktiskt,

49 1262 89 21 emedan
154 1262 6 20 i
177 1261 102 21 händelse
295 1264 13 18 t.
327 1268 32 15 ex.
375 1262 56 20 inom
448 1261 73 26 hvarje
546 1261 34 20 län
605 1261 55 20 blott
681 1263 31 19 ett
734 1261 76 21 sädant
830 1261 49 21 full-

49 1290 95 27 ständigt
161 1290 103 21 bibliotek
279 1290 69 21 skulle
364 1291 97 22 inrättas,
478 1289 23 21 sä
517 1290 84 21 komme
617 1290 66 26 enligt
706 1290 41 21 min
769 1290 56 21 fasta
848 1290 31 21 öf-

48 1319 118 26 vertygelse
184 1319 198 26 lärarepersonalen
404 1321 32 18 att
462 1319 83 25 ganska
567 1319 48 20 litet
640 1319 96 26 begagna
758 1319 32 26 sig
812 1319 66 25 deraf,

49 1348 88 21 emedan
153 1348 36 20 det
205 1348 61 20 alltid
282 1354 50 14 vore
353 1348 48 20 med
424 1347 117 26 omgängar
565 1347 38 21 och
627 1347 132 26 svärigheter
781 1347 98 21 förenadt

48 1378 32 19 att
96 1376 46 21 från
158 1378 33 19 ett
206 1376 77 21 sådant
299 1376 186 21 centralbibliotek
503 1376 133 26 utregvirera
660 1375 79 22 böcker
760 1376 32 24 till
808 1376 71 20 lands-

48 1407 68 20 orten,
132 1405 39 20 och
188 1405 69 20 likaså
272 1406 67 19 mötte
356 1405 36 21 det
407 1407 59 17 stora
482 1404 133 26 svårigheter
631 1406 32 18 att
674 1405 6 19 i
693 1406 70 19 rättan
776 1405 30 19 tid
823 1404 56 20 äter-

48 1433 63 21 ställa
126 1433 55 20 dem.
213 1434 41 20 Det
270 1435 23 19 är
309 1434 27 25 på
351 1433 70 26 grund
436 1432 64 21 deraf
520 1433 35 25 jag
578 1435 45 18 tror
647 1435 32 18 att
702 1432 126 22 åtminstone
845 1432 34 20 för

48 1462 40 20 den
104 1463 107 19 närmaste
228 1462 114 21 framtiden
358 1468 26 14 en
400 1461 105 27 väsentlig
521 1462 52 20 brist
589 1461 27 26 pä
632 1462 108 20 litteratur
762 1461 32 21 för
817 1461 54 21 folk-

47 1490 144 21 skollärarnes
207 1490 66 21 behof
288 1490 75 21 blifver
379 1490 92 26 afhjelpt
496 1490 61 20 äfven
580 1490 47 20 med
652 1490 25 20 de
702 1490 60 26 ringa
778 1496 94 14 summor
