1025 1686
329 106 23 17 R.
366 111 18 12 o.
396 106 23 17 A.
433 106 55 17 1891.
513 106 24 17 10
549 105 64 22 April.
813 100 41 21 623

124 186 32 21 Hr
171 186 25 21 A.
212 186 23 21 L.
251 192 52 15 von
319 185 149 27 Knorring:
492 185 41 27 Jag
549 185 79 21 önskar
643 185 46 21 icke
704 184 98 27 förlänga
814 185 69 21 denna

55 215 59 26 längt
135 214 106 27 utdragna
263 214 128 26 diskussion,
414 215 53 20 utan
482 214 37 21 vill
535 215 75 20 endast
625 213 160 27 tillkännagifva
800 215 33 20 att
844 214 38 27 jag

55 243 23 21 af
93 243 40 21 den
149 243 62 20 förda
227 243 100 21 debatten
342 243 48 20 icke
405 243 71 20 funnit
491 243 43 26 mig
550 242 113 27 öfvetygad
679 248 33 15 om
724 242 159 27 nödvändighe-

55 274 36 18 ten
114 271 22 21 af
160 277 25 15 en
201 271 141 26 begränsning
359 271 47 21 utaf
420 271 179 26 bolagsmännens
615 270 64 21 antal.
707 271 98 20 Fastmer
820 271 63 20 hafva

55 302 75 24 tyngre
145 300 96 26 vägande
256 300 47 20 skäl
318 299 69 21 blifvit
402 299 91 21 anförda
507 299 34 21 för
557 299 41 21 den
613 299 23 21 af
649 300 161 20 reservanterne
826 300 57 20 utta-

54 328 48 21 lade
125 328 89 27 äsigten,
230 334 34 15 om
280 329 33 19 att
327 328 73 26 hvarje
417 328 143 26 begränsning
575 328 66 21 borde
657 327 107 21 bortfalla.
795 327 45 21 Och
855 327 28 21 dä

52 357 37 27 jag
111 357 7 21 i
140 356 69 22 likhet
230 357 48 20 med
299 356 32 21 Hr
346 356 108 22 Norrmen
469 356 68 22 finner
553 358 31 19 ett
599 356 117 26 stadgande
732 362 34 14 om
781 356 102 26 begräns-

54 386 50 26 ning
119 385 103 21 innebära
237 391 26 15 en
278 385 131 25 restriktion,
425 391 47 15 som
487 384 72 22 kunde
576 385 88 21 inverka
679 384 114 27 hinderligt
804 384 28 27 pä
841 390 41 22 nya

54 414 133 26 aktiebolags
202 414 120 26 uppkomst,
343 413 39 21 ber
395 414 37 26 jag
447 414 22 21 fä
484 414 126 26 ytterligare
624 413 88 21 förorda
726 414 120 26 antagande
861 413 24 21 af

54 444 171 20 reservanternes
240 442 85 26 förslag.

122 499 58 21 Frih.
197 499 221 27 Langenskiöld:
449 499 11 21 I
475 500 91 20 motsats
581 498 33 22 tili
630 499 31 20 Hr
673 504 41 16 von
726 498 106 26 Knorring
843 498 39 22 har

52 528 37 27 jag
112 528 24 21 af
157 528 40 21 den
213 528 60 21 förda
289 528 147 20 diskussionen
452 528 125 26 ytterligare
593 527 81 21 stärkts
689 527 7 21 i
711 527 43 21 min
768 528 66 20 redan
850 526 33 22 fö-

54 559 36 18 rut
111 557 63 26 hysta
196 556 135 27 uppfattning
358 556 80 25 derom,
460 558 33 19 att
508 556 36 21 det
560 556 138 26 ovilkorligen
714 558 24 18 är
753 556 131 26 nödvändigt

55 587 32 19 att
102 585 7 21 i
124 585 119 26 aktielagen
260 585 68 20 införa
344 591 26 14 en
385 584 137 27 bestämning
538 591 33 14 om
588 584 77 21 minsta
681 583 81 22 antalet
772 590 110 20 personer,

54 619 46 16 som
122 613 21 22 få
167 613 59 21 bilda
241 613 129 26 aktiebolag,
386 613 40 21 och
442 614 33 20 att
490 613 166 26 propositionen,
672 612 61 21 hvari
748 612 60 21 detta
824 612 59 21 antal

54 642 116 21 fastställes
195 642 31 21 till
247 641 49 26 fem,
321 641 73 21 träflat
416 641 36 22 det
475 643 63 23 rätta,
557 641 86 21 hvarför
664 641 37 26 jag
720 641 38 20 ber
773 642 32 20 att
820 641 21 21 fä
850 640 33 21 fö-

54 677 52 14 rena
128 671 42 26 mig
189 671 48 20 med
252 671 43 20 Hrr
311 670 105 21 Mechelin
432 670 41 21 och
488 670 149 27 Montgomery
653 671 55 20 samt
723 669 58 21 Frih.
797 669 84 21 Wrede.

122 728 32 20 Hr
177 727 27 21 af
221 727 161 22 Forselles:
412 727 69 21 Äfven
502 727 37 26 jag
554 727 38 21 ber
607 728 33 20 att
655 726 22 21 få
692 727 84 20 ansluta
792 727 42 26 mig
849 726 33 22 till

54 757 41 20 den
120 756 61 27 äsigt,
201 762 45 15 som
262 756 39 21 här
316 756 90 21 uttalats
423 755 23 21 af
460 755 67 27 några
542 755 68 21 talare
626 755 33 21 för
675 755 119 26 antagande
810 755 23 21 af
846 755 37 21 be-

54 785 133 26 stämningen
203 786 32 20 att
250 784 128 27 aktiebolag,
395 784 40 21 bör
450 784 63 21 bestä
529 784 22 21 af
564 784 65 21 minst
645 785 11 20 5
673 790 106 20 personer.
810 783 73 22 Under

54 814 41 21 den
118 813 81 27 debatt,
222 819 45 15 som
289 819 29 15 nu
341 813 98 26 fortgätt,
463 813 40 20 har
519 812 36 27 jag
571 813 85 20 alltmer
671 813 80 26 styrkts
766 812 32 21 uti
814 812 69 21 denna

54 840 135 28 uppfattning
211 842 39 20 och
265 841 68 21 finner
347 842 54 24 icke,
418 843 33 19 att
466 841 68 27 nägra
549 841 86 21 talande
651 841 47 21 skäl
713 841 121 26 förebragts
849 841 34 21 för

53 870 120 27 antagande
196 870 94 21 hvarken
313 869 23 22 af
350 870 119 21 utskottets
484 870 80 26 förslag
579 870 52 20 eller
646 869 165 21 reservationen.
842 869 41 26 Jag

52 899 39 21 ber
114 899 71 21 derför
207 901 33 19 att
262 898 21 22 få
300 898 87 22 förorda
405 898 173 27 propositionens
600 898 134 26 bestämning
756 898 6 20 i
771 898 67 20 detta
854 897 29 21 af-

52 928 84 21 seende.

122 984 69 22 Sedan
207 984 148 21 diskussionen
370 984 92 21 rörande
479 984 11 27 $
508 984 9 20 1
534 990 29 14 nu
578 983 116 21 förklarats
710 982 99 26 afslutad,
818 983 64 21 fram-

52 1013 77 21 ställde
151 1013 33 21 Hr
206 1012 207 22 Landtmarskalken
433 1012 33 21 till
486 1012 54 21 först
555 1012 40 21 och
607 1011 34 21 för
657 1012 123 20 erhällande
795 1011 23 21 af
830 1012 53 20 kon-

52 1042 167 26 traproposition
235 1043 57 19 emot
306 1041 119 21 utskottets
440 1040 83 27 förslag
537 1040 31 22 till
585 1040 101 22 Ständets
701 1040 131 21 besvarande
842 1040 39 20 föl-

50 1070 65 27 jande
132 1070 285 27 omröstningsproposition
407 1066 13 35 :

122 1124 53 27 Den,
198 1133 45 14 som
266 1127 31 20 till
321 1126 213 27 kontraproposition
552 1127 57 20 emot
624 1125 116 21 utskottets
756 1125 79 26 förslag
850 1125 33 20 att

52 1155 65 21 minst
140 1155 12 21 3
175 1161 102 20 personer
299 1155 108 21 erfordras
430 1154 34 21 för
487 1156 33 19 att
535 1154 58 21 bilda
608 1154 128 26 aktiebolag,
752 1153 37 21 vill
804 1155 79 24 antaga

53 1184 159 21 reservationen
227 1185 32 20 att
274 1184 63 26 ingen
352 1183 136 26 bestämning
504 1183 7 21 i
527 1183 59 21 detta
600 1182 100 21 afseende
708 1183 40 20 bör
758 1182 123 25 fastställas,

53 1213 71 20 röstar
136 1212 35 26 ja;

122 1269 75 21 vinner
219 1269 40 26 nej,
280 1269 39 20 har
340 1269 25 20 R.
388 1275 18 14 o.
423 1268 26 21 A.
466 1268 95 21 beslutat
577 1269 31 20 att
623 1268 32 21 till
671 1267 210 27 kontraproposition

53 1299 79 25 antaga
147 1297 41 21 den
203 1297 48 21 näd.
267 1303 72 21 prop:s
354 1297 82 26 förslag
458 1297 109 26 angäende
583 1297 81 20 antalet
679 1302 111 25 personer;
806 1295 40 22 och

122 1354 28 21 dä
172 1354 35 21 vid
230 1354 74 21 härom
325 1354 94 21 anställd
439 1354 98 26 votering
552 1355 98 20 rösterna
665 1353 75 21 utföllo
756 1352 48 21 med
820 1353 26 19 27
860 1351 23 27 ja

54 1383 40 21 och
109 1383 27 20 33
154 1383 45 26 nej;

124 1438 155 22 öfverlemnade
302 1440 32 20 Hr
357 1439 208 21 Landtmarskalken
577 1438 41 24 ,till
634 1438 101 22 Ständets
750 1436 132 22 besvarande

54 1468 92 26 följande
163 1468 108 21 definitiva
286 1468 287 26 omröstningsproposition:
