1025 1686
326 95 26 16 R.
364 99 18 12 o.
394 95 23 16 A.
431 95 53 16 1891.
509 95 24 16 10
545 94 63 21 April.
811 89 41 20 625

53 175 87 21 tecknar
156 175 33 20 för
204 176 31 19 ett
250 174 145 26 aktiebelopp,
410 173 96 22 inbetala
521 175 40 20 den
577 174 35 27 1/;,
629 180 45 15 som
690 175 65 26 enligt
764 176 31 19 ett
808 181 74 15 senare

53 203 115 26 stadgande
190 203 55 20 skall
267 203 89 25 betalas,
379 203 65 20 innan
467 203 88 26 bolaget
569 203 34 21 fär
622 209 62 15 anses
700 203 87 26 bildadt,
804 203 40 22 blir
858 203 23 27 ju

52 232 126 26 teckningen
194 237 25 16 en
235 231 91 22 nullitet.

120 300 32 20 Hr
167 298 173 28 Stjernvall:
371 299 10 21 I
396 299 116 27 anledning
527 299 24 21 af
563 299 58 21 Frih.
640 298 168 27 Langenskiölds
821 305 60 15 sena-

52 330 32 19 ste
100 328 145 26 anmärkning,
261 328 37 20 vill
312 328 36 26 jag
363 327 121 26 framhålla,
500 329 33 19 att
549 328 66 26 enligt
623 328 36 22 15
675 328 11 26 &
702 329 36 19 äro
754 327 127 27 inbjudarne

52 357 110 26 ansvariga
184 356 33 21 för
233 356 26 21 de
275 356 107 26 ätgärder,
400 362 44 15 som
460 356 35 21 vid
512 356 153 27 inbjudningen
681 356 97 26 vidtagas
794 356 39 21 och
848 356 34 21 sä-

52 386 64 20 lunda
132 385 67 27 äfven,
215 385 8 20 i
238 384 101 22 händelse
355 385 26 21 de
396 384 116 27 godkänna
527 391 27 15 en
562 385 107 21 insolvent
676 390 88 21 persons
774 384 106 27 teckning,

52 416 54 18 samt
128 414 54 20 böra
203 414 7 20 i
225 413 52 27 följd
292 413 64 21 häraf
367 414 79 26 jemväl
462 419 63 15 svara
539 414 34 20 för
589 413 40 21 den
644 413 84 25 förlust,
744 419 46 15 som
805 414 31 20 uti
851 420 29 14 nu

52 442 161 27 ifrägavarande
228 441 100 21 afseende
344 442 42 20 kan
402 442 128 26 tillskyndas
546 442 92 26 bolaget.

120 510 60 21 Efter
202 510 87 21 härmed
313 509 91 22 afslutad
424 510 121 21 diskussion
561 509 52 22 aflät
628 510 32 20 Hr
675 510 206 21 Landtmarskalken

52 539 32 21 till
100 538 100 22 Ständets
215 538 133 22 besvarande
364 538 94 27 följande
474 538 289 27 omröstningsproposition
753 534 12 36 :

119 601 54 26 Den,
189 607 45 15 som
249 601 125 27 godkänner
390 601 12 27 $
419 602 12 20 7
447 601 33 21 uti
495 601 117 21 utskottets
628 601 134 22 betänkande
777 602 52 20 utan
844 603 37 19 än-

52 629 66 28 dring,
135 631 71 20 röstar
219 629 32 27 ja;

119 693 74 20 vinner
209 693 40 26 nej,
266 692 39 21 har
320 692 25 21 R.
362 698 19 15 o.
398 693 25 20 A.
440 692 95 21 beslutat
551 694 32 19 att
598 692 96 21 utesluta
709 692 65 21 orden
786 692 51 27 ,och
848 691 33 22 fär

52 721 18 26 ej
87 727 18 15 0.
122 727 16 14 s.
154 721 31 20 v.*
201 721 31 20 till
249 723 127 19 momentets
392 721 50 21 slut.

120 784 163 26 Propositionen
307 783 129 22 besvarades
452 784 48 21 med
517 783 155 28 öfvervägande
686 783 29 27 ja,
731 783 39 21 och
786 783 54 21 hade
856 783 25 21 R.

52 819 18 14 0.
96 813 24 20 A.
144 812 82 21 således
249 812 94 22 beslutat
362 814 32 19 att
408 813 116 26 godkänna
539 812 11 27 8
566 813 12 20 7
595 812 66 26 enligt
675 812 117 21 utskottets
808 811 74 22 betän-

51 841 75 21 kande.

120 903 26 27 $$
162 904 69 20 8—12
247 904 123 26 godkändes
386 905 52 19 utan
454 903 252 27 meningsskiljaktighet.

119 965 43 22 Vid
177 966 157 26 behandlingen
350 966 23 21 af
386 965 13 28 &
417 966 26 20 13
459 966 69 20 utbad
544 966 31 26 sig

120 1022 32 22 Hr
167 1022 203 27 Montgomery
386 1022 62 22 ordet
464 1022 40 22 och
519 1023 97 26 yttrade:
645 1022 36 21 Uti
698 1028 72 15 senare
786 1028 62 15 mom.
861 1022 22 21 af

52 1052 9 23 &
86 1051 25 21 13
134 1051 61 21 heter
216 1051 36 21 det
267 1053 33 19 att
315 1051 72 27 ,ingär
402 1051 70 27 någon
488 1051 45 21 före
549 1051 97 27 bolagets
661 1050 127 26 inskrifning
802 1050 81 22 förbin-

52 1080 56 21 delse
131 1080 6 20 i
155 1080 48 20 dess
218 1086 70 20 namn,
305 1086 61 15 svare
382 1080 43 20 han
440 1080 50 21 fullt
505 1080 34 20 för
555 1080 40 20 den
611 1079 129 21 förbindelse
763 1079 69 21 säsom
848 1078 34 22 för

52 1114 52 20 egen
128 1108 80 21 skuld."
237 1108 41 26 Jag
293 1110 89 25 antager
398 1110 33 19 att
446 1108 40 21 här
502 1114 73 15 menas
590 1110 33 19 att
638 1108 43 21 han
696 1108 6 20 i
718 1108 36 21 det
768 1107 60 21 fallet
844 1114 37 14 an-

52 1143 72 14 svarar
147 1137 143 26 obegränsadt
313 1137 48 20 med
379 1137 49 20 hela
444 1137 32 20 sin
492 1136 155 26 förmögenhet.
677 1136 43 21 Det
734 1142 51 15 vore
800 1136 82 21 kanske

51 1165 71 21 bättre
145 1167 33 19 att
198 1165 91 21 insätta:
306 1171 76 20 ,,svare
396 1165 151 26 personligen"
563 1165 33 21 för
612 1165 40 21 den
667 1164 129 21 förbindelse
812 1164 70 21 såsom

52 1193 31 21 för
99 1199 52 21 egen
167 1193 84 21 skuld."
275 1194 40 26 Jag
331 1196 89 23 antager
436 1195 33 19 att
485 1194 23 21 af
522 1193 69 21 denna
606 1193 134 27 bestämning
755 1193 61 21 äfven
825 1192 58 27 sjelf-

50 1222 62 21 fallet
126 1221 63 27 följer
205 1224 38 24 att,
261 1221 44 22 ifall
321 1222 51 21 flere
387 1221 49 28 ingä
452 1222 60 27 dylik
527 1222 130 21 förbindelse
673 1221 45 22 före
726 1221 156 28 inregistrerin-

51 1257 46 20 gen,
121 1250 23 21 sä
167 1250 60 21 skola
250 1251 26 20 de
293 1257 91 14 ansvara
398 1251 133 21 solidariskt.
561 1251 66 20 Detta
643 1252 24 19 är
682 1257 29 14 nu
725 1250 46 21 icke
787 1250 95 27 tydligen

52 1279 62 26 sagdt
134 1279 40 21 och
197 1279 27 21 dä
246 1285 122 20 gemensam
392 1279 138 27 ansvarighet
552 1279 61 26 eljest
635 1279 65 26 enligt
716 1279 71 26 regeln
803 1281 24 18 är
842 1285 39 20 pro

52 1310 47 19 rata
124 1309 67 25 parte,
216 1307 85 22 komme
331 1314 49 15 man
410 1307 62 27 eljest
499 1308 35 20 vid
563 1307 125 26 tolkningen
718 1309 32 19 att
780 1307 72 21 sväfva
875 1307 7 20 i

51 1336 78 26 tvifvel,
146 1336 55 21 huru
223 1336 36 21 det
279 1336 40 21 bör
334 1337 78 25 tolkas,
428 1335 89 22 hvarför
530 1336 37 27 jag
581 1336 69 21 skulle
666 1335 78 22 föreslä
760 1335 122 22 äterremiss

51 1364 33 21 för
106 1366 32 19 att
154 1364 21 21 fä
193 1364 58 21 klart
266 1366 33 20 att
314 1364 121 22 solidaritet
451 1371 50 20 eger
517 1371 52 15 rum.
601 1365 46 20 Här
662 1366 24 19 är
702 1365 56 20 blott
772 1364 60 26 fräga
847 1369 35 16 om

52 1399 31 18 en,
100 1393 38 21 och
155 1393 36 20 det
206 1399 50 15 vore
272 1393 47 21 skäl
334 1395 33 19 att
383 1393 121 21 bestämma
519 1395 32 19 att
567 1393 25 21 de
608 1393 124 21 solidariskt
740 1399 97 19 ansvara,
847 1398 35 15 om

52 1421 25 21 de
93 1422 37 20 äro
146 1421 58 21 flere.

120 1483 57 21 Frih.
193 1484 25 20 R.
235 1484 25 20 A.
277 1483 99 21 Wrede
392 1484 147 21 understödde
555 1484 32 21 Hr
602 1484 154 26 Montgomery.
