1025 1686
175 98 41 21 570
426 103 24 16 R.
463 107 17 12 o.
492 103 24 16 A.
529 103 55 16 1891.
607 103 14 16 4
633 103 63 21 April.

146 183 50 22 män
211 183 43 20 kan
270 182 125 27 medgifvas,
411 189 47 14 men
474 182 24 21 sä
513 182 130 27 fullkomligt
659 182 65 21 exakt
745 183 23 20 är
789 182 111 27 uppgiften
921 181 58 22 dock

146 212 54 26 icke,
209 211 39 22 och
265 211 28 21 dä
307 211 25 21 R.
350 217 18 15 o.
384 211 25 21 A.
426 213 24 18 är
464 211 7 20 i
487 211 84 21 tillfällö
587 211 51 21 att
631 206 12 36 i
654 212 32 19 ett
697 213 65 18 annat
772 210 144 25 betänkande,
930 216 46 15 som

145 240 68 21 finnes
229 239 29 28 pä
273 239 226 28 föredragningslistan
515 239 6 21 i
538 239 48 27 dag,
609 245 21 16 se
653 240 33 19 att
709 239 36 21 det
767 239 146 21 konstaterats
937 239 39 21 och

146 269 85 26 klagats
247 268 66 26 öfver,
329 270 33 19 att
377 268 149 26 begagnandet
541 267 24 21 af
578 268 74 20 vexeln
665 267 80 27 begynt
755 268 81 26 ganska
847 267 46 21 vidt
904 267 73 27 sprida

146 297 32 27 sig
193 298 7 20 i
215 297 58 21 vissa
289 296 59 22 delar
364 296 22 21 af
400 296 79 25 landet,
496 296 102 21 särskildt
613 296 7 20 i
635 296 101 26 Wiborgs
759 296 41 26 län,
824 295 24 22 sä
866 302 51 14 vore
933 296 43 25 det,

147 332 62 20 synes
224 326 51 26 mig,
292 325 81 27 ganska
388 324 120 27 oförsigtigt
524 325 33 21 att
571 324 62 27 pästä
643 326 33 19 att
692 324 46 21 icke
754 324 224 27 bysättningstvänget

146 354 76 25 skulle,
233 360 36 15 om
280 360 48 14 man
339 355 61 25 tager
407 353 50 21 bort
465 353 37 21 det
509 353 69 21 andra
586 353 93 26 tvånget,
690 352 86 22 komma
784 354 33 20 att
826 353 77 20 anlitas
913 352 65 22 också

146 383 59 21 inom
221 382 26 22 de
263 384 85 19 kretsar
364 382 23 20 af
400 382 132 26 gäldenärer,
548 382 38 20 der
602 382 36 20 det
653 381 108 21 härintills
776 381 203 26 öfverhufvudtaget

148 412 57 20 varit
221 411 100 26 ovanligt.
352 410 63 22 Hvad
430 410 107 21 utskottet
551 412 72 19 menat
639 412 38 24 att,
694 416 34 15 om
750 410 123 26 bysättning
888 409 39 21 och
943 416 34 14 ar-

148 440 115 26 betstväng
279 439 107 26 bortfalla,
402 439 61 21 äfven
479 439 68 21 andra
564 438 181 27 reformätgärder
760 438 67 21 borde
847 438 109 26 företagas
971 438 7 21 i

147 468 48 21 värt
210 468 226 26 utsökningsväsende,
452 467 55 21 hade
523 468 56 20 varit
593 467 82 27 ganska
690 467 41 21 lätt
746 467 33 21 för
795 467 41 21 den
852 466 65 21 ärade
933 472 46 16 mo-

147 497 99 20 tionären
262 498 33 19 att
309 496 104 26 uppfatta,
429 495 44 21 ifall
489 496 43 20 han
547 495 62 27 gifvit
627 495 32 27 sig
681 495 96 21 tälamod
792 497 33 19 att
840 497 99 19 närmare
955 501 24 15 se

147 525 54 21 efter
217 525 171 26 antydningarna
404 524 72 21 derom
492 524 6 20 i
514 524 145 21 betänkandet
675 524 41 21 och
731 524 33 20 till
772 524 40 21 och
822 524 55 25 med,
889 530 35 14 om
935 523 42 21 han

146 554 49 20 med
211 553 191 26 uppmärksamhet
416 552 48 27 töljt
486 553 148 20 diskussionen
657 552 46 21 här.
734 552 50 21 Man
807 558 74 15 menar
904 554 73 19 natur-

146 581 71 27 ligtvis
232 581 112 24 reformer,
354 581 137 26 hvarigenom
502 581 259 20 exekutionsförfarandet
771 582 63 25 göres
845 587 60 14 mera
915 581 64 20 verk-

148 612 61 24 samt,
233 610 90 27 kraftigt
346 609 40 22 och
409 609 89 26 snabbt;
524 609 123 26 derigenom
670 609 56 21 skall
748 615 50 15 man
823 609 71 21 kunna
921 609 57 20 inom

147 639 85 26 mycket
248 639 50 20 kort
313 638 30 21 tid
359 638 21 21 fä
396 638 48 21 bort
459 638 25 21 de
501 640 58 19 emot
575 638 40 21 den
636 637 124 27 personliga
779 637 92 22 friheten
894 637 86 22 riktade

147 667 84 21 medlen
247 667 139 26 arbetstväng
401 667 39 20 och
456 666 205 27 bysättningstväng.

217 695 114 21 Utskottet
345 695 40 21 har
400 695 46 21 icke
462 695 57 26 gjort
534 695 32 26 sig
582 695 93 26 skyldigt
690 695 33 20 till
739 696 31 19 ett
785 694 84 21 försvar
885 694 22 21 af
918 694 59 21 detta

148 724 202 25 exekutionsmedel,
373 725 99 24 tvärtom,
492 736 28 2 —
536 723 36 21 det
595 723 38 21 har
655 723 66 21 ocksä
743 723 40 21 den
806 724 84 20 senaste
913 723 67 21 ärade

148 753 83 20 talaren
252 753 83 20 erkänt.
351 765 27 2 —
394 752 111 21 Utskottet
527 751 40 22 har
586 751 57 28 gjort
665 752 91 21 rättvisa
779 751 23 21 ät
824 751 155 27 petitionärens

148 781 197 26 menniskovänliga
360 780 62 27 syfte,
438 787 48 14 men
500 782 40 19 när
555 787 49 14 mau
619 781 143 26 petitionerar
776 781 53 20 eller
847 779 132 22 motionerar

148 809 39 21 hos
203 809 26 21 H.
246 809 37 26 M.,
299 809 39 21 bör
346 815 49 15 man
404 809 44 26 ock,
465 815 62 21 synes
543 809 36 21 det
594 809 49 26 mig,
658 809 68 20 tänka
741 809 37 26 sig,
794 809 7 20 i
812 809 86 20 hvilken
911 808 68 21 situa-

149 838 45 20 tion
210 838 49 26 den,
275 837 32 21 till
322 837 87 21 hvilken
424 844 48 14 man
483 837 69 21 riktar
568 843 25 15 en
609 837 108 25 anhällan,
734 837 19 21 d.
770 843 19 15 v.
806 843 15 15 s.
838 837 142 26 Regeringen,

148 866 85 21 komme
249 868 34 19 att
298 866 107 21 försättas.
436 866 48 21 Kan
499 872 50 14 man
564 866 109 26 verkligen
697 866 66 20 tänka
785 866 37 26 sig,
846 867 33 19 att
901 865 76 21 medan

148 894 134 27 Regeringen
297 894 39 21 har
351 894 79 26 färdigt
445 896 31 19 ett
491 894 81 26 förslag
587 894 32 21 till
635 894 125 26 fullständig
776 894 165 26 omgestaltning
957 893 24 21 af

148 923 231 27 utsökningsväsendet
394 923 39 21 och
449 924 24 20 är
487 923 7 20 i
510 922 84 22 tillfälle
609 924 33 20 att
656 923 37 21 vid
708 924 62 20 nästa
786 922 110 26 landtdag,
913 922 66 27 enligt

148 952 39 20 allt
202 952 57 20 hvad
274 952 128 21 förutsättas
416 952 49 26 kan,
480 951 127 21 framlemna
618 951 131 25 detsamma;
764 951 43 21 kan
818 957 49 15 man
878 950 27 22 dä
916 951 62 21 verk-

148 980 55 26 ligen
219 980 68 22 tänka
301 980 32 27 sig
348 982 32 19 att
395 980 67 21 under
477 980 82 20 sädana
567 980 184 26 omständigheter
760 979 134 27 Regeringen
910 979 69 21 skulle

147 1008 72 22 kunna
235 1009 71 21 såsom
322 1008 46 22 sina
382 1010 95 25 upptaga
485 1008 40 22 och
535 1008 106 21 stadfästa
652 1008 141 26 stadganden,
805 1014 45 15 som
861 1008 56 20 blott
928 1010 51 18 röra

147 1043 26 15 en
189 1038 84 21 enskild
289 1038 34 20 del
337 1037 23 21 af
374 1037 36 21 det
426 1037 131 21 omfattande
573 1036 85 22 ämnet?
681 1037 42 26 Jag
742 1036 123 22 föreställer
887 1036 44 27 mig
946 1038 34 19 att

148 1066 37 21 det
199 1072 51 16 vore
267 1066 64 21 svärt.
354 1066 41 26 Jag
405 1066 42 20 kan
457 1066 33 20 för
506 1066 43 21 min
560 1066 35 20 del
605 1067 44 19 rätt
663 1066 36 20 väl
715 1066 66 20 tänka
796 1065 43 27 mig
855 1065 41 21 den
911 1066 68 20 situa-

147 1094 53 27 tion,
215 1095 7 21 i
238 1094 86 22 hvilken
340 1095 32 26 de,
388 1100 45 16 som
448 1094 28 26 pä
490 1094 146 27 Regeringens
653 1096 83 25 vägnar
751 1094 55 26 finge
822 1094 107 21 behandla
952 1100 27 14 en

147 1123 67 21 sädan
228 1124 89 25 motion,
333 1123 69 21 skulle
417 1123 65 20 blifva
497 1123 92 21 försatta
604 1122 39 21 och
658 1123 58 20 hvad
740 1129 50 14 man
805 1122 24 21 af
843 1122 48 21 dem
907 1122 72 21 kunde

147 1151 80 21 fordra.
259 1152 11 21 I
285 1152 42 21 alla
342 1151 118 26 händelser,
477 1151 40 21 och
533 1151 62 22 äfven
611 1157 34 15 om
660 1151 38 21 det
713 1151 68 21 skulle
796 1150 97 22 befinnas
908 1150 24 21 sä
947 1151 34 20 att

146 1180 111 21 motionen
272 1180 72 21 kunde
356 1180 129 27 godkännas,
502 1179 23 21 sä
540 1186 81 15 vunnes
637 1180 34 20 väl
687 1180 111 26 ingenting
812 1185 60 16 mera
887 1179 8 21 i
909 1179 32 21 tid
951 1181 28 18 än

146 1209 83 21 kanske
240 1210 33 20 ett
284 1209 23 21 år
319 1208 51 22 eller
380 1208 66 27 några
461 1208 109 26 månader,
587 1209 38 20 allt
640 1208 109 21 beroende
764 1207 28 27 pä
808 1208 40 21 den
865 1207 114 26 snabbhet,

146 1237 50 21 med
204 1237 87 21 hvilken
303 1237 25 21 de
339 1237 58 21 olika
404 1237 213 26 landtdagsbesluten
625 1237 74 20 kunna
707 1237 87 21 komma
801 1237 69 20 under
877 1236 102 27 Regerin-

146 1271 52 21 gens
209 1265 106 27 pröfning.
331 1265 49 22 Med
391 1265 98 22 afseende
500 1265 13 21 ä
523 1265 40 21 allt
573 1265 59 21 detta
643 1271 63 21 synes
722 1265 48 26 mig,
787 1265 70 22 såsom
873 1271 34 15 om
923 1265 57 26 Lag-

146 1294 109 21 utskottet
270 1295 47 20 icke
332 1294 68 21 skulle
416 1294 76 21 saknat
506 1294 92 21 motiver
610 1294 93 21 attisitt
713 1293 137 22 betänkande
865 1293 70 22 uttala
948 1293 32 27 sig

147 1322 72 22 såsom
235 1323 138 26 pluraliteten
388 1322 24 21 af
420 1323 153 26 Lagutskottet
587 1323 62 26 gjort.
676 1322 44 21 Det
730 1323 49 25 kan,
795 1329 46 14 som
852 1322 69 27 sagdt,
932 1322 47 21 icke

147 1351 90 21 tillvitas
252 1351 152 26 Lagutskottet
419 1353 32 19 att
466 1351 7 21 i
488 1351 83 27 princip
587 1351 64 21 hafva
665 1351 59 21 velat
739 1351 97 21 försvara
851 1350 75 27 sjelfva
942 1351 37 20 det

146 1380 101 25 gällande
263 1381 108 25 systemet,
387 1381 51 20 utan
452 1379 38 22 har
506 1380 35 21 det
553 1380 55 21 blott
619 1379 39 22 och
669 1379 51 22 bart
735 1379 57 21 velat
802 1379 58 27 gifva
870 1385 26 15 en
907 1379 24 21 så
946 1380 33 19 att

148 1410 51 24 säga
214 1408 120 21 motiverad
350 1408 127 21 hemställan
488 1414 34 15 om
539 1408 40 20 den
595 1408 104 26 behöriga
710 1408 96 26 ordning,
822 1408 7 20 i
840 1407 85 21 hvilken
937 1407 40 21 den

146 1436 165 27 ifrågavarande
327 1436 103 26 åtgärden
445 1436 39 21 bör
499 1436 86 21 komma
608 1436 33 21 till
656 1436 124 27 afgörande.
811 1436 66 21 Detta
893 1437 24 19 är
932 1441 46 15 mo-

146 1464 55 22 tivet
215 1465 34 21 för
265 1465 163 27 Lagutskottets
443 1464 137 28 afstyrkande
596 1464 118 22 utlåtande.
