1025 1686
195 109 41 21 962
450 115 24 16 R.
487 119 17 13 o.
517 115 22 16 A.
553 115 57 18 1891.
635 117 22 15 13
670 115 48 21 Maj.

167 193 62 22 äfven
244 194 109 21 härintills
369 195 55 20 varit
440 195 65 25 fallet,
522 195 115 21 framdeles
653 195 68 21 skulle
737 195 85 22 tillfalla
838 195 114 27 äklagaren
969 195 29 21 el-

166 223 31 21 ler
219 223 110 21 eventuelt
352 223 67 21 denne
442 223 39 21 och
504 223 131 27 angifvaren,
657 224 41 21 har
713 223 58 22 skett
786 224 23 21 af
822 224 42 21 den
879 223 119 27 anledning,

165 253 34 18 att
214 251 119 22 utskottets
348 251 111 26 pluralitet
474 254 78 25 ansett,
567 255 33 18 att
615 253 34 20 för
665 255 31 18 ett
712 252 108 22 verksamt
835 252 163 22 handhafvande

166 279 23 21 af
209 279 281 27 bränvinsförfattningarne
513 281 112 21 fordrades
641 281 137 26 nödvändigt,
795 282 33 20 att
843 281 100 26 äklagare
959 281 39 21 och

167 308 109 26 angifvare
293 308 61 21 äfven
369 308 106 27 framgent
491 309 69 21 skulle
576 309 69 21 hållas
661 310 82 20 ersatta
757 309 33 21 för
806 310 26 20 de
841 309 157 25 bötesandelar,

165 342 46 16 som
227 336 108 22 härintills
350 336 90 22 tillfallit
455 337 47 21 dem
519 337 70 22 såsom
605 338 137 27 godtgörelse
757 338 33 21 för
805 338 63 21 deras
883 337 64 22 möda
959 338 39 21 och

165 364 119 22 kostnader
299 366 35 20 vid
350 366 150 26 uppdagandet
516 366 23 21 af
552 366 141 27 förbrytelser
708 368 45 19 mot
770 366 62 22 dessa
839 366 158 27 författningar.

168 392 33 22 Dä
224 394 120 21 emellertid
366 395 6 20 i
394 394 48 21 näd.
459 401 59 20 prop.
534 395 47 21 icke
597 395 69 27 ingätt
681 395 72 26 nägon
768 395 133 26 bestämning
917 395 80 26 härom,

167 424 56 18 samt
239 423 37 20 det
292 423 23 20 af
328 423 136 21 minoriteten
480 423 115 22 förordade
604 424 39 21 och
659 424 6 20 i
682 424 32 20 Hr
725 424 127 21 Rönnbäcks
868 424 133 20 reservation

164 450 89 27 intagna
273 451 104 27 förslaget
400 453 32 19 att
452 452 82 21 tilldela
549 452 100 26 belöning
665 452 23 21 ät
704 452 54 26 dem,
775 458 44 15 som
836 452 115 26 ädagalagt
966 452 31 21 nit

164 479 36 21 vid
216 479 121 22 beifrandet
352 480 23 21 af
390 480 54 21 slika
459 480 146 27 förbrytelser,
626 483 72 24 syntes
714 481 106 21 utskottet
835 487 52 15 vara
901 480 96 22 hvarken

164 507 202 27 tillfyllestgörande
390 509 52 21 eller
464 515 36 15 ens
524 509 115 25 utförbart,
662 509 105 21 stannade
788 509 116 21 utskottets
920 509 76 26 flertal,

166 536 54 22 efter
241 537 36 21 det
301 537 143 27 mångfaldiga
467 538 68 20 andra
557 538 80 26 förslag
660 537 70 21 blifvit
744 538 135 21 framställda
895 538 38 20 och
950 537 47 21 åter

164 564 132 27 förkastade,
314 565 34 21 vid
364 566 93 21 beslutet
472 568 32 19 att
520 566 93 25 förorda,
630 567 36 20 det
681 566 63 21 böter
760 566 38 21 och
814 567 76 20 värdet
905 565 33 21 för
953 565 43 22 för-

164 593 73 21 brutet
260 594 61 26 gods,
337 594 61 21 äfven
414 595 6 20 i
436 601 28 14 nu
484 594 163 27 ifrägavarande
663 595 125 26 förordning
803 595 68 20 skulle
888 594 109 21 tillerkän-

164 628 39 15 nas
225 621 103 28 äklagare
352 623 40 21 och
416 622 115 27 angifvare.
562 623 131 26 Härigenom
710 623 39 21 har
764 623 130 26 visserligen,
911 623 27 26 pä
953 625 44 19 sätt

162 650 37 27 jag
215 651 135 25 omnämnde,
367 657 26 15 en
409 651 101 22 afvikelse
526 651 68 27 gjorts
609 651 47 22 frän
672 652 57 21 deni
742 651 123 28 strafflagen
874 651 124 27 uppställda

165 680 80 25 regeln,
263 681 32 20 att
311 680 43 21 alla
369 680 62 21 böter
446 680 125 21 hädanefter
588 681 65 20 borde
669 680 87 21 tillfalla
771 681 88 25 kronan,
872 687 47 14 men
927 681 70 20 denna

163 709 59 25 regel
244 709 42 20 kan
310 709 34 20 väl
367 709 46 20 icke
431 715 62 15 anses
516 709 23 20 sä
563 709 141 26 allmängiltig
720 709 39 20 och
775 709 92 26 absolut,
883 710 32 19 att
931 709 19 26 ej
966 711 31 18 ett

164 737 111 26 undantag
299 737 94 21 derifrän
409 738 6 20 i
432 743 24 15 en
472 737 156 27 undantagslag
644 744 45 14 som
706 737 70 21 denna
798 738 42 20 kan
855 739 70 25 göras.
957 737 40 21 Ut-

165 765 83 22 skottet
264 768 46 19 tror
325 766 32 27 sig
372 766 63 21 hafva
450 766 70 21 funnit
535 768 31 19 ett
581 767 125 26 ytterligare
723 766 46 21 skäl
781 766 34 21 för
828 767 38 20 sitt
874 765 123 22 förfarande

168 795 52 25 deri,
245 796 33 19 att
299 794 68 21 ehuru
388 795 6 20 i
410 795 39 20 den
466 795 92 20 svenska
573 795 123 26 strafflagen
714 795 23 20 af
750 794 24 21 är
790 795 55 21 1864
862 794 61 21 äfven
939 795 59 20 stad-

165 829 44 20 gas,
233 825 34 19 att
289 823 43 21 alla
358 824 62 20 böter
442 823 60 21 skola
525 823 85 21 tillfalla
631 823 89 26 kronan,
737 823 76 21 sådant
829 823 111 21 oaktadt
931 819 15 34 i
957 823 40 21 den

164 851 93 21 svenska
270 851 252 27 bränvinsförordningen
533 852 22 21 af
566 852 40 21 den
618 852 27 20 29
655 852 44 26 Maj
712 852 54 21 1885
780 852 103 21 bestämts
896 853 32 19 att
939 851 58 21 äkla-

163 886 52 20 gare
234 880 41 21 och
301 880 107 26 angifvare
430 880 60 21 skola
513 880 81 21 erhälla
610 881 34 20 del
659 880 22 22 af
696 881 26 21 de
738 880 65 27 enligt
818 886 81 15 samma
914 880 84 21 förord-

164 908 52 27 ning
239 908 94 22 ädömda
356 909 89 21 böterna
463 910 39 20 och
517 909 76 21 värdet
608 909 33 21 för
656 909 109 21 förbrutet
780 909 60 27 gods.
871 909 75 21 Denna
962 908 34 27 Si

164 937 43 21 den
223 938 92 20 svenska
330 937 149 27 förordningen
496 938 71 26 lyder:
591 955 4 8 ,
598 938 35 25 Af
648 938 68 26 böter,
733 937 23 21 sä
772 938 40 20 ock
822 938 23 21 af
852 938 145 26 försäljnings-

165 965 68 27 afgift,
258 972 46 15 som
321 966 65 26 enligt
402 966 68 21 denna
485 966 125 27 förordning
625 966 96 26 ädömas,
737 969 55 18 samt
807 966 75 21 värdet
897 966 23 21 af
934 966 62 21 brän-

164 995 43 19 vin.
230 1000 47 16 som
299 995 106 21 förbrutet
421 1001 68 20 anses,
506 994 83 22 tillfalle
605 995 28 26 2/,
649 995 116 26 åklagaren
781 995 39 21 och
836 995 28 27 1/3
881 995 40 21 den
937 994 60 21 stads

165 1023 54 21 eller
243 1023 90 21 sockens
356 1024 134 26 fattigkassa,
513 1024 39 20 der
574 1024 40 20 den
639 1024 85 21 åtalade
747 1024 142 26 förbrytelsen
906 1024 91 26 begåtts.

164 1051 79 21 Finnes
267 1052 93 21 särskild
382 1052 114 26 angifvare,
519 1055 48 23 tage
590 1052 41 21 han
648 1052 80 22 hälften
740 1052 22 21 af
772 1052 126 27 åklagarens
910 1052 84 21 andel."

164 1080 63 21 Hvad
252 1081 58 21 Frih.
333 1080 133 27 Gripenberg
488 1081 72 21 talade
579 1087 33 15 om
629 1082 40 20 den
687 1082 78 20 mellan
782 1082 103 20 exekutor
901 1081 38 21 och
956 1081 40 20 den

164 1108 106 22 sakfällde
286 1109 132 26 uppstäende
433 1110 80 21 striden
529 1116 34 14 om
579 1110 123 24 brödbiten,
716 1112 36 19 vet
766 1110 36 26 jag
810 1110 53 26 icke,
872 1116 34 15 om
917 1109 79 22 förhäl-

164 1137 74 21 landet
253 1137 113 21 förändras
382 1138 121 27 derigenom
520 1140 32 19 att
568 1138 62 21 dessa
645 1138 63 21 böter
723 1138 85 21 tillfalla
823 1138 89 26 kronan,
929 1140 22 25 ty
963 1139 33 19 ut-

164 1167 63 25 tagas
243 1166 62 21 skola
321 1167 25 20 de
360 1167 24 26 ju
400 1167 60 20 äfven
476 1167 6 20 i
498 1167 60 20 detta
573 1167 44 20 fall.

234 1223 32 20 Hr
289 1223 24 21 A.
338 1223 147 22 Mechelin:
519 1224 44 21 För
589 1224 43 21 min
662 1224 34 21 del
724 1225 45 20 tror
789 1223 36 27 jag
852 1224 36 21 det
911 1223 84 22 komme

164 1253 34 18 att
221 1251 65 21 ställa
301 1252 107 21 allmänna
424 1252 101 27 åklagare
541 1253 7 20 i
563 1259 26 14 en
606 1253 71 20 bättre
694 1252 65 27 dager
775 1252 55 21 inför
846 1252 149 25 allmänheten,

164 1279 73 22 derest
252 1280 47 21 icke
315 1281 63 20 deras
394 1280 78 26 ätalan,
488 1281 71 21 säsom
575 1287 28 15 nu
619 1281 90 27 mängen
728 1281 55 26 gäng
798 1281 61 20 fallet
874 1283 31 24 är,
921 1281 23 20 af
957 1281 39 20 all-

162 1308 117 21 mänheten
296 1309 75 26 ansågs
388 1309 136 21 öfverhöfvan
540 1310 89 27 sporrad
645 1310 23 21 af
681 1310 94 27 utsigten
791 1309 31 21 till
839 1309 124 22 erhållande
975 1309 24 21 af

163 1337 64 20 andel
249 1337 8 21 i
278 1337 96 22 böterna.
405 1337 43 22 För
470 1340 70 19 resten
564 1339 61 20 torde
641 1339 36 20 det
693 1345 51 14 vara
760 1340 98 25 nogsamt
873 1338 74 24 kändt,
963 1340 33 19 att

164 1365 36 21 det
223 1365 47 22 icke
293 1366 61 21 alltid
378 1369 24 18 är
424 1366 122 27 äklagaren,
567 1373 45 15 som
628 1367 39 20 har
683 1367 37 20 det
736 1367 95 21 sväraste
846 1367 98 20 besväret
961 1367 34 20 vid

164 1394 145 26 uppdagande
332 1395 23 20 af
376 1395 138 26 förbrytelser
529 1397 45 19 mot
590 1395 258 26 bränvinsförordningen.
879 1395 31 21 På
925 1395 72 21 lands-

163 1424 62 19 orten
242 1422 92 22 befaller
350 1424 137 20 länsmannen
503 1425 15 19 t.
535 1430 32 14 ex.
583 1430 26 15 en
625 1424 104 26 brofogde
745 1424 52 20 eller
812 1424 118 26 skallfogde
944 1424 52 21 eller

162 1450 71 27 någon
250 1457 71 15 annan
337 1458 76 20 person
426 1454 32 18 att
473 1458 111 20 uppspana
600 1452 158 26 lönnbränneri,
775 1451 39 22 och
830 1452 65 21 sedan
908 1452 42 21 han
961 1458 36 20 ge-

163 1485 50 15 nom
229 1479 64 22 dessa
309 1480 163 21 underordnade
488 1487 113 20 personers
615 1483 89 24 rapport
718 1480 67 22 blifvit
796 1481 85 26 upplyst
893 1487 40 19 om,
943 1480 53 21 hvar

162 1507 61 27 bytet
238 1514 52 15 vore
307 1510 31 19 att
359 1511 55 24 taga,
430 1509 94 27 begifver
540 1509 41 21 han
597 1510 32 26 sig
645 1510 39 20 och
701 1509 127 21 verkställer
843 1509 96 27 beslaget
955 1509 41 21 och
