1025 1686
312 99 24 17 R.
349 104 17 13 o.
378 99 23 17 A.
415 99 53 17 1891.
492 100 26 16 25
530 99 64 22 April.
798 96 40 21 687

37 185 28 15 nu
81 179 64 21 redan
162 185 76 20 genom
254 181 33 19 att
301 179 113 26 godkänna
431 186 49 15 vare
496 180 32 26 sig
550 180 148 21 betänkandet
714 181 50 20 eller
787 182 77 26 nägon-

38 208 51 21 dera
104 208 23 21 af
142 208 26 21 de
184 207 71 22 dertill
271 207 75 27 fogade
371 209 184 20 reservationerna
577 209 69 20 skulle
670 209 64 20 binda
758 209 31 26 sig
811 211 6 19 i
840 217 25 15 en

37 236 66 26 fräga,
120 243 44 14 som
181 236 114 21 framdeles
315 237 66 20 under
404 243 25 14 en
454 243 70 15 annan
547 237 55 21 form
625 237 41 21 kan
690 237 86 22 komma
799 239 68 20 under

37 265 101 21 Ständets
154 265 105 26 pröfning.
289 265 41 25 Jag
346 265 68 21 skulle
430 266 71 20 derför
519 265 80 21 föreslå
623 266 155 26 bordläggning
793 267 23 19 af
831 267 35 20 be-

37 293 118 21 tänkandet
180 293 33 21 till
239 294 47 20 dess
311 295 33 19 att
367 294 180 20 Bankutskottets
573 294 157 27 framställning
756 294 109 27 angäende

37 322 149 26 Längmanska
202 322 88 21 fondens
307 322 119 27 fördelning
441 323 97 20 kommer
554 325 33 19 att
603 323 125 21 behandlas.

106 379 32 21 Hr
160 379 104 27 Lagus:
288 379 40 27 Jag
348 380 37 20 ber
404 382 33 18 att
453 380 27 26 pä
496 379 53 26 skäl,
566 386 45 14 som
629 380 30 20 Hr
675 380 99 21 Lindelöf
788 380 77 26 anfört,

37 407 22 21 fä
74 408 132 21 understöda
221 408 54 20 hans
291 408 86 26 förslag.

107 465 155 21 Diskussionen
277 465 133 21 förklarades
434 465 53 21 härä
510 465 100 26 afslutad,
634 465 108 21 hvarefter
764 466 24 20 R.
806 472 18 14 o.
840 466 25 20 A.

38 493 70 21 beslöt
123 494 117 26 bordlägga
263 494 151 25 betänkandet,
438 494 32 20 till
492 494 49 20 dess
562 494 170 21 Bankutskottet
754 494 113 21 inkommit

39 522 49 21 med
102 522 81 26 förslag
199 522 92 21 rörande
308 522 145 27 fördelningen
477 522 23 21 af
521 522 150 27 Längmanska
692 522 88 21 fondens
796 524 71 19 ränte-

38 551 75 20 medel.

221 715 73 29 Delning
310 715 20 23 af
346 715 68 28 Kajana
430 715 256 29 provincialläkaredistrikt.

106 773 114 21 Allmänna
235 773 210 21 Besvärsutskottets
467 773 118 26 bordlagda
610 773 134 20 betänkande
760 773 40 20 N:o
816 773 26 20 22
859 773 6 20 i

37 802 113 27 anledning
166 801 23 22 af
203 803 31 19 ett
252 802 3 20 i
271 801 160 21 Bondeständet
446 801 119 22 inlemnadt
581 801 181 26 petitionsförslag
778 807 34 15 om
829 801 36 21 de-

37 831 63 20 lande
116 830 22 20 af
152 830 84 26 Kajana
247 831 280 25 provincialläkaredistrikt
539 830 124 26 godkändes
676 832 51 18 utan
738 830 125 20 diskussion.

356 1001 124 28 Arkeologisk
496 1000 53 29 byrå.

108 1064 42 21 Vid
166 1064 94 21 härefter
276 1064 67 21 skedd
359 1064 151 26 föredragning
527 1064 22 20 af
563 1063 113 21 Allmänna
691 1062 176 22 Besvärsutskot-

38 1094 42 20 tets
102 1092 136 21 betänkande
261 1092 40 21 N:o
319 1093 25 20 15
360 1093 7 20 i
382 1092 116 26 anledning
519 1092 23 20 af
564 1093 52 19 etti
632 1092 25 20 R.
674 1098 18 14 o.
709 1092 23 20 A.
749 1090 116 22 inlamnadt

38 1121 212 26 petitionsmemorial
267 1127 34 14 om
317 1121 122 20 inrättande
456 1121 22 20 af
492 1127 27 14 en
534 1120 137 27 arkeologisk
686 1120 53 26 byrå
750 1120 65 19 utoad
832 1119 34 26 sig

107 1178 57 21 Frih.
181 1184 52 15 von
248 1178 72 20 Born
337 1178 61 20 ordet
414 1177 39 21 och
469 1177 98 27 yttrade:
591 1177 42 21 Det
648 1179 24 19 är
690 1177 118 26 egentligen
818 1176 47 21 icke

38 1207 32 20 för
86 1208 32 19 att
132 1208 105 19 motsätta
245 1206 42 26 mig
295 1206 113 21 Allmänna
413 1206 210 21 Besvärsutskottets
629 1205 85 26 förslag,
723 1211 43 14 som
772 1205 37 26 jag
815 1204 51 21 bedt

39 1241 33 15 om
82 1235 66 26 ordet,
158 1237 52 18 utan
218 1235 102 20 fastmera
326 1235 34 20 för
369 1236 31 19 att
409 1235 81 26 antyda
498 1236 33 19 att
539 1235 60 20 detta
609 1234 87 27 förslag,
708 1240 44 14 som
760 1233 107 21 mähända

38 1263 34 22 för
83 1263 135 26 ögonblicket
227 1265 23 19 är
259 1264 36 20 det
306 1263 118 27 riktigaste,
441 1263 47 21 icke
504 1263 105 20 utesluter
624 1263 79 20 tanken
719 1262 27 26 pä
756 1263 32 19 att
798 1261 68 26 möjli-

38 1298 40 21 gen
93 1292 114 21 framdeles
223 1291 26 28 gå
272 1293 73 25 längre
360 1292 7 21 i
384 1292 40 20 den
441 1292 100 25 riktning,
557 1297 44 15 som
618 1291 40 21 den
674 1291 64 20 ärade
753 1290 113 27 petitionä-

38 1327 38 15 ren
92 1321 93 26 angifvit.
216 1321 50 20 Man
282 1321 71 20 kunde
369 1321 115 26 verkligen,
500 1320 47 21 med
563 1322 63 24 tagen
643 1319 118 21 kännedom
777 1325 34 14 om
819 1318 47 21 icke

39 1349 75 21 endast
137 1350 60 20 detta
219 1349 135 21 betänkande
376 1351 51 18 utan
444 1349 65 20 ocksä
525 1349 26 20 de
567 1348 159 27 upplysningar,
742 1353 44 15 som
802 1347 6 20 i
824 1346 42 21 frä-

38 1385 42 19 gan
102 1378 31 21 uti
156 1378 134 26 tidningarne
313 1377 53 21 stätt
389 1378 31 20 till
440 1377 62 25 buds,
518 1377 86 20 komma
619 1376 32 21 till
668 1377 40 20 den
724 1375 141 27 uppfattning,

38 1408 33 19 att
93 1406 37 21 det
151 1412 51 15 vore
226 1406 84 26 mycket
329 1406 37 20 illa
382 1406 94 20 bestäldt
492 1405 48 21 med
556 1405 79 21 vården
651 1410 34 15 om
701 1404 51 20 våra
767 1403 99 31 fornlem-

39 1436 75 25 ningar
136 1435 40 21 och
199 1434 115 21 historiska
336 1434 92 21 minnen.
459 1434 49 20 Men
532 1434 69 20 denna
623 1433 134 26 uppfattning
772 1434 45 18 tror
830 1436 37 20 jag

39 1464 46 20 icke
108 1469 51 15 vore
183 1463 70 26 riktig.
284 1462 71 22 Sedan
378 1463 40 20 den
441 1462 39 24 tid,
502 1462 27 21 dä
545 1462 119 21 Ständerna
679 1461 53 21 först
747 1460 72 21 visade
835 1461 32 18 ett

39 1492 89 26 lifigare
151 1492 90 20 intresse
263 1490 33 22 för
311 1491 73 26 saken,
401 1491 38 21 har
452 1491 24 26 ju
493 1493 32 19 ett
539 1490 82 27 ganska
635 1490 88 20 vackert
738 1489 82 25 arbete,
836 1487 30 21 äf-
