1025 1686
332 105 24 16 R.
370 109 17 12 o.
400 106 22 15 A.
436 105 54 16 1891.
517 105 12 16 6
541 105 46 20 Maj.
804 101 40 21 797

47 185 45 21 nelt
115 185 58 21 kalla
195 185 82 21 vintrar
298 185 73 21 kunna
386 185 67 21 blifva
468 191 26 15 en
510 185 120 27 utfartsväg
646 185 33 22 för
694 188 69 19 större
779 187 61 20 delen
856 187 23 21 af

48 213 48 22 värt
117 214 50 21 land
190 213 32 21 till
245 213 45 21 isfri
313 213 71 27 hamn,
407 213 31 22 lät
460 219 52 16 vara
533 216 34 19 att
585 215 41 20 den
642 214 76 21 endast
733 214 33 21 för
781 215 49 21 kort
845 215 31 21 tid

48 242 69 21 blefve
133 241 97 27 behöflig.
262 241 33 22 Dä
311 242 157 27 produktionen
484 242 71 21 städse
571 242 40 21 har
626 243 90 21 intresse
732 243 22 21 af
770 245 33 19 att
813 244 63 21 vinna

47 271 87 25 lämplig
156 271 191 26 kommunikation,
358 271 24 20 sä
397 273 24 18 är
437 271 37 21 det
488 277 26 14 ur
529 271 115 21 merkantil
659 271 107 27 synpunkt
781 278 26 14 en
822 273 53 20 min-

48 299 37 21 dre
106 299 67 27 vigtig
194 298 66 27 fräga,
276 298 105 22 huruvida
396 298 69 27 nägon
481 306 70 14 annan
567 299 24 21 af
604 299 52 21 vära
670 300 204 27 kommunikations-

47 328 59 21 leder
114 328 75 20 tidtals
204 327 71 21 kunde
291 327 67 27 derpä
373 327 81 21 förlora
468 328 8 20 i
490 327 159 22 fraktinkomst.
671 326 67 23 Äfven
747 329 69 21 denna
832 335 43 15 om-

48 356 121 26 ständighet
185 356 55 20 talar
255 356 33 20 för
304 356 172 21 önskvärdheten
491 358 33 19 att
539 356 21 21 fä
579 356 69 22 denna
654 356 88 28 jernväg
757 357 32 21 till
806 357 67 26 ständ,

48 385 24 21 sä
87 386 60 20 snart
162 385 40 21 den
217 384 33 22 fär
265 384 125 27 betydelsen
412 384 23 21 af
452 386 32 20 att
498 385 99 21 förbinda
613 385 48 21 värt
675 385 137 27 jernvägsnät
826 386 49 21 med

48 414 26 20 de
96 413 165 21 svensk-norska
284 413 102 21 banorna.
416 414 41 26 Jag
479 414 36 20 vill
537 414 46 20 icke
606 420 58 14 mera
686 414 114 26 uppehälla
814 415 24 21 R.
855 420 19 16 o.

48 442 36 21 A:s
100 442 31 21 tid
146 442 48 20 med
210 442 69 20 denna
295 441 61 27 fråga
372 442 39 21 och
426 442 39 21 ber
480 442 57 21 blott
551 442 22 21 få
588 442 108 27 tillstyrka
704 442 60 21 bifall
772 443 33 21 till
813 443 64 21 Jern-

47 470 170 27 vägsutskottets
231 470 163 27 framställning,
411 470 73 22 dervid
500 471 111 21 uttalande
627 471 41 21 den
682 471 148 27 förhoppning,
844 473 32 19 att

48 499 84 21 landets
147 498 100 27 Styrelse,
264 505 34 15 om
314 499 65 21 ocksä
395 500 57 20 olika
468 499 79 27 äsigter
561 499 64 27 hysas
643 506 34 14 om
688 499 77 21 mättet
776 500 22 20 af
808 500 68 21 denna

48 528 67 20 banas
137 527 136 27 behöflighet,
297 528 47 21 icke
358 528 55 20 skall
429 528 140 26 undandraga
585 528 32 26 sig
631 530 38 24 att,
686 528 24 21 sä
724 530 60 19 snart
798 528 78 27 görligt

49 558 29 24 är,
100 556 45 21 låta
160 556 115 21 verkställa
289 556 40 21 den
344 556 166 26 undersökning,
526 562 45 15 som
587 556 69 21 måste
672 556 73 27 föregå
760 557 29 20 all
805 557 71 20 vidare

48 584 98 27 pröfning
162 584 23 21 af
198 584 80 27 frägan.

117 641 32 21 Hr
171 641 24 22 B.
220 641 24 21 O.
269 641 162 21 Schauman:
462 641 41 27 Jag
521 643 24 20 är
559 647 42 20 nog
617 641 78 27 lycklig
710 643 32 19 att
757 642 34 21 vid
808 642 68 21 denna

48 670 103 27 lanätdag
173 670 22 21 få
217 670 85 21 ansluta
324 670 43 26 mig
383 671 31 20 till
430 670 58 21 Frih.
504 676 41 15 von
561 670 88 21 Alfthan
665 671 6 20 i
687 670 69 21 denna
768 670 109 27 jernvägs-

48 698 67 27 fråga.
146 699 10 20 I
178 698 68 21 likhet
269 699 48 20 med
340 699 14 20 f.
378 699 20 20 d.
421 701 136 24 guvernören
575 699 6 20 i
597 698 119 27 Uleåborgs
732 699 41 25 län,
789 705 88 14 numera

49 727 74 21 chefen
146 727 7 21 i
173 727 38 21 vår
226 727 77 26 högsta
318 727 90 26 styrelse
423 727 34 21 för
472 727 238 21 kommunikationerna
726 727 39 21 och
778 727 99 26 jordbru-

49 755 37 21 ket
101 756 6 20 i
122 756 48 21 vårt
185 756 57 25 land,
259 756 38 21 har
310 755 38 27 jag
363 755 97 27 omöjligt
480 756 82 21 kunnat
577 756 52 23 inse,
645 756 72 21 hvilka
732 758 59 19 stora
806 756 71 21 förde-

49 784 32 21 lar
96 784 90 21 Finland
203 784 67 21 skulle
286 784 65 21 hafva
366 791 76 20 genom
458 785 69 20 denna
546 784 63 27 långa
625 785 39 20 och
679 785 131 20 kostsamma
825 785 52 20 ban-

49 813 123 26 sträckning
187 813 89 21 emellan
291 813 110 27 Uleåborg
416 813 40 21 och
472 813 89 26 Torneå,
578 812 61 21 äfven
655 819 34 15 om
706 813 68 21 denna
789 813 88 26 jernväg

48 842 7 20 i
72 847 25 15 en
112 848 50 14 snar
178 841 86 21 framtid
279 842 85 20 komme
380 843 33 19 att
427 841 67 21 blifva
510 848 26 14 en
551 841 268 27 sammanbindningsbana
829 841 48 21 med

50 870 26 20 de
100 870 164 21 skandinaviska
285 870 144 26 jernvägarna
448 870 40 20 och
504 870 90 21 sålunda
609 876 26 14 en
651 870 149 21 internationel
816 870 61 20 bana.

50 898 68 21 Dessa
140 898 95 21 fördelar
256 898 39 21 har
316 898 37 27 jag
373 898 46 22 icke
434 898 83 21 kunnat
532 899 95 20 inhemta
643 898 94 21 hvarken
752 904 76 21 genom
843 900 35 19 ut-

50 926 216 22 skottsbetänkandet
289 927 52 21 eller
364 927 143 26 petitionerna
534 927 39 21 och
600 927 47 21 icke
670 927 67 21 heller
758 933 62 15 anser
841 926 37 27 jag

50 955 32 21 Hr
98 955 115 21 Mechelins
229 962 28 14 nu
273 957 73 19 senast
356 955 80 27 afgifna
450 956 101 26 yttrande
566 956 7 20 i
588 955 76 27 frågan
679 957 53 25 väga
741 957 61 25 tungt
813 956 7 20 i
828 955 49 27 våg-

50 984 75 21 skålen
140 984 33 21 för
189 984 68 21 denna
270 984 96 27 jernväg.

119 1041 32 21 Hr
166 1041 204 27 Pippingsköld:
396 1041 41 27 Jag
452 1041 63 21 utber
531 1041 42 26 mig
589 1043 32 19 att
637 1040 21 22 få
673 1042 53 25 göra
742 1042 30 20 ett
783 1047 39 19 par
832 1040 46 21 små

50 1070 167 26 anmärkningar
239 1070 32 20 till
294 1070 58 21 Frih.
376 1076 41 14 von
433 1070 101 21 Alfthans
549 1070 142 26 andragande.
723 1070 41 20 Det
778 1068 100 22 förvånar

50 1098 44 26 mig
109 1098 71 26 något,
197 1100 31 19 att
243 1098 116 21 Friherren
379 1098 80 21 uttalat
475 1098 41 21 den
531 1098 111 26 farhägan,
658 1099 32 20 att
705 1098 97 25 nordliga
817 1098 61 20 delen

50 1126 24 21 af
88 1127 73 20 landet
176 1127 68 20 skulle
261 1126 64 21 blifva
340 1126 134 21 främmande
489 1126 34 21 för
538 1127 140 26 varuutbytet
692 1126 50 21 med
756 1125 123 22 hemlandet

50 1161 77 20 genom
143 1161 26 15 en
185 1157 98 19 närmare
299 1155 40 21 och
354 1155 79 21 lättare
452 1155 185 21 kommunikation
652 1155 49 20 med
717 1155 40 20 den
772 1154 107 21 blifvande

50 1184 139 20 norrländskt
212 1183 90 22 svenska
325 1183 70 22 banan
411 1184 125 21 förmedelst
552 1190 26 15 en
593 1183 156 21 Torneä-bana.
780 1183 98 20 Handeln

50 1211 70 22 måste
142 1218 62 15 anses
226 1219 51 14 vara
301 1212 40 21 och
364 1214 24 19 är
409 1212 177 27 kosmopolitisk;
608 1212 158 21 knutintressen
782 1211 52 21 eller
848 1212 31 20 in-

51 1240 103 21 skränkta
168 1241 117 21 nationella
300 1241 70 26 syften
385 1240 22 21 fä
422 1241 49 21 med
486 1241 101 20 afseende
603 1240 50 21 derä
669 1241 46 20 icke
730 1242 52 24 göra
793 1240 31 26 sig
834 1240 44 27 gäl-

50 1269 70 21 lande.
151 1269 39 21 Att
212 1269 56 21 blott
291 1275 26 15 en
339 1271 77 25 export
436 1269 48 21 frän
500 1275 64 15 norra
579 1269 91 21 Finland
686 1269 22 21 ät
723 1268 156 21 Skandinavien

52 1297 69 21 skulle
144 1297 79 27 uppstä
245 1297 39 22 och
307 1298 47 21 icke
378 1298 69 21 tillika
469 1298 86 26 import,
577 1299 24 19 är
623 1299 77 19 nästan
720 1297 92 26 otroligt.
844 1297 35 21 Mä

52 1326 70 21 denna
136 1326 62 26 fråga
213 1327 32 20 för
261 1326 64 27 öfrigt
340 1327 82 20 lemnas
435 1327 97 24 derhän;
547 1333 48 14 men
611 1328 32 19 ett
657 1326 70 21 axiom
743 1327 30 24 är,
782 1327 31 19 att
821 1327 58 19 näm-

52 1355 56 26 ligen
124 1355 157 26 omsättningen
296 1355 75 21 länder
386 1355 91 21 emellan
493 1355 76 21 mände
585 1354 111 21 befordras
712 1354 39 21 och
766 1354 115 27 ingalunda

53 1385 75 19 störas.
160 1383 49 21 Men
224 1383 115 22 Friherren
355 1383 149 27 supponerade
520 1383 67 26 äfven,
604 1385 32 19 att
646 1383 161 21 konkurrensen
817 1384 63 20 emel-

52 1411 36 21 lan
104 1412 51 20 vära
171 1412 67 21 banor
253 1411 22 21 ät
290 1412 64 20 söder
369 1412 40 20 och
424 1412 26 21 de
466 1411 165 21 skandinaviska
646 1411 7 21 i
669 1411 93 26 riktning
777 1412 45 20 mot
830 1411 51 21 Ofo-

53 1442 36 18 ten
106 1440 69 21 skulle
190 1440 66 21 blifva
271 1440 144 26 ofördelaktig
430 1440 34 21 för
480 1446 41 15 oss.
551 1440 40 26 Jag
607 1440 80 21 tillåter
702 1440 43 26 mig
760 1441 32 19 att
807 1440 31 20 till
854 1446 27 14 en

53 1468 43 21 viss
118 1468 50 21 män
194 1468 87 22 betvifla
305 1469 60 20 detta
391 1468 125 28 påstående,
540 1470 23 26 ty
585 1468 51 21 våra
658 1475 64 14 norra
745 1468 73 24 banor,
846 1468 35 21 sä-

54 1497 45 21 vidt
118 1496 37 27 jag
177 1497 81 21 känner
274 1497 72 27 saken,
364 1499 38 19 äro
418 1498 7 20 i
441 1497 232 27 anläggningskostnad
688 1497 48 21 vida
747 1496 96 26 billigare
854 1498 27 19 än

792 1535 22 18 51
