1025 1686
194 107 41 21 560
449 110 25 17 R.
486 115 18 12 o.
517 110 23 17 A.
552 110 55 17 1891.
631 111 10 16 1
652 109 65 22 April.

166 194 108 25 utrymme
291 193 32 19 att
339 191 25 21 de
384 191 70 20 kunde
477 189 87 22 komma
584 190 33 21 till
638 191 64 19 rätta.
734 189 32 20 De
789 195 51 14 voro
861 188 82 27 färdiga
966 189 32 20 att

167 220 136 21 omedelbart
321 219 64 27 ätaga
401 219 31 26 sig
448 218 180 27 skattskyldighet
643 217 39 22 och
699 217 120 22 förbehöllo
841 217 31 26 sig
893 217 48 26 inga
962 223 36 14 ny-

167 248 188 27 byggesfrihetsär,
377 249 52 19 utan
445 247 76 21 trädde
536 249 75 23 genast
626 247 6 20 i
648 247 59 20 skatt
722 247 46 20 mot
783 245 123 22 erhällande
922 245 23 22 af
958 245 41 20 den

167 278 69 23 mark,
253 283 46 14 som
316 277 25 20 de
357 276 102 24 behöfde;
475 276 46 20 deri
536 275 35 26 läg
587 275 39 21 alls
642 275 46 21 icke
704 274 117 26 nägonting
836 274 94 26 olagligt,
947 275 51 19 utan

167 312 38 14 var
224 306 37 20 det
277 304 129 26 fullkomligt
421 304 89 21 korrekt
529 303 104 21 handladt
647 302 56 22 ifrän
720 302 120 27 Styrelsens
855 302 53 24 sida,
929 302 70 21 säsom

168 334 62 21 äfven
245 334 7 20 i
269 334 137 26 skogslagens
423 333 12 20 3
452 332 11 27 $
479 332 111 21 erkännes.
621 332 38 20 Att
681 332 37 20 det
734 332 87 24 mantal,
842 337 45 14 som
909 330 27 21 dä
957 331 41 20 exi-

168 364 85 19 sterade
269 362 32 20 uti
323 361 117 27 Kemijärvi
462 361 84 24 socken,
569 360 68 21 skulle
653 360 57 20 varit
731 361 33 19 ett
786 359 104 21 definitivt
911 359 87 25 mantal,

168 391 37 21 vill
221 391 34 20 väl
272 390 62 26 ingen
350 389 69 27 pästä.
450 390 42 20 Det
507 389 98 21 kallades
620 388 140 27 provisionelt
782 388 39 21 och
843 388 36 20 det
901 388 41 20 kan
963 387 35 21 vid

168 425 27 15 en
211 419 74 26 slutlig
300 418 159 26 skattläggning
474 420 57 18 ännu
547 418 88 23 ändras;
652 416 78 22 sädant
746 416 64 21 beror
825 416 135 26 naturligtvis
971 415 27 27 pä

168 448 41 20 den
225 447 79 27 odling,
321 453 45 15 som
382 447 37 20 der
434 446 34 21 vid
485 446 69 21 denna
570 446 99 26 tidpunkt
684 445 122 21 förefinnes.
822 458 27 2 —
864 445 41 26 Jag
915 444 40 21 har
970 450 29 15 nu

168 476 33 20 för
217 476 70 26 tredje
303 475 81 27 gängen
400 475 83 21 försökt
498 476 53 24 göra
567 474 70 21 denna
652 474 38 21 sak
706 473 54 21 klar.
792 474 41 20 Det
848 472 102 22 behöfves
966 472 33 22 för

167 506 34 19 att
216 504 70 21 förstä
302 504 46 25 den,
364 505 33 19 att
412 504 46 20 läsa
473 503 154 26 handlingarna
642 502 35 21 vid
696 503 55 20 1872
762 502 39 21 och
814 502 54 21 1877
883 502 34 21 ärs
929 502 70 20 landt-

168 532 67 26 dagar
251 532 6 20 i
275 534 30 19 ett
321 532 153 26 sammanhang
490 532 39 20 och
545 532 46 20 icke
607 531 76 21 endast
699 531 36 21 det
756 530 74 27 stycke
851 530 23 21 af
895 530 104 21 utskotts-

168 560 154 26 betänkandet,
338 566 45 15 som
399 561 7 20 i
421 560 158 21 reservationen
595 559 88 21 anförts.

239 617 33 21 Hr
295 617 22 20 L.
340 616 152 21 Mechelin:
515 616 41 27 Jag
579 616 63 21 utber
661 616 44 26 mig
720 617 33 20 att
768 615 22 21 fä
804 617 59 25 yttra
878 615 67 26 nägra
960 615 39 20 ord

168 646 7 21 i
192 645 116 26 anledning
323 645 23 21 af
360 645 54 20 hvad
432 645 56 20 Frih.
505 645 79 20 Wrede
600 645 106 26 andragit.
737 644 42 27 Jag
801 644 82 26 hoppas
906 645 32 19 att
959 643 40 21 den

169 674 66 21 ärade
251 673 114 22 Friherren
380 673 55 21 skall
450 673 57 26 gifva
523 673 42 26 mig
581 675 48 22 rätt,
651 673 28 21 dä
700 673 37 26 jag
760 674 61 25 tager
845 673 43 26 mig
909 672 91 21 friheten

168 703 107 20 anmärka
291 704 32 19 att
338 702 7 21 i
360 704 173 19 reservanternes
548 701 80 27 förslag
643 701 34 22 till
693 701 112 21 uttalande
827 701 47 21 icke
896 702 25 19 är
939 701 61 26 fräga

169 737 34 15 om
221 730 130 21 Ständernas
367 730 102 21 hörande.
500 730 44 21 Der
559 730 63 27 yrkas
637 729 34 28 pä,
696 731 33 19 att
744 730 26 21 de
786 729 38 22 der
846 729 93 22 berörda
957 729 42 21 frä-

170 759 69 21 dorna
262 759 61 21 skola
345 759 142 21 underkastas
512 759 131 20 Ständernas
665 758 107 27 pröfning.
804 758 48 21 Med
869 758 130 21 Ständernas

169 787 98 21 hörande
283 787 55 21 afses
354 787 136 21 inhemtande
506 787 23 21 af
540 787 131 21 Ständernas
686 787 102 26 yttrande
803 787 7 20 i
826 787 80 21 sädana
921 786 78 27 frägor,

169 816 74 21 hvilka
259 815 52 22 falla
326 816 57 21 inom
402 815 40 22 den
465 816 172 21 administrativa
658 815 168 26 lagstiftningen.
857 815 71 27 Nägot
943 817 57 18 utta-

168 844 64 21 lande
248 844 7 20 i
271 844 66 21 sädan
348 844 94 26 riktning
452 844 64 20 hafva
524 846 161 19 reservanterne
695 843 47 21 icke
751 844 70 24 afsett,
829 845 53 19 utan
893 844 26 20 de
932 843 64 21 hafva

169 872 145 27 uttryckligen
330 873 56 20 velat
400 872 57 26 gifva
472 872 35 21 vid
523 872 84 21 handen
623 874 32 20 att
670 872 122 21 Ständerna
806 872 66 21 borde
882 872 21 21 fä
915 872 85 26 deltaga

168 901 9 21 i
192 901 166 26 lagstiftningen,
376 902 38 19 när
429 900 81 22 sädana
525 900 78 27 frägor,
627 907 45 15 som
688 901 7 21 i
712 900 70 22 denna
802 900 81 27 ingress
904 900 95 26 beröras,

169 929 142 21 förekomma.
342 929 63 21 Hvad
420 929 46 21 åter
481 929 132 21 vidkommer
628 931 31 19 ett
671 929 78 21 sådant
759 929 93 27 uttryck,
868 936 45 14 som
929 929 70 27 ,,prin-

170 958 85 26 cipiella
270 958 150 26 förändringar
434 958 7 20 i
456 958 61 26 fråga
533 964 34 14 om
583 958 127 26 disposition
733 958 23 20 af
776 958 137 26 kronojord'',
927 958 24 20 så
967 963 32 21 sy-

170 992 39 15 nes
224 986 38 21 det
277 987 42 25 mig
335 986 38 21 allt
388 986 33 21 för
436 986 116 22 sväfvande
567 986 33 21 för
615 988 33 19 att
663 986 69 26 derpå
746 986 83 26 grunda
852 992 27 15 en
901 988 44 19 rätt
967 987 32 19 att

169 1015 88 26 deltaga
273 1015 6 20 i
295 1014 159 27 lagstiftningen
470 1022 34 14 om
521 1015 129 27 disposition
665 1015 25 21 af
704 1014 123 28 kronojurd,
850 1015 87 21 hvartill
960 1014 40 21 hör

169 1043 75 27 frågor
261 1050 34 14 om
311 1043 107 27 nybygges
434 1044 159 26 anläggningar,
617 1050 34 14 om
675 1045 68 19 sättet
765 1043 34 21 för
822 1044 117 26 skogarnas
957 1043 42 21 för-

170 1072 103 26 valtning,
291 1078 33 15 om
340 1072 137 26 skogsmarks
492 1072 137 21 förklarande
652 1072 35 21 för
710 1072 123 26 kronopark
848 1078 27 15 m.
891 1072 20 21 fl.
928 1072 72 26 dylika

169 1100 173 21 administrativa
356 1100 78 26 frågor.
464 1101 33 20 En
512 1107 71 14 annan
599 1101 38 21 sak
653 1102 31 22 är,
702 1106 34 15 om
752 1107 49 14 man
816 1101 69 21 funnit
901 1102 36 20 det
949 1106 51 14 vara

174 1129 75 20 utredt
273 1131 32 18 att
328 1128 132 21 förfarandet
482 1129 48 20 med
549 1129 134 21 Kemiträsks
707 1129 168 26 öfverloppsjord
897 1129 55 20 varit
975 1135 26 14 en

170 1157 83 26 verklig
277 1157 101 20 afvikelse
400 1157 46 27 från
463 1163 25 14 en
504 1157 132 27 författning,
660 1163 47 15 som
723 1157 49 21 med
797 1157 132 22 Ständernas
945 1163 54 15 sam-

170 1185 63 26 tycke
250 1185 131 21 tillkommit.
411 1186 31 20 Ar
464 1185 60 21 detta
545 1186 79 25 utredt,
647 1185 24 22 så
695 1185 69 22 finner
781 1186 37 27 jag
833 1187 36 20 det
884 1192 52 15 vara
951 1185 49 22 fullt

170 1213 105 27 befogadt
290 1213 23 21 af
327 1213 119 22 Ständerna
462 1215 32 20 att
510 1215 69 20 uttala
595 1216 30 19 ett
648 1214 136 27 beklagande
807 1215 105 25 deröfver,
934 1214 65 27 jemte

170 1242 42 21 den
228 1242 144 27 förhoppning
387 1244 32 19 att
434 1243 72 26 dylika
520 1242 113 22 afvikelser
648 1243 48 21 icke
711 1242 115 22 framdeles
841 1243 35 21 mä
891 1249 40 20 ega
946 1249 53 14 rum.

171 1270 50 21 Men
239 1271 28 20 då
283 1271 60 20 torde
358 1271 7 20 i
382 1271 73 26 sjelfva
471 1271 76 21 verket
562 1272 89 21 ärendet
666 1271 99 21 erfordra
784 1278 26 15 en
832 1272 49 21 vida
896 1277 105 21 noggran-

171 1305 53 14 nare
241 1299 117 26 beredning
373 1301 27 19 än
416 1305 28 15 nu
459 1299 90 21 kommit
565 1300 118 21 detsamma
705 1300 33 21 till
754 1300 40 21 del.
825 1300 27 21 Vi
875 1300 64 21 hafva
962 1300 39 21 här

170 1327 70 21 under
256 1327 102 22 debatten
373 1327 41 22 fått
429 1328 54 21 höra
498 1328 59 21 bevis
572 1328 34 21 för
629 1329 38 20 och
692 1330 52 19 mot.
775 1329 38 20 Att
835 1329 76 21 endast
935 1328 66 27 derpå

168 1356 87 25 grunda
263 1361 26 16 en
297 1356 140 27 anmärkning
445 1357 20 20 af
475 1357 70 20 denna
558 1357 148 21 beskaffenhet
717 1363 51 14 vore
778 1357 34 20 väl
824 1357 34 21 för
868 1357 69 27 tidigt,
949 1360 51 17 utan

170 1384 68 21 borde
255 1384 28 21 då
299 1384 121 21 återremiss
436 1385 44 21 ske.
510 1385 41 26 Jag
565 1385 68 21 måste
648 1385 33 21 för
698 1385 43 21 min
757 1385 34 21 del
806 1385 100 27 vidhålla,
922 1387 38 23 att,
977 1385 24 21 sä

170 1418 47 15 som
234 1414 172 20 reservanternes
417 1413 80 26 förslag
507 1415 25 19 är
543 1413 106 25 aftattadt,
660 1413 96 27 framgår
769 1414 61 21 deraf
838 1414 46 22 icke
895 1420 38 15 ens
944 1420 57 15 ome-

170 1441 87 21 delbart
273 1442 32 20 att
321 1441 75 21 endast
412 1441 130 27 åtgärderna
557 1442 132 21 beträffande
700 1442 124 21 Kemiträsk
834 1442 69 22 skulle
913 1442 88 22 dermed

170 1469 64 26 afses,
252 1471 51 20 utan
319 1470 37 20 det
371 1471 24 19 är
411 1470 101 21 affattadt
527 1470 70 22 såsom
620 1472 31 20 ett
674 1470 95 27 anspråk
792 1470 27 27 på
842 1473 32 19 att
896 1471 22 21 få
933 1471 8 20 i
956 1470 45 21 vid-

171 1498 122 21 sträcktare
309 1498 52 26 grad
377 1500 27 19 än
420 1498 55 22 hvad
491 1499 77 27 tydligt
583 1499 42 21 kan
645 1499 85 22 bevisas
751 1506 51 14 vara
824 1499 132 27 berättigadt
979 1499 22 21 få
