1025 1686
347 94 20 16 R.
385 98 17 12 o.
415 93 21 16 A.
451 93 56 17 1891.
532 93 20 16 11
565 93 48 21 Maj.
827 91 40 20 915

138 173 32 22 Hr
193 173 24 21 A.
242 173 152 22 Mechelin:
425 174 33 21 En
484 175 97 20 närmare
604 173 134 28 bestämning
762 175 135 26 derom,hvad

69 203 48 21 med
126 202 151 27 ståndsperson
285 201 39 22 bör
331 202 83 25 förstås,
424 203 62 20 torde
495 208 50 15 vara
553 203 58 20 svårt
619 204 32 19 att
659 202 61 27 gifva.
741 203 38 21 Att
794 204 104 27 lysnings-

68 231 70 22 sedels
153 230 260 27 stämpelpappersbelopp
422 230 61 21 äfven
498 230 7 21 i
521 231 66 21 andra
609 231 36 21 fall
661 230 59 27 gifvit
736 231 112 28 anledning
863 233 33 20 till

68 259 132 27 svårigheter
223 259 39 20 och
285 259 163 26 anmärkningar
472 259 61 21 torde
553 265 51 15 vara
619 259 64 22 allom
699 259 87 26 bekant;
804 262 23 20 så
842 261 55 22 före-

69 288 97 21 kommer
181 289 14 19 t.
213 293 24 15 ex.
260 286 151 28 lysningssedel
427 286 33 22 för
474 287 76 21 bonde.
581 288 34 20 En
631 287 69 22 bonde
716 288 41 21 kan
774 295 49 15 vara
834 295 62 20 egare

69 316 23 21 af
114 318 18 23 1,
149 316 19 26 2,
185 316 13 20 3
214 315 79 21 mantal
309 315 38 21 och
368 316 41 20 kan
428 316 64 21 också
508 322 51 14 vara
574 322 63 20 egare
652 316 22 21 af
688 316 54 22 blott
757 317 37 27 1/,,
810 318 85 21 mantal.

68 344 117 22 Skilnaden
210 343 82 22 således
321 344 89 21 emellan
434 350 141 21 personernas
600 344 226 27 förmögenhetsvilkor
854 346 42 21 kan

70 380 49 14 vara
134 372 81 28 ganska
231 372 125 27 betydande,
372 372 38 22 och
427 372 61 21 äfven
504 373 109 26 angående
631 373 69 21 denna
710 373 132 28 bestämning
857 374 40 22 har

69 402 66 21 redan
158 401 57 21 förut
240 400 35 21 vid
289 401 137 27 uppgörande
442 400 22 22 af
482 401 79 27 förslag
580 401 33 21 till
633 402 264 27 stämpelpappersförord-

70 430 50 26 ning
135 430 85 27 mycket
236 429 134 24 diskuterats,
386 436 47 14 men
447 429 37 27 jag
500 431 45 19 tror
561 432 56 18 ännu
631 430 63 26 ingen
710 430 41 21 kan
767 431 77 27 antyda
861 431 36 21 det

68 460 50 25 sätt,
127 459 27 27 på
170 458 81 20 hvilket
267 464 47 14 man
329 458 69 21 skulle
413 458 86 21 komma
515 458 31 20 till
563 464 25 15 en
603 458 48 21 fullt
659 458 91 27 adeqvat
762 459 135 27 och
806 454 14 36 i
829 459 68 27 hvarje

70 487 37 21 fall
122 486 105 28 passande
242 486 138 27 bestämning.
411 486 39 21 Att
465 486 159 27 presterskapet
639 487 98 21 stundom
746 488 68 20 måste
822 489 75 19 stanna

70 516 6 20 i
91 515 141 25 tveksamhet,
248 514 113 22 förundrar
376 514 42 27 mig
432 514 122 27 ingalunda.
584 516 42 20 Det
641 515 81 21 händer
736 516 39 20 och
784 516 39 21 har
831 516 66 21 händt

70 544 89 26 mången
183 544 61 25 gång,
267 549 47 15 men
337 543 32 21 för
392 544 42 20 min
454 543 34 21 del
504 544 56 20 inser
573 544 36 26 jag
625 544 52 26 icke,
691 544 79 21 hvilket
786 544 79 21 mantal
881 546 15 19 t.

70 578 30 15 ex.
117 571 68 22 skulle
201 571 127 22 bestämmas
344 577 45 16 som
405 573 63 25 gräns
484 571 77 22 mellan
577 571 70 22 bonde
663 571 39 22 och
716 572 116 27 godsegare
846 572 51 21 eller

72 601 181 26 ståndspersoner.
284 599 40 27 Jag
345 602 45 19 tror
414 600 71 21 derför
507 601 32 20 att
561 606 26 15 en
609 600 121 21 återremiss
746 600 31 21 till
793 601 105 21 utskottet

69 629 125 27 näppeligen
210 628 84 21 komme
310 630 31 19 att
356 628 49 21 leda
420 628 32 21 till
469 628 91 21 önskadt
575 629 95 21 resultat.

138 685 57 22 Frib.
220 691 51 16 von
292 685 81 22 Born:
404 685 57 21 Frih.
486 692 40 14 von
542 685 107 27 Knorring
665 686 39 20 har
718 686 72 21 berört
808 687 30 20 ett
853 685 44 25 fall,

70 715 28 21 då
113 713 150 27 förordningen
285 714 41 21 kan
342 720 50 15 vara
408 714 73 26 kinkig
496 716 33 19 att
543 714 7 20 i
565 714 69 21 denna
650 714 33 21 del
699 714 95 27 tillämpa
810 714 38 21 och
864 721 33 14 re-

70 743 41 21 dan
138 742 105 21 utskottet
266 742 38 21 har
325 743 28 26 pä
372 742 37 21 sid.
434 743 12 20 6
470 743 75 26 antydt
563 749 25 14 en
604 743 77 26 mängd
698 743 64 20 andra
777 742 120 26 händelser,

70 771 28 21 dä
109 771 36 21 det
160 777 50 15 vore
227 771 44 21 dels
286 771 58 21 svärt
360 771 39 20 och
416 771 44 21 dels
481 771 82 26 obilligt
578 772 32 20 att
625 771 95 26 tillämpa
735 771 163 26 ifrägavarande

70 799 123 27 stadgande.
224 799 11 21 I
249 799 66 21 likhet
330 799 48 21 med
394 799 55 22 hvad
462 799 38 27 jag
515 799 71 26 redan,
602 799 35 21 vill
651 799 36 27 jag
702 801 86 24 minnas,
799 799 33 22 vid
842 800 55 21 1885

70 829 35 20 ärs
124 827 101 27 landtdag
248 828 113 26 päyrkade,
384 828 39 20 och
439 828 25 20 R.
482 834 18 14 o.
517 828 24 20 A.
559 828 26 20 dä
600 827 110 27 behagade
725 827 89 27 besluta,
829 827 69 21 skulle

67 856 36 26 jag
126 856 61 21 äfven
208 862 28 14 nu
251 856 84 26 föreslä,
351 858 32 19 att
399 856 49 21 hela
464 856 69 21 denna
548 856 142 26 beskattning,
707 856 190 27 stämpelpappers-

70 884 59 27 afgift
151 884 33 21 för
207 884 158 27 lysningssedel,
381 886 67 20 mätte
463 891 26 14 ur
504 884 152 26 författningen
671 885 56 26 utgä.
757 885 47 20 Den
820 884 78 27 vigtiga

70 912 225 27 samhällsinstitution,
311 919 46 15 som
372 912 74 22 träffas
462 913 20 21 af
498 913 68 21 denna
581 912 64 26 skatt,
662 919 60 21 synes
738 913 42 26 mig
790 912 46 22 icke
847 918 51 16 vara

70 942 65 26 nägot
151 941 96 27 lämpligt
262 941 243 27 beskattningsföremäl,
525 941 39 21 och
579 941 120 27 uppenbart
714 943 28 19 är,
769 943 31 19 att
816 941 82 27 härige-

70 976 48 14 nom
142 969 68 21 skulle
233 970 90 21 beredas
344 976 26 15 en
393 971 45 19 stor
461 970 82 20 lättnad
565 969 32 21 för
612 969 174 27 tjenstemännen,
803 971 96 19 närmast

69 998 166 21 medlemmarna
259 998 20 21 af
302 998 36 21 det
353 998 137 27 Högvördiga
506 998 95 24 Ständet,
618 1004 45 15 som
679 998 43 21 ofta
738 1000 66 19 sättas
819 998 7 20 i
848 997 50 27 bry-

70 1026 59 50 ae
138 1026 22 21 af
178 1026 61 22 dessa
258 1026 164 27 bestämningar,
446 1032 46 16 som
515 1026 6 21 i
537 1026 151 27 författningen
703 1029 93 24 upptaga
810 1032 46 15 mer
871 1028 27 18 än

69 1055 13 21 3
97 1054 64 22 sidor.

138 1112 32 21 Hr
185 1112 104 21 Munck:
305 1113 9 20 I
330 1112 47 21 nåd.
387 1112 147 27 prop:ns
485 1106 10 37 $
504 1106 34 37 19,
544 1112 25 20 11
581 1118 62 14 mom.
656 1111 140 20 förekommer
807 1116 25 15 en
848 1110 51 20 skil-

71 1141 42 21 nad
136 1140 76 21 mellan
236 1141 140 21 nämndemän
392 1142 55 19 samt
462 1146 64 20 egare
541 1140 21 21 af
576 1139 90 22 rusthäll
681 1139 40 21 och
735 1138 164 27 frälselägenhet

72 1171 55 19 samt
150 1169 179 25 skattehemman;
353 1175 47 14 men
424 1169 26 20 dä
473 1168 117 21 rusthällen
606 1174 88 15 numera
709 1169 36 20 äro
760 1167 139 21 förvandlade

71 1197 32 21 till
126 1197 84 27 vanliga
233 1197 104 27 hemman,
360 1198 23 20 sä
406 1197 39 21 bör
466 1197 48 21 icke
537 1203 62 20 egare
621 1196 22 21 af
664 1195 89 22 rusthäll
768 1195 90 21 bekosta
873 1201 27 14 en

70 1226 66 27 högre
151 1226 62 21 karta
229 1228 26 19 än
271 1226 70 26 vanlig
357 1225 76 26 bonde,
450 1225 85 21 hvarför
549 1225 35 27 jag
608 1225 68 20 skulle
691 1224 83 26 föreslä,
791 1226 31 19 att
839 1223 61 22 ordet

72 1254 154 27 nrusthällare'*
242 1254 67 21 skulle
325 1255 57 26 utgå.

140 1311 32 22 Hr
195 1311 60 27 Aug.
279 1311 153 22 Schauman:
463 1311 41 26 Jag
527 1310 38 21 ber
587 1317 34 14 om
641 1310 79 24 ursäkt,
737 1315 34 15 om
788 1309 62 21 ocksä
864 1308 37 27 jag

71 1340 101 21 besvärar
188 1340 90 21 Ständet
294 1340 47 21 med
358 1346 26 15 en
399 1339 51 21 liten
468 1339 145 26 anmärkning.
644 1339 42 20 Det
701 1341 23 18 är
738 1338 7 20 i
761 1337 106 27 egenskap
880 1336 23 21 af

71 1368 92 27 gammal
179 1368 200 27 boktryckeriegare
393 1368 36 27 jag
444 1367 50 22 ville
510 1367 107 26 anmärka,
634 1369 32 19 att
681 1366 7 21 i
702 1366 74 27 punkt.
794 1366 26 20 10
836 1365 64 21 afbe-

71 1397 159 26 stämningarna
245 1397 91 20 rörande
352 1396 153 28 lysningssedel
519 1395 141 22 förekommer
668 1395 107 26 uttrycket
786 1394 114 31 ,,sättare*.

71 1425 33 21 Då
120 1431 28 15 nu
164 1424 248 28 boktryckeriarbetarne
428 1424 46 21 haft
490 1424 40 21 den
545 1426 51 19 äran
612 1425 32 20 att
659 1423 63 21 blifva
732 1422 101 22 särskildt
843 1421 58 26 ihåg-

71 1454 79 20 komna
164 1453 7 20 i
187 1454 69 20 denna
271 1452 125 27 författning
410 1452 67 22 sedan
494 1453 65 26 några
574 1452 126 26 landtdagar
715 1451 95 25 tillbaka,
826 1450 23 20 så
862 1449 40 21 har

72 1482 36 20 det
123 1482 107 20 sannolikt
246 1482 54 20 varit
316 1481 118 27 meningen,
442 1482 32 20 att
483 1480 97 27 samtliga
588 1479 234 27 boktryckeriarbetare
833 1478 69 21 skulle
