1025 1686
174 99 41 21 608
423 103 25 17 R.
461 108 17 12 o.
490 103 24 17 A.
526 104 55 16 1891.
602 103 23 17 10
637 103 64 21 April.

145 191 26 14 en
187 184 34 21 hel
237 183 78 26 mängd
331 182 110 22 underslef
457 182 55 21 skall
533 183 67 20 varda
615 182 155 27 undanrödjad.
802 182 61 21 Hvad
879 181 46 22 äter
940 181 37 21 be-

143 212 77 22 träffar
235 211 186 27 tobaksodlingen,
435 211 65 21 sädan
520 217 45 15 som
583 211 41 21 den
639 217 30 15 nu
684 217 50 20 eger
750 217 54 19 rum,
820 210 40 21 och
875 210 44 21 som
936 210 41 21 den

144 243 54 19 nära
214 246 41 21 nog
271 240 48 21 från
333 241 109 20 urminnes
457 240 31 21 tid
496 239 111 22 bedrifvits
623 239 23 22 af
659 239 38 21 vär
715 239 91 26 allmoge
816 239 62 21 äfven
888 239 7 20 i
905 240 72 19 vestra

145 269 98 21 Finland.
261 269 24 20 sä
300 269 81 26 hoppas
395 269 37 25 jag
447 269 40 20 den
504 268 55 21 skall
574 267 22 21 fä
611 268 100 21 förblifva
726 267 73 21 ostörd
815 267 39 21 och
870 269 32 19 att
918 267 59 21 säväl

144 297 160 27 produktionen
327 303 45 15 som
390 296 168 27 bearbetningen
575 296 39 21 och
630 296 41 21 den
686 296 123 27 obetydliga
824 295 153 27 minutförsälj-

144 326 79 26 ningen
245 326 34 20 till
301 331 93 21 grannar
410 325 39 21 och
463 325 69 21 andra
547 325 63 21 enkla
625 325 111 21 afnämare
750 324 47 22 icke
812 324 55 21 skall
882 324 93 21 hindras.

215 382 72 22 Sedan
310 382 146 26 diskussionen
478 382 54 21 härä
550 382 115 21 förklarats
684 381 101 25 afslutad,
803 381 68 21 beslöt
887 380 90 22 Ständet

144 411 113 21 remittera
280 411 160 27 propositionen
455 411 33 20 till
504 410 67 21 Stats-
589 410 39 21 och
643 410 248 26 Bevillningsutskotten,
908 409 69 21 Stats-

144 440 109 20 utskottet
277 439 33 21 till
333 439 119 21 kännedom
473 439 41 21 och
537 439 7 20 i
561 438 100 22 afseende
677 439 13 21 å
706 438 119 27 afgifvande
841 438 23 21 af
876 438 100 26 yttrande

145 474 35 15 om
203 468 27 21 de
245 468 85 26 belopp,
347 474 45 14 som
408 468 66 20 borde
489 474 78 20 genom
583 467 116 27 bevillning
714 467 190 26 sammanbringas,
921 468 56 19 samt

145 496 33 21 till
200 496 238 26 Bevillningsutskottet
453 496 33 20 för
502 496 121 26 afgifvande
639 496 23 21 af
676 495 112 22 utlätande
804 502 34 14 om
854 496 66 20 sättet
936 495 39 21 och

145 524 121 28 detaljerna
281 524 33 21 för
329 524 153 27 bevillningens
497 524 126 26 utgörande.

472 694 174 23 Tändstieksaccis.

213 751 80 21 Vidare
309 751 110 26 föredrogs
434 750 48 21 näd.
499 757 61 20 prop.
577 751 40 21 N:o
633 751 27 20 28
675 750 111 27 angäende
802 750 56 21 accis
873 750 28 27 pä
913 750 62 21 tänd-

144 779 89 26 stickor,
249 779 90 21 hvarvid

214 836 32 20 Hr
259 841 54 15 von
328 835 110 27 Wright
448 836 117 26 beviljades
577 836 61 20 ordet
649 836 40 20 och
700 836 92 26 yttrade:
806 836 86 20 Liksom
901 835 74 27 hvarje

144 864 59 22 skatt
225 864 28 26 pä
277 864 99 21 absoluta
397 864 243 21 förnödenhetsartiklar
661 866 73 24 tyngst
756 864 68 21 hvilar
839 864 28 26 pä
883 864 26 20 de
925 864 50 20 obe-

144 892 106 26 medlade,
267 892 90 22 emedan
372 892 85 21 skatten
472 892 64 26 utgär
551 893 7 20 i
574 899 26 15 en
615 895 70 19 större
701 893 125 26 proportion
842 893 23 20 af
873 893 62 20 deras
943 892 33 21 in-

144 922 73 20 komst
239 922 28 19 än
291 921 22 21 af
334 921 26 20 de
382 921 153 26 förmögnares,
551 921 24 21 sä
590 923 24 19 är
629 921 60 21 fallet
705 920 62 22 äfven
783 921 48 21 med
847 921 85 21 skatten
947 920 28 27 pä

145 949 142 21 tändstickor.
317 949 41 27 Jag
381 949 81 27 hoppas
478 950 73 20 derför
566 952 33 18 att
614 949 166 21 Statsutskottet
796 950 62 24 skall,
874 951 59 19 utom
949 949 26 21 de

144 978 69 21 andra
237 978 54 26 skäl,
308 984 45 14 som
370 978 44 20 tala
429 980 44 19 mot
488 978 104 26 förslaget
608 980 32 18 att
655 978 93 27 pälägga
763 978 134 21 tändstickor
912 978 62 25 accis,

144 1006 58 21 finna
225 1006 115 26 anledning
362 1008 33 19 att
417 1012 55 20 noga
495 1006 114 26 öfverväga
632 1006 62 21 äfven
714 1007 40 20 den
770 1006 23 21 af
806 1006 43 27 mig
864 1006 111 27 päpekade

145 1035 187 26 omständigheten
349 1034 39 21 och
402 1035 81 25 utreda,
494 1042 33 14 om
544 1035 46 21 icke
606 1037 65 25 utväg
686 1035 72 21 kunde
773 1035 67 21 finnas
856 1037 33 19 att
903 1034 72 27 undgä

144 1064 71 20 denna
237 1063 66 21 skatt.
334 1063 70 21 Jemte
424 1064 122 20 uttalandet
561 1064 23 20 af
597 1064 70 20 denna
682 1064 142 26 förhoppning
839 1063 39 21 ber
890 1064 37 26 jag
943 1065 32 19 att

144 1092 21 21 fä
181 1091 57 21 fästa
254 1091 216 27 uppmärksamheten
486 1092 35 21 vid
537 1094 32 19 att
585 1092 36 21 det
636 1092 47 21 icke
699 1094 24 19 är
738 1092 91 21 allenast
840 1092 39 21 den
891 1092 84 20 direkta

144 1120 173 26 beskattningen,
327 1126 45 15 som
388 1120 96 21 kommer
499 1122 33 19 att
547 1120 49 27 höja
612 1121 67 25 priset
695 1120 28 27 pä
739 1121 69 20 denna
822 1121 7 20 i
845 1120 74 27 hvarje
935 1120 39 21 hus

144 1148 175 21 förekommande
342 1148 229 27 nödvändighetsvara,
594 1151 52 18 utan
666 1150 34 19 att
715 1149 25 21 de
756 1149 157 26 restriktioner,
929 1155 45 14 som

142 1177 160 20 fabrikationen
325 1177 41 20 blir
389 1177 152 26 underkastad,
564 1177 7 20 i
593 1177 63 26 högst
679 1177 106 26 väsentlig
806 1177 54 26 grad
883 1177 66 21 verka
968 1177 6 20 i

143 1211 83 15 samma
241 1205 56 26 syfte
313 1211 45 14 som
375 1205 163 27 beskattningen
555 1206 20 20 d.
593 1212 17 14 v.
627 1212 14 14 s.
658 1206 52 26 höja
725 1212 77 15 varans
816 1207 50 25 pris.
897 1206 77 21 Detär

144 1233 138 27 obestridligt
305 1235 32 19 att
359 1233 7 21 i
386 1234 115 26 synnerhet
516 1234 33 21 för
565 1235 25 20 de
606 1234 81 21 mindre
704 1234 162 21 fabrikanterna
881 1234 93 21 bestäm-

143 1262 79 26 ningen
237 1268 36 14 om
289 1261 40 22 den
342 1261 154 27 jemförelsevis
517 1265 59 19 stora
591 1268 88 19 summa,
696 1263 34 20 för
744 1263 86 20 hvilken
838 1263 136 21 banderoller

143 1290 70 21 mäste
229 1290 120 27 uppköpas,
365 1290 96 21 kommer
476 1292 33 19 att
519 1291 97 21 medföra
624 1286 106 36 betydliga
742 1291 136 26 svärigheter.
901 1291 71 26 Detta,

141 1319 7 20 i
156 1318 99 27 förening
272 1319 48 20 med
336 1319 26 20 de
377 1319 7 20 i
399 1318 242 28 författningsförslaget
649 1321 111 25 upptagna
776 1319 197 27 detaljbestämnin-

140 1353 74 20 garna,
231 1347 97 21 kommer
344 1349 32 18 att
391 1347 83 21 minska
489 1348 26 21 de
531 1347 187 22 konkurrerandes
734 1348 59 21 antal
810 1348 39 21 och
865 1348 50 27 höja
930 1349 43 26 pri-

142 1377 33 19 set
199 1377 56 19 samt
279 1375 44 21 helt
346 1375 73 21 säkert
434 1376 89 26 bidraga
539 1378 32 19 att
587 1376 32 21 för
635 1377 41 20 den
692 1377 82 20 mindre
790 1377 125 20 bemedlade
931 1377 42 20 för-

141 1403 64 21 svära
221 1404 97 20 sträfvan
333 1405 33 19 att
381 1403 49 26 höja
446 1405 32 25 sig
494 1405 33 19 till
542 1404 103 21 välständ.
676 1405 42 26 Jag
734 1405 68 21 skulle
818 1405 72 21 derför
906 1405 67 21 önska

140 1433 34 19 att
184 1431 168 22 Statsutskottet
368 1432 80 26 egnade
464 1433 191 26 uppmärksamhet
667 1433 81 27 jemväl
764 1433 22 21 ät
801 1433 70 21 denna
879 1439 46 15 som
937 1434 36 21 det

140 1459 72 22 kunde
228 1466 64 21 synas
308 1460 81 21 mindre
404 1460 79 27 vigtiga
499 1461 164 27 omständighet.
