1025 1686
168 85 43 19 974
425 90 24 17 R.
462 95 17 9 o.
492 90 23 17 A.
529 91 53 16 1891.
608 91 23 16 18
643 90 47 21 Maj.

139 169 80 28 loppet,
241 176 47 15 som
304 169 56 28 finge
374 170 104 27 försäljas,
492 176 38 15 var
545 176 26 15 en
587 170 70 21 kanna
672 170 40 21 och
728 176 65 15 varan
808 171 47 21 icke
870 170 55 27 finge
940 172 34 19 ut-

139 198 81 22 lemnas
235 198 7 21 i
259 198 48 21 kärl
322 199 22 21 af
358 199 83 21 mindre
456 199 123 27 drägtighet
594 201 28 19 än
637 199 36 21 det
688 199 78 21 minsta
779 199 84 27 belopp,
876 205 45 16 som
932 198 41 22 fick

140 227 71 27 säljas,
233 227 25 21 sä
281 227 95 22 äterstod
399 227 33 21 för
448 227 61 22 dessa
524 227 143 28 inrättningar
682 227 54 22 intet
752 229 65 20 annat
832 230 27 19 än
875 229 32 20 att
921 234 53 21 upp-

139 256 54 21 höra
215 256 50 21 med
280 256 164 27 tillverkningen
460 256 39 21 och
514 256 45 21 läta
573 256 137 27 utländingar
725 256 79 21 skörda
820 257 40 21 den
875 257 57 20 vinst
947 257 26 20 de

139 284 53 21 haft.
223 284 45 21 För
279 285 133 21 närvarande
427 287 45 19 tror
485 284 38 28 jag
536 284 47 22 icke
598 285 65 27 något
679 285 191 27 distilleringsverk
880 284 93 22 befattar

139 312 32 28 sig
193 313 50 21 med
267 313 137 27 tillverkning
426 312 22 22 af
470 313 62 21 dessa
547 313 85 26 likörer,
648 315 52 20 utan
716 313 42 22 alla
773 314 86 24 likörer,
874 320 45 15 som
934 313 40 21 här

138 341 151 27 konsumeras,
311 341 128 28 importeras
461 342 47 21 från
530 342 105 21 utlandet.
665 342 43 22 Det
730 344 24 19 är
770 342 27 27 på
812 342 71 22 denna
897 342 76 26 grund,

140 376 46 15 som
209 370 108 22 utskottet
339 372 72 20 ansett
436 370 74 27 nödigt
526 372 33 20 att
573 370 74 27 intaga
661 371 169 27 bestämningen,
847 372 32 20 att
894 370 79 22 likörer

140 398 53 22 eller
207 398 69 22 finare
292 399 170 21 bränvinssorter
482 399 69 21 skulle
567 399 22 21 få
603 399 104 27 föryttras
722 400 7 20 i
745 400 82 21 mindre
844 399 130 27 gvantiteter

139 429 26 19 än
182 428 184 26 minimibeloppet
382 429 12 20 2
410 428 55 21 liter.

209 485 32 21 Hr
275 484 205 28 Pippingsköld:
510 485 42 26 Jag
580 485 65 26 vågar
673 486 53 26 göra
754 491 25 15 en
806 485 51 21 liten
883 485 88 21 rättelse

138 513 34 21 till
187 514 33 20 Hr
235 513 111 22 Granfelts
360 514 143 26 andragande.
534 514 32 20 Hr
584 513 97 21 Granfelt
696 514 68 26 gifver
779 514 7 20 i
801 514 37 20 sitt
854 513 117 21 anförande

138 542 23 20 åt
177 542 62 21 ordet
256 542 129 27 rusdrycker
396 544 30 19 ett
439 542 94 22 särdeles
544 542 40 22 och
597 542 88 21 alldeles
696 542 33 21 för
740 542 118 21 vidsträckt
869 542 100 26 begrepp,

138 570 28 21 då
181 570 43 21 han
244 572 69 25 säger,
328 572 34 19 att
377 571 26 21 de
419 571 46 20 icke
480 570 109 22 innehålla
603 570 66 27 något
684 571 153 26 näringsvärde
852 570 47 21 alls.
929 571 42 26 Jag

138 601 47 19 tror
208 599 63 25 dock,
293 601 33 19 att
349 599 41 21 den
413 599 65 21 ärade
500 599 218 22 ståndsmedlemmen
734 599 112 27 misstager
859 599 37 26 sig.
928 599 43 22 Det

138 627 67 22 finnes
229 627 71 22 såvidt
319 627 38 28 jag
377 630 41 24 vet,
437 628 61 26 ingen
515 627 124 28 hygieniker
655 628 52 21 eller
722 627 90 28 fysiolog
828 628 6 21 i
850 627 119 22 Frankrike

138 656 41 21 och
201 656 85 27 knappt
309 663 41 20 nog
370 657 6 20 i
392 656 48 21 vårt
455 657 52 21 eller
523 657 68 20 andra
607 656 81 25 länder,
704 662 46 15 som
765 656 46 21 icke
828 656 68 21 skulle
912 656 58 21 kalla

138 685 59 20 vinet
220 687 32 19 ett
275 685 158 26 näringsämne,
449 685 40 21 och
502 685 39 27 jag
556 685 65 27 vågar
637 687 40 24 tro,
694 687 33 19 att
743 685 71 26 hvarje
827 685 53 26 godt
895 685 34 21 vin
945 687 24 19 är

137 715 31 20 ett
184 713 87 27 sådant;
288 720 48 15 men
347 714 76 21 liksom
432 714 72 27 hvarje
512 720 61 21 mage
582 713 47 22 icke
635 713 30 22 tål
672 713 74 27 mjölk,
754 713 22 22 så
784 713 67 22 finnes
860 714 36 21 det
904 714 66 21 också

137 742 78 27 många
230 749 82 20 magar,
328 749 45 14 som
389 743 45 21 icke
451 742 44 21 tåla
510 743 41 25 vin,
568 743 39 20 och
623 743 36 21 det
675 742 91 21 oaktadt
781 744 24 19 är
820 742 93 27 mjölken
929 743 39 20 lik-

138 777 45 15 som
199 771 64 22 äfven
278 772 57 20 vinet
351 773 32 19 ett
400 771 164 27 näringsmedel.
594 771 49 21 Men
658 771 56 21 huru
729 771 102 21 förhåller
846 771 37 21 det
897 771 32 26 sig
941 771 28 21 då

136 799 49 22 med
207 801 26 20 de
255 807 16 14 s.
288 800 21 21 k.
325 799 107 28 egentliga
447 800 74 21 starka
537 799 124 28 dryckerna,
679 800 25 21 de
721 799 136 27 sprithaltiga
872 800 96 27 drycker,

136 828 84 22 hvilkas
244 831 108 24 exponent
374 835 40 19 par
431 829 123 25 préference
569 828 7 21 i
592 828 98 27 England
706 828 62 21 torde
784 835 51 14 vara
858 828 86 27 whisky,
961 829 6 20 i

136 859 32 19 ett
184 859 67 19 annat
267 857 50 22 land
332 863 98 21 genever,
445 857 7 21 i
468 859 31 19 ett
514 856 68 27 tredie
599 863 45 15 rom
660 857 52 21 eller
728 863 79 20 cognac
822 856 40 22 och
878 856 39 22 hos
933 863 35 15 oss

136 887 71 21 sädes-
223 886 54 21 eller
292 886 198 26 potatisbränvinet.
521 885 29 21 Af
565 886 69 20 denna
649 892 58 20 vara,
716 885 94 27 måttligt
824 885 90 27 förtärd,
923 892 44 15 om-

135 917 70 20 sättas
220 915 6 21 i
243 921 28 15 en
285 914 54 22 frisk
355 914 107 27 organism
486 914 66 27 enligt
567 914 64 21 säkra
646 916 39 19 rön
701 914 35 21 nio
753 914 138 21 tiondedelar.
917 914 49 21 Man

136 944 113 22 exhalerar
265 944 47 21 icke
327 944 70 20 denna
413 943 126 27 spritdryck,
556 942 95 28 måttligt
665 943 89 24 förtärd,
770 942 70 22 såsom
857 945 14 19 t.
889 949 30 15 ex.
935 945 33 19 ett

135 973 139 27 läskpapper,
290 972 28 27 på
333 972 81 21 hvilket
429 978 49 14 man
493 972 64 26 slagit
572 978 26 14 en
614 978 44 15 mer
674 972 52 21 eller
742 972 81 20 mindre
840 974 46 19 stor
901 978 65 20 gvan-

135 1002 50 21 titet
208 1001 62 27 sprit,
287 1001 111 21 afdunstar
420 1000 41 22 den
484 1000 7 21 i
506 1000 74 21 luften.
611 1000 127 22 Menniskan
754 1000 96 22 deremot
865 1002 104 20 omsätter

135 1031 82 26 spriten
240 1030 8 20 i
269 1031 74 20 vatten
364 1029 39 21 och
421 1029 86 27 kolsyra
523 1028 39 22 och
578 1029 40 21 den
634 1029 97 21 kommer
746 1029 68 21 henne
830 1028 91 22 sålunda
935 1030 33 20 till

135 1059 69 27 godo;
227 1058 104 22 särskildt
354 1058 42 20 kan
412 1058 40 21 den
467 1058 68 20 under
549 1058 57 21 vissa
621 1057 149 22 förhållanden
785 1064 52 15 vara
852 1058 69 21 henne
937 1060 32 19 ett

133 1088 78 26 vigtigt
233 1086 197 28 besparingsmedel
452 1089 14 19 t.
490 1092 19 16 o.
526 1092 27 15 m.
577 1086 35 21 vid
634 1086 161 27 respirationen.
825 1086 43 22 Det
883 1088 24 19 är
923 1086 44 22 helt

134 1119 73 24 annat,
227 1116 40 21 der
290 1115 108 22 missbruk
420 1115 95 21 inträder
538 1115 39 21 och
601 1121 25 15 en
641 1115 112 21 menniska
768 1115 68 20 förtär
851 1114 116 27 spirituosa

134 1145 85 21 utöfver
234 1145 38 20 det
287 1143 61 26 mätt,
365 1149 45 16 som
426 1143 89 22 sälunda
530 1143 43 21 kan
589 1145 115 24 omsättas;
721 1145 22 25 ty
752 1143 27 21 dä
790 1143 111 22 exhalerar
914 1143 53 22 eller

133 1173 114 21 afdunstar
264 1173 49 21 hela
329 1173 79 20 hennes
424 1172 68 27 kropp
508 1171 111 28 spritänga
637 1173 59 20 snart
719 1178 42 21 nog
776 1172 48 21 med
840 1172 73 26 hvarje
929 1179 37 14 an-

134 1202 72 27 detag,
227 1201 24 22 sä
275 1203 33 20 att
330 1201 47 25 den,
394 1207 44 15 som
454 1200 26 21 dä
496 1200 40 22 har
551 1201 105 26 obehaget
671 1202 33 19 att
720 1201 91 21 samtala
826 1201 48 21 med
890 1207 26 15 en
932 1201 33 21 sä-

132 1231 42 20 dan
189 1236 80 21 person
279 1230 51 21 eller
345 1230 86 21 komma
445 1229 7 21 i
467 1231 100 19 närmare
583 1229 100 27 beröring
698 1229 49 21 med
760 1229 86 26 honom,
857 1229 41 21 lätt
908 1231 57 19 mär-

132 1259 39 21 ker
195 1265 26 15 en
244 1259 66 21 dunst
331 1258 23 21 af
374 1257 126 28 spritängor,
517 1264 46 15 som
579 1259 24 20 är
618 1264 45 15 mer
679 1258 52 21 eller
746 1258 82 21 mindre
844 1257 120 28 obehaglig,

131 1287 40 22 och
194 1287 7 22 i
217 1287 135 22 sistnämnda
367 1286 38 21 fall
420 1288 37 19 äro
474 1286 173 27 spritdryckerna
662 1286 47 22 icke
725 1293 59 15 mera
799 1287 164 26 näringsämnen

130 1319 53 18 utan
198 1322 62 15 mera
275 1316 34 21 till
323 1315 88 22 förderf.
441 1315 11 21 I
466 1315 85 26 mättlig
567 1315 90 26 portion,
673 1315 71 21 säsom
760 1315 20 21 vi
790 1321 46 15 mer
847 1315 52 22 eller
909 1315 54 21 min-

131 1345 37 21 dre
192 1345 43 21 alla
253 1345 73 20 känna
341 1344 48 25 den,
404 1345 24 20 är
443 1343 83 22 säledes
541 1343 62 22 äfven
618 1343 114 22 bränvinet
747 1343 40 22 och
802 1343 69 22 mäste
886 1343 77 22 hänfö-

129 1380 36 15 ras
181 1373 33 22 till
229 1373 187 27 näringsämnena,
432 1372 54 22 dock
502 1372 24 21 af
539 1379 27 15 en
581 1372 115 27 väsentligt
712 1372 120 27 begränsad
847 1374 42 19 art.

197 1430 32 22 Hr
243 1431 26 20 A.
285 1431 25 20 A.
327 1429 133 21 Granfelt:
490 1429 10 21 I
521 1429 114 27 anledning
650 1429 23 21 af
688 1429 32 21 Hr
735 1428 165 28 Pippingskölds
922 1436 38 14 an-

127 1459 114 27 märkning
264 1459 39 21 ber
323 1458 37 27 jag
382 1458 22 22 fä
425 1457 101 27 päminna
549 1464 41 20 om,
613 1459 32 20 att
658 1458 38 26 jag
711 1458 47 21 icke
774 1458 101 21 förnekat
890 1458 69 21 tillva-

126 1494 40 16 ron
181 1488 23 21 af
218 1488 165 26 näringsämnen
398 1487 7 21 i
420 1493 26 15 en
462 1486 34 22 del
512 1486 134 28 rusdrycker.
676 1486 42 27 Jag
734 1486 86 28 yttrade
835 1486 76 22 endast
926 1488 34 20 att
