1025 1686
174 92 41 22 678
417 96 24 17 R.
454 101 17 12 o.
482 96 23 17 A.
519 97 55 16 1891.
597 97 26 16 25
636 95 63 22 April.

147 177 75 26 Följde
238 175 24 22 sä
277 176 146 26 aktiebolaget
438 175 101 26 ,,4skel'*,
561 182 44 15 som
621 177 24 19 är
661 176 36 20 det
720 177 80 19 största
820 175 39 22 här
881 175 92 21 bildade.

146 205 55 21 Dess
218 205 152 26 grundkapital
387 206 62 25 utgör
464 205 79 26 25,000
558 204 61 21 mark
634 203 108 22 fördeladt
757 203 27 27 pä
806 204 27 21 50
855 204 69 21 aktier
939 209 35 15 om

146 234 43 21 500
213 233 67 21 mark.
318 233 90 26 Bolaget
438 232 67 21 erhöll
534 233 47 21 frän
611 232 191 27 Kansallispankki
831 235 32 19 ett
887 232 35 21 län
947 231 28 27 pä

147 262 92 26 150,000
254 262 68 25 mark,
340 261 64 22 deraf
419 261 76 25 50,000
510 263 46 19 mot
571 262 12 20 5
599 261 28 27 %
643 261 40 21 och
706 263 71 19 resten
800 263 45 20 mot
868 262 12 20 5
897 261 27 27 1/,
939 260 34 27 %/s.

145 290 175 27 Lägenheternas
336 290 60 20 anta]
411 291 63 25 utgör
490 290 47 26 110,
561 289 40 21 och
623 291 37 19 äro
677 289 61 21 äfven
754 289 26 21 de
796 289 44 21 lika
854 291 60 19 stora
929 295 46 15 som

147 319 26 21 de
188 318 154 21 förstnämnda.
374 318 42 21 För
432 318 25 20 de
472 318 132 26 lägenheter,
620 318 72 21 hvilka
708 317 46 21 icke
773 317 66 21 bebos
862 318 23 20 af
906 318 69 20 aktio-

146 349 70 23 närer,
232 347 83 21 betalas
331 346 40 21 här
387 347 27 20 27
429 346 61 21 mark
505 346 7 21 i
529 346 112 26 månaden,
657 346 40 21 och
713 345 61 22 bestå
789 346 152 27 lägenheterna
953 345 24 21 af

150 378 32 18 ett
197 382 46 14 rum
261 375 40 21 och
316 375 49 21 kök.
396 375 10 21 I
422 374 85 22 stadens
523 375 45 21 inre
584 375 59 21 delar
658 375 52 21 eller
726 374 40 22 den
777 375 106 26 egentliga
899 374 75 21 staden

150 403 65 22 hafva
232 403 282 27 arbetarebostadsbolagen
537 403 82 21 kunnat
639 403 28 27 pä
690 404 31 20 ett
744 403 165 27 fördelaktigare
932 404 43 19 sätt

148 432 79 26 uthyra
243 432 48 21 sina
305 439 54 18 rum,
375 432 6 21 i
398 432 36 21 det
449 432 25 20 de
490 432 86 21 erhållit
591 432 34 20 för
647 432 47 21 dem
718 432 24 20 31
768 432 66 20 mark.
865 432 42 20 Det
922 432 53 20 sista

148 460 23 21 af
185 460 98 26 bolagen,
295 467 44 15 som
350 460 40 21 här
407 460 85 25 bildats,
504 460 41 21 och
563 460 66 21 redan
640 460 89 27 uppfört
739 460 39 20 hus
792 460 60 21 heter
863 459 111 27 ,,Kukka*

146 489 39 21 och
202 495 101 21 opererar
319 489 48 21 med
383 490 31 20 ett
430 489 139 26 aktiekapital
585 489 22 21 af
625 489 79 24 20,000
726 488 68 26 mark,
817 488 113 26 tillskjutet
953 488 22 21 af

148 518 27 20 10
191 518 130 20 aktionärer.
347 517 30 21 Af
391 517 69 27 privat
475 523 77 21 person
568 517 40 21 har
623 517 86 27 bolaget
724 516 103 28 upplänat
842 517 77 25 60,000
931 517 42 21 mk.

217 545 105 27 Samtliga
338 546 62 21 dessa
415 546 63 25 bolag
486 545 70 26 hafva,
565 546 70 20 såsom
644 552 49 14 man
702 546 23 20 af
731 546 55 20 hvad
795 545 45 26 just
854 546 41 20 här
905 545 70 21 blifvit

148 573 87 21 anfördt
251 573 43 21 kan
309 580 30 17 se,
355 574 79 21 bildats
449 574 23 21 af
485 579 108 20 personer,
616 574 72 21 hvilka
710 573 83 22 kunnat
815 573 106 27 tillskjuta
943 575 32 20 ett

145 601 158 27 jemförelsevis
319 605 53 18 stort
388 602 86 26 kapital.
498 602 43 21 Det
553 604 24 19 är
592 602 106 26 nämligen
714 602 46 21 icke
776 602 76 27 mänga
867 602 106 25 arbetare,

147 636 46 15 som
210 631 73 20 kunna
299 631 114 26 disponera
428 631 62 25 2,000
505 631 69 25 mark,
596 637 48 14 men
666 631 34 20 för
716 632 32 19 att
763 631 99 20 behofvet
877 631 23 20 af
913 630 61 21 arbe-

146 659 151 20 tarebostäder
312 659 54 21 skall
381 659 72 21 kunna
468 659 131 26 tillgodoses,
621 659 68 21 mäste
704 659 62 21 äfven
782 659 26 21 de
830 659 85 20 mindre
938 659 36 20 be-

146 687 99 21 medlade
261 687 73 21 kunna
349 688 85 20 komma
448 687 55 21 med.
529 687 66 22 Detta
610 688 42 20 kan
667 687 57 22 blott
739 687 44 25 ske,
798 693 77 21 genom
887 689 32 19 att
931 687 42 21 till-

146 715 51 21 fälle
212 715 33 22 till
261 715 186 28 kapitalbildning
462 716 33 21 för
510 716 48 21 dem
574 716 142 27 möjliggöres.
747 716 49 21 Men
811 715 61 22 äfven
888 722 33 15 om
933 716 41 20 den

146 745 82 20 största
243 744 136 27 sparsamhet
394 744 112 26 iakttages,
522 746 24 19 är
562 745 37 21 det
613 745 47 20 icke
676 744 102 21 tänkbart
797 746 33 19 att
844 745 7 20 i
867 744 107 21 önskvärd

146 773 151 26 utsträckning
312 773 63 26 bolag
390 775 51 18 utan
457 772 65 27 nägot
538 773 35 21 län
588 773 61 21 skola
663 773 74 21 kunna
752 773 86 21 komma
856 773 33 21 till
904 772 69 22 ständ.

146 801 129 21 Emellertid
290 803 24 18 är
329 801 36 21 det
380 801 65 26 fallet,
462 803 32 19 att
509 801 40 21 hus
564 802 39 21 och
619 801 73 22 härför
707 801 101 27 lämpliga
822 801 152 22 kreditanstal-

146 831 34 19 ter
196 829 45 21 helt
257 829 39 21 och
312 829 66 21 hället
394 830 83 20 saknas.
508 829 57 22 Vära
581 830 126 21 kommuner
730 832 36 19 äro
789 830 83 26 fattiga,
895 830 24 20 sä
941 831 32 19 att

146 857 48 21 frän
210 855 64 23 deras
290 858 45 20 sida
350 858 47 21 icke
412 858 66 26 nägra
493 858 132 21 nämnvärda
639 858 35 22 län
690 858 72 21 kunna
774 858 91 27 bolagen
877 858 95 26 beviljas.

146 885 43 21 Det
204 886 39 20 har
260 886 71 21 derför
346 887 56 21 varit
417 887 109 26 naturligt,
542 888 32 20 att
589 893 49 15 man
653 887 66 21 vändt
741 887 32 27 sig
788 887 32 21 till
836 886 135 26 statsverket,

148 920 45 15 som
210 914 33 21 för
260 916 69 20 större
344 914 194 28 byggnadsföretag
552 915 39 21 har
612 915 86 27 utgifvit
720 916 97 26 miljoner
838 916 8 20 i
869 915 41 25 län,
933 915 40 21 och

147 942 71 22 såsom
233 943 108 21 utskottet
356 943 122 27 framhållit,
494 944 40 20 har
549 944 143 21 länsökandet
706 944 47 21 icke
768 944 67 22 heller
850 944 58 22 skett
929 944 43 21 för-

146 971 81 25 gäfves.
258 971 49 21 Men
323 972 59 21 detta
404 978 36 15 var
455 972 7 21 i
477 972 85 27 början.
593 972 69 22 Sedan
686 973 41 21 den
749 973 33 21 för
804 973 97 27 utlåning
923 972 49 22 från

146 1000 143 21 statsverkets
304 1000 158 27 utläningsfond
477 1007 29 15 nu
521 1001 99 26 gällande
635 1002 142 26 kungörelsen
800 1002 79 26 begynt
894 1002 78 20 tilläm-

146 1034 45 20 pas,
208 1028 46 25 har,
271 1028 69 22 sävidt
353 1029 37 26 jag
411 1029 81 21 kunnat
512 1030 76 26 erfara,
604 1030 47 21 icke
673 1029 97 27 utgifvits
792 1030 67 27 nägra
881 1030 35 21 län
938 1030 35 20 för

146 1056 211 26 arbetarebostäder,
373 1057 128 22 ätminstone
517 1058 19 27 ej
551 1058 32 21 till
599 1058 65 26 nägot
684 1058 24 21 af
728 1058 26 21 de
776 1059 143 27 nyssnämnda
934 1058 38 21 bo-

144 1085 71 26 lagen.
245 1085 44 21 Det
311 1086 39 20 har
371 1086 89 26 anförts,
485 1088 32 20 att
540 1086 192 27 läneansökningar
754 1087 69 21 blifvit
844 1087 128 25 inlemnade,

145 1119 49 15 men
210 1114 71 21 blifvit
296 1114 102 26 afslagna.
429 1115 64 20 Detta
509 1117 24 18 är
548 1115 55 21 dock
618 1116 46 20 icke
680 1116 126 26 tillräckligt
826 1116 35 20 för
883 1118 32 18 att
936 1116 35 20 be-

145 1141 47 26 lysa
207 1141 41 21 den
265 1143 107 26 ställning,
388 1143 7 20 i
410 1143 84 21 hvilken
510 1143 143 22 länesökande
669 1143 35 21 stä
719 1144 32 21 till
773 1144 69 21 denna
864 1144 107 27 länefond,

145 1170 96 26 emedan,
251 1171 67 26 enligt
335 1171 25 21 de
376 1171 151 27 upplysningar
539 1171 36 27 jag
589 1172 91 25 erhällit,
697 1172 143 21 länesökande
850 1173 45 20 ofta
907 1173 65 21 vändt

144 1198 33 26 sig
192 1198 33 21 till
241 1199 161 21 vederbörande
418 1200 128 26 tjenstemän
561 1201 49 20 med
625 1200 109 27 förfrägan
750 1201 39 21 och
812 1201 23 22 af
854 1201 61 22 desse
931 1201 41 22 fätt

145 1227 37 20 det
198 1229 78 24 svaret,
292 1230 33 19 att
339 1229 26 20 de
380 1228 46 21 icke
440 1229 73 20 kunna
528 1229 81 21 erhälla
624 1229 41 21 län.
697 1229 81 27 Frägar
795 1236 49 14 man
861 1230 38 27 sig,
915 1230 56 21 hvad

144 1261 47 14 som
207 1257 24 19 är
247 1256 91 21 orsaken
354 1256 78 26 härtill,
448 1257 24 21 sä
487 1259 46 19 tror
544 1257 43 27 jag,
611 1259 33 20 att
668 1264 27 15 en
718 1258 87 21 alldeles
820 1259 94 26 naturlig
929 1259 42 21 för-

144 1283 86 27 klaring
245 1283 67 22 finnes
328 1285 6 20 i
350 1285 41 21 den
406 1285 119 27 äberopade
543 1286 154 27 kungörelsens
712 1287 138 26 stadganden,
875 1287 38 22 der
936 1287 36 22 det

144 1312 109 26 nämligen
269 1313 67 26 heter,
352 1315 33 20 att
400 1313 35 22 län
449 1314 73 21 kunna
537 1315 92 26 utgifvas
650 1315 77 21 endast
749 1315 34 21 för
805 1315 166 28 byggnadsföre-

144 1343 37 24 tag
197 1341 33 21 för
245 1341 115 21 allmänna
376 1341 70 28 behof.
475 1343 35 20 Nu
525 1343 62 21 torde
602 1343 63 27 ingen
680 1343 51 27 vilja
746 1343 68 28 pästä,
834 1346 34 19 att
891 1351 26 14 en
939 1351 32 14 ar-

144 1369 156 22 betarebostad
315 1372 24 19 är
354 1371 65 26 något
442 1371 193 28 byggnadsföretag
657 1372 35 21 för
714 1372 93 21 allmänt
828 1372 71 28 behof.
930 1373 42 21 Det

144 1398 68 20 andra
227 1399 130 24 ändamålet,
372 1399 34 21 för
420 1399 80 22 hvilket
513 1400 37 27 län
565 1400 98 26 utgifvas,
681 1402 25 19 är
721 1400 33 21 för
769 1403 68 18 större
852 1401 119 27 byggnads-

143 1425 85 27 företag
243 1427 34 21 för
293 1427 92 21 enskildt
400 1428 69 21 behof.
499 1428 68 21 Äfven
583 1429 60 21 detta
657 1429 119 27 stadgande
798 1430 125 26 omöjliggör
938 1432 34 19 ut-

143 1454 100 31 gifvande
259 1455 24 21 af
296 1456 35 20 län
346 1456 22 20 ät
384 1456 67 21 andra
465 1458 28 20 än
508 1459 69 19 större
593 1457 69 27 bolag,
675 1463 49 15 men
740 1458 23 20 af
776 1458 81 21 sädana
867 1459 104 21 existerar

143 1482 48 22 icke
206 1490 47 14 mer
269 1486 26 19 än
311 1486 38 24 ett,
365 1484 39 22 och
420 1485 36 21 det
472 1487 24 19 är
510 1485 47 21 icke
572 1486 67 21 heller
651 1487 33 20 att
700 1487 84 26 antaga,
808 1488 32 20 att
862 1487 28 26 pä
912 1487 59 27 långt
