1025 1686
328 99 24 17 R.
366 104 10 11 o
396 101 15 14 A
431 99 53 16 1891.
506 100 12 15 4
531 99 48 21 Mai.
799 95 40 20 795

40 182 44 18 stor
107 180 90 24 lättnad,
223 179 86 26 specielt
325 186 75 18 genom
417 178 33 22 S:t
466 179 141 26 Petersburg:
624 181 21 25 ty
662 186 27 14 nu
706 181 36 19 äro
759 180 19 20 vi
795 181 75 20 endast

42 208 99 21 förenade
158 208 47 21 med
222 207 29 22 S:t
271 208 82 27 F:burg,
370 214 46 15 men
433 207 26 21 då
476 208 67 21 blefve
560 209 19 20 vi
595 208 101 21 förenade
709 209 46 20 med
768 209 48 20 hela
826 209 41 20 Eu-

40 243 56 20 ropa.
128 237 41 20 Vid
187 243 80 14 samma
283 236 83 21 tillfälle
382 237 97 20 uttalade
496 237 37 26 jag
548 237 48 20 med
611 237 99 20 afseende
726 237 12 20 å
754 237 39 20 den
810 240 59 18 stora

40 265 115 27 betydelse,
172 272 44 13 som
234 265 74 25 Hangö
325 265 69 21 såsom
410 265 47 20 hela
467 265 82 20 landets
559 265 54 21 enda
622 265 132 21 vinterhamn
764 266 61 22 hade,
837 268 32 18 att

38 294 141 26 jernvägarna
202 294 67 20 borde
292 293 23 21 så
338 294 84 26 mycket
444 300 44 14 som
512 294 82 26 möjligt
618 294 66 20 riktas
706 294 22 20 åt
743 294 59 20 detta
818 294 50 20 håll.

42 323 39 20 Det
97 322 37 21 har
151 322 64 21 också
227 322 53 20 visat
295 322 32 26 sig
343 322 67 21 under
426 322 72 26 loppet
513 322 23 21 af
550 324 84 19 senaste
651 322 131 22 decennium,
792 322 53 21 huru
861 323 6 19 i

39 351 123 21 merkantilt
179 351 99 20 afseende
296 351 74 26 Hangö
387 350 80 27 årligen
484 351 65 26 stigit.
572 351 73 21 Redan
662 351 39 20 har
717 351 150 27 folkmängden

41 380 61 20 ökats
124 380 31 20 till
177 382 30 18 ett
223 379 82 26 ganska
321 380 161 26 aktningsvärdt
498 380 57 20 antal
573 380 39 20 och
629 379 238 27 ångbåtskommunika-

40 409 70 20 tionen
134 408 93 21 derifrån
245 408 26 26 på
287 408 98 20 utlandet
400 408 46 20 året
462 414 33 15 om
512 408 75 21 vunnit
602 408 39 20 allt
657 410 69 18 större
742 408 39 21 och
798 410 69 19 större

40 438 114 26 betydelse,
162 437 22 26 ja
201 440 14 18 t.
232 443 19 14 o.
268 443 25 14 m.
311 443 24 14 en
352 437 18 26 ej
387 437 108 26 obetydlig
504 437 111 20 industriel
629 437 134 21 verksamhet
775 436 26 27 på
812 437 55 26 plat-

40 472 35 15 sen
99 466 102 26 uppstätt.
233 466 45 20 Den
300 466 68 26 tredje
391 466 239 26 anknytningspunkten
647 472 36 14 var
700 465 56 21 öfver
772 466 95 20 Joensuu

40 495 30 20 till
96 495 64 20 Hvita
183 494 73 20 hafvet
272 494 39 21 och
327 494 98 26 slutligen
442 494 40 20 den
499 494 66 26 fjerde
581 494 40 20 den
638 494 39 20 här
693 494 127 21 omnämnda
837 494 30 20 öf-

40 530 35 14 ver
91 523 88 24 Torneä,
196 523 136 26 hvarigenom
349 522 88 21 Finland
455 523 68 21 skulle
539 522 85 21 förenas
641 523 46 20 med
698 523 48 20 hela
757 523 35 20 det
805 524 62 19 skan-

40 552 106 21 vinaviska
162 552 161 25 jernvägsnätet
338 552 39 20 och
393 551 21 20 få
430 558 24 13 en
472 554 67 23 öppen
557 552 62 19 hamn
636 552 33 19 vid
686 552 122 19 Atlantiska
820 552 46 19 haf-

39 581 35 20 det
111 581 40 25 Jag
175 581 38 19 har
234 580 46 21 icke
303 579 69 21 funnit
395 579 45 21 skäl
458 582 31 18 att
505 580 67 20 ändra
588 581 42 20 min
639 579 56 26 äsigt
711 580 97 25 derefter,
825 580 39 21 och

39 609 67 21 ehuru
119 609 36 26 jag
171 609 46 20 icke
235 609 77 20 tilltror
328 609 42 25 mig
391 608 109 27 förmägan
517 611 32 18 att
565 611 56 18 mäta
637 609 43 26 mig
696 609 46 20 med
759 609 39 20 den
816 609 49 20 äbe-

40 638 78 26 ropade
142 637 64 21 ärade
230 637 88 25 talaren,
335 637 23 21 sä
380 637 80 21 tillåter
473 637 36 27 jag
525 638 42 25 mig
583 637 64 28 likväl
664 639 104 19 motsätta
784 637 41 26 mig
840 637 27 20 de

40 667 78 26 äsigter
134 666 41 21 han
192 665 109 28 angående
317 666 155 21 Torneåbanan
488 667 84 20 uttalat.
604 666 67 21 Afven
681 666 37 26 jag
731 666 39 21 har
781 667 42 25 mig
834 666 33 20 väl

39 695 79 21 bekant
142 695 69 20 denna
232 695 184 26 kustbetolknings
432 695 90 20 emellan
541 695 107 26 Uleåborg
664 695 38 20 och
719 694 81 21 Torneå
816 701 51 20 gan-

40 725 38 20 ska
94 724 55 25 höga
164 723 140 26 ståndpunkt,
321 723 53 21 hvad
392 723 98 26 hyfsning
506 723 38 21 och
561 723 95 26 bildning
672 723 107 26 beträffar,
796 723 71 20 äfven-

40 759 43 14 som
107 752 123 25 folktäthet,
254 751 103 26 välstånd,
383 752 196 26 ladugärdsskötsel
604 759 26 14 m.
654 759 27 14 m.
712 752 73 21 Redan
802 751 67 21 under

41 782 53 21 1808
111 781 39 21 och
170 782 51 20 1809
238 781 34 20 års
288 781 47 26 krig
351 787 37 14 var
400 781 59 20 detta
471 781 72 20 kändt.
574 781 40 26 Jag
625 781 109 26 påminner
742 781 42 26 mig
796 780 71 21 ibland

39 812 65 19 annat
128 810 85 20 auditör
237 810 54 25 Asps
314 809 91 27 dagbok,
430 816 44 14 som
498 809 92 21 skildrar
613 810 60 20 detta
688 809 172 21 sakförhållande

39 839 39 21 Om
101 839 144 26 nägonstädes
261 844 25 14 en
303 838 51 26 litlig
370 838 173 21 landsortstrafik
559 844 49 20 eger
624 844 54 15 rum,
696 838 22 20 så
734 840 23 18 är
774 838 35 20 det
823 838 45 26 just

38 867 28 27 på
89 867 69 21 denna
182 866 142 26 kuststräcka,
350 869 22 24 ty
388 866 27 21 då
432 874 47 14 man
496 873 57 14 reser
569 866 44 24 der,
629 868 40 25 gör
684 867 40 20 den
740 872 81 15 samma
836 866 32 20 in-

39 896 60 27 tryck
115 902 45 14 som
176 896 83 20 landets
275 895 115 27 sydligaste
407 896 88 20 trakter.
530 895 41 21 Der
585 895 39 26 går
640 896 64 20 sedan
722 895 108 26 uråldriga
840 895 28 20 ti-

39 925 37 21 der
93 931 24 14 en
133 924 92 27 gammal
239 924 90 26 riksväg,
346 930 45 15 som
408 924 96 21 sträcker
521 924 30 26 sig
567 924 72 20 vidare
656 924 58 20 öfver
730 924 83 26 Kajana
828 923 39 21 och

40 953 101 21 Sotkamo
166 953 31 21 till
223 953 64 20 Hvita
311 952 78 21 hafvet.
421 952 49 21 Man
494 959 34 14 ser
544 953 72 20 utmed
633 953 69 20 denna
718 952 54 21 stråt
788 952 81 26 otaliga

39 982 63 26 långa
117 984 134 24 transporter
266 988 33 14 om
316 982 90 20 vintern.
428 981 39 21 Om
484 981 64 21 också
564 981 196 25 handelsintresset,
774 987 44 15 som
830 980 38 21 all-

39 1011 30 21 tid
93 1010 63 21 söker
179 1011 31 20 sin
227 1010 175 26 fördelaktigaste
424 1010 101 26 stråtväg,
542 1010 69 21 skulle
626 1016 76 20 genom
718 1010 68 20 denna
802 1010 66 20 banas

38 1039 105 21 tillkomst
166 1039 66 26 draga
255 1038 51 22 våra
327 1039 143 26 nordvestliga
486 1039 84 21 trakter
586 1039 32 20 till
634 1038 122 22 Stockholm
773 1038 39 20 och
829 1038 39 20 At-

39 1068 92 20 lantiska
154 1068 78 25 hafvet,
256 1067 23 21 så
301 1067 42 21 kan
356 1068 37 26 jag
408 1068 46 20 icke
471 1068 66 20 tänka
552 1068 42 25 mig
610 1070 32 18 att
658 1067 60 21 detta
733 1067 67 20 skulle
816 1072 52 14 vara

38 1096 32 21 till
86 1096 84 26 förfäng
185 1096 33 21 för
234 1096 47 20 vårt
297 1096 56 21 land.
376 1096 44 21 Der
431 1096 237 21 kommunikationerna
676 1098 37 18 äro
724 1096 71 26 lifliga,
806 1095 60 21 kom-

38 1131 46 14 mer
104 1125 60 21 alltid
187 1125 74 26 utbyte
285 1125 39 20 och
340 1125 140 20 vexelverkan
497 1127 32 18 att
545 1131 39 20 ega
599 1131 54 20 rum,
669 1124 24 21 så
709 1125 39 20 den
765 1124 101 20 befarade

39 1153 103 21 förlusten
158 1153 69 22 blefve
243 1153 81 20 kanske
340 1154 68 25 ingen.
440 1153 114 21 Dessutom
571 1155 24 18 är
611 1153 40 21 den
667 1153 69 20 finska
744 1152 91 21 handeln
846 1151 24 21 af

40 1181 23 22 så
86 1184 44 19 stor
152 1182 108 27 betydelse
276 1182 6 21 i
299 1182 62 21 dessa
376 1182 98 26 nordliga
489 1182 90 24 trakter,
595 1184 33 19 att
643 1181 19 26 ej
679 1183 77 19 nämna
771 1181 97 20 sillfisket

39 1211 34 20 vid
90 1211 78 20 norska
184 1211 83 26 kusten,
284 1211 84 20 hvilken
386 1211 43 20 står
444 1211 5 20 i
467 1211 24 20 så
504 1211 50 26 litlig
571 1211 98 26 beröring
685 1210 46 21 icke
747 1210 55 21 blott
820 1209 49 20 med

40 1239 32 21 S:t
95 1239 128 26 Petersburg
242 1241 51 19 utan
309 1239 49 21 med
375 1239 47 21 hela
438 1239 105 26 Ryssland
560 1239 59 26 långt
635 1245 36 14 ner
688 1239 6 21 i
710 1239 67 20 söder.
809 1238 59 21 Tele-

39 1267 247 28 grafkorrespondensen
302 1268 39 21 har
357 1269 79 26 ganska
454 1272 46 17 stor
516 1268 92 26 känning
624 1267 66 22 deraf.
721 1268 43 20 För
779 1267 41 20 min
834 1266 35 21 del

40 1297 42 20 kan
96 1297 36 26 jag
148 1297 46 21 icke
210 1297 115 26 godkänna
340 1299 66 19 sättet
422 1299 32 18 att
474 1297 73 26 tvinga
563 1297 158 20 affärsrörelsen
738 1296 21 20 in
775 1296 5 20 i
797 1296 72 20 konst-

39 1325 76 26 gjorda
130 1327 91 25 gängor;
234 1326 39 20 den
291 1326 63 20 söker
370 1326 31 26 sig
418 1326 55 21 ändå
489 1325 72 21 säkert
577 1325 53 21 fram
642 1325 181 26 fortsättningsvis
831 1324 38 20 der

41 1354 101 21 intresset
164 1354 119 21 förefinnes.
314 1354 33 21 Då
363 1355 125 26 regeringen
506 1353 113 27 befrämjat
634 1353 51 21 våra
702 1354 66 26 öfriga
784 1352 85 22 relatio-

41 1389 38 14 ner
95 1383 27 26 på
138 1383 103 25 utlandet,
258 1385 9 18 t
290 1389 31 14 ex.
338 1384 48 19 med
403 1383 33 20 lån
454 1383 32 20 till
503 1383 26 20 de
545 1385 59 18 stora
619 1381 250 27 stadsångbåtsbolagen,

40 1410 106 27 isbrytare
162 1411 39 21 och
218 1418 27 14 m.
261 1411 76 27 dylikt,
354 1411 108 21 förefaller
478 1412 37 20 det
530 1411 42 26 mig
587 1411 88 21 alldeles
691 1411 131 25 konseqvent
838 1410 32 20 att

41 1439 101 21 befordra
164 1446 81 15 samma
260 1440 105 21 intressen
382 1440 39 21 och
437 1440 53 26 följa
506 1446 81 14 samma
602 1440 113 26 principer,
732 1439 26 21 då
774 1439 36 20 det
824 1437 45 27 gäl-

40 1468 32 20 ler
91 1468 190 27 jernvägsföretag.
314 1468 37 21 Väl
376 1469 68 21 skulle
466 1469 71 21 denna
561 1468 54 21 bana
638 1468 64 20 blifva
716 1466 153 28 jemförelsevis

40 1497 45 26 dyr,
99 1497 37 26 jag
151 1497 104 21 erkänner
272 1497 36 21 det
323 1503 72 20 gerna,
412 1498 6 20 i
434 1498 115 26 synnerhet
564 1503 75 20 genom
656 1497 25 20 de
691 1497 129 20 kostsamma
830 1494 39 22 och
