<?xml version="1.0" encoding="UTF-8"?>
<alto xmlns="http://www.loc.gov/standards/alto/ns-v3#" xmlns:xlink="http://www.w3.org/1999/xlink" xmlns:xsi="http://www.w3.org/2001/XMLSchema-instance" xsi:schemaLocation="http://www.loc.gov/standards/alto/ns-v3# http://www.loc.gov/alto/v3/alto-3-0.xsd">
	<Description>
		<MeasurementUnit>pixel</MeasurementUnit>
		<sourceImageInformation>
			<fileName>/tmp/tess_iji7gyrj_input.PNG</fileName>
		</sourceImageInformation>
		<OCRProcessing ID="OCR_0">
			<ocrProcessingStep>
				<processingSoftware>
					<softwareName>tesseract 5.3.4</softwareName>
				</processingSoftware>
			</ocrProcessingStep>
		</OCRProcessing>
	</Description>
	<Layout>
		<Page WIDTH="1025" HEIGHT="1686" PHYSICAL_IMG_NR="0" ID="page_0">
			<PrintSpace HPOS="0" VPOS="0" WIDTH="1025" HEIGHT="1686">
				<ComposedBlock ID="cblock_0" HPOS="169" VPOS="100" WIDTH="522" HEIGHT="25">
					<TextBlock ID="block_0" HPOS="169" VPOS="100" WIDTH="522" HEIGHT="25">
						<TextLine ID="line_0" HPOS="169" VPOS="100" WIDTH="522" HEIGHT="25">
							<String ID="string_0" HPOS="169" VPOS="100" WIDTH="42" HEIGHT="21" WC="0.90" CONTENT="528"/><SP WIDTH="213" VPOS="100" HPOS="211"/>
							<String ID="string_1" HPOS="424" VPOS="105" WIDTH="25" HEIGHT="16" WC="0.96" CONTENT="R."/><SP WIDTH="12" VPOS="105" HPOS="449"/>
							<String ID="string_2" HPOS="461" VPOS="109" WIDTH="17" HEIGHT="12" WC="0.74" CONTENT="o."/><SP WIDTH="13" VPOS="109" HPOS="478"/>
							<String ID="string_3" HPOS="491" VPOS="105" WIDTH="22" HEIGHT="16" WC="0.95" CONTENT="A."/><SP WIDTH="15" VPOS="105" HPOS="513"/>
							<String ID="string_4" HPOS="528" VPOS="105" WIDTH="53" HEIGHT="16" WC="0.95" CONTENT="1891."/><SP WIDTH="26" VPOS="105" HPOS="581"/>
							<String ID="string_5" HPOS="607" VPOS="106" WIDTH="8" HEIGHT="15" WC="0.96" CONTENT="1"/><SP WIDTH="13" VPOS="106" HPOS="615"/>
							<String ID="string_6" HPOS="628" VPOS="103" WIDTH="63" HEIGHT="22" WC="0.93" CONTENT="April."/>
						</TextLine>
					</TextBlock>
				</ComposedBlock>
				<GraphicalElement ID="cblock_1" HPOS="141" VPOS="137" WIDTH="831" HEIGHT="9"></GraphicalElement >
				<ComposedBlock ID="cblock_2" HPOS="140" VPOS="184" WIDTH="835" HEIGHT="483">
					<TextBlock ID="block_1" HPOS="140" VPOS="184" WIDTH="835" HEIGHT="256">
						<TextLine ID="line_1" HPOS="140" VPOS="184" WIDTH="833" HEIGHT="27">
							<String ID="string_7" HPOS="140" VPOS="187" WIDTH="68" HEIGHT="24" WC="0.94" CONTENT="tagas."/><SP WIDTH="32" VPOS="187" HPOS="208"/>
							<String ID="string_8" HPOS="240" VPOS="185" WIDTH="101" HEIGHT="24" WC="0.95" CONTENT="Emedan,"/><SP WIDTH="17" VPOS="185" HPOS="341"/>
							<String ID="string_9" HPOS="358" VPOS="185" WIDTH="35" HEIGHT="20" WC="0.93" CONTENT="vid"/><SP WIDTH="14" VPOS="185" HPOS="393"/>
							<String ID="string_10" HPOS="407" VPOS="184" WIDTH="122" HEIGHT="27" WC="0.92" CONTENT="jemförelse"/><SP WIDTH="16" VPOS="184" HPOS="529"/>
							<String ID="string_11" HPOS="545" VPOS="184" WIDTH="24" HEIGHT="21" WC="0.96" CONTENT="af"/><SP WIDTH="18" VPOS="184" HPOS="569"/>
							<String ID="string_12" HPOS="587" VPOS="185" WIDTH="40" HEIGHT="20" WC="0.96" CONTENT="den"/><SP WIDTH="23" VPOS="185" HPOS="627"/>
							<String ID="string_13" HPOS="650" VPOS="185" WIDTH="64" HEIGHT="26" WC="0.95" CONTENT="ryska"/><SP WIDTH="26" VPOS="185" HPOS="714"/>
							<String ID="string_14" HPOS="740" VPOS="187" WIDTH="73" HEIGHT="18" WC="0.95" CONTENT="texten"/><SP WIDTH="24" VPOS="187" HPOS="813"/>
							<String ID="string_15" HPOS="837" VPOS="185" WIDTH="6" HEIGHT="20" WC="0.95" CONTENT="i"/><SP WIDTH="24" VPOS="185" HPOS="843"/>
							<String ID="string_16" HPOS="867" VPOS="185" WIDTH="34" HEIGHT="21" WC="0.93" CONTENT="det"/><SP WIDTH="24" VPOS="185" HPOS="901"/>
							<String ID="string_17" HPOS="925" VPOS="185" WIDTH="48" HEIGHT="21" WC="0.96" CONTENT="från"/>
						</TextLine>
						<TextLine ID="line_2" HPOS="142" VPOS="213" WIDTH="830" HEIGHT="27">
							<String ID="string_18" HPOS="142" VPOS="213" WIDTH="213" HEIGHT="22" WC="0.91" CONTENT="Statssekretariatet"/><SP WIDTH="15" VPOS="213" HPOS="355"/>
							<String ID="string_19" HPOS="370" VPOS="213" WIDTH="99" HEIGHT="21" WC="0.92" CONTENT="hitsända"/><SP WIDTH="16" VPOS="213" HPOS="469"/>
							<String ID="string_20" HPOS="485" VPOS="213" WIDTH="91" HEIGHT="20" WC="0.76" CONTENT="svenska"/><SP WIDTH="16" VPOS="213" HPOS="576"/>
							<String ID="string_21" HPOS="592" VPOS="213" WIDTH="108" HEIGHT="26" WC="0.96" CONTENT="exemplar"/><SP WIDTH="10" VPOS="213" HPOS="700"/>
							<String ID="string_22" HPOS="710" VPOS="214" WIDTH="24" HEIGHT="21" WC="0.96" CONTENT="af"/><SP WIDTH="8" VPOS="214" HPOS="734"/>
							<String ID="string_23" HPOS="742" VPOS="219" WIDTH="82" HEIGHT="16" WC="0.96" CONTENT="samma"/><SP WIDTH="10" VPOS="219" HPOS="824"/>
							<String ID="string_24" HPOS="834" VPOS="214" WIDTH="138" HEIGHT="26" WC="0.96" CONTENT="proposition,"/>
						</TextLine>
						<TextLine ID="line_3" HPOS="141" VPOS="242" WIDTH="832" HEIGHT="26">
							<String ID="string_25" HPOS="141" VPOS="242" WIDTH="110" HEIGHT="21" WC="0.80" CONTENT="befunnits"/><SP WIDTH="16" VPOS="242" HPOS="251"/>
							<String ID="string_26" HPOS="267" VPOS="244" WIDTH="34" HEIGHT="19" WC="0.96" CONTENT="att"/><SP WIDTH="15" VPOS="244" HPOS="301"/>
							<String ID="string_27" HPOS="316" VPOS="243" WIDTH="26" HEIGHT="20" WC="0.96" CONTENT="de"/><SP WIDTH="16" VPOS="243" HPOS="342"/>
							<String ID="string_28" HPOS="358" VPOS="242" WIDTH="6" HEIGHT="20" WC="0.94" CONTENT="i"/><SP WIDTH="16" VPOS="242" HPOS="364"/>
							<String ID="string_29" HPOS="380" VPOS="242" WIDTH="40" HEIGHT="21" WC="0.96" CONTENT="den"/><SP WIDTH="17" VPOS="242" HPOS="420"/>
							<String ID="string_30" HPOS="437" VPOS="243" WIDTH="90" HEIGHT="20" WC="0.96" CONTENT="svenska"/><SP WIDTH="22" VPOS="243" HPOS="527"/>
							<String ID="string_31" HPOS="549" VPOS="244" WIDTH="70" HEIGHT="19" WC="0.96" CONTENT="texten"/><SP WIDTH="25" VPOS="244" HPOS="619"/>
							<String ID="string_32" HPOS="644" VPOS="242" WIDTH="24" HEIGHT="26" WC="0.96" CONTENT="pä"/><SP WIDTH="25" VPOS="242" HPOS="668"/>
							<String ID="string_33" HPOS="693" VPOS="243" WIDTH="68" HEIGHT="20" WC="0.96" CONTENT="andra"/><SP WIDTH="23" VPOS="243" HPOS="761"/>
							<String ID="string_34" HPOS="784" VPOS="243" WIDTH="60" HEIGHT="20" WC="0.96" CONTENT="sidan"/><SP WIDTH="23" VPOS="243" HPOS="844"/>
							<String ID="string_35" HPOS="867" VPOS="243" WIDTH="23" HEIGHT="20" WC="0.96" CONTENT="af"/><SP WIDTH="21" VPOS="243" HPOS="890"/>
							<String ID="string_36" HPOS="911" VPOS="243" WIDTH="62" HEIGHT="20" WC="0.5" CONTENT="den"/><SP WIDTH="-18" VPOS="243" HPOS="973"/>
							<String ID="string_37" HPOS="955" VPOS="238" WIDTH="21" HEIGHT="34" WC="0.5" CONTENT="i"/>
						</TextLine>
						<TextLine ID="line_4" HPOS="140" VPOS="271" WIDTH="833" HEIGHT="26">
							<String ID="string_38" HPOS="140" VPOS="271" WIDTH="63" HEIGHT="26" WC="0.93" CONTENT="tryck"/><SP WIDTH="15" VPOS="271" HPOS="203"/>
							<String ID="string_39" HPOS="218" VPOS="271" WIDTH="102" HEIGHT="20" WC="0.96" CONTENT="utdelade"/><SP WIDTH="16" VPOS="271" HPOS="320"/>
							<String ID="string_40" HPOS="336" VPOS="271" WIDTH="158" HEIGHT="25" WC="0.96" CONTENT="propositionen"/><SP WIDTH="17" VPOS="271" HPOS="494"/>
							<String ID="string_41" HPOS="511" VPOS="271" WIDTH="40" HEIGHT="20" WC="0.95" CONTENT="N:o"/><SP WIDTH="18" VPOS="271" HPOS="551"/>
							<String ID="string_42" HPOS="569" VPOS="271" WIDTH="26" HEIGHT="20" WC="0.93" CONTENT="23"/><SP WIDTH="16" VPOS="271" HPOS="595"/>
							<String ID="string_43" HPOS="611" VPOS="271" WIDTH="90" HEIGHT="20" WC="0.81" CONTENT="infiutna"/><SP WIDTH="23" VPOS="271" HPOS="701"/>
							<String ID="string_44" HPOS="724" VPOS="271" WIDTH="76" HEIGHT="20" WC="0.92" CONTENT="orden:"/><SP WIDTH="24" VPOS="271" HPOS="800"/>
							<String ID="string_45" HPOS="824" VPOS="273" WIDTH="64" HEIGHT="21" WC="0.90" CONTENT=",enär"/><SP WIDTH="23" VPOS="273" HPOS="888"/>
							<String ID="string_46" HPOS="911" VPOS="271" WIDTH="62" HEIGHT="21" WC="0.91" CONTENT="Stän-"/>
						</TextLine>
						<TextLine ID="line_5" HPOS="143" VPOS="298" WIDTH="831" HEIGHT="27">
							<String ID="string_47" HPOS="143" VPOS="299" WIDTH="66" HEIGHT="20" WC="0.96" CONTENT="derna"/><SP WIDTH="15" VPOS="299" HPOS="209"/>
							<String ID="string_48" HPOS="224" VPOS="299" WIDTH="47" HEIGHT="21" WC="0.96" CONTENT="icke"/><SP WIDTH="15" VPOS="299" HPOS="271"/>
							<String ID="string_49" HPOS="286" VPOS="298" WIDTH="82" HEIGHT="22" WC="0.93" CONTENT="kunnat"/><SP WIDTH="16" VPOS="298" HPOS="368"/>
							<String ID="string_50" HPOS="384" VPOS="299" WIDTH="166" HEIGHT="21" WC="0.92" CONTENT="sammankallas"/><SP WIDTH="15" VPOS="299" HPOS="550"/>
							<String ID="string_51" HPOS="565" VPOS="298" WIDTH="45" HEIGHT="22" WC="0.96" CONTENT="före"/><SP WIDTH="17" VPOS="298" HPOS="610"/>
							<String ID="string_52" HPOS="627" VPOS="299" WIDTH="40" HEIGHT="20" WC="0.95" CONTENT="den"/><SP WIDTH="25" VPOS="299" HPOS="667"/>
							<String ID="string_53" HPOS="692" VPOS="299" WIDTH="36" HEIGHT="26" WC="0.95" CONTENT="tid,"/><SP WIDTH="18" VPOS="299" HPOS="728"/>
							<String ID="string_54" HPOS="746" VPOS="298" WIDTH="27" HEIGHT="22" WC="0.93" CONTENT="dä"/><SP WIDTH="16" VPOS="298" HPOS="773"/>
							<String ID="string_55" HPOS="789" VPOS="298" WIDTH="123" HEIGHT="27" WC="0.92" CONTENT="straffiagen"/><SP WIDTH="22" VPOS="298" HPOS="912"/>
							<String ID="string_56" HPOS="934" VPOS="300" WIDTH="40" HEIGHT="20" WC="0.96" CONTENT="och"/>
						</TextLine>
						<TextLine ID="line_6" HPOS="143" VPOS="327" WIDTH="830" HEIGHT="27">
							<String ID="string_57" HPOS="143" VPOS="328" WIDTH="70" HEIGHT="20" WC="0.90" CONTENT="dertill"/><SP WIDTH="17" VPOS="328" HPOS="213"/>
							<String ID="string_58" HPOS="230" VPOS="327" WIDTH="96" HEIGHT="21" WC="0.92" CONTENT="hörande"/><SP WIDTH="15" VPOS="327" HPOS="326"/>
							<String ID="string_59" HPOS="341" VPOS="327" WIDTH="151" HEIGHT="27" WC="0.92" CONTENT="förordningar"/><SP WIDTH="16" VPOS="327" HPOS="492"/>
							<String ID="string_60" HPOS="508" VPOS="328" WIDTH="55" HEIGHT="20" WC="0.93" CONTENT="varit"/><SP WIDTH="16" VPOS="328" HPOS="563"/>
							<String ID="string_61" HPOS="579" VPOS="327" WIDTH="112" HEIGHT="21" WC="0.91" CONTENT="bestämda"/><SP WIDTH="23" VPOS="327" HPOS="691"/>
							<String ID="string_62" HPOS="714" VPOS="329" WIDTH="32" HEIGHT="19" WC="0.93" CONTENT="att"/><SP WIDTH="21" VPOS="329" HPOS="746"/>
							<String ID="string_63" HPOS="767" VPOS="328" WIDTH="62" HEIGHT="20" WC="0.91" CONTENT="träda"/><SP WIDTH="15" VPOS="328" HPOS="829"/>
							<String ID="string_64" HPOS="844" VPOS="328" WIDTH="5" HEIGHT="20" WC="0.92" CONTENT="i"/><SP WIDTH="17" VPOS="328" HPOS="849"/>
							<String ID="string_65" HPOS="866" VPOS="328" WIDTH="107" HEIGHT="20" WC="0.91" CONTENT="verksam-"/>
						</TextLine>
						<TextLine ID="line_7" HPOS="142" VPOS="355" WIDTH="833" HEIGHT="27">
							<String ID="string_66" HPOS="142" VPOS="356" WIDTH="55" HEIGHT="23" WC="0.70" CONTENT="het&quot;,"/><SP WIDTH="19" VPOS="356" HPOS="197"/>
							<String ID="string_67" HPOS="216" VPOS="356" WIDTH="47" HEIGHT="21" WC="0.96" CONTENT="icke"/><SP WIDTH="16" VPOS="356" HPOS="263"/>
							<String ID="string_68" HPOS="279" VPOS="356" WIDTH="48" HEIGHT="26" WC="0.96" CONTENT="ingå"/><SP WIDTH="16" VPOS="356" HPOS="327"/>
							<String ID="string_69" HPOS="343" VPOS="356" WIDTH="6" HEIGHT="20" WC="0.93" CONTENT="i"/><SP WIDTH="16" VPOS="356" HPOS="349"/>
							<String ID="string_70" HPOS="365" VPOS="355" WIDTH="140" HEIGHT="22" WC="0.91" CONTENT="förenämnda"/><SP WIDTH="18" VPOS="355" HPOS="505"/>
							<String ID="string_71" HPOS="523" VPOS="356" WIDTH="63" HEIGHT="26" WC="0.93" CONTENT="ryska"/><SP WIDTH="15" VPOS="356" HPOS="586"/>
							<String ID="string_72" HPOS="601" VPOS="356" WIDTH="114" HEIGHT="26" WC="0.96" CONTENT="exemplar,"/><SP WIDTH="18" VPOS="356" HPOS="715"/>
							<String ID="string_73" HPOS="733" VPOS="356" WIDTH="39" HEIGHT="20" WC="0.96" CONTENT="har"/><SP WIDTH="16" VPOS="356" HPOS="772"/>
							<String ID="string_74" HPOS="788" VPOS="356" WIDTH="59" HEIGHT="21" WC="0.92" CONTENT="Hans"/><SP WIDTH="16" VPOS="356" HPOS="847"/>
							<String ID="string_75" HPOS="863" VPOS="356" WIDTH="112" HEIGHT="21" WC="0.96" CONTENT="Excellens"/>
						</TextLine>
						<TextLine ID="line_8" HPOS="142" VPOS="384" WIDTH="832" HEIGHT="27">
							<String ID="string_76" HPOS="142" VPOS="384" WIDTH="97" HEIGHT="26" WC="0.96" CONTENT="anhållit,"/><SP WIDTH="18" VPOS="384" HPOS="239"/>
							<String ID="string_77" HPOS="257" VPOS="385" WIDTH="37" HEIGHT="20" WC="0.96" CONTENT="det"/><SP WIDTH="11" VPOS="385" HPOS="294"/>
							<String ID="string_78" HPOS="305" VPOS="384" WIDTH="48" HEIGHT="21" WC="0.93" CONTENT="ville"/><SP WIDTH="11" VPOS="384" HPOS="353"/>
							<String ID="string_79" HPOS="364" VPOS="384" WIDTH="120" HEIGHT="26" WC="0.96" CONTENT="Kejserliga"/><SP WIDTH="12" VPOS="384" HPOS="484"/>
							<String ID="string_80" HPOS="496" VPOS="386" WIDTH="92" HEIGHT="19" WC="0.95" CONTENT="Senaten"/><SP WIDTH="11" VPOS="386" HPOS="588"/>
							<String ID="string_81" HPOS="599" VPOS="385" WIDTH="86" HEIGHT="25" WC="0.96" CONTENT="vidtaga"/><SP WIDTH="11" VPOS="385" HPOS="685"/>
							<String ID="string_82" HPOS="696" VPOS="385" WIDTH="76" HEIGHT="25" WC="0.96" CONTENT="åtgärd"/><SP WIDTH="11" VPOS="385" HPOS="772"/>
							<String ID="string_83" HPOS="783" VPOS="384" WIDTH="31" HEIGHT="21" WC="0.93" CONTENT="till"/><SP WIDTH="13" VPOS="384" HPOS="814"/>
							<String ID="string_84" HPOS="827" VPOS="384" WIDTH="147" HEIGHT="27" WC="0.38" CONTENT="omtryekning"/>
						</TextLine>
						<TextLine ID="line_9" HPOS="142" VPOS="413" WIDTH="672" HEIGHT="27">
							<String ID="string_85" HPOS="142" VPOS="413" WIDTH="23" HEIGHT="21" WC="0.96" CONTENT="af"/><SP WIDTH="14" VPOS="413" HPOS="165"/>
							<String ID="string_86" HPOS="179" VPOS="413" WIDTH="66" HEIGHT="26" WC="0.96" CONTENT="sagda"/><SP WIDTH="15" VPOS="413" HPOS="245"/>
							<String ID="string_87" HPOS="260" VPOS="414" WIDTH="133" HEIGHT="26" WC="0.80" CONTENT="proposition"/><SP WIDTH="17" VPOS="414" HPOS="393"/>
							<String ID="string_88" HPOS="410" VPOS="414" WIDTH="47" HEIGHT="20" WC="0.90" CONTENT="med"/><SP WIDTH="16" VPOS="414" HPOS="457"/>
							<String ID="string_89" HPOS="473" VPOS="413" WIDTH="136" HEIGHT="21" WC="0.90" CONTENT="utlemnande"/><SP WIDTH="16" VPOS="413" HPOS="609"/>
							<String ID="string_90" HPOS="625" VPOS="413" WIDTH="23" HEIGHT="21" WC="0.96" CONTENT="af"/><SP WIDTH="14" VPOS="413" HPOS="648"/>
							<String ID="string_91" HPOS="662" VPOS="413" WIDTH="91" HEIGHT="21" WC="0.95" CONTENT="anförda"/><SP WIDTH="16" VPOS="413" HPOS="753"/>
							<String ID="string_92" HPOS="769" VPOS="413" WIDTH="45" HEIGHT="20" WC="0.96" CONTENT="ord."/>
						</TextLine>
					</TextBlock>
					<TextBlock ID="block_2" HPOS="141" VPOS="441" WIDTH="834" HEIGHT="84">
						<TextLine ID="line_10" HPOS="212" VPOS="441" WIDTH="763" HEIGHT="22">
							<String ID="string_93" HPOS="212" VPOS="441" WIDTH="50" HEIGHT="21" WC="0.96" CONTENT="Med"/><SP WIDTH="17" VPOS="441" HPOS="262"/>
							<String ID="string_94" HPOS="279" VPOS="442" WIDTH="98" HEIGHT="21" WC="0.91" CONTENT="afseende"/><SP WIDTH="17" VPOS="442" HPOS="377"/>
							<String ID="string_95" HPOS="394" VPOS="442" WIDTH="52" HEIGHT="20" WC="0.91" CONTENT="härå"/><SP WIDTH="16" VPOS="442" HPOS="446"/>
							<String ID="string_96" HPOS="462" VPOS="442" WIDTH="38" HEIGHT="20" WC="0.96" CONTENT="har"/><SP WIDTH="19" VPOS="442" HPOS="500"/>
							<String ID="string_97" HPOS="519" VPOS="442" WIDTH="68" HEIGHT="20" WC="0.96" CONTENT="första"/><SP WIDTH="23" VPOS="442" HPOS="587"/>
							<String ID="string_98" HPOS="610" VPOS="442" WIDTH="73" HEIGHT="20" WC="0.96" CONTENT="bladet"/><SP WIDTH="23" VPOS="442" HPOS="683"/>
							<String ID="string_99" HPOS="706" VPOS="442" WIDTH="5" HEIGHT="20" WC="0.96" CONTENT="i"/><SP WIDTH="25" VPOS="442" HPOS="711"/>
							<String ID="string_100" HPOS="736" VPOS="442" WIDTH="40" HEIGHT="20" WC="0.96" CONTENT="den"/><SP WIDTH="24" VPOS="442" HPOS="776"/>
							<String ID="string_101" HPOS="800" VPOS="442" WIDTH="31" HEIGHT="20" WC="0.93" CONTENT="till"/><SP WIDTH="24" VPOS="442" HPOS="831"/>
							<String ID="string_102" HPOS="855" VPOS="442" WIDTH="120" HEIGHT="20" WC="0.91" CONTENT="Ständerna"/>
						</TextLine>
						<TextLine ID="line_11" HPOS="141" VPOS="470" WIDTH="830" HEIGHT="27">
							<String ID="string_103" HPOS="141" VPOS="470" WIDTH="100" HEIGHT="21" WC="0.92" CONTENT="ntdelade"/><SP WIDTH="17" VPOS="470" HPOS="241"/>
							<String ID="string_104" HPOS="258" VPOS="470" WIDTH="78" HEIGHT="27" WC="0.96" CONTENT="nådiga"/><SP WIDTH="15" VPOS="470" HPOS="336"/>
							<String ID="string_105" HPOS="351" VPOS="470" WIDTH="159" HEIGHT="26" WC="0.96" CONTENT="propositionen"/><SP WIDTH="16" VPOS="470" HPOS="510"/>
							<String ID="string_106" HPOS="526" VPOS="470" WIDTH="40" HEIGHT="20" WC="0.96" CONTENT="N:o"/><SP WIDTH="17" VPOS="470" HPOS="566"/>
							<String ID="string_107" HPOS="583" VPOS="470" WIDTH="33" HEIGHT="25" WC="0.96" CONTENT="23,"/><SP WIDTH="17" VPOS="470" HPOS="616"/>
							<String ID="string_108" HPOS="633" VPOS="477" WIDTH="33" HEIGHT="13" WC="0.96" CONTENT="om"/><SP WIDTH="17" VPOS="477" HPOS="666"/>
							<String ID="string_109" HPOS="683" VPOS="470" WIDTH="89" HEIGHT="26" WC="0.94" CONTENT="ändring"/><SP WIDTH="22" VPOS="470" HPOS="772"/>
							<String ID="string_110" HPOS="794" VPOS="470" WIDTH="23" HEIGHT="20" WC="0.96" CONTENT="af"/><SP WIDTH="22" VPOS="470" HPOS="817"/>
							<String ID="string_111" HPOS="839" VPOS="470" WIDTH="132" HEIGHT="26" WC="0.95" CONTENT="strafflagen,"/>
						</TextLine>
						<TextLine ID="line_12" HPOS="142" VPOS="498" WIDTH="745" HEIGHT="27">
							<String ID="string_112" HPOS="142" VPOS="499" WIDTH="75" HEIGHT="22" WC="0.95" CONTENT="blifvit,"/><SP WIDTH="17" VPOS="499" HPOS="217"/>
							<String ID="string_113" HPOS="234" VPOS="499" WIDTH="66" HEIGHT="20" WC="0.93" CONTENT="sedan"/><SP WIDTH="17" VPOS="499" HPOS="300"/>
							<String ID="string_114" HPOS="317" VPOS="498" WIDTH="141" HEIGHT="21" WC="0.92" CONTENT="omförmälda"/><SP WIDTH="16" VPOS="498" HPOS="458"/>
							<String ID="string_115" HPOS="474" VPOS="498" WIDTH="38" HEIGHT="20" WC="0.92" CONTENT="ord"/><SP WIDTH="17" VPOS="498" HPOS="512"/>
							<String ID="string_116" HPOS="529" VPOS="498" WIDTH="91" HEIGHT="20" WC="0.89" CONTENT="derifrån"/><SP WIDTH="16" VPOS="498" HPOS="620"/>
							<String ID="string_117" HPOS="636" VPOS="498" WIDTH="116" HEIGHT="24" WC="0.93" CONTENT="uteslutits,"/><SP WIDTH="18" VPOS="498" HPOS="752"/>
							<String ID="string_118" HPOS="770" VPOS="501" WIDTH="44" HEIGHT="18" WC="0.93" CONTENT="omt"/><SP WIDTH="8" VPOS="501" HPOS="814"/>
							<String ID="string_119" HPOS="822" VPOS="498" WIDTH="65" HEIGHT="27" WC="0.94" CONTENT="ryckt."/>
						</TextLine>
					</TextBlock>
					<TextBlock ID="block_3" HPOS="143" VPOS="526" WIDTH="832" HEIGHT="141">
						<TextLine ID="line_13" HPOS="215" VPOS="526" WIDTH="760" HEIGHT="26">
							<String ID="string_120" HPOS="215" VPOS="526" WIDTH="74" HEIGHT="26" WC="0.96" CONTENT="Enligt"/><SP WIDTH="15" VPOS="526" HPOS="289"/>
							<String ID="string_121" HPOS="304" VPOS="527" WIDTH="119" HEIGHT="25" WC="0.93" CONTENT="Kejserliga"/><SP WIDTH="15" VPOS="527" HPOS="423"/>
							<String ID="string_122" HPOS="438" VPOS="526" WIDTH="104" HEIGHT="21" WC="0.91" CONTENT="Senatens"/><SP WIDTH="16" VPOS="526" HPOS="542"/>
							<String ID="string_123" HPOS="558" VPOS="526" WIDTH="115" HEIGHT="25" WC="0.96" CONTENT="föreskrift,"/><SP WIDTH="25" VPOS="526" HPOS="673"/>
							<String ID="string_124" HPOS="698" VPOS="527" WIDTH="38" HEIGHT="20" WC="0.96" CONTENT="har"/><SP WIDTH="14" VPOS="527" HPOS="736"/>
							<String ID="string_125" HPOS="750" VPOS="526" WIDTH="37" HEIGHT="26" WC="0.96" CONTENT="jag"/><SP WIDTH="16" VPOS="526" HPOS="787"/>
							<String ID="string_126" HPOS="803" VPOS="529" WIDTH="51" HEIGHT="18" WC="0.96" CONTENT="äran"/><SP WIDTH="17" VPOS="529" HPOS="854"/>
							<String ID="string_127" HPOS="871" VPOS="528" WIDTH="31" HEIGHT="20" WC="0.96" CONTENT="till"/><SP WIDTH="17" VPOS="528" HPOS="902"/>
							<String ID="string_128" HPOS="919" VPOS="527" WIDTH="56" HEIGHT="21" WC="0.96" CONTENT="Herr"/>
						</TextLine>
						<TextLine ID="line_14" HPOS="145" VPOS="554" WIDTH="830" HEIGHT="27">
							<String ID="string_129" HPOS="145" VPOS="554" WIDTH="166" HEIGHT="21" WC="0.91" CONTENT="Geheimerådet"/><SP WIDTH="15" VPOS="554" HPOS="311"/>
							<String ID="string_130" HPOS="326" VPOS="556" WIDTH="155" HEIGHT="19" WC="0.92" CONTENT="vördsammast"/><SP WIDTH="16" VPOS="556" HPOS="481"/>
							<String ID="string_131" HPOS="497" VPOS="555" WIDTH="126" HEIGHT="20" WC="0.92" CONTENT="öfversända"/><SP WIDTH="16" VPOS="555" HPOS="623"/>
							<String ID="string_132" HPOS="639" VPOS="558" WIDTH="30" HEIGHT="17" WC="0.96" CONTENT="ett"/><SP WIDTH="17" VPOS="558" HPOS="669"/>
							<String ID="string_133" HPOS="686" VPOS="556" WIDTH="109" HEIGHT="25" WC="0.96" CONTENT="exemplar"/><SP WIDTH="16" VPOS="556" HPOS="795"/>
							<String ID="string_134" HPOS="811" VPOS="556" WIDTH="22" HEIGHT="20" WC="0.96" CONTENT="af"/><SP WIDTH="14" VPOS="556" HPOS="833"/>
							<String ID="string_135" HPOS="847" VPOS="556" WIDTH="66" HEIGHT="25" WC="0.93" CONTENT="sagda"/><SP WIDTH="16" VPOS="556" HPOS="913"/>
							<String ID="string_136" HPOS="929" VPOS="562" WIDTH="46" HEIGHT="14" WC="0.92" CONTENT="om-"/>
						</TextLine>
						<TextLine ID="line_15" HPOS="144" VPOS="583" WIDTH="831" HEIGHT="27">
							<String ID="string_137" HPOS="144" VPOS="584" WIDTH="85" HEIGHT="26" WC="0.96" CONTENT="tryckta"/><SP WIDTH="16" VPOS="584" HPOS="229"/>
							<String ID="string_138" HPOS="245" VPOS="583" WIDTH="51" HEIGHT="21" WC="0.96" CONTENT="blad"/><SP WIDTH="16" VPOS="583" HPOS="296"/>
							<String ID="string_139" HPOS="312" VPOS="583" WIDTH="27" HEIGHT="26" WC="0.96" CONTENT="på"/><SP WIDTH="15" VPOS="583" HPOS="339"/>
							<String ID="string_140" HPOS="354" VPOS="583" WIDTH="91" HEIGHT="21" WC="0.96" CONTENT="svenska"/><SP WIDTH="16" VPOS="583" HPOS="445"/>
							<String ID="string_141" HPOS="461" VPOS="583" WIDTH="39" HEIGHT="21" WC="0.96" CONTENT="och"/><SP WIDTH="16" VPOS="583" HPOS="500"/>
							<String ID="string_142" HPOS="516" VPOS="583" WIDTH="68" HEIGHT="21" WC="0.96" CONTENT="finska"/><SP WIDTH="15" VPOS="583" HPOS="584"/>
							<String ID="string_143" HPOS="599" VPOS="583" WIDTH="91" HEIGHT="26" WC="0.96" CONTENT="språken"/><SP WIDTH="17" VPOS="583" HPOS="690"/>
							<String ID="string_144" HPOS="707" VPOS="583" WIDTH="33" HEIGHT="21" WC="0.96" CONTENT="för"/><SP WIDTH="16" VPOS="583" HPOS="740"/>
							<String ID="string_145" HPOS="756" VPOS="586" WIDTH="32" HEIGHT="18" WC="0.93" CONTENT="att"/><SP WIDTH="17" VPOS="586" HPOS="788"/>
							<String ID="string_146" HPOS="805" VPOS="583" WIDTH="23" HEIGHT="21" WC="0.89" CONTENT="R."/><SP WIDTH="16" VPOS="583" HPOS="828"/>
							<String ID="string_147" HPOS="844" VPOS="590" WIDTH="18" HEIGHT="14" WC="0.91" CONTENT="o."/><SP WIDTH="17" VPOS="590" HPOS="862"/>
							<String ID="string_148" HPOS="879" VPOS="585" WIDTH="25" HEIGHT="20" WC="0.91" CONTENT="A."/><SP WIDTH="14" VPOS="585" HPOS="904"/>
							<String ID="string_149" HPOS="918" VPOS="584" WIDTH="57" HEIGHT="21" WC="0.91" CONTENT="med-"/>
						</TextLine>
						<TextLine ID="line_16" HPOS="143" VPOS="611" WIDTH="832" HEIGHT="28">
							<String ID="string_150" HPOS="143" VPOS="612" WIDTH="59" HEIGHT="21" WC="0.96" CONTENT="delas"/><SP WIDTH="15" VPOS="612" HPOS="202"/>
							<String ID="string_151" HPOS="217" VPOS="612" WIDTH="49" HEIGHT="20" WC="0.92" CONTENT="med"/><SP WIDTH="17" VPOS="612" HPOS="266"/>
							<String ID="string_152" HPOS="283" VPOS="612" WIDTH="203" HEIGHT="26" WC="0.92" CONTENT="tillkännagifvande"/><SP WIDTH="16" VPOS="612" HPOS="486"/>
							<String ID="string_153" HPOS="502" VPOS="614" WIDTH="32" HEIGHT="17" WC="0.83" CONTENT="att"/><SP WIDTH="17" VPOS="614" HPOS="534"/>
							<String ID="string_154" HPOS="551" VPOS="611" WIDTH="60" HEIGHT="28" WC="0.65" CONTENT="öfligt"/><SP WIDTH="17" VPOS="611" HPOS="611"/>
							<String ID="string_155" HPOS="628" VPOS="613" WIDTH="62" HEIGHT="19" WC="0.92" CONTENT="antal"/><SP WIDTH="16" VPOS="613" HPOS="690"/>
							<String ID="string_156" HPOS="706" VPOS="612" WIDTH="112" HEIGHT="26" WC="0.34" CONTENT="excmplar"/><SP WIDTH="14" VPOS="612" HPOS="818"/>
							<String ID="string_157" HPOS="832" VPOS="613" WIDTH="60" HEIGHT="26" WC="0.83" CONTENT="deraj"/><SP WIDTH="16" VPOS="613" HPOS="892"/>
							<String ID="string_158" HPOS="908" VPOS="613" WIDTH="67" HEIGHT="26" WC="0.96" CONTENT="finnes"/>
						</TextLine>
						<TextLine ID="line_17" HPOS="144" VPOS="640" WIDTH="368" HEIGHT="27">
							<String ID="string_159" HPOS="144" VPOS="641" WIDTH="13" HEIGHT="19" WC="0.88" CONTENT="ä"/><SP WIDTH="16" VPOS="641" HPOS="157"/>
							<String ID="string_160" HPOS="173" VPOS="640" WIDTH="25" HEIGHT="21" WC="0.88" CONTENT="R."/><SP WIDTH="17" VPOS="640" HPOS="198"/>
							<String ID="string_161" HPOS="215" VPOS="647" WIDTH="18" HEIGHT="14" WC="0.92" CONTENT="o."/><SP WIDTH="17" VPOS="647" HPOS="233"/>
							<String ID="string_162" HPOS="250" VPOS="641" WIDTH="40" HEIGHT="19" WC="0.90" CONTENT="A:s"/><SP WIDTH="16" VPOS="641" HPOS="290"/>
							<String ID="string_163" HPOS="306" VPOS="640" WIDTH="73" HEIGHT="21" WC="0.93" CONTENT="kansli"/><SP WIDTH="16" VPOS="640" HPOS="379"/>
							<String ID="string_164" HPOS="395" VPOS="643" WIDTH="30" HEIGHT="18" WC="0.81" CONTENT="att"/><SP WIDTH="17" VPOS="643" HPOS="425"/>
							<String ID="string_165" HPOS="442" VPOS="641" WIDTH="70" HEIGHT="26" WC="0.63" CONTENT="tillgå."/>
						</TextLine>
					</TextBlock>
				</ComposedBlock>
				<Illustration ID="cblock_3" HPOS="346" VPOS="533" WIDTH="21" HEIGHT="14"></Illustration>
				<ComposedBlock ID="cblock_4" HPOS="678" VPOS="697" WIDTH="227" HEIGHT="28">
					<TextBlock ID="block_4" HPOS="678" VPOS="697" WIDTH="227" HEIGHT="28">
						<TextLine ID="line_18" HPOS="678" VPOS="697" WIDTH="227" HEIGHT="28">
							<String ID="string_166" HPOS="678" VPOS="697" WIDTH="80" HEIGHT="21" WC="0.86" CONTENT="Theod."/><SP WIDTH="17" VPOS="697" HPOS="758"/>
							<String ID="string_167" HPOS="775" VPOS="697" WIDTH="130" HEIGHT="28" WC="0.89" CONTENT="Bergelund."/>
						</TextLine>
					</TextBlock>
				</ComposedBlock>
				<ComposedBlock ID="cblock_5" HPOS="214" VPOS="782" WIDTH="379" HEIGHT="27">
					<TextBlock ID="block_5" HPOS="214" VPOS="782" WIDTH="379" HEIGHT="27">
						<TextLine ID="line_19" HPOS="214" VPOS="782" WIDTH="379" HEIGHT="27">
							<String ID="string_168" HPOS="214" VPOS="783" WIDTH="30" HEIGHT="21" WC="0.96" CONTENT="På"/><SP WIDTH="16" VPOS="783" HPOS="244"/>
							<String ID="string_169" HPOS="260" VPOS="783" WIDTH="95" HEIGHT="26" WC="0.93" CONTENT="begäran"/><SP WIDTH="16" VPOS="783" HPOS="355"/>
							<String ID="string_170" HPOS="371" VPOS="783" WIDTH="107" HEIGHT="20" WC="0.90" CONTENT="lemnades"/><SP WIDTH="16" VPOS="783" HPOS="478"/>
							<String ID="string_171" HPOS="494" VPOS="783" WIDTH="61" HEIGHT="20" WC="0.96" CONTENT="ordet"/><SP WIDTH="17" VPOS="783" HPOS="555"/>
							<String ID="string_172" HPOS="572" VPOS="782" WIDTH="21" HEIGHT="21" WC="0.96" CONTENT="åt"/>
						</TextLine>
					</TextBlock>
				</ComposedBlock>
				<ComposedBlock ID="cblock_6" HPOS="144" VPOS="838" WIDTH="835" HEIGHT="684">
					<TextBlock ID="block_6" HPOS="144" VPOS="838" WIDTH="835" HEIGHT="684">
						<TextLine ID="line_20" HPOS="214" VPOS="838" WIDTH="761" HEIGHT="27">
							<String ID="string_173" HPOS="214" VPOS="840" WIDTH="59" HEIGHT="20" WC="0.92" CONTENT="Frih."/><SP WIDTH="16" VPOS="840" HPOS="273"/>
							<String ID="string_174" HPOS="289" VPOS="846" WIDTH="51" HEIGHT="14" WC="0.96" CONTENT="von"/><SP WIDTH="16" VPOS="846" HPOS="340"/>
							<String ID="string_175" HPOS="356" VPOS="840" WIDTH="86" HEIGHT="24" WC="0.96" CONTENT="Born,"/><SP WIDTH="18" VPOS="840" HPOS="442"/>
							<String ID="string_176" HPOS="460" VPOS="845" WIDTH="44" HEIGHT="14" WC="0.96" CONTENT="som"/><SP WIDTH="12" VPOS="845" HPOS="504"/>
							<String ID="string_177" HPOS="516" VPOS="839" WIDTH="95" HEIGHT="26" WC="0.96" CONTENT="yttrade:"/><SP WIDTH="13" VPOS="839" HPOS="611"/>
							<String ID="string_178" HPOS="624" VPOS="838" WIDTH="33" HEIGHT="21" WC="0.96" CONTENT="Då"/><SP WIDTH="7" VPOS="838" HPOS="657"/>
							<String ID="string_179" HPOS="664" VPOS="839" WIDTH="36" HEIGHT="25" WC="0.96" CONTENT="jag"/><SP WIDTH="13" VPOS="839" HPOS="700"/>
							<String ID="string_180" HPOS="713" VPOS="839" WIDTH="38" HEIGHT="19" WC="0.96" CONTENT="hör"/><SP WIDTH="10" VPOS="839" HPOS="751"/>
							<String ID="string_181" HPOS="761" VPOS="839" WIDTH="31" HEIGHT="19" WC="0.96" CONTENT="till"/><SP WIDTH="11" VPOS="839" HPOS="792"/>
							<String ID="string_182" HPOS="803" VPOS="839" WIDTH="80" HEIGHT="20" WC="0.96" CONTENT="antalet"/><SP WIDTH="12" VPOS="839" HPOS="883"/>
							<String ID="string_183" HPOS="895" VPOS="839" WIDTH="22" HEIGHT="20" WC="0.96" CONTENT="af"/><SP WIDTH="10" VPOS="839" HPOS="917"/>
							<String ID="string_184" HPOS="927" VPOS="839" WIDTH="48" HEIGHT="21" WC="0.96" CONTENT="dem"/>
						</TextLine>
						<TextLine ID="line_21" HPOS="146" VPOS="867" WIDTH="829" HEIGHT="27">
							<String ID="string_185" HPOS="146" VPOS="874" WIDTH="45" HEIGHT="15" WC="0.96" CONTENT="som"/><SP WIDTH="16" VPOS="874" HPOS="191"/>
							<String ID="string_186" HPOS="207" VPOS="868" WIDTH="34" HEIGHT="20" WC="0.93" CONTENT="vid"/><SP WIDTH="17" VPOS="868" HPOS="241"/>
							<String ID="string_187" HPOS="258" VPOS="870" WIDTH="85" HEIGHT="18" WC="0.91" CONTENT="senaste"/><SP WIDTH="16" VPOS="870" HPOS="343"/>
							<String ID="string_188" HPOS="359" VPOS="868" WIDTH="85" HEIGHT="26" WC="0.91" CONTENT="plenum"/><SP WIDTH="16" VPOS="868" HPOS="444"/>
							<String ID="string_189" HPOS="460" VPOS="868" WIDTH="87" HEIGHT="20" WC="0.93" CONTENT="röstade"/><SP WIDTH="18" VPOS="868" HPOS="547"/>
							<String ID="string_190" HPOS="565" VPOS="867" WIDTH="32" HEIGHT="21" WC="0.96" CONTENT="för"/><SP WIDTH="17" VPOS="867" HPOS="597"/>
							<String ID="string_191" HPOS="614" VPOS="870" WIDTH="31" HEIGHT="17" WC="0.96" CONTENT="att"/><SP WIDTH="16" VPOS="870" HPOS="645"/>
							<String ID="string_192" HPOS="661" VPOS="867" WIDTH="70" HEIGHT="21" WC="0.93" CONTENT="denna"/><SP WIDTH="16" VPOS="867" HPOS="731"/>
							<String ID="string_193" HPOS="747" VPOS="873" WIDTH="59" HEIGHT="20" WC="0.90" CONTENT="prop."/><SP WIDTH="18" VPOS="873" HPOS="806"/>
							<String ID="string_194" HPOS="824" VPOS="867" WIDTH="39" HEIGHT="21" WC="0.96" CONTENT="här"/><SP WIDTH="22" VPOS="867" HPOS="863"/>
							<String ID="string_195" HPOS="885" VPOS="868" WIDTH="6" HEIGHT="19" WC="0.96" CONTENT="i"/><SP WIDTH="24" VPOS="868" HPOS="891"/>
							<String ID="string_196" HPOS="915" VPOS="867" WIDTH="60" HEIGHT="21" WC="0.96" CONTENT="detta"/>
						</TextLine>
						<TextLine ID="line_22" HPOS="147" VPOS="896" WIDTH="828" HEIGHT="26">
							<String ID="string_197" HPOS="147" VPOS="896" WIDTH="75" HEIGHT="24" WC="0.95" CONTENT="Stånd,"/><SP WIDTH="16" VPOS="896" HPOS="222"/>
							<String ID="string_198" HPOS="238" VPOS="897" WIDTH="6" HEIGHT="20" WC="0.93" CONTENT="i"/><SP WIDTH="17" VPOS="897" HPOS="244"/>
							<String ID="string_199" HPOS="261" VPOS="899" WIDTH="91" HEIGHT="18" WC="0.96" CONTENT="motsats"/><SP WIDTH="16" VPOS="899" HPOS="352"/>
							<String ID="string_200" HPOS="368" VPOS="896" WIDTH="32" HEIGHT="21" WC="0.93" CONTENT="till"/><SP WIDTH="16" VPOS="896" HPOS="400"/>
							<String ID="string_201" HPOS="416" VPOS="896" WIDTH="55" HEIGHT="21" WC="0.91" CONTENT="hvad"/><SP WIDTH="16" VPOS="896" HPOS="471"/>
							<String ID="string_202" HPOS="487" VPOS="896" WIDTH="144" HEIGHT="20" WC="0.40" CONTENT="förhällardet"/><SP WIDTH="15" VPOS="896" HPOS="631"/>
							<String ID="string_203" HPOS="646" VPOS="896" WIDTH="56" HEIGHT="20" WC="0.95" CONTENT="varit"/><SP WIDTH="16" VPOS="896" HPOS="702"/>
							<String ID="string_204" HPOS="718" VPOS="896" WIDTH="6" HEIGHT="20" WC="0.95" CONTENT="i"/><SP WIDTH="17" VPOS="896" HPOS="724"/>
							<String ID="string_205" HPOS="741" VPOS="896" WIDTH="25" HEIGHT="20" WC="0.93" CONTENT="de"/><SP WIDTH="23" VPOS="896" HPOS="766"/>
							<String ID="string_206" HPOS="789" VPOS="896" WIDTH="68" HEIGHT="26" WC="0.93" CONTENT="öfriga"/><SP WIDTH="16" VPOS="896" HPOS="857"/>
							<String ID="string_207" HPOS="873" VPOS="896" WIDTH="102" HEIGHT="26" WC="0.92" CONTENT="Ständen,"/>
						</TextLine>
						<TextLine ID="line_23" HPOS="146" VPOS="924" WIDTH="829" HEIGHT="27">
							<String ID="string_208" HPOS="146" VPOS="925" WIDTH="47" HEIGHT="21" WC="0.92" CONTENT="icke"/><SP WIDTH="16" VPOS="925" HPOS="193"/>
							<String ID="string_209" HPOS="209" VPOS="925" WIDTH="68" HEIGHT="21" WC="0.92" CONTENT="mätte"/><SP WIDTH="16" VPOS="925" HPOS="277"/>
							<String ID="string_210" HPOS="293" VPOS="927" WIDTH="45" HEIGHT="19" WC="0.93" CONTENT="mot"/><SP WIDTH="15" VPOS="927" HPOS="338"/>
							<String ID="string_211" HPOS="353" VPOS="925" WIDTH="130" HEIGHT="26" WC="0.91" CONTENT="vedertagen"/><SP WIDTH="16" VPOS="925" HPOS="483"/>
							<String ID="string_212" HPOS="499" VPOS="924" WIDTH="90" HEIGHT="27" WC="0.96" CONTENT="ordning"/><SP WIDTH="16" VPOS="924" HPOS="589"/>
							<String ID="string_213" HPOS="605" VPOS="924" WIDTH="69" HEIGHT="21" WC="0.93" CONTENT="direkt"/><SP WIDTH="17" VPOS="924" HPOS="674"/>
							<String ID="string_214" HPOS="691" VPOS="924" WIDTH="122" HEIGHT="20" WC="0.92" CONTENT="remitteras"/><SP WIDTH="16" VPOS="924" HPOS="813"/>
							<String ID="string_215" HPOS="829" VPOS="924" WIDTH="32" HEIGHT="21" WC="0.93" CONTENT="till"/><SP WIDTH="24" VPOS="924" HPOS="861"/>
							<String ID="string_216" HPOS="885" VPOS="924" WIDTH="90" HEIGHT="25" WC="0.93" CONTENT="utskott,"/>
						</TextLine>
						<TextLine ID="line_24" HPOS="148" VPOS="952" WIDTH="828" HEIGHT="28">
							<String ID="string_217" HPOS="148" VPOS="954" WIDTH="55" HEIGHT="26" WC="0.91" CONTENT="yelst"/><SP WIDTH="16" VPOS="954" HPOS="203"/>
							<String ID="string_218" HPOS="219" VPOS="954" WIDTH="125" HEIGHT="20" WC="0.91" CONTENT="densamma"/><SP WIDTH="16" VPOS="954" HPOS="344"/>
							<String ID="string_219" HPOS="360" VPOS="953" WIDTH="26" HEIGHT="21" WC="0.96" CONTENT="dä"/><SP WIDTH="16" VPOS="953" HPOS="386"/>
							<String ID="string_220" HPOS="402" VPOS="955" WIDTH="56" HEIGHT="19" WC="0.93" CONTENT="ännu"/><SP WIDTH="16" VPOS="955" HPOS="458"/>
							<String ID="string_221" HPOS="474" VPOS="953" WIDTH="45" HEIGHT="21" WC="0.92" CONTENT="icke"/><SP WIDTH="17" VPOS="953" HPOS="519"/>
							<String ID="string_222" HPOS="536" VPOS="953" WIDTH="54" HEIGHT="20" WC="0.96" CONTENT="varit"/><SP WIDTH="16" VPOS="953" HPOS="590"/>
							<String ID="string_223" HPOS="606" VPOS="953" WIDTH="27" HEIGHT="26" WC="0.93" CONTENT="pä"/><SP WIDTH="15" VPOS="953" HPOS="633"/>
							<String ID="string_224" HPOS="648" VPOS="952" WIDTH="228" HEIGHT="27" WC="0.89" CONTENT="föredragningslistan"/><SP WIDTH="24" VPOS="952" HPOS="876"/>
							<String ID="string_225" HPOS="900" VPOS="955" WIDTH="76" HEIGHT="24" WC="0.92" CONTENT="uppta-"/>
						</TextLine>
						<TextLine ID="line_25" HPOS="146" VPOS="981" WIDTH="830" HEIGHT="27">
							<String ID="string_226" HPOS="146" VPOS="988" WIDTH="47" HEIGHT="20" WC="0.95" CONTENT="gen,"/><SP WIDTH="17" VPOS="988" HPOS="193"/>
							<String ID="string_227" HPOS="210" VPOS="984" WIDTH="52" HEIGHT="18" WC="0.96" CONTENT="utan"/><SP WIDTH="16" VPOS="984" HPOS="262"/>
							<String ID="string_228" HPOS="278" VPOS="982" WIDTH="7" HEIGHT="20" WC="0.93" CONTENT="i"/><SP WIDTH="15" VPOS="982" HPOS="285"/>
							<String ID="string_229" HPOS="300" VPOS="982" WIDTH="110" HEIGHT="26" WC="0.92" CONTENT="sedvanlig"/><SP WIDTH="16" VPOS="982" HPOS="410"/>
							<String ID="string_230" HPOS="426" VPOS="982" WIDTH="89" HEIGHT="23" WC="0.76" CONTENT="ordning"/><SP WIDTH="15" VPOS="982" HPOS="515"/>
							<String ID="string_231" HPOS="530" VPOS="982" WIDTH="135" HEIGHT="25" WC="0.92" CONTENT="bordläggas,"/><SP WIDTH="16" VPOS="982" HPOS="665"/>
							<String ID="string_232" HPOS="681" VPOS="981" WIDTH="75" HEIGHT="26" WC="0.92" CONTENT="gjorde"/><SP WIDTH="14" VPOS="981" HPOS="756"/>
							<String ID="string_233" HPOS="770" VPOS="981" WIDTH="37" HEIGHT="26" WC="0.96" CONTENT="jag"/><SP WIDTH="15" VPOS="981" HPOS="807"/>
							<String ID="string_234" HPOS="822" VPOS="982" WIDTH="37" HEIGHT="20" WC="0.93" CONTENT="det"/><SP WIDTH="22" VPOS="982" HPOS="859"/>
							<String ID="string_235" HPOS="881" VPOS="981" WIDTH="46" HEIGHT="21" WC="0.90" CONTENT="icke"/><SP WIDTH="15" VPOS="981" HPOS="927"/>
							<String ID="string_236" HPOS="942" VPOS="981" WIDTH="34" HEIGHT="21" WC="0.96" CONTENT="för"/>
						</TextLine>
						<TextLine ID="line_26" HPOS="145" VPOS="1010" WIDTH="830" HEIGHT="26">
							<String ID="string_237" HPOS="145" VPOS="1014" WIDTH="32" HEIGHT="17" WC="0.93" CONTENT="att"/><SP WIDTH="16" VPOS="1014" HPOS="177"/>
							<String ID="string_238" HPOS="193" VPOS="1010" WIDTH="80" HEIGHT="22" WC="0.96" CONTENT="bereda"/><SP WIDTH="16" VPOS="1010" HPOS="273"/>
							<String ID="string_239" HPOS="289" VPOS="1011" WIDTH="42" HEIGHT="25" WC="0.96" CONTENT="mig"/><SP WIDTH="16" VPOS="1011" HPOS="331"/>
							<String ID="string_240" HPOS="347" VPOS="1011" WIDTH="38" HEIGHT="21" WC="0.96" CONTENT="och"/><SP WIDTH="16" VPOS="1011" HPOS="385"/>
							<String ID="string_241" HPOS="401" VPOS="1011" WIDTH="67" HEIGHT="20" WC="0.93" CONTENT="andra"/><SP WIDTH="15" VPOS="1011" HPOS="468"/>
							<String ID="string_242" HPOS="483" VPOS="1010" WIDTH="213" HEIGHT="21" WC="0.51" CONTENT="ständsmediemmar"/><SP WIDTH="16" VPOS="1010" HPOS="696"/>
							<String ID="string_243" HPOS="712" VPOS="1010" WIDTH="83" HEIGHT="20" WC="0.95" CONTENT="tillfälle"/><SP WIDTH="16" VPOS="1010" HPOS="795"/>
							<String ID="string_244" HPOS="811" VPOS="1013" WIDTH="31" HEIGHT="17" WC="0.93" CONTENT="att"/><SP WIDTH="16" VPOS="1013" HPOS="842"/>
							<String ID="string_245" HPOS="858" VPOS="1014" WIDTH="57" HEIGHT="22" WC="0.94" CONTENT="yttra"/><SP WIDTH="21" VPOS="1014" HPOS="915"/>
							<String ID="string_246" HPOS="936" VPOS="1010" WIDTH="39" HEIGHT="26" WC="0.96" CONTENT="sig,"/>
						</TextLine>
						<TextLine ID="line_27" HPOS="145" VPOS="1038" WIDTH="830" HEIGHT="28">
							<String ID="string_247" HPOS="145" VPOS="1040" WIDTH="7" HEIGHT="20" WC="0.93" CONTENT="i"/><SP WIDTH="16" VPOS="1040" HPOS="152"/>
							<String ID="string_248" HPOS="168" VPOS="1039" WIDTH="75" HEIGHT="27" WC="0.93" CONTENT="sjelfva"/><SP WIDTH="15" VPOS="1039" HPOS="243"/>
							<String ID="string_249" HPOS="258" VPOS="1039" WIDTH="164" HEIGHT="27" WC="0.88" CONTENT="hufvudfrägan,"/><SP WIDTH="21" VPOS="1039" HPOS="422"/>
							<String ID="string_250" HPOS="443" VPOS="1040" WIDTH="18" HEIGHT="20" WC="0.91" CONTENT="d."/><SP WIDTH="19" VPOS="1040" HPOS="461"/>
							<String ID="string_251" HPOS="480" VPOS="1046" WIDTH="17" HEIGHT="13" WC="0.94" CONTENT="v."/><SP WIDTH="17" VPOS="1046" HPOS="497"/>
							<String ID="string_252" HPOS="514" VPOS="1045" WIDTH="15" HEIGHT="14" WC="0.95" CONTENT="s."/><SP WIDTH="18" VPOS="1045" HPOS="529"/>
							<String ID="string_253" HPOS="547" VPOS="1045" WIDTH="33" HEIGHT="14" WC="0.95" CONTENT="om"/><SP WIDTH="23" VPOS="1045" HPOS="580"/>
							<String ID="string_254" HPOS="603" VPOS="1039" WIDTH="26" HEIGHT="20" WC="0.93" CONTENT="de"/><SP WIDTH="22" VPOS="1039" HPOS="629"/>
							<String ID="string_255" HPOS="651" VPOS="1038" WIDTH="150" HEIGHT="26" WC="0.93" CONTENT="förändringar"/><SP WIDTH="23" VPOS="1038" HPOS="801"/>
							<String ID="string_256" HPOS="824" VPOS="1039" WIDTH="30" HEIGHT="20" WC="0.88" CONTENT="vti"/><SP WIDTH="23" VPOS="1039" HPOS="854"/>
							<String ID="string_257" HPOS="877" VPOS="1039" WIDTH="98" HEIGHT="25" WC="0.96" CONTENT="gällande"/>
						</TextLine>
						<TextLine ID="line_28" HPOS="145" VPOS="1066" WIDTH="831" HEIGHT="28">
							<String ID="string_258" HPOS="145" VPOS="1067" WIDTH="103" HEIGHT="27" WC="0.91" CONTENT="strafflag,"/><SP WIDTH="17" VPOS="1067" HPOS="248"/>
							<String ID="string_259" HPOS="265" VPOS="1068" WIDTH="72" HEIGHT="21" WC="0.92" CONTENT="hvilka"/><SP WIDTH="16" VPOS="1068" HPOS="337"/>
							<String ID="string_260" HPOS="353" VPOS="1069" WIDTH="26" HEIGHT="20" WC="0.96" CONTENT="H."/><SP WIDTH="17" VPOS="1069" HPOS="379"/>
							<String ID="string_261" HPOS="396" VPOS="1068" WIDTH="28" HEIGHT="20" WC="0.96" CONTENT="M."/><SP WIDTH="17" VPOS="1068" HPOS="424"/>
							<String ID="string_262" HPOS="441" VPOS="1068" WIDTH="47" HEIGHT="20" WC="0.96" CONTENT="med"/><SP WIDTH="14" VPOS="1068" HPOS="488"/>
							<String ID="string_263" HPOS="502" VPOS="1068" WIDTH="70" HEIGHT="20" WC="0.87" CONTENT="denna"/><SP WIDTH="12" VPOS="1068" HPOS="572"/>
							<String ID="string_264" HPOS="584" VPOS="1067" WIDTH="47" HEIGHT="21" WC="0.91" CONTENT="näd."/><SP WIDTH="14" VPOS="1067" HPOS="631"/>
							<String ID="string_265" HPOS="645" VPOS="1073" WIDTH="61" HEIGHT="20" WC="0.90" CONTENT="prop."/><SP WIDTH="14" VPOS="1073" HPOS="706"/>
							<String ID="string_266" HPOS="720" VPOS="1066" WIDTH="140" HEIGHT="22" WC="0.91" CONTENT="öfverlemnat"/><SP WIDTH="10" VPOS="1066" HPOS="860"/>
							<String ID="string_267" HPOS="870" VPOS="1068" WIDTH="32" HEIGHT="20" WC="0.93" CONTENT="till"/><SP WIDTH="12" VPOS="1068" HPOS="902"/>
							<String ID="string_268" HPOS="914" VPOS="1067" WIDTH="62" HEIGHT="21" WC="0.92" CONTENT="Stän-"/>
						</TextLine>
						<TextLine ID="line_29" HPOS="146" VPOS="1095" WIDTH="829" HEIGHT="28">
							<String ID="string_269" HPOS="146" VPOS="1096" WIDTH="77" HEIGHT="21" WC="0.92" CONTENT="dernas"/><SP WIDTH="15" VPOS="1096" HPOS="223"/>
							<String ID="string_270" HPOS="238" VPOS="1097" WIDTH="138" HEIGHT="26" WC="0.91" CONTENT="granskning;"/><SP WIDTH="16" VPOS="1097" HPOS="376"/>
							<String ID="string_271" HPOS="392" VPOS="1096" WIDTH="47" HEIGHT="21" WC="0.92" CONTENT="icke"/><SP WIDTH="15" VPOS="1096" HPOS="439"/>
							<String ID="string_272" HPOS="454" VPOS="1096" WIDTH="33" HEIGHT="20" WC="0.96" CONTENT="för"/><SP WIDTH="17" VPOS="1096" HPOS="487"/>
							<String ID="string_273" HPOS="504" VPOS="1098" WIDTH="32" HEIGHT="18" WC="0.96" CONTENT="att"/><SP WIDTH="15" VPOS="1098" HPOS="536"/>
							<String ID="string_274" HPOS="551" VPOS="1097" WIDTH="62" HEIGHT="19" WC="0.96" CONTENT="dessa"/><SP WIDTH="15" VPOS="1097" HPOS="613"/>
							<String ID="string_275" HPOS="628" VPOS="1096" WIDTH="115" HEIGHT="25" WC="0.96" CONTENT="ändringar"/><SP WIDTH="17" VPOS="1096" HPOS="743"/>
							<String ID="string_276" HPOS="760" VPOS="1095" WIDTH="67" HEIGHT="21" WC="0.93" CONTENT="skulle"/><SP WIDTH="23" VPOS="1095" HPOS="827"/>
							<String ID="string_277" HPOS="850" VPOS="1096" WIDTH="67" HEIGHT="20" WC="0.92" CONTENT="sakna"/><SP WIDTH="22" VPOS="1096" HPOS="917"/>
							<String ID="string_278" HPOS="939" VPOS="1096" WIDTH="36" HEIGHT="20" WC="0.92" CONTENT="be-"/>
						</TextLine>
						<TextLine ID="line_30" HPOS="146" VPOS="1124" WIDTH="833" HEIGHT="27">
							<String ID="string_279" HPOS="146" VPOS="1125" WIDTH="81" HEIGHT="25" WC="0.91" CONTENT="tydelse"/><SP WIDTH="17" VPOS="1125" HPOS="227"/>
							<String ID="string_280" HPOS="244" VPOS="1137" WIDTH="29" HEIGHT="2" WC="0.91" CONTENT="—"/><SP WIDTH="16" VPOS="1137" HPOS="273"/>
							<String ID="string_281" HPOS="289" VPOS="1127" WIDTH="98" HEIGHT="18" WC="0.96" CONTENT="tvärtom."/><SP WIDTH="33" VPOS="1127" HPOS="387"/>
							<String ID="string_282" HPOS="420" VPOS="1125" WIDTH="47" HEIGHT="20" WC="0.85" CONTENT="Men"/><SP WIDTH="17" VPOS="1125" HPOS="467"/>
							<String ID="string_283" HPOS="484" VPOS="1125" WIDTH="62" HEIGHT="20" WC="0.96" CONTENT="deras"/><SP WIDTH="20" VPOS="1125" HPOS="546"/>
							<String ID="string_284" HPOS="566" VPOS="1124" WIDTH="107" HEIGHT="27" WC="0.96" CONTENT="betydelse"/><SP WIDTH="25" VPOS="1124" HPOS="673"/>
							<String ID="string_285" HPOS="698" VPOS="1125" WIDTH="24" HEIGHT="19" WC="0.96" CONTENT="är"/><SP WIDTH="22" VPOS="1125" HPOS="722"/>
							<String ID="string_286" HPOS="744" VPOS="1124" WIDTH="120" HEIGHT="26" WC="0.0" CONTENT="egentligen"/><SP WIDTH="23" VPOS="1124" HPOS="864"/>
							<String ID="string_287" HPOS="887" VPOS="1124" WIDTH="46" HEIGHT="21" WC="0.96" CONTENT="icke"/><SP WIDTH="22" VPOS="1124" HPOS="933"/>
							<String ID="string_288" HPOS="955" VPOS="1124" WIDTH="24" HEIGHT="21" WC="0.96" CONTENT="af"/>
						</TextLine>
						<TextLine ID="line_31" HPOS="147" VPOS="1151" WIDTH="830" HEIGHT="28">
							<String ID="string_289" HPOS="147" VPOS="1153" WIDTH="148" HEIGHT="26" WC="0.91" CONTENT="straffrättslig"/><SP WIDTH="16" VPOS="1153" HPOS="295"/>
							<String ID="string_290" HPOS="311" VPOS="1156" WIDTH="39" HEIGHT="23" WC="0.96" CONTENT="art,"/><SP WIDTH="18" VPOS="1156" HPOS="350"/>
							<String ID="string_291" HPOS="368" VPOS="1154" WIDTH="24" HEIGHT="20" WC="0.93" CONTENT="de"/><SP WIDTH="17" VPOS="1154" HPOS="392"/>
							<String ID="string_292" HPOS="409" VPOS="1155" WIDTH="37" HEIGHT="18" WC="0.92" CONTENT="äro"/><SP WIDTH="16" VPOS="1155" HPOS="446"/>
							<String ID="string_293" HPOS="462" VPOS="1153" WIDTH="88" HEIGHT="20" WC="0.88" CONTENT="fastmer"/><SP WIDTH="15" VPOS="1153" HPOS="550"/>
							<String ID="string_294" HPOS="565" VPOS="1153" WIDTH="23" HEIGHT="20" WC="0.93" CONTENT="af"/><SP WIDTH="14" VPOS="1153" HPOS="588"/>
							<String ID="string_295" HPOS="602" VPOS="1151" WIDTH="140" HEIGHT="27" WC="0.87" CONTENT="statsrättsiig"/><SP WIDTH="16" VPOS="1151" HPOS="742"/>
							<String ID="string_296" HPOS="758" VPOS="1154" WIDTH="40" HEIGHT="18" WC="0.95" CONTENT="art."/><SP WIDTH="29" VPOS="1154" HPOS="798"/>
							<String ID="string_297" HPOS="827" VPOS="1153" WIDTH="31" HEIGHT="20" WC="0.93" CONTENT="De"/><SP WIDTH="16" VPOS="1153" HPOS="858"/>
							<String ID="string_298" HPOS="874" VPOS="1153" WIDTH="103" HEIGHT="20" WC="0.84" CONTENT="imiebära"/>
						</TextLine>
						<TextLine ID="line_32" HPOS="144" VPOS="1181" WIDTH="832" HEIGHT="26">
							<String ID="string_299" HPOS="144" VPOS="1181" WIDTH="24" HEIGHT="26" WC="0.91" CONTENT="ju"/><SP WIDTH="16" VPOS="1181" HPOS="168"/>
							<String ID="string_300" HPOS="184" VPOS="1182" WIDTH="95" HEIGHT="20" WC="0.92" CONTENT="indirekt"/><SP WIDTH="16" VPOS="1182" HPOS="279"/>
							<String ID="string_301" HPOS="295" VPOS="1183" WIDTH="114" HEIGHT="24" WC="0.78" CONTENT="ändringar"/><SP WIDTH="16" VPOS="1183" HPOS="409"/>
							<String ID="string_302" HPOS="425" VPOS="1181" WIDTH="23" HEIGHT="21" WC="0.96" CONTENT="af"/><SP WIDTH="14" VPOS="1181" HPOS="448"/>
							<String ID="string_303" HPOS="462" VPOS="1181" WIDTH="97" HEIGHT="26" WC="0.92" CONTENT="gällande"/><SP WIDTH="23" VPOS="1181" HPOS="559"/>
							<String ID="string_304" HPOS="582" VPOS="1181" WIDTH="112" HEIGHT="26" WC="0.91" CONTENT="grundlag,"/><SP WIDTH="25" VPOS="1181" HPOS="694"/>
							<String ID="string_305" HPOS="719" VPOS="1181" WIDTH="52" HEIGHT="20" WC="0.93" CONTENT="eller"/><SP WIDTH="23" VPOS="1181" HPOS="771"/>
							<String ID="string_306" HPOS="794" VPOS="1181" WIDTH="128" HEIGHT="21" WC="0.90" CONTENT="ätminstone"/><SP WIDTH="24" VPOS="1181" HPOS="922"/>
							<String ID="string_307" HPOS="946" VPOS="1181" WIDTH="30" HEIGHT="21" WC="0.92" CONTENT="af-"/>
						</TextLine>
						<TextLine ID="line_33" HPOS="146" VPOS="1209" WIDTH="830" HEIGHT="28">
							<String ID="string_308" HPOS="146" VPOS="1209" WIDTH="92" HEIGHT="22" WC="0.93" CONTENT="vikelser"/><SP WIDTH="15" VPOS="1209" HPOS="238"/>
							<String ID="string_309" HPOS="253" VPOS="1211" WIDTH="48" HEIGHT="20" WC="0.91" CONTENT="frän"/><SP WIDTH="16" VPOS="1211" HPOS="301"/>
							<String ID="string_310" HPOS="317" VPOS="1211" WIDTH="55" HEIGHT="20" WC="0.91" CONTENT="hvad"/><SP WIDTH="15" VPOS="1211" HPOS="372"/>
							<String ID="string_311" HPOS="387" VPOS="1211" WIDTH="6" HEIGHT="20" WC="0.93" CONTENT="i"/><SP WIDTH="17" VPOS="1211" HPOS="393"/>
							<String ID="string_312" HPOS="410" VPOS="1211" WIDTH="105" HEIGHT="26" WC="0.92" CONTENT="grundlag"/><SP WIDTH="16" VPOS="1211" HPOS="515"/>
							<String ID="string_313" HPOS="531" VPOS="1209" WIDTH="66" HEIGHT="21" WC="0.92" CONTENT="finnes"/><SP WIDTH="16" VPOS="1209" HPOS="597"/>
							<String ID="string_314" HPOS="613" VPOS="1210" WIDTH="107" HEIGHT="26" WC="0.92" CONTENT="stadgadt."/><SP WIDTH="32" VPOS="1210" HPOS="720"/>
							<String ID="string_315" HPOS="752" VPOS="1209" WIDTH="45" HEIGHT="21" WC="0.93" CONTENT="Och"/><SP WIDTH="21" VPOS="1209" HPOS="797"/>
							<String ID="string_316" HPOS="818" VPOS="1209" WIDTH="67" HEIGHT="21" WC="0.91" CONTENT="säsom"/><SP WIDTH="18" VPOS="1209" HPOS="885"/>
							<String ID="string_317" HPOS="903" VPOS="1210" WIDTH="73" HEIGHT="25" WC="0.91" CONTENT="kändt,"/>
						</TextLine>
						<TextLine ID="line_34" HPOS="146" VPOS="1238" WIDTH="831" HEIGHT="27">
							<String ID="string_318" HPOS="146" VPOS="1238" WIDTH="81" HEIGHT="21" WC="0.92" CONTENT="tillåter"/><SP WIDTH="16" VPOS="1238" HPOS="227"/>
							<String ID="string_319" HPOS="243" VPOS="1239" WIDTH="23" HEIGHT="21" WC="0.96" CONTENT="L."/><SP WIDTH="18" VPOS="1239" HPOS="266"/>
							<String ID="string_320" HPOS="284" VPOS="1239" WIDTH="25" HEIGHT="21" WC="0.39" CONTENT="O"/><SP WIDTH="16" VPOS="1239" HPOS="309"/>
							<String ID="string_321" HPOS="325" VPOS="1240" WIDTH="45" HEIGHT="20" WC="0.93" CONTENT="icke"/><SP WIDTH="17" VPOS="1240" HPOS="370"/>
							<String ID="string_322" HPOS="387" VPOS="1239" WIDTH="157" HEIGHT="26" WC="0.91" CONTENT="öfveriäggning"/><SP WIDTH="16" VPOS="1239" HPOS="544"/>
							<String ID="string_323" HPOS="560" VPOS="1239" WIDTH="34" HEIGHT="20" WC="0.96" CONTENT="vid"/><SP WIDTH="16" VPOS="1239" HPOS="594"/>
							<String ID="string_324" HPOS="610" VPOS="1238" WIDTH="67" HEIGHT="21" WC="0.93" CONTENT="första"/><SP WIDTH="21" VPOS="1238" HPOS="677"/>
							<String ID="string_325" HPOS="698" VPOS="1239" WIDTH="116" HEIGHT="26" WC="0.94" CONTENT="läsningen,"/><SP WIDTH="24" VPOS="1239" HPOS="814"/>
							<String ID="string_326" HPOS="838" VPOS="1238" WIDTH="28" HEIGHT="21" WC="0.96" CONTENT="dä"/><SP WIDTH="15" VPOS="1238" HPOS="866"/>
							<String ID="string_327" HPOS="881" VPOS="1239" WIDTH="35" HEIGHT="20" WC="0.93" CONTENT="det"/><SP WIDTH="17" VPOS="1239" HPOS="916"/>
							<String ID="string_328" HPOS="933" VPOS="1239" WIDTH="44" HEIGHT="26" WC="0.92" CONTENT="gäl-"/>
						</TextLine>
						<TextLine ID="line_35" HPOS="147" VPOS="1267" WIDTH="830" HEIGHT="28">
							<String ID="string_329" HPOS="147" VPOS="1267" WIDTH="31" HEIGHT="20" WC="0.96" CONTENT="ler"/><SP WIDTH="15" VPOS="1267" HPOS="178"/>
							<String ID="string_330" HPOS="193" VPOS="1267" WIDTH="81" HEIGHT="28" WC="0.92" CONTENT="förslag"/><SP WIDTH="16" VPOS="1267" HPOS="274"/>
							<String ID="string_331" HPOS="290" VPOS="1269" WIDTH="32" HEIGHT="20" WC="0.96" CONTENT="till"/><SP WIDTH="16" VPOS="1269" HPOS="322"/>
							<String ID="string_332" HPOS="338" VPOS="1268" WIDTH="90" HEIGHT="26" WC="0.96" CONTENT="ändring"/><SP WIDTH="15" VPOS="1268" HPOS="428"/>
							<String ID="string_333" HPOS="443" VPOS="1267" WIDTH="22" HEIGHT="20" WC="0.93" CONTENT="af"/><SP WIDTH="14" VPOS="1267" HPOS="465"/>
							<String ID="string_334" HPOS="479" VPOS="1267" WIDTH="110" HEIGHT="26" WC="0.92" CONTENT="grundlag."/><SP WIDTH="31" VPOS="1267" HPOS="589"/>
							<String ID="string_335" HPOS="620" VPOS="1267" WIDTH="103" HEIGHT="20" WC="0.78" CONTENT="Deremot"/><SP WIDTH="15" VPOS="1267" HPOS="723"/>
							<String ID="string_336" HPOS="738" VPOS="1267" WIDTH="55" HEIGHT="20" WC="0.96" CONTENT="hade"/><SP WIDTH="17" VPOS="1267" HPOS="793"/>
							<String ID="string_337" HPOS="810" VPOS="1267" WIDTH="35" HEIGHT="20" WC="0.96" CONTENT="det"/><SP WIDTH="16" VPOS="1267" HPOS="845"/>
							<String ID="string_338" HPOS="861" VPOS="1268" WIDTH="51" HEIGHT="19" WC="0.94" CONTENT="varit"/><SP WIDTH="22" VPOS="1268" HPOS="912"/>
							<String ID="string_339" HPOS="934" VPOS="1267" WIDTH="43" HEIGHT="21" WC="0.96" CONTENT="min"/>
						</TextLine>
						<TextLine ID="line_36" HPOS="147" VPOS="1294" WIDTH="830" HEIGHT="29">
							<String ID="string_340" HPOS="147" VPOS="1294" WIDTH="65" HEIGHT="27" WC="0.92" CONTENT="afsigt"/><SP WIDTH="16" VPOS="1294" HPOS="212"/>
							<String ID="string_341" HPOS="228" VPOS="1298" WIDTH="32" HEIGHT="19" WC="0.93" CONTENT="att"/><SP WIDTH="16" VPOS="1298" HPOS="260"/>
							<String ID="string_342" HPOS="276" VPOS="1298" WIDTH="58" HEIGHT="25" WC="0.96" CONTENT="yttra"/><SP WIDTH="16" VPOS="1298" HPOS="334"/>
							<String ID="string_343" HPOS="350" VPOS="1297" WIDTH="42" HEIGHT="25" WC="0.96" CONTENT="mig"/><SP WIDTH="16" VPOS="1297" HPOS="392"/>
							<String ID="string_344" HPOS="408" VPOS="1302" WIDTH="40" HEIGHT="19" WC="0.96" CONTENT="om,"/><SP WIDTH="18" VPOS="1302" HPOS="448"/>
							<String ID="string_345" HPOS="466" VPOS="1296" WIDTH="38" HEIGHT="21" WC="0.95" CONTENT="och"/><SP WIDTH="17" VPOS="1296" HPOS="504"/>
							<String ID="string_346" HPOS="521" VPOS="1295" WIDTH="47" HEIGHT="21" WC="0.96" CONTENT="med"/><SP WIDTH="17" VPOS="1295" HPOS="568"/>
							<String ID="string_347" HPOS="585" VPOS="1301" WIDTH="25" HEIGHT="15" WC="0.93" CONTENT="en"/><SP WIDTH="16" VPOS="1301" HPOS="610"/>
							<String ID="string_348" HPOS="626" VPOS="1295" WIDTH="83" HEIGHT="21" WC="0.92" CONTENT="hofsam"/><SP WIDTH="16" VPOS="1295" HPOS="709"/>
							<String ID="string_349" HPOS="725" VPOS="1295" WIDTH="65" HEIGHT="21" WC="0.93" CONTENT="kritik"/><SP WIDTH="17" VPOS="1295" HPOS="790"/>
							<String ID="string_350" HPOS="807" VPOS="1295" WIDTH="106" HEIGHT="21" WC="0.80" CONTENT="behandia"/><SP WIDTH="16" VPOS="1295" HPOS="913"/>
							<String ID="string_351" HPOS="929" VPOS="1296" WIDTH="25" HEIGHT="21" WC="0.95" CONTENT="de"/><SP WIDTH="16" VPOS="1296" HPOS="954"/>
							<String ID="string_352" HPOS="970" VPOS="1296" WIDTH="7" HEIGHT="20" WC="0.96" CONTENT="i"/>
						</TextLine>
						<TextLine ID="line_37" HPOS="148" VPOS="1323" WIDTH="830" HEIGHT="28">
							<String ID="string_353" HPOS="148" VPOS="1323" WIDTH="41" HEIGHT="20" WC="0.93" CONTENT="den"/><SP WIDTH="10" VPOS="1323" HPOS="189"/>
							<String ID="string_354" HPOS="199" VPOS="1324" WIDTH="49" HEIGHT="21" WC="0.96" CONTENT="nåd."/><SP WIDTH="13" VPOS="1324" HPOS="248"/>
							<String ID="string_355" HPOS="261" VPOS="1331" WIDTH="60" HEIGHT="20" WC="0.95" CONTENT="prop."/><SP WIDTH="16" VPOS="1331" HPOS="321"/>
							<String ID="string_356" HPOS="337" VPOS="1325" WIDTH="28" HEIGHT="26" WC="0.96" CONTENT="pä"/><SP WIDTH="15" VPOS="1325" HPOS="365"/>
							<String ID="string_357" HPOS="380" VPOS="1325" WIDTH="38" HEIGHT="20" WC="0.96" CONTENT="sid."/><SP WIDTH="18" VPOS="1325" HPOS="418"/>
							<String ID="string_358" HPOS="436" VPOS="1327" WIDTH="12" HEIGHT="18" WC="0.95" CONTENT="2"/><SP WIDTH="16" VPOS="1327" HPOS="448"/>
							<String ID="string_359" HPOS="464" VPOS="1324" WIDTH="92" HEIGHT="21" WC="0.96" CONTENT="berörda"/><SP WIDTH="16" VPOS="1324" HPOS="556"/>
							<String ID="string_360" HPOS="572" VPOS="1324" WIDTH="189" HEIGHT="26" WC="0.93" CONTENT="omständigheter,"/><SP WIDTH="17" VPOS="1324" HPOS="761"/>
							<String ID="string_361" HPOS="778" VPOS="1324" WIDTH="71" HEIGHT="20" WC="0.78" CONTENT="hvilka"/><SP WIDTH="16" VPOS="1324" HPOS="849"/>
							<String ID="string_362" HPOS="865" VPOS="1324" WIDTH="64" HEIGHT="21" WC="0.83" CONTENT="väliat"/><SP WIDTH="16" VPOS="1324" HPOS="929"/>
							<String ID="string_363" HPOS="945" VPOS="1326" WIDTH="33" HEIGHT="19" WC="0.96" CONTENT="att"/>
						</TextLine>
						<TextLine ID="line_38" HPOS="148" VPOS="1351" WIDTH="829" HEIGHT="28">
							<String ID="string_364" HPOS="148" VPOS="1351" WIDTH="84" HEIGHT="22" WC="0.96" CONTENT="landets"/><SP WIDTH="15" VPOS="1351" HPOS="232"/>
							<String ID="string_365" HPOS="247" VPOS="1354" WIDTH="101" HEIGHT="25" WC="0.93" CONTENT="gällande"/><SP WIDTH="16" VPOS="1354" HPOS="348"/>
							<String ID="string_366" HPOS="364" VPOS="1352" WIDTH="96" HEIGHT="27" WC="0.96" CONTENT="strafflag"/><SP WIDTH="14" VPOS="1352" HPOS="460"/>
							<String ID="string_367" HPOS="474" VPOS="1353" WIDTH="46" HEIGHT="20" WC="0.96" CONTENT="icke"/><SP WIDTH="11" VPOS="1353" HPOS="520"/>
							<String ID="string_368" HPOS="531" VPOS="1354" WIDTH="56" HEIGHT="19" WC="0.93" CONTENT="ännu"/><SP WIDTH="12" VPOS="1354" HPOS="587"/>
							<String ID="string_369" HPOS="599" VPOS="1353" WIDTH="58" HEIGHT="20" WC="0.83" CONTENT="träät"/><SP WIDTH="16" VPOS="1353" HPOS="657"/>
							<String ID="string_370" HPOS="673" VPOS="1353" WIDTH="4" HEIGHT="20" WC="0.96" CONTENT="i"/><SP WIDTH="18" VPOS="1353" HPOS="677"/>
							<String ID="string_371" HPOS="695" VPOS="1352" WIDTH="99" HEIGHT="25" WC="0.89" CONTENT="gällande"/><SP WIDTH="16" VPOS="1352" HPOS="794"/>
							<String ID="string_372" HPOS="810" VPOS="1352" WIDTH="63" HEIGHT="24" WC="0.96" CONTENT="kraft,"/><SP WIDTH="16" VPOS="1352" HPOS="873"/>
							<String ID="string_373" HPOS="889" VPOS="1353" WIDTH="88" HEIGHT="21" WC="0.94" CONTENT="hvarvid"/>
						</TextLine>
						<TextLine ID="line_39" HPOS="146" VPOS="1380" WIDTH="831" HEIGHT="27">
							<String ID="string_374" HPOS="146" VPOS="1380" WIDTH="37" HEIGHT="26" WC="0.93" CONTENT="jag"/><SP WIDTH="16" VPOS="1380" HPOS="183"/>
							<String ID="string_375" HPOS="199" VPOS="1382" WIDTH="104" HEIGHT="21" WC="0.87" CONTENT="särskildt"/><SP WIDTH="15" VPOS="1382" HPOS="303"/>
							<String ID="string_376" HPOS="318" VPOS="1382" WIDTH="54" HEIGHT="20" WC="0.93" CONTENT="hade"/><SP WIDTH="16" VPOS="1382" HPOS="372"/>
							<String ID="string_377" HPOS="388" VPOS="1381" WIDTH="46" HEIGHT="21" WC="0.91" CONTENT="haft"/><SP WIDTH="15" VPOS="1381" HPOS="434"/>
							<String ID="string_378" HPOS="449" VPOS="1381" WIDTH="33" HEIGHT="21" WC="0.93" CONTENT="för"/><SP WIDTH="16" VPOS="1381" HPOS="482"/>
							<String ID="string_379" HPOS="498" VPOS="1381" WIDTH="64" HEIGHT="25" WC="0.91" CONTENT="afsigt"/><SP WIDTH="15" VPOS="1381" HPOS="562"/>
							<String ID="string_380" HPOS="577" VPOS="1383" WIDTH="32" HEIGHT="18" WC="0.96" CONTENT="att"/><SP WIDTH="20" VPOS="1383" HPOS="609"/>
							<String ID="string_381" HPOS="629" VPOS="1382" WIDTH="2" HEIGHT="19" WC="0.93" CONTENT="i"/><SP WIDTH="15" VPOS="1382" HPOS="631"/>
							<String ID="string_382" HPOS="646" VPOS="1381" WIDTH="72" HEIGHT="25" WC="0.92" CONTENT="nägon"/><SP WIDTH="15" VPOS="1381" HPOS="718"/>
							<String ID="string_383" HPOS="733" VPOS="1381" WIDTH="49" HEIGHT="20" WC="0.93" CONTENT="män"/><SP WIDTH="16" VPOS="1381" HPOS="782"/>
							<String ID="string_384" HPOS="798" VPOS="1381" WIDTH="61" HEIGHT="21" WC="0.92" CONTENT="äfven"/><SP WIDTH="16" VPOS="1381" HPOS="859"/>
							<String ID="string_385" HPOS="875" VPOS="1387" WIDTH="54" HEIGHT="20" WC="0.93" CONTENT="egna"/><SP WIDTH="16" VPOS="1387" HPOS="929"/>
							<String ID="string_386" HPOS="945" VPOS="1388" WIDTH="32" HEIGHT="15" WC="0.93" CONTENT="er-"/>
						</TextLine>
						<TextLine ID="line_40" HPOS="147" VPOS="1408" WIDTH="831" HEIGHT="28">
							<String ID="string_387" HPOS="147" VPOS="1408" WIDTH="114" HEIGHT="22" WC="0.92" CONTENT="kännande"/><SP WIDTH="16" VPOS="1408" HPOS="261"/>
							<String ID="string_388" HPOS="277" VPOS="1410" WIDTH="23" HEIGHT="20" WC="0.96" CONTENT="ät"/><SP WIDTH="14" VPOS="1410" HPOS="300"/>
							<String ID="string_389" HPOS="314" VPOS="1410" WIDTH="43" HEIGHT="26" WC="0.96" CONTENT="just"/><SP WIDTH="16" VPOS="1410" HPOS="357"/>
							<String ID="string_390" HPOS="373" VPOS="1410" WIDTH="25" HEIGHT="20" WC="0.93" CONTENT="de"/><SP WIDTH="16" VPOS="1410" HPOS="398"/>
							<String ID="string_391" HPOS="414" VPOS="1410" WIDTH="36" HEIGHT="20" WC="0.92" CONTENT="tvä"/><SP WIDTH="16" VPOS="1410" HPOS="450"/>
							<String ID="string_392" HPOS="466" VPOS="1410" WIDTH="63" HEIGHT="20" WC="0.92" CONTENT="rader"/><SP WIDTH="15" VPOS="1410" HPOS="529"/>
							<String ID="string_393" HPOS="544" VPOS="1409" WIDTH="27" HEIGHT="26" WC="0.96" CONTENT="pä"/><SP WIDTH="15" VPOS="1409" HPOS="571"/>
							<String ID="string_394" HPOS="586" VPOS="1409" WIDTH="39" HEIGHT="21" WC="0.96" CONTENT="sid."/><SP WIDTH="15" VPOS="1409" HPOS="625"/>
							<String ID="string_395" HPOS="640" VPOS="1410" WIDTH="20" HEIGHT="25" WC="0.93" CONTENT="2,"/><SP WIDTH="22" VPOS="1410" HPOS="660"/>
							<String ID="string_396" HPOS="682" VPOS="1409" WIDTH="74" HEIGHT="21" WC="0.92" CONTENT="hvilka"/><SP WIDTH="21" VPOS="1409" HPOS="756"/>
							<String ID="string_397" HPOS="777" VPOS="1416" WIDTH="94" HEIGHT="17" WC="0.92" CONTENT="numera,"/><SP WIDTH="22" VPOS="1416" HPOS="871"/>
							<String ID="string_398" HPOS="893" VPOS="1410" WIDTH="85" HEIGHT="26" WC="0.90" CONTENT="jemlikt"/>
						</TextLine>
						<TextLine ID="line_41" HPOS="148" VPOS="1436" WIDTH="829" HEIGHT="29">
							<String ID="string_399" HPOS="148" VPOS="1436" WIDTH="36" HEIGHT="21" WC="0.94" CONTENT="det"/><SP WIDTH="16" VPOS="1436" HPOS="184"/>
							<String ID="string_400" HPOS="200" VPOS="1439" WIDTH="6" HEIGHT="20" WC="0.96" CONTENT="i"/><SP WIDTH="16" VPOS="1439" HPOS="206"/>
							<String ID="string_401" HPOS="222" VPOS="1440" WIDTH="42" HEIGHT="25" WC="0.93" CONTENT="dag"/><SP WIDTH="17" VPOS="1440" HPOS="264"/>
							<String ID="string_402" HPOS="281" VPOS="1438" WIDTH="99" HEIGHT="22" WC="0.95" CONTENT="utdelade"/><SP WIDTH="16" VPOS="1438" HPOS="380"/>
							<String ID="string_403" HPOS="396" VPOS="1438" WIDTH="84" HEIGHT="21" WC="0.96" CONTENT="rättade"/><SP WIDTH="16" VPOS="1438" HPOS="480"/>
							<String ID="string_404" HPOS="496" VPOS="1438" WIDTH="137" HEIGHT="26" WC="0.95" CONTENT="exemplaret,"/><SP WIDTH="22" VPOS="1438" HPOS="633"/>
							<String ID="string_405" HPOS="655" VPOS="1438" WIDTH="49" HEIGHT="20" WC="0.96" CONTENT="från"/><SP WIDTH="16" VPOS="1438" HPOS="704"/>
							<String ID="string_406" HPOS="720" VPOS="1438" WIDTH="40" HEIGHT="20" WC="0.93" CONTENT="den"/><SP WIDTH="16" VPOS="1438" HPOS="760"/>
							<String ID="string_407" HPOS="776" VPOS="1438" WIDTH="48" HEIGHT="21" WC="0.96" CONTENT="nåd."/><SP WIDTH="24" VPOS="1438" HPOS="824"/>
							<String ID="string_408" HPOS="848" VPOS="1444" WIDTH="59" HEIGHT="20" WC="0.93" CONTENT="prop."/><SP WIDTH="25" VPOS="1444" HPOS="907"/>
							<String ID="string_409" HPOS="932" VPOS="1440" WIDTH="45" HEIGHT="19" WC="0.93" CONTENT="ute-"/>
						</TextLine>
						<TextLine ID="line_42" HPOS="147" VPOS="1464" WIDTH="830" HEIGHT="29">
							<String ID="string_410" HPOS="147" VPOS="1464" WIDTH="79" HEIGHT="24" WC="0.95" CONTENT="slutits."/><SP WIDTH="31" VPOS="1464" HPOS="226"/>
							<String ID="string_411" HPOS="257" VPOS="1467" WIDTH="60" HEIGHT="21" WC="0.95" CONTENT="Inför"/><SP WIDTH="15" VPOS="1467" HPOS="317"/>
							<String ID="string_412" HPOS="332" VPOS="1467" WIDTH="36" HEIGHT="21" WC="0.93" CONTENT="det"/><SP WIDTH="20" VPOS="1467" HPOS="368"/>
							<String ID="string_413" HPOS="388" VPOS="1466" WIDTH="164" HEIGHT="21" WC="0.92" CONTENT="öfverraskande"/><SP WIDTH="22" VPOS="1466" HPOS="552"/>
							<String ID="string_414" HPOS="574" VPOS="1466" WIDTH="141" HEIGHT="26" WC="0.96" CONTENT="förhållande,"/><SP WIDTH="25" VPOS="1466" HPOS="715"/>
							<String ID="string_415" HPOS="740" VPOS="1472" WIDTH="45" HEIGHT="15" WC="0.96" CONTENT="som"/><SP WIDTH="23" VPOS="1472" HPOS="785"/>
							<String ID="string_416" HPOS="808" VPOS="1473" WIDTH="28" HEIGHT="14" WC="0.94" CONTENT="nu"/><SP WIDTH="21" VPOS="1473" HPOS="836"/>
							<String ID="string_417" HPOS="857" VPOS="1467" WIDTH="120" HEIGHT="26" WC="0.91" CONTENT="föreligger,"/>
						</TextLine>
						<TextLine ID="line_43" HPOS="148" VPOS="1494" WIDTH="829" HEIGHT="28">
							<String ID="string_418" HPOS="148" VPOS="1494" WIDTH="45" HEIGHT="22" WC="0.96" CONTENT="står"/><SP WIDTH="14" VPOS="1494" HPOS="193"/>
							<String ID="string_419" HPOS="207" VPOS="1495" WIDTH="36" HEIGHT="27" WC="0.96" CONTENT="jag"/><SP WIDTH="16" VPOS="1495" HPOS="243"/>
							<String ID="string_420" HPOS="259" VPOS="1496" WIDTH="34" HEIGHT="20" WC="0.96" CONTENT="för"/><SP WIDTH="16" VPOS="1496" HPOS="293"/>
							<String ID="string_421" HPOS="309" VPOS="1495" WIDTH="135" HEIGHT="27" WC="0.93" CONTENT="ögonblicket"/><SP WIDTH="16" VPOS="1495" HPOS="444"/>
							<String ID="string_422" HPOS="460" VPOS="1494" WIDTH="147" HEIGHT="22" WC="0.91" CONTENT="förstummad."/><SP WIDTH="32" VPOS="1494" HPOS="607"/>
							<String ID="string_423" HPOS="639" VPOS="1495" WIDTH="69" HEIGHT="21" WC="0.93" CONTENT="Dessa"/><SP WIDTH="16" VPOS="1495" HPOS="708"/>
							<String ID="string_424" HPOS="724" VPOS="1494" WIDTH="36" HEIGHT="22" WC="0.96" CONTENT="två"/><SP WIDTH="16" VPOS="1494" HPOS="760"/>
							<String ID="string_425" HPOS="776" VPOS="1495" WIDTH="63" HEIGHT="21" WC="0.96" CONTENT="rader"/><SP WIDTH="17" VPOS="1495" HPOS="839"/>
							<String ID="string_426" HPOS="856" VPOS="1496" WIDTH="74" HEIGHT="26" WC="0.93" CONTENT="gjorde"/><SP WIDTH="17" VPOS="1496" HPOS="930"/>
							<String ID="string_427" HPOS="947" VPOS="1495" WIDTH="30" HEIGHT="21" WC="0.92" CONTENT="in-"/>
						</TextLine>
					</TextBlock>
				</ComposedBlock>
			</PrintSpace>
		</Page>
	</Layout>
</alto>
