1095 1767
221 113 35 18 320
533 113 21 17 17
567 118 16 18 p.
596 112 79 18 Helmik.

197 172 64 21 mästi
277 172 49 21 olisi
343 173 141 20 muutettava.
510 172 56 21 Joka
582 172 84 21 seurasi
683 171 65 21 viime
764 170 159 27 valtiopäivillä
934 170 76 21 ollutta

196 201 142 21 keskustelua
361 201 260 28 kysymyksen-alaisesta
643 201 88 25 asiasta,
746 212 1 4 -
757 201 99 25 muistaa,
881 199 83 21 kuinka
975 205 35 22 se

171 234 4 4 *
197 231 29 21 oli
242 231 108 27 kirjavaa:
368 231 48 28 yksi
432 232 68 20 tahtoi
517 232 118 20 metsästää
650 231 81 27 yhtenä
746 230 87 26 aikana,
849 230 75 22 toinen
940 228 71 22 katsoi

198 262 65 20 toista
287 261 64 21 aikaa
375 261 189 21 mukavammaksi
588 261 179 27 metsästykseen.
807 260 58 22 Minä
888 259 123 27 puolestani

196 291 51 21 olen
270 290 114 22 kuitenkin
407 291 41 21 sitä
472 291 79 25 mieltä,
576 293 44 19 että
642 291 110 27 nykyinen
772 290 195 28 metsästyssääntö
983 296 29 14 on

196 321 54 21 siksi
274 321 95 21 mukava
392 322 22 26 ja
437 321 159 22 tarkoitustaan
612 323 111 24 vastaava,
745 321 50 21 ettei
817 327 22 15 se
857 319 155 23 uudistamalla

196 351 81 22 taitaisi
300 351 74 27 paljoa
394 354 114 24 parantua.
539 351 27 22 "Ja
581 351 80 22 vaikka
676 352 60 20 tässä
752 350 260 28 pyyntö-esityksessä
987 346 29 37 ei

198 384 77 19 muuta
298 381 94 28 pyydetä
415 381 53 22 kuin
492 381 109 22 komitean
622 382 142 25 asettamista,
780 381 47 21 niin
842 380 76 22 luulen
934 380 78 21 olevan

198 412 74 27 paljon
295 411 175 27 tärkeämpiäkin
494 412 84 26 asioita,
594 412 53 26 joita
665 414 76 19 varten
758 411 82 21 tullaan
857 410 155 22 ehdottamaan

197 441 119 27 komiteoja
339 442 22 26 ja
384 442 121 21 sentähden
528 442 60 21 minä
603 443 74 20 tämän
693 441 201 28 pyyntö-esityksen
909 440 103 28 hylkään.

267 471 221 27 Landtdagsmannen
511 472 129 28 Rosenberg:
663 472 41 26 Jag
722 471 40 21 ber
778 473 30 19 att
824 471 49 21 med
890 470 67 27 nägra
973 470 39 20 ord

197 501 23 22 få
235 501 107 22 motivera
362 502 45 20 min
423 502 97 26 petition.
552 501 40 22 Det
608 504 24 19 är
647 502 91 20 allmänt
754 501 67 21 kändt
837 501 132 21 åtminstone
984 500 30 26 pä

198 531 45 21 min
266 533 34 19 ort
323 533 31 19 att
377 531 42 21 den
444 532 127 27 matnyttiga
590 530 118 28 vildfägeln
724 531 124 21 försvinner
864 530 30 22 alt
910 536 46 15 mer
972 529 41 21 och

199 567 48 15 mer
261 560 43 22 och
319 561 85 27 aftager
419 560 28 28 pä
463 564 30 18 ett
508 561 119 27 betänkligt
643 563 42 19 sätt
700 561 32 21 till
749 561 54 26 följd
820 560 23 22 af
858 561 27 21 de
897 559 117 28 olämpliga

198 590 142 28 stadganden,
357 597 48 15 som
429 590 49 28 ingä
501 591 7 21 i
531 591 39 21 vär
593 598 29 14 nu
643 591 101 27 gällande
768 590 129 28 jaktstadga.
929 589 35 21 Mä
979 589 35 27 jag

200 622 81 20 nämna
303 620 79 22 endast
404 621 35 21 för
463 622 119 26 exemplets
606 620 57 22 skull
687 623 29 19 ett
740 627 40 21 par
795 621 64 27 högst
874 619 140 27 nödvändiga

198 651 124 27 ändringar,
332 657 48 15 som
396 652 38 20 äro
451 651 22 21 af
488 651 103 21 behofvet
607 651 122 27 päkallade.
754 651 70 21 Bland
840 652 67 20 annat
923 652 24 19 är
958 649 56 21 hafs-

198 682 72 20 truten
293 681 42 21 och
358 680 80 22 labben
461 681 49 22 icke
525 682 97 20 nämnda
637 681 66 21 bland
720 680 109 28 roffoglar,
846 680 69 21 ehuru
933 680 26 22 de
976 681 37 20 äro

198 710 67 22 bland
290 710 145 28 skärgärdens
454 713 74 20 värsta
544 711 135 27 ödeläggare.
711 711 43 21 För
770 712 36 20 det
821 711 70 21 andra
907 712 25 20 är
948 708 66 23 ocksä

198 740 101 28 gräsälen
322 740 67 22 bland
412 741 51 21 dem
486 748 49 15 som
557 748 52 14 man
633 741 47 22 icke
706 741 62 22 alltid
791 740 34 22 fär
848 740 79 27 skjuta,
944 740 69 22 ehuru

199 771 60 21 detta
282 771 51 27 djur
348 772 25 20 är
389 777 27 15 en
432 771 144 28 förskräcklig
592 771 130 22 fiskdödare.
755 772 50 20 Man
821 771 40 21 har
876 770 72 22 funnit
964 770 7 21 i
987 776 27 15 en

199 800 72 28 gråsäl
287 801 58 21 ända
361 800 31 22 till
408 801 31 21 40
454 802 93 21 osmälta
562 802 84 26 gäddor
662 802 41 20 och
720 808 51 14 man
782 802 44 20 kan
837 800 66 22 tänka
915 800 32 27 sig
957 800 56 21 huru

200 830 67 28 några
290 833 65 19 tusen
378 830 85 22 sådana
485 832 50 26 djur
558 833 38 20 äro
620 831 125 27 fördärfliga
762 831 33 21 för
811 831 75 21 fisken.
918 831 40 26 Jag
973 830 41 21 har

200 861 67 21 ocksä
283 863 42 19 sett
340 861 23 21 af
379 860 85 22 danska
479 862 109 26 tidningar
604 863 31 19 att
651 861 89 21 Danska
755 861 127 27 regeringen
899 860 67 28 ingätt
983 860 30 21 till

199 890 43 22 den
259 890 73 28 Ryska
349 890 49 22 med
415 890 83 28 förslag
513 898 35 15 om
568 894 31 19 att
615 892 72 21 denna
703 891 32 22 säl
752 891 66 22 måtte
834 890 22 22 få
872 890 84 27 skjutas
972 890 42 21 och

200 920 76 29 fängas
292 922 41 20 när
348 921 42 21 och
405 921 55 21 hvar
476 928 47 15 som
539 922 62 21 helst.
625 922 40 27 Jag
681 923 45 20 tror
742 923 32 19 att
789 922 37 20 det
841 923 25 19 är
876 920 68 22 kändt
955 920 59 22 inom

201 950 86 22 ständet
303 952 31 20 att
349 950 39 22 vär
403 952 129 21 nuvarande
547 952 124 27 jaktstadga
686 952 48 21 icke
751 951 109 27 uppfyller
875 951 28 21 de
919 950 95 28 anspräk

201 988 48 14 som
265 981 43 21 den
322 981 76 22 borde.
417 994 29 3 ——
463 981 77 23 Såsom
556 982 212 28 landtdagsmannen
795 981 84 27 Ojanen
895 982 69 20 redan
980 987 35 15 an-

201 1011 69 26 förde,
295 1011 136 22 inlemnades
452 1012 35 21 vid
506 1012 56 22 1888
578 1012 36 22 ärs
630 1012 104 27 landtdag
750 1012 31 20 till
798 1012 160 26 Ridderskapet
974 1011 41 21 och

200 1041 71 21 Adeln
287 1048 27 14 en
332 1042 84 21 motion
435 1042 49 21 med
496 1042 82 27 förslag
594 1042 31 21 till
642 1049 28 21 ny
686 1042 129 27 jaktstadga.
840 1041 77 22 Denna
933 1041 82 21 motion

200 1070 172 23 tillfredsställde
388 1072 57 21 dock
461 1072 65 27 ingen
542 1072 41 22 och
598 1072 45 21 blef
659 1072 42 21 den
718 1072 65 21 äfven
799 1071 113 22 förkastad
929 1071 31 21 uti
973 1071 43 21 alla

201 1100 99 27 ständen,
324 1101 49 21 icke
397 1101 75 22 därför
492 1104 31 19 att
543 1108 27 15 en
593 1109 29 21 ny
645 1102 77 26 stadga
742 1102 8 20 i
766 1102 59 21 detta
841 1101 103 21 afseende
963 1107 53 15 vore

201 1131 134 27 Ofverflödig,
358 1133 52 19 utan
431 1132 93 21 emedan
545 1132 42 21 den
610 1131 78 22 hbefans
711 1132 110 27 olämplig.
861 1131 40 21 Det
921 1132 25 20 är
968 1130 48 22 icke

201 1160 78 22 endast
302 1162 125 25 sportsmän
451 1162 41 20 och
513 1162 175 26 söndagsjägare,
705 1168 48 14 som
773 1161 54 21 böra
843 1161 121 21 bestämma
980 1167 36 14 om

201 1196 28 16 en
244 1190 124 28 jaktstadga
384 1192 24 20 är
424 1191 114 27 tillämplig
553 1191 35 21 för
603 1191 50 21 hela
669 1191 80 26 landet,
766 1191 42 21 och
823 1191 75 21 derför
913 1190 41 22 har
964 1190 52 27 jag
1004 1186 15 36 i

201 1220 44 21 den
267 1226 30 16 nu
320 1220 149 28 föreliggande
490 1222 120 26 petitionen
633 1221 90 21 anhällit
744 1223 31 19 att
790 1221 65 21 äfven
871 1221 146 27 allmogemän

202 1249 49 22 frän
275 1250 85 22 landets
385 1250 71 22 skilda
476 1251 62 21 delar
558 1251 70 21 skulle
649 1250 68 22 blifva
740 1250 91 22 tillsatta
850 1251 3 20 i
870 1251 43 21 den
929 1250 87 25 komite,

202 1286 36 15 om
254 1279 87 22 hvilken
357 1280 36 27 jag
408 1280 40 22 har
464 1280 145 28 petitionerat.

266 1310 115 20 Edusmies
390 1310 125 21 Meurman:
524 1310 58 21 Minä
590 1317 27 13 en
625 1310 35 20 ole
667 1311 188 26 metsästysasiain
864 1310 78 25 tuntija
950 1312 68 18 mutta

203 1338 113 21 kuitenkin
328 1339 108 27 pyytäisin
446 1339 143 21 huomauttaa
598 1340 87 20 eräästä
693 1340 91 20 toisesta
791 1339 115 21 kohdasta.
924 1338 33 21 On
965 1341 53 18 tuon

202 1368 111 21 tuostakin
336 1368 138 27 tapahtunut,
489 1370 44 20 että
549 1369 77 27 säädyt
645 1370 51 20 ovat
711 1370 118 26 pyytäneet
844 1374 53 16 arm.
915 1368 104 28 esityksiä

202 1397 156 27 valtiopäiville
374 1398 95 26 jostakin
486 1398 123 28 erityisestä
628 1398 82 22 asiasta
726 1399 21 25 ja
764 1398 45 21 kun
824 1398 89 22 hallitus
930 1398 90 21 vihdoin

203 1427 126 22 viimeinkin
346 1434 28 15 on
390 1430 118 20 suostunut
519 1431 118 19 antamaan
649 1434 46 20 sen,
707 1428 46 22 niin
764 1435 28 15 on
804 1434 23 16 se
839 1428 97 28 hyljätty.
961 1428 58 22 Sem-

202 1457 100 21 moisena
317 1457 98 27 jotenkin
431 1458 95 22 ikävänä
541 1458 96 22 kohtana
653 1458 29 21 oli
699 1458 61 22 esim.
776 1460 81 26 pyyntö
868 1458 152 27 palvelusajan

203 1487 182 22 muuttamisesta.
417 1487 47 22 Sitä
486 1488 30 22 oli
540 1488 51 27 joka
612 1488 89 22 ainoilla
723 1488 158 28 valtiopäivillä
904 1488 114 28 pyydetty;

203 1517 89 21 vihdoin
316 1524 24 14 se
364 1519 114 25 annettiin,
503 1520 69 20 mutta
595 1524 24 15 se
642 1518 108 28 hyljättiin
766 1518 127 26 sentähden,
909 1520 44 19 että
969 1518 51 26 joka
