1092 1761
413 112 22 17 10
447 117 17 17 p.
477 112 77 18 Helmik.
830 113 33 16 179

145 164 75 27 Tähän
237 171 87 21 nähden
340 171 156 22 rohkenemme
512 173 79 26 pyytää
603 171 111 22 arvoisata
724 172 163 27 Talonpoikais-

75 201 75 26 säätyä
171 201 163 21 asianomaisen
354 201 149 22 valiokunnan
523 201 153 22 mietittäväksi
692 202 22 26 ja
729 201 157 22 harkittavaksi

74 229 146 28 lykkäämään
236 231 145 21 ehdotuksen:

252 291 43 19 että
316 290 149 21 Keisarillisen
484 290 103 22 Senaatin
605 291 94 21 toimesta
716 291 172 21 valtionvaroilla

178 319 145 27 palkkaaman
346 319 159 22 kommissionin
528 320 74 20 kautta
626 320 175 21 tarkastettaisiin
829 319 57 22 Weh-

180 356 72 20 maan,
270 349 100 27 Maskun,
386 349 104 22 Piikkiön
501 350 26 27 ja
543 349 96 21 Halikon
655 349 167 21 tuomiokuntiin
832 349 56 21 kuu-

181 378 72 22 luvien
273 378 78 22 niitten
372 378 63 22 tilain
454 380 57 20 maat
525 380 26 27 ja
566 378 108 28 sivutulot,
687 378 79 28 joitten
782 378 106 29 omistajat

180 409 179 21 veronalennusta
378 408 127 22 saadakseen
521 409 94 21 tällaista
630 409 129 21 tarkastusta
775 409 113 21 tiloillensa

176 440 113 25 pyytävät.

145 491 136 28 Helsingissä
297 491 133 22 Helmikuun
445 491 14 21 5
475 492 94 27 päivänä
586 491 62 22 1891.

150 563 46 22 Uno
211 563 94 22 Bremer.
374 563 81 22 Kaarlo
476 563 77 22 Wärri.
619 563 28 22 K.
668 563 24 22 V.
708 563 108 23 Follmen.

146 646 20 28 2)
183 646 114 22 Edusmies
314 646 154 29 Rosenbergin:

290 706 41 21 Till
347 706 142 21 Hedervärda
504 704 169 24 Bondeständet.

146 760 53 26 Den,
219 766 48 15 som
283 760 40 21 har
338 759 71 28 nägon
425 760 124 21 kännedom
566 766 36 15 om
617 759 48 22 värt
681 760 145 26 skatteväsen,
843 761 44 21 kan

76 790 36 22 det
132 790 19 27 ej
172 789 92 23 förväna
280 792 31 19 att
326 790 50 22 hela
392 792 104 25 systemet
511 790 56 21 varit
582 790 41 22 och
640 791 24 20 är
680 790 92 22 föremäl
788 790 34 21 för
837 792 50 20 rätt-

75 820 43 22 vist
141 820 97 23 klander.
275 820 45 21 Och
341 820 60 21 detta
421 820 22 21 af
463 820 36 22 det
519 820 73 22 kända
612 820 153 26 förhållandet,
784 822 32 20 att
830 821 57 26 jord-

75 851 86 21 skatten
181 852 76 26 ytterst
278 851 67 26 ojemt
364 850 87 27 trycker
469 850 204 27 jordlägenheterna
691 850 7 20 i
714 850 59 22 olika
788 850 61 22 delar
865 851 23 21 af

75 881 80 21 landet.
187 881 32 21 En
234 887 28 21 ny
280 880 81 22 allmän
377 880 160 27 skattläggning
551 880 7 20 i
574 880 57 28 syfte
647 881 30 20 att
693 880 106 27 uttiemna
809 880 78 28 grund-

75 912 87 20 skatten
177 911 32 21 till
226 911 84 21 kronan
326 910 69 22 måste
411 910 7 21 i
435 910 142 22 betraktande
594 910 22 21 af
632 910 27 22 de
675 910 79 28 många
770 911 41 21 och
828 913 60 19 stora

75 941 134 27 svärigheter
233 946 47 16 som
301 940 77 22 härvid
398 940 64 21 ställa
483 940 32 28 sig
535 940 6 21 i
561 942 71 25 vägen
651 940 41 21 och
708 940 27 22 de
750 940 64 28 högst
830 940 58 28 bety-

75 971 72 21 dande
168 971 31 20 till
219 970 61 22 tiotal
301 970 101 26 miljoner
422 970 126 21 beräknade
563 970 125 25 kostnader,
705 976 48 15 som
768 970 76 26 äifölja
860 976 27 16 en

75 1000 75 26 sädan,
168 1000 29 21 bli
214 1000 118 21 framtiden
348 998 142 23 förbehällen.

146 1030 48 21 Men
215 1030 7 20 i
243 1030 116 21 förväntan
379 1028 29 28 pä
428 1029 59 21 detta
505 1029 97 27 jättelika
618 1029 80 25 arbete,
716 1029 40 21 bör
772 1035 52 15 man
839 1029 49 21 icke

76 1061 33 20 stä
125 1060 58 21 stilla
198 1060 7 20 i
221 1059 27 21 de
260 1060 105 20 orättvisa
378 1058 40 22 och
430 1059 88 26 ojemna
528 1058 295 28 jordskatteförhällandena,
836 1061 51 19 utan

75 1089 71 28 fortgå
161 1088 28 28 pä
205 1089 42 21 den
263 1089 106 21 beträdda
385 1090 78 25 vägen:
481 1091 30 19 att
527 1088 108 22 förmedla
650 1088 86 21 skatten
752 1088 39 22 der
806 1089 43 21 den
860 1088 28 28 pä

75 1120 70 27 grund
162 1119 22 21 af
199 1119 133 21 förändrade
348 1118 230 28 tidsomständigheter
594 1119 41 20 och
651 1117 153 23 förhällanden
817 1118 71 22 blifvit

75 1150 32 20 till
128 1156 27 15 en
175 1149 120 27 tryckande
315 1148 76 26 börda,
414 1154 48 15 som
482 1148 64 22 hotar
561 1150 31 19 att
608 1148 69 21 skada
693 1154 27 15 en
736 1148 35 21 hel
787 1148 101 22 landsdel

75 1179 32 21 till
123 1179 51 21 dess
190 1177 144 22 ekonomiska
349 1177 98 22 beständ.

147 1207 82 23 Sädant
245 1209 24 20 är
285 1207 146 22 förhällandet
448 1207 49 20 med
514 1201 82 27 Älands
607 1207 75 25 härad,
693 1213 47 15 som
751 1207 136 22 fortfarande

76 1239 80 20 suckar
176 1238 70 20 under
266 1244 27 14 en
314 1237 99 20 orättvist
431 1237 43 26 hög
493 1236 139 27 beskattning
648 1236 41 21 och
704 1242 48 15 som
768 1237 63 26 länge
847 1236 41 21 för-

76 1267 75 27 gäfves
167 1269 64 24 ropat
246 1266 28 27 pä
290 1266 94 27 lindring
401 1266 41 21 och
457 1266 97 21 rättvisa.

148 1297 40 21 Vid
209 1299 87 18 senaste
316 1295 104 27 landtdag
435 1295 147 22 framställdes
599 1295 23 21 af
636 1295 44 26 mig
696 1295 31 20 till
742 1295 59 21 detta
813 1295 75 22 heder-

76 1326 68 21 vårda
166 1325 63 22 stånd
250 1326 91 26 petition
364 1331 35 15 om
420 1325 202 26 skatteförmedling
637 1325 60 20 inom
713 1319 84 26 Ålands
812 1325 76 21 härad.

77 1356 120 21 Enahanda
217 1355 91 27 petition
329 1355 136 21 inlemnades
484 1354 28 21 då
530 1354 65 22 äfven
610 1354 33 21 till
659 1353 134 28 högvördiga
808 1357 81 25 presta-

77 1386 86 21 ståndet
179 1386 41 20 och
235 1385 112 26 vällofliga
362 1384 187 26 borgareståndet,
564 1384 50 21 med
629 1384 117 26 anledning
757 1384 78 20 hvaraf
845 1385 43 19 lan-

76 1414 48 22 dets
144 1414 118 27 höglofliga
281 1413 89 21 ständer
386 1412 84 21 beslöto
487 1414 30 19 att
533 1412 39 21 hos
589 1412 60 21 Hans
665 1412 109 27 Kejerliga
789 1412 100 26 Majestät

76 1444 7 21 i
100 1443 175 26 underdånighet
298 1442 94 25 anhålla,
414 1442 36 20 det
470 1442 83 20 täcktes
574 1442 60 20 Hans
653 1441 121 27 Kejserliga
789 1441 101 27 Majestät

76 1475 51 25 taga
152 1473 69 21 under
242 1472 145 27 ompröfning,
408 1471 109 21 huruvida
537 1477 27 15 en
584 1471 81 21 allmän
687 1471 203 28 skatteförmedling

77 1504 28 27 på
124 1497 71 28 Åland
211 1502 68 21 borde
296 1501 126 28 medgifvas.
