1095 1767
227 117 39 31 244
549 120 22 18 12
583 126 18 16 p.
614 119 79 19 Helmik.

204 180 219 26 Talonpoikaissääty
439 180 73 20 omisti
528 180 119 20 omakseen
663 180 66 20 erään
745 180 60 19 tässä
821 178 106 27 säädyssä
938 178 81 27 tehdyn

204 210 144 24 anomuksen,
372 210 60 25 jossa
451 209 125 27 pyydettiin,
594 209 50 21 ettei
661 208 154 21 virkamiesten
831 208 104 26 palkkoja
950 208 69 20 koroi-

204 239 86 26 tettaisi,
315 245 58 15 vaan
396 240 44 20 että
463 239 53 21 niitä
532 238 191 22 mahdollisuuden
739 237 96 22 mukaan
851 237 167 21 alennettaisiin.

204 270 38 20 Jos
259 271 60 25 sääty
336 271 38 25 nyt
389 269 127 27 hyväksyisi
533 270 74 20 tämän
623 268 143 26 anomuksen,
775 268 64 21 tekisi
850 274 24 15 se
885 268 65 20 aivan
961 267 58 27 päin-

204 300 111 20 vastaisen
331 299 127 27 päätöksen.
485 298 57 22 Minä
559 298 123 28 puolestani
698 298 96 28 hylkään
808 298 210 27 anomusesityksen.

275 329 116 21 Edusmies
414 329 140 22 Päivärinta:
585 328 58 22 Minä
661 328 67 27 hyvin
744 328 101 27 kylmästi
862 329 114 20 vastustan
991 329 29 19 tä-

204 360 52 20 män
272 358 232 22 anomusehdotuksen
520 359 157 21 valiokuntaan
692 358 153 21 lähettämistä.

276 388 220 28 Landtdagsmannen
513 388 94 23 Strähle:
623 388 41 27 Jag
677 387 39 22 ber
727 387 46 22 åter
784 390 30 18 att
825 387 28 27 pä
864 388 37 20 det
911 389 109 20 varmaste

205 418 21 21 få
242 418 90 21 förorda
348 418 131 27 petitionens
496 419 76 20 remiss
589 418 30 21 till
632 418 88 21 utskott.
731 430 30 3 —
772 418 62 20 Emot
845 418 175 27 landtdagsman-

204 455 43 14 nen
262 449 119 20 Forsmans
400 448 144 27 anmärkning
563 449 31 20 att
610 448 41 20 den
668 447 55 28 äsigt
738 447 41 22 hos
795 447 119 22 ständerna
929 447 91 27 tidigare

204 478 56 28 gjort
275 478 33 27 sig
323 478 101 27 gällande
440 480 31 19 att
486 477 197 22 folkskollärarene
699 477 184 27 hufvudsakligen
897 477 63 21 skola
971 477 49 20 aflö-

205 514 40 15 nas
262 508 22 21 af
300 508 137 21 komunerna
453 508 28 26 pä
498 508 36 21 det
550 508 26 21 de
593 507 62 22 skola
671 513 53 16 anse
741 507 32 27 sig
789 507 73 21 säsom
878 507 80 21 folkets
969 507 52 26 tjen-

204 540 91 23 stemän,
313 538 70 21 skulle
399 537 36 28 jag
449 537 53 26 vilja
518 538 53 27 göra
587 537 42 21 den
641 537 149 26 anmärkning,
804 538 29 19 att
845 537 27 20 dä
883 537 68 21 folket
962 538 57 20 ännu

204 567 48 22 icke
272 568 92 20 kommit
384 567 31 21 till
431 567 65 27 insigt
512 568 76 20 därom
605 567 41 21 och
662 567 47 21 icke
726 567 68 21 heller
810 567 46 26 höjt
871 567 150 21 folkskollära-

203 603 65 15 renes
284 597 67 26 löner,
369 596 25 21 sä
411 599 30 19 att
457 597 27 21 de
500 597 143 22 närmelsevis
659 597 70 21 skulle
746 599 110 18 motsvara
870 597 151 21 folkskollära-

204 633 64 15 renes
292 627 80 25 arbete,
397 626 24 22 sä
441 629 25 18 är
486 627 36 21 det
542 627 118 28 styrelsens
676 627 108 26 naturliga
800 626 128 28 skyldighet,
945 628 31 19 att
992 627 29 20 af-

204 657 71 20 skaffa
298 656 60 22 detta
381 656 198 22 missförhällande.
612 656 39 21 Om
675 656 182 21 folkskollärarne
881 656 47 21 äter
951 656 70 21 skulle

205 687 139 21 uteslutande
367 686 89 21 komma
479 687 6 20 i
509 686 111 22 beroende
636 686 22 21 af
678 686 165 26 kommunerna,
865 685 25 22 sä
905 686 72 21 blefve
994 686 27 21 de

204 717 48 20 icke
275 717 96 26 mäktiga
395 718 30 19 att
445 717 68 20 värna
534 716 42 21 den
597 716 175 27 själfständighet
788 722 47 15 som
852 716 27 20 de
895 716 57 21 dock
968 715 53 22 böra

204 746 74 27 intaga
293 748 50 25 gent
359 748 59 19 emot
433 746 140 21 kommunen.
606 745 89 22 Samma
715 747 24 20 är
755 746 23 26 ju
794 745 146 22 förhällandet
957 745 63 22 äfven

205 776 49 21 med
278 776 87 21 lärarne
383 776 7 20 i
407 776 27 21 de
450 776 62 21 lärda
528 776 109 21 skolorna.
669 775 62 21 Hvad
748 775 46 22 äter
810 775 211 28 landtdagsmannen

204 806 119 21 Forsmans
346 805 124 27 jemförelse
492 806 22 21 af
529 805 208 22 folkskollärarenes
753 805 95 27 aflöning
864 805 49 22 med
931 807 90 25 präster:

204 842 40 15 nes
260 836 109 25 beträffar,
387 835 24 22 sä
426 836 67 21 hafva
509 843 57 20 unga
582 835 116 26 adjunkter
713 835 128 27 visserligen
858 835 6 20 i
876 835 78 27 början
965 842 56 21 myc-

204 866 36 21 ket
256 866 48 21 små
320 865 67 26 löner,
405 872 49 14 men
471 872 51 14 man
538 866 40 21 bör
594 865 86 21 minnas
697 868 30 18 att
743 865 26 21 de
785 865 48 21 icke
849 865 95 22 behöfva
960 866 60 26 tjäna

204 895 78 27 många
306 896 30 25 år,
360 895 68 22 innan
451 895 27 22 de
498 895 84 27 åtnjuta
603 895 69 21 bättre
688 895 62 21 löner
766 896 41 20 och
822 895 81 22 hamna
919 896 100 27 vanligen

204 925 30 21 till
252 928 30 18 ett
298 925 39 22 fett
357 927 104 26 pastorat.
493 926 31 20 En
540 925 167 22 folkskollärare
723 925 99 21 däremot
838 927 25 19 är
878 927 95 25 tvungen
990 927 29 20 att

204 955 185 27 fortsättningsvis
406 955 58 21 lefva
480 955 49 21 med
546 962 27 15 en
590 955 44 21 lika
650 955 51 21 liten
718 955 36 21 lön
771 962 47 15 som
832 955 43 21 han
887 955 56 21 hade
954 956 7 21 i
973 955 46 21 bör-

203 986 44 25 jan,
264 985 42 26 och
322 985 67 27 några
405 985 142 27 besparingar
563 985 43 21 kan
622 985 43 21 han
681 986 19 26 ej
713 991 39 15 ens
763 985 66 21 tänka
840 985 28 27 på
879 987 31 19 att
921 986 58 26 göra.
991 998 28 3 —

204 1015 220 27 Landtdagsmannen
442 1015 72 21 Krook
530 1016 40 20 har
586 1015 55 26 gjort
657 1015 42 20 den
715 1015 158 26 påminnelsen,
890 1017 31 19 att
932 1015 28 22 de
971 1022 49 20 pen-

203 1045 77 26 ningar
304 1051 47 14 som
371 1045 7 20 i
399 1045 72 20 denna
487 1045 90 26 petition
594 1044 92 21 föresläs
703 1044 21 21 ät
740 1045 195 21 folkskollärarene
951 1045 69 21 hällre

203 1075 73 20 kunde
293 1075 113 20 användas
422 1075 32 20 till
471 1075 158 27 uppbyggande
646 1074 23 21 af
683 1075 158 20 folkskolehus.
865 1075 40 26 Jag
916 1077 46 19 tror
972 1075 48 20 icke

203 1106 31 19 att
257 1104 113 21 lättnaden
390 1104 63 21 häraf
474 1105 70 20 skulle
565 1104 68 21 blifva
653 1104 73 21 alltför
742 1106 46 19 stor
803 1104 34 21 för
853 1105 166 20 kommunerna.

203 1134 46 21 Den
266 1141 91 18 summa,
375 1140 48 15 som
439 1133 61 28 ätgär
515 1134 30 21 till
563 1134 158 27 uppbyggande
738 1134 23 21 af
777 1136 29 19 ett
822 1134 156 26 folkskolehus,
996 1135 24 20 är

203 1170 27 14 en
247 1163 63 27 utgift
325 1170 48 14 som
389 1163 44 21 kan
449 1163 61 22 delas
526 1165 28 25 pä
570 1164 52 21 flere
637 1163 62 21 tiotal
715 1163 30 26 är,
763 1163 29 22 dä
808 1164 99 21 däremot
922 1164 98 21 lärarnes

203 1193 96 26 aflöning
314 1193 148 21 förekommer
477 1193 75 26 hvarje
569 1193 30 21 är.
631 1193 40 27 Jag
689 1195 46 19 tror
751 1193 87 21 därföre
855 1195 30 19 att
901 1193 72 22 denna
989 1200 31 15 se-

203 1229 53 14 nare
272 1223 63 26 utgift
351 1225 24 18 är
391 1229 28 14 en
435 1223 86 26 mycket
538 1224 70 20 större
624 1225 67 24 tunga
705 1223 35 20 för
756 1223 159 21 kommunerna
929 1225 27 19 än
969 1230 51 20 upp-

202 1252 123 27 byggandet
349 1253 22 20 af
391 1252 157 26 folkskolehus,
573 1253 65 20 hvars
654 1252 136 21 bekostande
806 1253 42 21 kan
866 1253 61 21 delas
944 1252 28 27 pä
987 1260 33 19 ge-

202 1283 130 20 nerationer.
341 1295 29 2 —
378 1282 62 21 Hvad
450 1282 102 21 beträffar
561 1282 212 27 landtdagsmannen
783 1283 126 26 Landgrens
922 1283 99 27 yttrande

202 1313 32 18 att
254 1312 132 25 antagandet
405 1312 22 19 af
443 1312 72 19 denna
532 1313 90 23 petition
639 1312 69 19 skulle
725 1313 69 18 strida
809 1316 45 16 mot
865 1312 103 21 .ständets
985 1313 35 19 vid

202 1339 131 27 föregående
357 1340 104 26 landtdag
488 1340 82 20 fattade
596 1340 72 20 beslut
694 1342 31 18 att
752 1340 187 26 tjänstemännens
960 1340 62 21 löner

202 1368 69 22 borde
288 1369 87 25 sänkas,
393 1369 24 21 sä
433 1369 36 21 vill
486 1370 36 26 jag
538 1368 103 28 päminna
657 1370 81 20 honom
755 1370 82 26 därom,
854 1372 31 18 att
896 1370 37 21 det
943 1369 28 21 dä
982 1376 40 15 var

202 1398 61 28 fräga
279 1405 36 15 om
331 1400 137 25 tjänstemän,
486 1405 48 15 som
550 1398 56 22 hade
623 1398 73 22 alltför
712 1401 60 19 stora
786 1399 68 21 löner.
880 1399 40 21 Om
937 1400 84 21 sädana

203 1429 132 26 tjänstemän
352 1430 24 19 är
392 1428 36 22 det
444 1435 29 14 nu
490 1429 40 21 alls
547 1428 48 22 icke
611 1428 67 28 fräga,
690 1430 53 20 utan
754 1429 69 27 gäller
833 1430 37 20 det
881 1430 139 26 tjänstemän,

202 1465 48 15 som
266 1459 66 21 hafva
348 1459 83 26 ganska
448 1461 44 19 stor
509 1458 146 31 arbetstunga,
673 1465 50 15 men
739 1465 27 15 en
782 1459 73 21 alltför
871 1460 61 27 ringa
947 1462 74 19 ersätt-

201 1489 52 26 ning
269 1488 119 22 därför.
372 1484 17 37 —
399 1488 31 21 Pä
446 1488 26 22 de
489 1489 95 27 grunder
600 1494 47 15 som
664 1488 23 21 af
702 1488 212 28 landtdagsmannen
934 1490 88 27 Kiipula
