1100 1761
237 114 35 18 418
552 114 22 17 24
586 119 17 17 p.
617 113 78 18 Helmik.

214 175 58 20 tinsa
298 174 165 27 läheisyydessä
489 173 72 27 löytää
587 173 127 26 komeroita,
741 173 69 25 joihin
836 172 95 26 sijoittaa
957 172 73 21 viinaa

215 204 79 20 vaikka
318 203 29 21 60
371 203 88 21 kannua
482 203 85 20 henkeä
591 203 93 20 kohden.
722 202 26 21 Ja
772 203 45 20 kun
841 202 79 21 kerran
937 201 93 22 laillisen

215 233 74 27 passin
313 233 82 26 nojalla
418 239 28 14 on
470 232 113 34 kuljetettu
608 232 73 21 viinaa
704 233 115 20 enemmän
836 231 51 21 kuin
905 231 80 21 kotona
1002 239 28 14 on

214 263 77 21 oikeus
308 263 108 27 säilyttää,
433 262 46 21 niin
495 269 23 14 se
535 263 61 20 ensin
613 262 154 21 ehdottomasti
785 262 34 20 vie
836 261 76 26 siihen,
930 263 43 19 että
989 262 42 21 sitä

214 293 62 21 salaa
291 280 136 40 säilytetään,
445 292 51 26 joka
512 293 21 25 jo
550 299 28 14 on
595 293 44 20 tätä
655 294 98 18 asetusta
769 294 92 18 vastaan
875 278 66 39 rikos,
953 292 21 26 ja
986 292 44 20 kun

214 323 74 21 viinan
313 317 165 27 salaamisrikos
502 322 101 25 tehdään,
625 322 19 20 ei
661 322 34 20 ole
712 322 109 21 kummaa.
838 321 34 27 jos
888 313 52 29 siitä
954 321 75 27 johtuu

216 352 60 22 salaa
300 352 170 28 myyminenkin.
503 352 82 21 Tämän
610 358 82 15 avaran
708 351 207 27 kuljetusoikeuden
931 352 100 26 varjossa

215 382 252 28 salakapakoitseminen
485 383 38 21 siis
539 383 58 26 juuri
615 382 34 21 voi
665 382 114 22 rehoittaa.
811 382 38 21 Jos
865 382 74 21 viinan
956 382 75 27 kuljet-

214 414 96 21 taminen
332 412 160 27 rajoitettaisiin
509 419 89 14 samaan
616 414 104 19 määrään
737 412 53 21 kuin
807 418 39 14 sen
862 412 168 27 säilyttäminen,

215 444 45 20 niin
276 443 49 21 olisi
341 443 89 26 poliisin
446 443 75 27 paljon
537 442 111 27 helpompi
664 442 80 21 valvoa
760 449 38 14 sen
815 441 122 22 luvatointa
948 442 83 27 kaupit-

214 473 96 21 semista.
332 468 7 35 =
346 473 111 26 Sitäpaitsi
482 473 59 20 minä
565 473 123 26 puolestani
713 472 137 25 ehdottaisin,
874 474 43 19 että
934 479 29 19 se,
980 473 52 26 joka

214 510 27 14 on
269 503 102 21 tuomittu
395 503 22 26 ja
441 505 93 25 svytetty
558 503 223 27 viinanmvymisestä,
807 502 19 21 ei
850 503 52 20 saisi
927 503 105 26 kuljettaa

214 533 100 21 sitäkään
331 534 90 20 määrää
436 533 74 20 viinaa
527 533 74 20 minkä
617 533 43 20 laki
677 533 109 26 myöntää.
819 531 53 22 Olisi
889 534 141 24 määrättävä,

214 565 44 19 että
282 563 44 20 hän
349 563 20 20 ei
393 569 39 14 saa
455 563 106 25 kuljettaa
577 564 116 19 enemmän
709 562 52 21 kuin
778 562 144 21 korkeintaan
939 563 13 20 6
968 563 64 20 litraa

215 593 73 21 viinaa
304 592 85 21 omaksi
405 592 150 27 tarpeekseen.
588 591 32 22 On
638 592 51 20 nim.
707 591 115 23 tavallista,
840 593 44 19 että
900 598 30 19 se,
947 592 45 26 jota
1003 598 28 14 on

214 624 93 26 syytetty
331 622 74 22 viinan
429 622 148 28 myymisestä,
602 623 49 26 myö
676 622 42 20 hän
739 622 196 27 käräjäinkäynnin
952 622 80 21 aikana

215 653 42 27 yhä
272 652 143 28 julkeammin
433 652 153 21 ansaitakseen
603 652 104 25 edelleen,
725 652 49 20 sillä
790 652 123 26 joutuuhan
929 652 43 20 hän
986 652 46 20 kui-

214 683 74 21 tenkin
305 682 49 21 siitä
371 682 206 22 edesvastaukseen.
609 682 64 21 Näitä
687 682 99 26 seikkoja
797 682 59 21 minä
867 682 87 27 pyydän
967 682 64 22 valio-

214 713 89 21 kunnan
320 712 120 22 huomioon
457 714 117 20 ottamaan.

285 742 221 28 Landtdagsmannen
530 742 123 22 Ehrström:
673 742 31 21 Dä
720 742 155 21 diskussionen
893 742 48 21 med
959 742 72 22 anled-

214 773 52 27 ning
292 772 23 22 af
338 773 42 21 den
405 772 148 27 föreliggande
577 772 80 26 nådiga
680 772 164 26 propositionen
869 772 67 21 redan
961 772 70 22 blifvit

214 802 84 27 ganska
319 802 116 27 långvarig,
454 802 39 21 och
512 802 30 21 till
559 809 26 15 en
603 802 34 20 del
654 802 64 20 äfven
736 802 156 26 uttömmande,
910 802 70 21 skulle
996 803 36 27 jag

215 832 47 21 icke
283 833 53 27 tagit
355 832 32 21 till
404 832 62 21 ordet
482 838 34 15 om
534 832 35 27 jag
586 832 47 21 icke
649 832 57 20 hade
723 832 43 21 fäst
782 832 44 26 mig
841 832 36 20 vid
894 832 68 27 nägra
979 835 52 19 utta-

214 862 79 21 landen
318 862 22 21 af
363 862 67 20 bland
451 864 67 18 annat
537 862 211 26 landtdagsmannen
773 862 107 21 Keränen.
913 862 48 20 Han
978 863 52 20 sade

214 894 30 18 att
259 891 37 22 det
311 898 53 15 vore
381 891 69 21 bättre
467 893 30 19 att
513 892 36 21 det
565 892 59 26 intyg
640 898 47 14 som
705 891 212 27 landtdagsmannen
933 891 97 22 Fellman

215 921 111 28 föreslagit
350 923 31 20 att
406 921 186 28 bränvinsköpare
616 921 68 21 borde
708 921 69 22 förete
794 921 34 21 för
843 921 101 27 rättighet
962 924 31 19 att
1009 921 21 22 få

213 951 118 22 innehafva
346 951 115 26 brännvin,
479 951 70 22 skulle
565 954 68 25 tagas,
650 951 47 21 icke
709 952 22 20 af
743 951 222 27 kronolänsmannen,
978 954 52 19 utan

213 981 22 22 af
258 981 252 22 kommunalnämndens
534 981 155 25 ordföranden,
711 982 99 25 emedan,
828 981 74 22 såsom
918 982 55 21 hans
990 983 39 20 ord

213 1011 71 28 lydde,
306 1012 37 21 det
358 1018 52 15 vore
427 1018 61 15 mera
504 1014 30 19 att
551 1012 38 21 lita
604 1011 28 27 på
649 1011 48 21 dem
719 1014 28 19 än
764 1011 28 28 på
808 1012 220 26 kronolänsmännen,

214 1048 47 15 som
285 1042 45 21 ofta
354 1048 43 20 nog
421 1041 48 22 icke
485 1042 52 27 gilla
552 1041 224 28 nykterhetsrörelser
792 1044 52 19 utan
861 1042 77 26 sjelfve
956 1043 74 21 kunna

212 1078 53 15 vara
288 1071 87 28 begifne
399 1072 28 26 på
446 1072 73 21 starka
540 1072 97 27 drycker.
676 1071 104 22 Häremot
800 1072 38 21 ber
858 1072 36 27 jag
910 1075 31 18 att
957 1072 22 21 få
994 1079 36 14 an-

213 1102 76 21 märka
308 1104 30 18 att
354 1101 123 22 detsamma
493 1102 43 21 kan
552 1101 67 22 också
635 1103 74 25 tyvärr
724 1102 74 20 hända
815 1102 49 21 med
881 1103 148 20 ordföranden

212 1131 35 21 för
263 1131 245 26 kommunalnämnden,
526 1132 101 21 hvarföre
644 1131 35 27 jag
695 1131 71 22 skulle
782 1134 33 19 tro
829 1134 30 19 att
879 1138 50 15 man
949 1133 81 26 därige-

211 1167 52 15 nom
284 1161 48 21 icke
351 1161 72 21 blefve
440 1161 62 21 desto
519 1168 46 14 mer
581 1161 128 21 säkerstäld.
743 1162 42 20 För
801 1161 45 21 min
862 1161 35 21 del
914 1169 65 14 anser
994 1163 36 25 jag

211 1192 93 20 tvärtom
329 1193 30 19 att
383 1190 145 22 länsmannen
546 1191 51 21 vida
618 1190 69 22 bättre
704 1191 43 21 kan
764 1191 120 21 öfvervaka
900 1192 72 20 denna
988 1192 41 20 för-

214 1220 104 27 ordnings
344 1220 145 27 fulljöljande,
516 1220 114 22 äfvensom
655 1221 169 21 öfverträdelser
848 1221 22 21 af
894 1221 134 26 densamma,

212 1257 35 14 om
266 1250 36 21 det
318 1250 87 27 ålägges
422 1251 80 21 honom
520 1253 30 19 att
567 1250 87 22 utfärda
670 1250 167 28 ifrågavarande
854 1252 64 26 intyg,
937 1252 92 20 emedan

212 1280 42 21 han
272 1280 126 27 derigenom
415 1280 67 22 också
499 1281 39 20 har
554 1280 53 21 reda
619 1281 27 26 på
658 1281 74 21 hvilka
744 1287 46 15 som
802 1280 66 22 hafva
880 1281 96 21 tillstånd
988 1282 41 20 och

211 1310 102 25 rättighet
336 1312 31 18 att
391 1310 118 20 innehafva
533 1310 98 24 bränvin,
657 1311 40 19 och
721 1310 75 20 hvilka
812 1310 54 21 icke.
899 1311 129 26 Därigenom

212 1338 74 21 kunde
302 1338 44 21 han
362 1339 41 21 ock
420 1339 77 20 lättare
514 1339 58 20 hålla
589 1340 41 25 öga
646 1338 28 27 på
690 1339 169 27 lönnförsäljäre
876 1340 22 20 af
914 1340 114 20 brännvin.

211 1381 29 2 —
257 1368 32 20 En
305 1374 74 15 annan
396 1368 67 21 talare
480 1368 40 21 har
536 1368 77 21 uttalat
632 1368 42 21 den
691 1369 84 21 önskan
792 1371 30 19 att
838 1370 6 20 i
860 1369 15 28 &
891 1369 28 21 27
936 1376 47 20 pag.
1001 1370 28 20 48

210 1398 71 20 skulle
295 1397 51 27 ingå
362 1404 27 15 en
406 1398 137 26 bestämning
560 1398 82 26 därom,
661 1400 30 19 att
707 1405 51 15 man
775 1399 36 21 vid
828 1399 24 21 så
864 1399 86 21 kallade
962 1400 67 20 talko-

211 1428 100 21 tillfällen
327 1428 48 22 icke
392 1428 70 21 häller
478 1428 56 27 finge
551 1428 109 22 utskänka
676 1428 99 22 bränvin.
808 1429 31 21 En
856 1429 68 21 sådan
937 1430 91 21 bestäm-

210 1458 52 27 ning
285 1464 65 15 anser
375 1458 64 21 äfven
463 1459 36 26 jag
522 1465 53 14 vara
591 1459 62 26 högst
678 1459 72 26 viktig,
776 1460 92 20 emedan
885 1460 36 25 jag
937 1462 45 19 tror
998 1463 29 18 att

211 1487 103 22 öfverallt
330 1488 27 27 på
374 1488 151 27 landsbygden
542 1489 34 20 vid
594 1488 85 21 sådana
694 1489 99 21 tillfällen
811 1491 29 19 ett
852 1491 54 19 stort
918 1489 110 22 missbruk

212 1519 51 25 äger
279 1524 54 15 ram.
368 1518 105 27 Vanligen
491 1519 172 20 sammankallar
680 1525 48 14 man
745 1519 45 20 folk
802 1519 34 21 för
847 1519 59 21 olika
918 1520 109 22 ändamål,
