1103 1798
199 114 54 36 1842
387 124 210 22 Talonpoikaissääty
613 124 53 17 1877.
691 124 23 16 12
725 128 20 17 p.
756 123 83 17 Jouluk.

197 192 78 22 kautta.
304 192 27 21 Ja
349 192 110 21 tällaisella
473 192 72 21 ritarin
562 192 138 21 sotatoimella
716 192 27 20 oli
759 191 167 28 merkityksensä
941 191 77 25 silloin,

197 221 52 20 kuin
264 220 52 21 nimi
331 220 76 27 osoitti,
423 221 56 20 mikä
493 220 53 21 mies
560 220 59 21 ritari
633 221 39 20 itse
688 222 71 25 työssä
773 220 35 27 oli,
822 221 67 19 mutta
904 222 39 24 nyt
957 221 60 25 näyt-

196 250 35 20 tää
253 248 58 22 ritari
333 251 141 19 muuttuneen
496 248 206 26 salonkisankariksi,
723 248 82 22 naisten
828 248 150 27 naurattajaksi
995 248 23 28 ja

197 277 71 21 niiden
294 277 183 22 nauratettavaksi.
507 277 99 21 Valtiolla
631 284 27 14 on
684 277 73 21 oikeus
779 277 105 27 pakoittaa
907 277 110 21 isänmaan

196 306 166 28 puolustukseen
384 306 87 21 niitäkin
487 306 130 26 kansalaisia,
631 305 57 28 jotka
704 306 55 21 eivät
773 306 67 21 siihen
857 305 62 22 tahdo
934 306 82 27 ryhtyä.

264 363 214 28 Landtdagsmannen
500 362 93 22 Malm:
623 362 213 28 Landtdagsmannen
851 362 110 22 Meurman
977 363 39 21 och

196 392 91 27 mängen
309 398 71 15 annan
403 392 37 20 har
462 392 113 21 framhällit
591 391 40 22 den
648 392 32 21 för
695 398 34 14 oss
744 391 113 28 glädjande
872 392 100 27 nyheten,
986 394 30 19 att

196 420 37 22 vär
248 420 77 28 nädiga
340 420 113 22 Storfurste
467 420 71 22 funnit
552 420 57 21 tiden
626 427 50 15 vara
690 420 51 21 inne
755 421 33 21 för
802 420 90 22 Finland
908 423 30 19 att
952 420 64 28 skapa

196 452 30 19 ett
249 450 134 20 härväsende.
413 448 78 22 Derom
513 450 36 20 äro
569 455 29 15 nu
619 449 42 21 alla
680 455 50 15 ense
745 450 39 20 och
798 449 36 27 jag
848 449 37 21 vill
899 448 48 22 icke
962 452 54 18 mot-

196 480 50 25 säga
267 478 63 22 detta.
359 478 50 21 Men
428 478 39 20 han
490 478 38 21 har
549 478 61 21 äfven
634 478 66 27 hyllat
722 478 37 20 vär
776 478 110 28 grundlag,
900 478 7 20 i
923 478 36 21 det
974 478 40 21 han

196 507 95 27 delgifvit
315 513 35 15 oss
373 507 40 21 den
435 507 55 27 plan,
512 506 66 28 enligt
599 506 85 22 hvilken
707 506 42 22 han
771 512 62 16 anser
853 509 29 19 att
897 506 57 22 detta
968 507 48 21 här-

195 536 92 21 väsende
305 535 38 21 bör
358 535 82 21 ordnas.
469 535 61 21 Först
543 535 39 21 bör
597 534 81 22 säledes
693 535 123 27 öfvervägas
831 542 33 14 om
880 535 71 28 denna
965 535 49 28 plan

195 566 23 20 är
239 564 87 28 lämplig
348 564 53 21 eller
423 570 32 14 om
475 564 69 26 någon
559 570 69 15 annan
644 566 23 18 är
682 564 71 21 bättre.
783 564 10 21 I
809 564 83 21 ståndet
906 570 64 20 synes
985 566 30 19 ett

195 592 154 28 öfvervägande
373 592 67 22 flertal
464 594 87 20 omfatta
575 592 141 22 betänkandet
745 593 40 21 och
813 592 71 22 derför
908 599 50 15 vore
980 593 35 21 det

194 621 80 22 kanske
289 621 86 27 onödigt
391 624 29 18 att
435 621 41 21 tala
491 622 63 27 nägot
569 621 31 21 till
615 621 67 21 fördel
698 622 32 21 för
744 624 29 19 ett
788 624 65 19 annat
865 621 87 28 projekt,
965 628 48 15 men

194 650 65 22 likväl
279 650 67 22 måste
361 650 34 28 jag
410 652 50 26 göra
475 650 40 22 det.
545 650 183 28 Värnepligtsiden
744 652 23 19 är
781 651 32 21 för
828 656 34 15 oss
877 650 87 22 alldeles
980 657 35 21 ny.

194 679 33 22 Dä
247 680 21 20 vi
291 686 29 14 nu
343 679 26 27 gä
392 680 38 20 och
450 686 65 20 gerna
537 679 26 27 gä
578 679 21 21 in
614 679 29 29 pä
657 679 57 21 detta
729 679 129 27 fullkomligt
873 686 42 20 nya
929 679 86 27 förslag,

195 708 23 22 sä
237 708 73 28 tyckes
324 708 44 28 mig
383 710 30 19 att
428 708 20 20 vi
463 708 50 21 böra
528 710 49 25 göra
593 708 36 22 det
644 708 48 21 med
707 714 27 16 en
749 711 44 19 stor
807 708 52 28 grad
874 709 21 20 af
910 708 106 28 försigtig-

194 738 40 21 het.
264 737 52 28 Inga
339 739 55 19 stora
417 736 60 22 saker
497 737 52 21 böra
563 737 83 28 afgöras
661 739 50 19 utan
727 739 29 19 att
771 744 49 14 man
836 739 58 25 tager
908 737 107 28 försigtig-

194 766 62 22 heten
278 766 49 22 med
349 766 38 27 sig.
417 766 38 21 Om
480 772 48 15 man
551 772 40 21 ser,
606 768 30 19 att
657 766 35 21 det
711 766 37 21 bär
763 766 37 28 sig,
815 766 27 21 dä
857 766 40 21 kan
914 766 36 21 det
965 773 49 14 vara

194 795 30 21 tid
242 801 42 21 nog
299 797 30 19 att
343 794 27 28 gä
385 794 76 27 längre.
491 794 42 22 Det
547 801 64 20 synes
626 795 43 27 mig
684 794 64 22 likväl
763 795 68 21 säsom
848 795 76 27 nädiga
939 801 77 21 propo-

194 824 90 21 sitionen
300 824 39 20 och
355 823 232 21 utskottsbetänkandet
602 823 68 21 skulle
686 825 47 26 taga
748 825 30 19 ett
792 823 23 21 sä
830 824 37 20 här
882 824 74 26 vigtigt
968 826 46 25 steg

194 854 73 20 nästan
283 852 32 21 för
330 852 60 28 längt
405 852 63 21 redan
484 852 7 20 i
503 852 64 21 första
583 852 78 28 början.
686 852 41 28 Jag
741 852 38 21 har
793 852 47 22 icke
855 852 81 22 kunnat
946 852 68 21 öfver-

192 883 51 26 tyga
265 881 48 27 mig.
331 887 34 15 om
387 880 183 28 nödvändigheten
593 881 21 21 af
635 882 29 20 att
686 883 74 25 genast
781 883 48 26 taga
851 881 57 22 detta
930 883 46 26 steg
990 880 24 22 sä

194 909 63 28 längt.
286 909 42 22 Det
350 909 73 28 tyckes
443 909 127 22 ätminstone
592 910 38 21 här
651 910 8 21 i
680 909 83 22 ständet
783 910 26 27 gä
830 910 84 26 mycket
929 910 38 21 lätt
981 910 33 21 för

193 939 37 27 sig,
252 944 48 15 men
322 939 36 27 jag
380 938 49 21 ville
450 938 99 28 päminna
571 939 85 26 enhvar,
672 940 30 19 att
723 939 34 21 det
779 939 46 21 icke
847 940 24 20 är
892 939 24 20 sä
930 938 39 22 lätt
983 940 31 20 att

192 971 48 24 taga
259 973 39 16 ens
318 969 30 20 ett
363 967 82 21 kortare
459 969 46 24 steg
519 967 94 28 tillbaka,
628 967 44 21 ifall
687 973 48 15 man
751 967 83 22 märker
847 969 31 20 att
892 967 65 22 första
972 969 43 20 ste-

192 998 36 25 get
248 996 62 27 tagits
332 996 33 21 för
386 995 63 28 längt.
478 995 45 28 Mig
537 1002 64 21 synes
616 996 70 21 derför
700 997 85 26 mycket
800 1003 57 14 mera
872 997 78 26 egnadt
964 996 48 21 med

192 1025 41 21 den
257 1025 132 27 försigtighet
411 1025 38 21 och
472 1025 125 26 varsamhet,
620 1031 44 15 som
689 1031 34 15 oss
745 1025 82 21 landets
849 1025 79 21 ombud
948 1025 66 22 borde

192 1053 75 28 äligga,
287 1055 30 20 att
337 1055 48 26 taga
407 1053 56 22 detta
485 1053 64 22 första
569 1056 46 25 steg
637 1053 88 27 kortare,
746 1054 124 27 isynnerhet
884 1059 46 16 som
945 1054 21 21 vi
981 1054 32 21 uti

192 1082 70 21 denna
284 1081 59 28 fräga
364 1083 73 20 kunna
458 1084 51 25 göra
531 1082 36 21 det
585 1085 50 18 utan
651 1085 30 18 att
696 1082 74 21 hindra
785 1082 128 21 kommande
928 1082 87 21 ständer

192 1113 29 19 att
243 1113 48 25 taga
312 1113 31 19 ett
364 1113 46 24 steg
431 1111 38 26 till,
483 1110 47 21 ifall
549 1111 36 21 det
601 1111 56 20 visar
670 1111 33 26 sig
717 1111 100 27 lämpligt.
847 1111 85 27 Mycket
947 1110 67 22 hellre

191 1139 73 21 kunna
287 1139 20 20 vi
328 1139 41 20 låta
390 1139 84 21 komma
494 1145 34 15 oss
542 1139 32 21 till
590 1139 40 21 last
645 1141 29 19 att
689 1139 61 21 hafva
766 1139 51 27 tagit
832 1141 29 19 ett
875 1139 33 21 för
923 1139 47 21 kort
984 1141 27 19 än

191 1169 31 20 ett
243 1167 34 21 för
298 1167 59 27 längt
372 1169 51 26 steg.
452 1167 147 22 Betänkandet
613 1169 23 19 är
652 1167 97 28 vidfogad
765 1174 26 15 en
806 1167 136 22 reservation.
971 1167 43 28 Jag

191 1197 38 20 har
250 1196 47 21 icke
319 1195 42 22 den
376 1195 99 28 förmäga,
491 1198 30 19 att
534 1196 36 27 jag
585 1196 68 21 skulle
668 1197 53 26 väga
735 1196 65 27 pästä,
815 1198 31 19 att
860 1196 66 28 precis
942 1196 70 21 denna

190 1225 130 21 reservation
335 1225 38 20 bör
388 1226 63 19 sättas
466 1225 8 20 i
489 1225 153 21 betänkandets
657 1224 59 21 ställe
732 1225 39 21 och
785 1225 35 27 jag
835 1231 49 15 vore
899 1224 69 28 färdig
982 1226 31 20 att

190 1259 107 22 uppmana
319 1253 41 21 alla
381 1253 210 21 ständsmedlemmar
613 1255 30 20 att
661 1253 43 22 lika
727 1253 116 28 uppriktigt
861 1253 95 22 erkänna
976 1253 36 21 sin

190 1281 115 28 oförmåga,
326 1288 34 14 om
383 1282 26 21 de
432 1281 44 22 NB.
498 1284 35 19 äro
555 1282 137 27 öfvertygade
710 1288 35 15 om
760 1283 34 20 sin
809 1282 107 27 oförmåga
930 1284 31 19 att
976 1282 36 21 be-

190 1310 63 22 döma
274 1311 70 21 denna
367 1310 43 21 sak.
439 1310 41 27 Jag
502 1310 38 21 vill
555 1311 48 21 icke
621 1312 55 25 säga,
691 1312 30 20 att
736 1311 155 21 reservationen
907 1310 38 21 bör
960 1311 51 27 god-

189 1339 87 24 kännas,
291 1341 49 18 utan
357 1338 54 21 blott
425 1341 30 17 att
468 1339 35 26 jag
518 1339 47 20 icke
580 1339 41 20 kan
636 1339 112 26 godkänna
757 1339 148 26 betänkandet,
916 1345 50 14 men
975 1339 37 27 jag

190 1368 22 19 är
233 1366 69 27 färdig
317 1368 30 19 att
361 1368 76 25 antaga
451 1366 81 21 hvilket
545 1367 80 26 förslag
639 1372 45 15 som
699 1366 60 24 helst,
775 1367 52 20 blott
842 1366 36 21 det
892 1366 38 28 gär
945 1373 65 20 unge-

189 1394 32 21 fär
240 1394 7 20 i
262 1396 108 26 gängorna
385 1394 22 21 af
421 1394 40 21 den
477 1393 168 23 Silfversvanska
659 1395 156 21 reservationen
831 1395 19 20 d.
866 1401 18 15 v.
899 1401 16 15 s.
931 1395 80 21 uteslu-

189 1426 32 18 ter
238 1423 118 29 lottningen
373 1423 38 21 och
427 1423 140 21 kasernlifvet.
598 1423 56 22 Utan
669 1425 30 20 att
714 1423 49 28 vilja
779 1424 92 21 försvara
886 1423 125 22 reservatio-

189 1458 42 15 nen
253 1454 24 25 ty
293 1452 41 21 den
349 1451 42 22 kan
407 1452 34 27 jag
456 1452 46 21 icke
519 1452 94 26 bedöma,
628 1453 36 20 har
678 1453 36 27 jag
728 1452 64 21 likväl
807 1454 51 20 trott
872 1453 44 27 mig
930 1452 82 28 märka,

189 1483 30 19 att
241 1480 26 21 de
282 1487 45 14 som
348 1480 87 22 alldeles
449 1480 92 23 förkasta
555 1481 123 22 densamma
693 1481 47 22 icke
754 1481 85 28 jemfört
853 1481 42 22 den
910 1481 48 22 med
974 1481 35 22 be-

188 1509 120 22 tänkandet.
337 1509 46 22 Här
404 1510 37 21 har
463 1512 13 19 t.
499 1516 34 15 ex.
551 1509 203 29 langtdagsmannen
769 1510 139 22 Hannuksela
923 1511 38 21 och
977 1511 33 21 för
