1109 1803
279 114 210 22 Talonpoikaissääty
501 116 57 18 1878.
583 116 22 18 15
617 120 19 17 p.
648 116 97 18 Tammik.
888 110 42 21 123

106 184 80 27 pligten
208 184 85 26 införes,
307 184 24 21 sä
353 184 97 22 kommer
470 185 41 21 den
528 184 155 28 otvifvelaktigt
697 186 31 20 att
742 184 65 22 verka
821 184 109 28 tyngande

105 212 40 21 och
160 212 128 22 ruinerande
303 213 28 27 pä
345 213 26 21 de
387 213 82 21 mindre
484 213 174 27 jordbrukarene,
673 213 27 21 dä
711 214 40 20 den
764 215 23 19 är
799 212 24 22 sä
833 213 97 21 orättvist

104 240 102 22 fördelad.
236 240 31 22 Pä
288 241 61 21 dessa
371 242 93 27 grunder
479 248 62 15 anser
554 242 43 28 jag,
611 244 31 19 att
657 241 154 22 bondeständet
826 241 38 21 bör
878 241 52 21 fast-

102 269 59 21 hålla
183 269 36 21 sitt
241 270 64 21 första
327 270 70 21 beslut
411 272 30 19 att
455 270 48 22 icke
519 270 68 22 betala
603 270 113 26 vakansen,
731 272 38 19 när
783 270 147 27 värnepligten

104 297 87 27 införes,
213 298 24 21 sä
252 298 85 27 mycket
360 304 45 16 mer
429 305 47 15 som
491 299 21 21 af
527 298 324 28 sammanjemnkningförslaget
865 304 65 20 synes

102 326 91 28 framgä,
202 328 31 20 att
247 333 49 15 man
312 326 62 22 söker
388 328 51 26 göra
454 327 73 28 frägan
543 334 35 14 om
594 327 107 21 vakansen
716 327 31 21 till
763 333 27 15 en
806 326 72 28 vanlig
893 326 36 22 be-

101 354 188 28 skattningsfräga.

173 411 113 22 Edusmies
307 411 174 22 Riihimäki
502 412 74 26 katsoi,
592 413 43 20 että
652 412 29 21 oli
695 412 75 21 vaikea
785 411 75 22 lausua
875 413 53 20 tästä

101 439 230 22 sotilasveroituksesta
353 441 57 26 juuri
432 441 85 26 mitään,
539 441 43 21 kun
607 441 19 21 ei
647 441 124 21 varsinaista
791 441 87 26 esitystä
893 440 33 22 ole

101 470 91 19 annettu
211 467 47 23 eikä
273 469 78 21 mitään
367 469 123 21 varsinaista
506 469 169 28 veroituspohjaa
690 469 97 21 laskettu.
815 469 112 27 Talonpoi-

104 497 125 27 kaissäädyn
251 498 78 21 toiveet
344 497 55 22 eivät
413 498 37 21 siis
464 497 166 28 kysymyksessä
645 497 75 22 olevan
735 497 102 22 klemmin
853 498 73 21 kautta

101 525 76 22 tulleet
197 526 138 27 täydellisesti
357 526 159 27 tyydytetyiksi,
538 529 67 19 mutta
628 527 111 21 kuitenkin
763 527 62 21 niistä
840 526 86 21 selvästi

103 555 71 26 näkyi,
196 555 52 21 mitä
271 555 206 27 Talonpoikaissääty
499 555 66 21 tahtoi
581 557 54 19 tässä
651 555 88 27 kohden,
755 555 104 21 nimittäin
875 555 51 21 ettei

100 589 26 15 se
141 583 98 22 tahtonut
253 583 52 22 sitoa
321 584 78 21 tulevia
415 584 81 27 säätyjä
510 584 121 21 mihinkään
647 584 170 27 yksinomaiseen
829 583 96 22 vakansi-

104 612 148 22 veroitukseen
266 612 21 28 ja
301 612 92 27 toiseksi,
409 615 42 19 että
465 619 23 15 se
505 613 82 25 viittasi,
603 614 43 20 ottä
660 613 74 27 löytyy
745 612 102 22 muitakin
858 612 67 22 veroi-

102 642 112 26 tustapoja,
229 641 44 21 kun
289 643 62 25 tämä,
361 641 98 21 kukaties
469 642 128 21 riittämätön
608 642 198 21 vakanssiveroitus.
829 641 33 21 Oli
872 642 53 20 huo-

102 671 99 25 mattava,
223 672 43 19 että
287 670 120 21 mailmassa
421 670 68 27 löytyi
504 671 72 27 paljon
591 670 93 22 oikeutta
699 671 21 27 ja
735 670 122 28 oikeampaa
873 670 52 21 kuin

102 698 51 21 mitä
168 698 90 22 voidaan
273 699 70 26 saada,
358 701 67 19 mutta
441 699 48 21 aina
505 699 36 28 piti
557 700 78 20 itsensä
651 699 111 21 alistaman
773 698 152 22 mahdollisuu-

100 726 43 21 den
166 727 84 21 kannan
273 727 46 21 alle.
349 727 84 27 Puhuja
447 727 60 28 luuli,
522 729 43 20 että
579 729 60 26 sääty
655 729 53 20 tässä
724 727 165 28 kysymyksessä
902 727 22 27 jo

101 755 29 21 oli
152 758 89 24 mennyt
263 755 184 22 mahdollisuuden
470 756 71 27 rajaan
565 756 45 26 asti,
631 757 52 26 jotta
705 757 20 20 ei
740 755 185 28 valitsijamiehillä

100 784 55 21 ollut
177 784 93 21 oikeutta
289 785 57 21 heitä
360 785 95 26 tuomita,
469 785 51 21 sekä
535 787 42 19 että
592 785 86 21 hallitus
692 784 132 22 huomaitsisi
840 791 25 14 ne
881 785 43 20 vai-

101 812 85 28 keudet,
207 813 51 21 kuin
279 813 197 28 ruotujakolaitosta
490 814 117 21 seurasivat
621 813 125 22 rusthollien
761 814 21 27 ja
797 813 128 21 aukmentti-

100 841 80 28 talojen
196 842 95 21 suhteen.
320 842 78 21 Tämän
413 843 97 26 johdosta
526 842 86 28 puhuja,
626 843 33 27 jos
673 842 64 21 kohta
747 843 20 20 ei
777 841 86 28 hyvällä
872 842 52 21 mie-

100 869 56 28 lellä,
171 870 45 21 niin
233 870 109 22 kuitenkin
358 871 47 20 siitä
419 873 79 24 syystä,
513 873 43 19 että
568 871 114 21 mahdoton
695 871 28 21 oli
731 877 113 21 parempaa
854 870 70 26 saada,

102 899 104 27 hyväksyi
221 899 315 27 yhteensovitus-ehdoituksen.

169 956 215 28 Landtdagsmannen
425 956 109 22 Eklund:
560 957 73 21 Säsom
644 957 204 27 landtdagsmannen
858 956 65 21 Sved-

100 984 52 28 berg
173 985 68 21 finner
257 985 63 21 också
334 986 41 27 jag,
391 987 30 20 att
435 985 112 22 utskottets
562 985 51 21 sista
628 985 296 28 sammanjemkningsförslag

100 1013 47 21 icke
162 1013 100 28 erbjuder
277 1013 125 28 tillräckliga
417 1014 106 27 garantier
537 1015 34 20 för
585 1016 30 19 att
626 1013 108 22 vakansen
743 1014 48 21 icke
801 1013 54 21 skall
866 1013 57 22 beta-

100 1042 32 21 las
154 1042 73 28 längre
250 1043 26 20 än
299 1042 32 21 till
346 1042 64 21 slutet
425 1043 22 20 af
461 1043 23 20 är
500 1043 60 21 1882.
591 1042 74 22 Säsom
681 1042 78 22 bekant
774 1044 23 19 är
811 1042 27 28 pä
852 1041 71 22 lands-

101 1070 86 27 bygden
209 1070 77 21 folkets
308 1070 107 21 allmänna
437 1071 80 20 önskan
541 1071 48 26 den,
604 1077 45 14 som
665 1070 62 21 äfven
742 1071 39 20 här
796 1071 25 26 pä
836 1070 87 27 mänga-

100 1099 70 20 handa
192 1100 41 20 sätt
247 1099 61 26 gifvit
326 1099 32 28 sig
373 1099 90 27 uttryck,
478 1101 30 19 att
523 1099 108 21 vakansen
646 1099 38 21 bör
699 1099 84 27 aflyftas
798 1098 34 21 vid
849 1100 74 19 värne-

100 1127 91 28 pligtens
214 1127 117 22 införande.
360 1127 42 22 Det
423 1129 23 20 är
461 1127 82 28 möjligt
558 1128 47 21 icke
620 1127 89 22 allenast
723 1130 31 19 att
768 1127 113 22 ständerna
896 1127 27 28 pä

99 1157 60 20 nästa
180 1155 101 28 landtdag
299 1157 46 20 icke
361 1156 66 21 blifva
441 1162 51 15 ense
507 1163 35 14 om
558 1163 27 14 en
601 1156 59 27 dylik
675 1156 135 27 beskattning
824 1162 45 14 som
885 1155 38 22 här

97 1186 132 24 omnämnes,
252 1187 50 18 utan
325 1185 62 20 äfven
408 1187 30 19 att
459 1185 124 28 regeringen
599 1185 47 21 icke
661 1185 68 27 gifver
743 1185 129 27 proposition
887 1190 36 15 om

98 1219 27 15 en
147 1213 65 21 sådan
235 1213 55 22 skatt
309 1213 40 22 och
363 1214 7 20 i
385 1213 76 21 sådant
475 1213 37 22 fall
524 1213 69 22 skulle
609 1213 106 22 vakansen
731 1214 62 21 äfven
809 1213 113 21 framdeles

99 1241 85 22 komma
207 1244 29 19 att
258 1242 55 27 utgå.
342 1241 75 22 Likväl
433 1249 62 14 anser
509 1243 41 28 jag,
565 1244 30 19 att
610 1242 21 21 vi
645 1242 46 21 icke
707 1242 72 21 kunna
794 1242 27 27 gå
836 1241 86 22 tillbaka

96 1270 33 22 till
148 1271 35 21 det
198 1271 148 28 ursprungliga
360 1271 101 27 förslaget
475 1273 30 20 att
520 1271 107 21 vakansen
642 1271 80 21 betalas
737 1271 75 21 endast
826 1270 32 22 till
874 1270 48 22 dess

95 1299 148 28 värnepligten
259 1299 84 22 införes.
372 1299 42 22 Det
429 1301 22 20 är
466 1300 123 27 visserligen
605 1302 53 23 sant,
673 1301 30 20 att
717 1299 205 27 landtdagsmannen

97 1327 153 22 Grundströms
271 1328 78 27 förslag
369 1328 95 21 innehöll
479 1329 35 21 det
529 1328 127 28 uttryckliga
672 1328 81 27 villkor,
768 1329 31 20 att
809 1327 45 22 ifall
870 1327 53 28 peti-

81 1370 4 1 -
98 1356 73 22 tionen
193 1357 47 21 icke
262 1357 125 21 formuleras
409 1357 69 21 såsom
501 1357 42 21 han
562 1356 113 28 föreslagit,
691 1357 23 20 så
729 1356 69 21 skulle
813 1356 109 21 vakansen

98 1385 46 21 icke
168 1385 95 28 erläggas
285 1385 32 21 till
338 1385 23 21 år
383 1385 55 21 1882
459 1386 40 21 och
514 1385 84 22 ståndet
621 1385 82 22 således
718 1391 30 15 nu
763 1386 72 20 kunna
850 1385 72 27 återgå

98 1413 31 20 till
152 1415 37 20 sitt
211 1414 64 20 första
290 1414 76 25 beslut,
380 1421 49 14 men
445 1414 22 21 vi
481 1415 84 20 minnas.
580 1414 47 26 alla,
642 1415 101 20 hurusom
759 1419 76 22 genom
851 1413 69 27 någon

96 1441 101 21 förseelse
223 1442 34 20 vid
279 1442 312 26 omröstningspropositionens
611 1442 139 26 uppsättande
775 1442 57 20 detta
853 1442 68 19 vilkor

98 1469 162 28 bortlemnades,
282 1470 68 20 ehuru
371 1470 35 20 det
428 1470 103 20 nämndes
553 1470 35 20 vid
611 1469 310 27 omröstningspropositionens

98 1498 118 27 mundtliga
231 1498 148 28 formulering;
395 1498 40 22 och
451 1498 28 21 dä
493 1498 35 21 vid
543 1498 132 28 justeringen
690 1498 22 21 af
723 1497 92 22 beslutet
824 1496 97 22 anmärk-
