1109 1798
194 113 57 21 2122
371 118 211 22 Talonpoikaissääty
595 119 55 18 1878.
675 119 23 18 16
710 123 18 17 p.
741 119 96 17 Tammik.

261 186 214 27 Landtdagsmannen
498 186 169 28 Svedberg:
696 187 42 27 Jag
754 187 33 20 för
802 187 44 20 min
861 187 34 21 del
910 186 42 21 kan
968 186 46 21 icke

194 214 112 27 godkänna
328 214 323 28 sammanjemkningsförslaget.
681 215 159 21 Bondeständet
855 215 38 21 har
914 215 54 20 visat
982 215 32 27 sig

193 242 181 28 tillmötesgäende
391 245 43 18 mot
448 243 27 21 de
490 243 67 28 öfriga
572 243 89 22 ständen
673 243 7 21 i
691 243 35 21 det
734 243 35 22 det
779 243 64 27 ätagit
853 243 33 27 sig
897 243 117 21 vakansens

193 271 111 21 betalande
330 271 32 21 till
384 271 106 28 utgängen
506 272 21 20 af
542 271 24 22 är
581 272 60 21 1882.
670 271 72 28 Härpä
757 272 63 21 hafva
835 272 26 21 de
876 272 67 27 öfriga
957 271 57 22 stän-

193 299 41 22 den
255 299 47 22 icke
316 299 45 28 gätt
375 300 22 21 in
412 300 26 27 pä
453 302 65 19 annat
533 300 69 21 vilkor
616 302 26 19 än
658 302 31 19 att
702 300 170 22 Bondeständets
887 300 70 21 beslut
971 300 44 22 helt

192 328 41 21 och
255 328 66 21 hället
341 328 127 25 annulleras,
489 329 85 21 hvarför
593 329 36 28 jag
643 329 7 21 i
665 329 66 22 likhet
746 329 48 21 med
809 329 205 28 landtdagsmannen

192 357 82 21 Strähle
290 363 68 22 anser,
366 359 30 20 att
410 357 83 22 ständet
507 358 39 21 bör
562 357 101 22 vidblifva
678 358 35 21 sitt
728 358 75 27 beslut,
818 360 22 25 ty
856 357 62 28 eljest
927 357 41 22 kan
979 357 36 21 det

192 385 76 27 hända,
283 387 30 20 att
336 386 153 21 bondeständet
512 386 68 28 aldrig
594 386 78 28 slipper
687 387 33 20 sin
736 386 146 27 vakansafgift.
911 386 50 21 Man
977 386 38 21 har

192 416 47 26 sagt
260 414 78 27 vidare,
353 416 31 19 att
405 415 106 21 vakansen
527 415 47 21 icke
590 421 49 15 vore
655 415 69 27 nägon
740 415 174 28 grundlagsfräga
931 415 38 20 och
985 416 30 19 att

192 443 41 21 den
258 443 47 21 icke
328 443 120 21 tillkommit
470 450 77 21 genom
570 443 136 28 regeringens
727 444 40 21 och
790 443 123 22 ständernas
928 449 86 22 gemen-

192 477 80 16 samma
294 471 75 27 beslut,
384 478 49 15 men
448 472 35 27 jag
499 472 36 21 ber
549 474 32 20 att
595 472 21 21 fä
630 471 87 29 päpeka,
732 474 30 19 att
776 472 70 27 kejsar
859 472 124 21 Alexander
997 471 17 27 1,

192 500 140 28 glorvördigst
346 501 7 20 i
368 500 123 28 äminnelse,
506 501 26 28 pä
548 501 55 22 1809
619 501 33 21 ärs
667 501 101 27 landtdag
775 501 124 28 förklarade,
908 503 30 19 att
947 500 67 22 indel-

192 529 136 28 ningsverket
346 530 68 20 skulle
429 530 117 28 upphäfvas
561 530 40 22 och
616 532 30 19 att
660 530 114 21 ständerna
788 530 68 21 skulle
872 530 20 21 fä
908 530 106 27 upphäfva

192 558 41 21 den
256 560 53 19 samt
332 558 116 22 bestämma
470 559 120 21 vakansens
609 558 82 28 belopp.
719 558 64 22 Detta
797 558 85 28 gjordes
896 559 62 21 äfven
974 559 39 20 och

191 586 27 22 H.
234 586 27 22 M.
277 587 100 21 stadfäste
393 587 103 27 beloppet.
526 587 62 21 Huru
607 587 53 21 1809
676 587 33 21 års
724 587 86 21 ständer
824 587 104 28 uppfattat
943 586 71 22 denna

192 614 146 29 vakansafgift,
351 616 91 26 framgår
457 616 21 20 af
493 616 19 21 d.
528 623 18 13 v.
563 616 63 21 Oivil-
642 616 39 21 och
697 616 228 21 Oeconomie-utskotts
940 616 73 20 betän-

192 644 75 25 kande,
275 644 38 22 der
328 644 36 22 det
378 644 69 22 heter:
464 644 54 22 »Det
533 644 61 22 faller
609 645 22 21 af
645 645 33 27 sig
692 644 53 28 sjelf,
754 646 30 20 att
795 644 73 22 såvida
881 644 61 22 desse
952 644 62 28 afgif-

192 674 32 19 ter
246 674 35 19 äro
305 672 119 22 beräknade
447 674 39 20 och
508 674 110 20 bestämda
642 675 30 19 att
694 680 60 14 svara
769 675 45 19 mot
829 673 25 21 de
871 673 71 21 landet
957 672 57 22 förut

191 700 111 28 äliggande
325 702 149 26 skyldigheter,
491 702 55 21 hälla
562 702 80 21 kronan
659 702 34 20 vid
708 702 33 27 sig
755 701 122 22 företeende
893 701 120 28 krigsbehof

191 730 101 27 manskap
308 730 102 21 tillhanda
425 730 48 21 med
488 730 54 21 hvad
559 737 57 15 mera
632 730 70 22 dertill
716 731 67 25 hörer,
798 730 23 21 sä
836 730 66 21 mäste
918 730 39 21 ock
972 730 41 21 alla

192 758 60 21 desse
268 764 74 15 senare
357 759 21 21 af
394 759 53 21 hvad
463 759 45 21 titel
524 760 39 20 och
580 758 143 22 beskaffenhet
738 759 26 21 de
780 766 50 14 vara
844 759 62 26 mäga
916 758 47 22 hele
974 759 39 21 och

190 786 71 21 hällne
283 787 115 26 försvinna,
420 787 26 21 dä
468 788 94 20 anbudet
584 788 22 20 af
627 788 27 20 de
676 788 55 21 förre
752 787 90 28 Nädigst
864 789 97 25 antages:
978 787 36 21 det

190 815 41 21 kan
256 815 26 21 dä
301 822 45 15 mer
361 816 19 26 ej
396 815 83 22 tillhöra
495 816 72 21 landet
582 818 30 19 att
625 816 8 20 i
648 816 69 27 nägon
732 816 66 21 mätto
814 816 83 21 utöfver
912 822 101 15 vacance-

190 843 98 27 afgiftens
311 844 117 27 utgörande
450 844 135 22 contribuera
605 844 31 22 till
660 845 82 21 landets
756 845 81 21 försvar
852 846 44 20 mot
910 844 104 27 fienteligt

190 872 72 27 anfall,
278 872 92 22 hvarken
387 873 90 21 medelst
492 874 146 27 uppsättande,
650 873 130 24 utrustande,
791 872 167 22 underhällande
974 873 39 21 och

189 901 149 22 recruterande
361 902 21 20 af
400 902 69 27 nägon
485 902 193 22 nationalmilitaire
698 903 72 26 styrka
788 902 52 21 eller
854 908 77 21 genom
946 902 67 21 andra

190 930 86 27 utgifter
298 931 39 20 och
360 930 32 21 till
414 931 52 20 eller
488 931 89 21 förskott
598 931 52 21 eller
664 931 12 21 å
691 931 54 21 hvad
761 933 65 19 annat
841 932 31 19 vis
888 937 45 14 som
946 931 66 25 hälst;

190 960 51 19 utan
264 958 66 22 mäste
352 959 42 21 alla
416 959 27 21 de
460 959 69 28 nägon
545 959 57 28 slags
617 960 108 28 gravation
741 960 33 21 för
789 959 72 21 landet
875 959 137 21 medförande

189 987 153 27 författningar,
358 987 72 21 hvilka
447 988 49 21 leda
510 988 36 21 sitt
562 995 106 21 ursprung
682 988 53 21 ifrän
751 988 41 21 den
808 988 96 27 urgamla
918 988 95 27 skyldig-

189 1016 63 20 heten
275 1018 30 19 att
325 1016 7 20 i
355 1016 83 21 landets
456 1016 100 28 värjande
576 1017 89 27 deltaga,
680 1023 61 15 anses
757 1017 63 20 häfna
834 1017 40 20 och
888 1016 33 21 till
936 1016 28 21 all
979 1017 31 20 sin

188 1044 56 21 kraft
266 1044 38 21 och
319 1044 79 22 verkan
414 1045 93 27 upphöra
524 1044 6 21 i
550 1045 39 21 och
604 1045 47 21 med
668 1046 116 20 detsamma
798 1045 27 21 H.
840 1044 26 22 K.
882 1044 28 22 M.
924 1045 8 20 i
947 1044 66 22 nåder

188 1072 72 21 täekes
282 1072 70 22 dertill
373 1073 71 21 lämna
468 1074 64 26 bifall,
548 1076 30 18 att
600 1074 88 20 berörda
704 1080 90 15 vacance
810 1074 84 26 afgiftor
908 1073 22 21 få
945 1074 12 20 &
972 1075 40 20 sätt

189 1101 40 21 och
248 1101 98 27 grunder,
362 1108 45 14 som
424 1102 35 20 vid
474 1102 61 21 deras
551 1102 159 22 bestämmande
724 1102 66 28 följde
806 1104 42 23 äro,
863 1104 105 25 utgöres».
985 1114 27 4 —

188 1128 46 22 Här
248 1131 60 25 säges
324 1129 88 22 sålunda
428 1130 82 27 tydligt,
518 1132 30 20 att
556 1137 34 15 om
599 1137 91 15 vacanee
698 1131 87 27 afgiften
794 1131 74 21 endast
876 1133 23 19 är
907 1131 41 21 den
957 1131 54 21 mili-

188 1158 90 27 tärpligt,
298 1164 45 15 som
366 1159 54 21 1809
442 1158 34 22 ärs
498 1159 86 21 ständer
606 1159 61 27 ätogo
686 1160 32 27 sig
738 1159 39 21 och
792 1162 30 18 att
837 1160 31 26 de,
884 1160 85 26 sälänge
985 1160 25 20 de

188 1186 98 27 utgjorde
309 1187 48 25 den,
380 1193 50 15 voro
450 1187 47 21 frän
512 1188 42 20 alla
569 1188 65 20 andra
650 1188 133 27 krigsgärder
801 1188 99 21 befriade.
929 1188 82 22 Konse-

188 1220 92 21 gvensen
296 1215 60 21 häraf
373 1217 23 19 är
411 1215 51 26 klar,
477 1218 38 18 när
530 1216 114 21 ständerna
658 1216 112 27 godkände
781 1216 197 28 värnepligtslagen,
988 1216 23 22 sä

188 1242 38 22 bör
241 1243 47 21 med
305 1243 117 21 detsamma
437 1243 107 22 vakansen
561 1244 89 27 aflyftas.
679 1244 33 22 Då
728 1251 28 15 nu
772 1244 94 22 ständets
881 1247 83 19 senaste
976 1245 35 21 be-

188 1271 43 21 slut
252 1272 95 20 strandat
367 1274 57 19 emot
445 1272 27 21 de
489 1273 67 27 öfriga
572 1273 100 21 ständens
687 1273 75 26 beslut,
778 1273 23 21 sä
816 1274 41 20 kan
872 1274 36 27 jag
922 1273 47 21 icke
984 1273 27 27 gä

186 1300 21 20 in
224 1299 26 28 pä
266 1300 118 21 vakansens
399 1301 132 27 erläggande.
553 1301 216 27 Landtdagsmannen
778 1301 164 21 Hannikainens
951 1301 59 22 fruk-

187 1330 37 19 tan
238 1328 33 20 för
286 1330 30 20 att
330 1328 48 22 hela
393 1329 144 26 värnepligten
553 1336 77 20 genom
646 1336 26 14 en
685 1330 83 20 fortsatt
777 1332 78 24 vägran
868 1330 68 20 skulle
946 1332 65 19 sättas

187 1356 27 26 pä
229 1356 45 27 spel
289 1356 40 20 kan
344 1357 36 27 jag
394 1356 46 21 icke
456 1356 53 26 dela,
518 1357 26 21 dä
559 1357 27 21 H.
602 1357 27 21 M.
644 1358 23 26 ju
682 1357 102 27 antingen
799 1358 41 20 kan
855 1358 71 20 lemna
936 1360 74 19 värne-

186 1384 92 27 pligtens
292 1384 112 22 införande
419 1384 31 21 till
466 1385 23 20 är
504 1385 55 21 1882
575 1385 52 22 eller
642 1385 38 21 ock
696 1386 147 22 dessförinnan
858 1386 153 22 sammankalla

187 1418 26 16 en
236 1412 78 22 urtima
328 1412 106 29 landtdag.
465 1414 103 22 Särskildt
584 1414 36 22 vill
635 1415 35 28 jag
685 1415 61 28 lägga
758 1415 58 22 mina
831 1415 139 22 ständbröder
984 1416 26 28 pä

186 1442 83 28 hjertat,
292 1444 30 20 att
344 1442 50 21 våra
416 1443 150 22 kommitenter
587 1444 81 28 påmint
689 1450 35 15 oss
739 1444 79 27 derom,
839 1446 29 20 att
883 1447 39 19 när
936 1447 74 20 värne-

187 1471 79 28 pligten
282 1471 84 27 införes,
381 1471 23 22 sä
420 1471 37 22 bör
471 1472 47 22 icke
534 1479 28 15 en
576 1473 24 21 sä
614 1473 87 22 orättvis
713 1473 55 22 skatt
778 1480 44 15 som
835 1474 106 21 vakansen
952 1474 58 22 bibe-

186 1499 72 22 hållas.
289 1500 112 23 Vakansen
418 1501 38 21 har
471 1501 124 28 visserligen
610 1503 54 21 varit
680 1509 25 15 en
720 1503 99 28 lindring,
829 1509 47 16 men
888 1505 38 20 när
936 1505 74 20 värne-
