1098 1798
269 113 209 21 Talonpoikaissääty
489 114 57 17 1877.
569 113 22 19 12
603 118 19 17 p.
634 112 83 20 Jouluk.
842 106 54 23 1843

73 181 67 22 bättre
160 181 125 27 eftertrycks
307 182 56 21 skull
383 182 203 28 landtdagsmannen
609 181 111 22 Meurman
742 184 109 25 upprepat,
866 183 30 20 att

72 210 42 21 han
133 210 48 21 icke
197 210 37 20 vill
249 209 114 23 återvända
379 210 31 22 till
424 211 46 21 sina
486 211 84 21 valmän
585 211 39 21 och
639 212 62 26 säga:
717 211 19 20 vi
753 210 62 21 hafva
830 210 67 22 stiftat

72 245 27 15 en
123 238 40 27 lag,
178 239 67 27 enligt
267 238 84 22 hvilken
375 246 49 14 man
447 239 49 21 med
516 239 119 27 penningar
654 238 42 22 kan
711 238 138 27 undandraga
864 238 32 28 sig

73 267 145 28 värnepligten
243 268 39 20 och
304 268 6 20 i
331 267 70 22 stället
429 267 69 22 placera
514 268 41 20 den
570 268 73 26 fattige
657 268 8 20 i
679 267 62 21 ledet.
772 266 39 22 Om
827 267 69 24 landt-

72 296 145 27 dagsmannen
232 295 141 22 Hannuksela
387 296 50 21 ville
454 298 98 19 närmare
567 295 109 28 begrunda
691 296 28 20 82
734 295 12 28 &
760 296 8 20 i
780 295 116 21 betänkan-

72 324 42 27 det,
136 324 24 21 sä
180 324 54 21 skall
256 324 40 21 han
319 330 28 20 se,
363 326 30 20 att
415 324 35 22 det
470 324 120 28 antagligen
606 324 97 21 kommer
717 326 30 19 att
761 324 69 21 finnas
844 323 52 22 flere

72 352 152 28 värnepligtige
239 353 8 20 i
262 352 40 22 den
318 353 87 21 stäende
421 354 91 25 armöen,
527 359 34 15 om
577 352 86 22 hvilken
679 359 49 14 man
745 352 41 22 kan
801 354 50 26 säga
866 354 30 20 att

72 382 40 20 han
135 383 24 19 är
180 381 93 21 värfvad.
301 381 31 27 Ty
355 388 26 14 en
403 382 107 25 kommun,
530 388 45 14 som
591 381 32 21 får
637 381 32 28 sig
684 381 95 21 bestämd
794 383 30 19 ett
839 381 57 21 antal

72 409 151 29 värnepligtige
239 411 30 19 att
283 410 72 21 ställas
373 410 3 20 i
391 410 91 27 armöen,
498 410 40 21 kan
554 410 66 21 samla
635 409 24 21 sä
673 410 86 26 mycket
773 410 123 27 penningar,

72 440 30 19 att
121 437 41 22 den
185 438 41 21 kan
249 438 72 21 värfva
344 438 36 22 det
401 438 106 28 behöfliga
525 438 79 22 antalet
619 438 104 27 frivillige.
752 438 64 22 Detta
830 440 24 19 är
868 444 27 15 en

71 466 105 22 kacherad
199 466 104 28 värfning,
325 473 48 15 men
397 473 33 15 om
453 467 40 21 den
512 468 23 20 är
553 468 66 20 bättre
634 468 26 20 än
676 466 42 22 den
733 466 113 28 offentliga,
861 467 35 20 mä

72 496 42 20 han
136 495 49 27 sjelf
200 495 94 21 bedöma.
324 495 63 22 Hvad
403 495 97 22 beträffar
514 495 204 28 landtdagsmannen
733 495 110 22 Jaatinens
858 502 38 14 an-

72 523 117 27 märkning,
205 525 30 20 att
249 523 128 23 motständet
387 524 95 21 kommer
491 524 46 21 frän
548 526 29 20 ett
587 524 49 26 häll,
647 524 92 21 derifrän
750 524 36 21 det
796 524 98 27 vanligen

72 552 79 22 brukar
173 552 85 22 komma
279 552 8 21 i
309 552 59 28 fräga
390 559 34 15 om
447 552 33 21 för
493 553 72 21 landet
580 552 111 28 gagneliga
706 552 101 28 ätgärder,
822 552 22 22 sä
860 552 36 28 gaf

72 581 41 21 han
129 581 87 21 dermed
231 582 40 20 luft
286 581 21 22 ät
322 581 64 28 nägot
400 588 45 15 som
462 581 61 21 äfven
538 582 21 20 vi
574 581 62 28 länge
651 581 127 27 observerat,
788 581 107 27 nämligen

72 611 30 20 att
123 610 33 24 de,
172 616 45 15 som
233 616 29 15 nu
277 610 47 22 icke
339 610 94 27 godkänt
448 610 147 26 betänkandet,
609 610 52 21 höra
675 610 32 21 till
723 610 35 21 det
773 610 45 20 lilla
832 610 63 27 läger,

72 645 46 15 som
133 638 7 21 i
155 638 84 22 ständet
253 638 67 22 kallas
335 638 87 22 svenskt
438 638 52 22 eller
504 638 80 22 kanske
594 638 155 22 svekomanskt.
772 638 40 28 Jag
823 638 73 28 gläder

72 667 44 27 mig
138 666 21 22 ät
178 667 70 21 denna
263 667 105 28 upptäckt,
384 670 22 24 ty
420 668 36 27 jag
471 669 23 19 är
507 674 30 14 nu
552 667 50 21 stolt
617 667 20 21 af
652 668 31 20 att
697 666 32 22 stä
743 667 7 21 i
766 667 56 21 detta
837 667 59 27 läger

72 696 39 21 och
126 695 47 22 icke
187 696 9 20 i
211 696 36 21 det
260 698 103 19 motsatta.
393 696 42 27 Jag
449 696 42 20 kan
506 696 94 21 försäkra
615 696 204 27 landtdagsmannen
828 695 67 21 Jaati-

72 730 48 22 nen,
131 726 30 20 att
173 724 7 21 i
195 724 57 22 detta
266 724 59 28 läger
340 725 37 21 har
388 725 54 21 hvar
456 725 39 21 och
510 731 26 15 en
552 725 51 21 talat
618 724 21 22 af
653 724 141 28 öfvertygelse
810 724 39 21 och
859 724 36 21 det

72 753 64 21 borde
160 760 50 14 vara
231 753 78 21 honom
324 760 43 19 nog
381 755 30 19 att
427 755 47 19 veta
488 754 30 20 att
532 754 53 20 hans
599 753 129 21 insinuation
744 753 46 21 icke
805 753 39 21 har
858 752 37 22 nä-

71 788 41 21 gon
129 782 84 22 verkan.
243 782 41 28 Jag
302 782 37 21 har
354 782 112 21 antecknat
481 788 27 14 en
522 782 121 26 villfarelse,
658 781 84 21 hvartill
756 782 37 27 jag
807 783 43 19 tror
864 782 31 20 att

71 810 205 28 landtdagsmannen
299 810 111 22 Meurman
433 811 73 27 gjorde
528 811 32 27 sig
581 810 86 28 skyldig
681 812 39 20 när
734 811 41 21 han
790 810 105 27 framhöll,

71 840 56 20 huru
142 839 51 21 liten
211 839 34 21 del
260 840 73 21 öfvadt
347 840 101 27 manskap
463 839 68 22 skulle
547 840 84 21 komma
646 841 31 19 att
689 839 75 28 belöpa
774 839 32 27 sig
815 839 27 27 pä
852 838 42 22 den

72 868 66 27 enligt
161 868 48 22 herr
231 867 141 23 Silfversvans
393 868 81 28 princip
496 868 32 22 till
552 868 74 27 öfning
646 867 125 29 uppbädade
789 873 105 17 reserven.

72 897 61 26 1,400
156 903 49 15 man
227 897 103 28 uppöfvas
352 897 86 28 årligen,
452 897 68 22 eburu
540 896 28 29 pä
582 897 57 21 olika
653 896 61 26 tider,
730 896 106 29 nämligen
853 896 41 21 700

72 932 35 15 om
122 925 65 22 vären
200 926 39 21 och
254 927 41 20 700
311 933 34 14 om
360 926 84 26 hösten;
460 926 82 21 säledes
554 926 73 21 kunna
637 925 61 22 dessa
709 925 99 22 värfvade
818 925 77 21 kadrar

74 955 108 21 användas
196 955 34 21 för
244 954 74 29 öfning
330 954 54 22 bäde
398 955 34 20 för
445 954 65 21 första
521 955 39 21 och
570 954 65 21 andra
646 954 159 22 äldersklassen.
832 953 62 22 Detta

72 983 52 21 ökar
138 983 79 22 antalet
231 983 76 22 öfvade
321 983 28 28 pä
363 983 79 22 antalet
457 983 88 22 oöfvade
560 983 49 21 med
623 983 68 27 jemnt
706 982 93 22 dubbelt.

138 1121 131 22 Keskustelu
293 1122 56 21 tässä
371 1121 79 21 asiassa
471 1121 107 27 päätettiin
602 1120 50 22 tällä
674 1120 71 21 kertaa
768 1120 55 21 kello
845 1120 13 21 3
873 1119 21 28 ja

71 1150 84 21 olisivat
169 1151 141 27 säätyjäsenet
325 1149 131 22 kokoutuvat
470 1149 76 28 jälleen
563 1149 55 22 kello
635 1149 12 20 6
663 1149 13 27 j.
691 1155 33 21 pp.
