1025 1745
202 147 41 25 498

175 217 41 20 den
232 223 127 21 noggranna
374 211 191 33 lokalkännedom,
579 223 47 15 som
635 215 73 22 härtill
719 215 55 22 varit
785 213 132 31 erforderlig.

175 251 43 26 Jag
233 253 24 19 är
272 251 65 28 ingen
352 253 42 19 vän
410 251 25 21 af
448 250 71 22 halfva
535 250 106 29 åtgärder,
658 250 39 21 och
708 251 107 21 förmenar
826 253 31 19 att
868 257 49 14 man

175 286 103 27 antingen
293 286 39 21 bör
348 285 45 21 låta
408 285 31 21 bli
454 287 32 19 att
500 285 129 28 petitionera
639 285 49 27 och,
700 285 71 22 såsom
781 285 137 28 domprosten

173 320 92 21 Renvall
287 319 121 28 föreslagit,
430 319 131 22 öfverlemna
578 321 22 19 åt
617 319 128 28 regeringen
762 321 40 26 att,
818 319 55 22 efter
888 320 30 21 in-

173 354 117 22 hemtande
301 354 23 21 af
332 354 252 28 lokalmyndigheternas
595 354 135 28 utlåtanden,
743 354 134 27 småningom
887 354 32 21 in-

175 389 68 28 draga
263 389 169 28 marknaderna,
450 389 61 27 eller,
527 395 34 14 om
577 388 26 22 de
619 391 37 18 äro
672 391 30 19 ett
718 389 61 28 ondt,
795 388 82 21 hvilket
891 389 28 21 de

175 424 6 21 i
201 423 93 28 sanning
309 425 37 20 äro
362 423 56 22 både
433 423 7 21 i
456 423 136 22 ekonomiskt
608 423 40 21 och
664 423 79 27 sedligt
758 423 112 28 afseende,
886 424 33 21 så-

175 465 46 15 som
232 461 87 25 prosten
333 457 112 28 Grönberg
455 458 6 21 i
472 458 63 27 högst
545 457 132 29 tänkvärda,
689 457 89 22 slående
790 458 39 21 och
840 458 80 28 skarpa

176 493 39 22 ord
235 493 95 28 bevisat,
354 493 24 21 så
400 493 36 21 må
455 493 21 21 vi
491 493 7 21 i
513 492 173 27 underdånighet
705 492 88 22 anhålla
808 500 33 14 om
857 493 63 22 deras

175 527 136 28 fullkomliga
327 527 143 22 afskaffande.
499 527 42 28 Jag
552 527 85 22 förenar
647 527 44 28 mig
701 527 7 21 i
720 527 42 22 allo
773 528 49 21 med
833 530 87 25 prosten

176 563 118 27 Grönberg.

243 596 158 30 Kyrkoherden
415 597 162 27 Rosengren
592 603 38 16 var
646 597 7 20 i
667 597 123 22 hufvudsak
806 604 51 15 ense
871 597 49 22 med

176 631 42 23 den
240 631 132 28 föregående
394 631 90 22 talaren.
514 631 156 28 Kyrkoherden
690 631 34 22 för
744 631 33 22 sin
798 631 35 22 del
848 631 73 22 kunde

175 667 50 22 icke
247 667 59 21 finna
329 666 37 21 det
387 666 107 27 lämpligt,
516 668 31 19 att
562 666 161 27 prestaståndet
737 666 70 21 skulle
822 666 99 27 företaga

177 702 33 27 sig
225 704 32 19 att
272 701 59 28 gifva
346 701 115 27 anvisning
476 701 28 27 på
519 701 26 21 de
561 701 131 21 marknader
707 707 46 15 som
764 701 66 21 borde
842 701 79 22 afskaf-

175 736 43 29 fas,
233 736 40 21 och
289 735 27 22 de
331 742 46 15 som
392 735 67 22 borde
472 735 130 28 bibehållas;
614 735 40 21 och
665 735 60 22 detta
736 736 24 21 så
771 736 87 28 mycket
868 736 53 21 min-

177 771 47 28 dre,
241 777 44 15 som
301 769 153 29 kyrkoherden
469 769 48 22 icke
532 770 75 21 trodde
619 770 87 21 ståndet
718 770 70 22 dertill
800 777 52 15 vara
862 771 59 21 kom-

176 807 80 27 petent,
287 805 37 21 Ett
339 804 79 22 sådant
432 804 136 27 utgallrande
581 804 119 21 tillkomme
712 805 26 21 de
750 804 172 23 administrativa

177 839 189 28 myndigheterna,
381 845 49 15 men
444 839 161 27 prestaståndet
620 838 56 21 hade
691 839 77 21 endast
779 841 31 19 att
820 841 57 26 yttra
889 840 34 27 sig

178 881 33 14 om
226 873 171 22 marknadernas
412 872 117 27 menlighet
542 873 6 20 i
561 873 79 26 sedligt
651 873 109 21 afseende.
783 874 57 20 Frän
851 873 71 21 denna

179 908 109 28 synpunkt
302 906 134 29 betraktadt,
451 914 51 14 vore
513 906 171 22 marknadernas
695 907 136 27 fullkomliga
842 908 76 21 afskaf

177 943 65 22 fande
258 941 126 23 önskvärdt.

246 976 208 27 Kontraktsprosten
470 976 73 21 Sirén
558 976 52 21 fann
626 983 26 14 en
669 983 55 20 egen
735 977 130 27 motsägelse
876 977 47 22 der-

179 1011 39 28 uti,
239 1013 32 20 att
290 1017 49 15 man
360 1010 136 28 oupphörligt
513 1010 73 21 talade
603 1017 34 14 om
651 1011 97 27 kyrkans
764 1012 159 27 emancipation

178 1047 48 21 från
246 1048 81 25 staten,
344 1052 48 14 men
411 1045 51 21 ville
480 1045 66 21 likväl
565 1045 62 21 alltid
643 1045 85 28 ingripa
743 1046 7 20 i
765 1045 50 22 värf
828 1053 44 14 som
887 1054 35 14 en-

179 1083 56 20 samt
252 1080 121 21 tillkommo
389 1081 77 20 staten.
496 1079 85 28 Frågan
597 1086 34 15 om
646 1079 160 22 marknaderna
820 1088 39 14 var
874 1087 48 16 ove-

178 1115 139 27 dersägligen
333 1121 26 15 en
375 1116 47 19 rent
437 1114 127 21 ekonomisk
578 1114 69 28 fråga.
676 1115 46 21 Der
734 1115 130 22 marknader
874 1116 49 21 icke

177 1157 60 15 mera
251 1157 50 14 voro
318 1148 116 28 behöflige,
450 1148 101 22 utdömde
567 1148 27 21 de
610 1149 33 27 sig
659 1149 85 28 sjelfva,
761 1150 71 21 såsom
843 1150 27 21 de
882 1151 41 21 ock

178 1185 67 22 redan
261 1184 28 28 på
303 1184 79 26 många
398 1185 56 19 orter
469 1183 37 21 det
519 1183 64 28 gjort.
612 1183 35 21 Då
661 1183 102 22 behofvet
778 1186 31 19 att
824 1185 59 21 vissa
898 1185 25 21 ti-

179 1219 37 22 der
231 1218 163 23 sammanträffa
407 1218 32 21 för
453 1218 74 29 utbyte
543 1218 24 21 af
578 1225 63 14 varor
655 1218 121 29 upphörde,
792 1219 85 22 komme
893 1220 29 21 äf-

178 1260 41 16 ven
235 1253 160 22 marknaderna
410 1254 31 19 att
457 1253 24 20 af
494 1252 33 27 sig
542 1252 77 28 sjelfva
635 1252 117 22 försvinna.
774 1253 33 21 En
818 1254 104 21 obestrid-

177 1288 32 26 lig
224 1287 93 25 sanning
332 1293 38 14 var
386 1286 46 27 det,
448 1289 32 18 att
494 1287 87 26 mycket
597 1286 75 22 oskick
684 1287 40 20 och
734 1287 80 26 många
824 1289 99 25 osedliga

178 1320 130 27 handlingar
324 1320 38 21 der
376 1319 134 27 föröfvades;
524 1326 49 14 men
589 1320 63 21 äfven
668 1320 7 21 i
691 1320 69 21 andra
774 1320 149 22 förhållanden

177 1353 120 24 herrskade
317 1353 118 29 missbruk,
456 1361 46 15 som
521 1354 49 21 icke
585 1354 72 22 kunde
674 1354 104 22 afskaffas
795 1354 76 23 endast
886 1362 36 21 ge-

177 1397 50 15 nom
248 1390 89 21 fromma
358 1388 138 28 önskningar.
527 1388 85 23 Endast
627 1389 7 21 i
650 1389 37 22 det
700 1389 57 29 syfte
772 1396 51 15 vore
839 1390 84 22 derföre

178 1432 27 15 en
226 1423 91 29 petition
341 1423 132 29 berättigad,
500 1426 31 19 att
552 1423 136 29 underdånig
710 1424 102 22 anhållan
835 1424 87 29 gjordes

179 1460 82 29 derom,
278 1461 32 19 att
325 1456 137 32 sedepolisen
478 1458 35 23 vid
527 1458 65 23 dessa
601 1458 133 23 marknader
743 1459 118 30 behörigen
871 1467 52 23 upp-
