<?xml version="1.0" encoding="UTF-8"?>
<alto xmlns="http://www.loc.gov/standards/alto/ns-v3#" xmlns:xlink="http://www.w3.org/1999/xlink" xmlns:xsi="http://www.w3.org/2001/XMLSchema-instance" xsi:schemaLocation="http://www.loc.gov/standards/alto/ns-v3# http://www.loc.gov/alto/v3/alto-3-0.xsd">
	<Description>
		<MeasurementUnit>pixel</MeasurementUnit>
		<sourceImageInformation>
			<fileName>/tmp/tess_hv0rtvgg_input.PNG</fileName>
		</sourceImageInformation>
		<OCRProcessing ID="OCR_0">
			<ocrProcessingStep>
				<processingSoftware>
					<softwareName>tesseract 5.3.4</softwareName>
				</processingSoftware>
			</ocrProcessingStep>
		</OCRProcessing>
	</Description>
	<Layout>
		<Page WIDTH="1056" HEIGHT="1745" PHYSICAL_IMG_NR="0" ID="page_0">
			<PrintSpace HPOS="0" VPOS="0" WIDTH="1056" HEIGHT="1745">
				<ComposedBlock ID="cblock_0" HPOS="821" VPOS="153" WIDTH="26" HEIGHT="20">
					<TextBlock ID="block_0" HPOS="821" VPOS="153" WIDTH="26" HEIGHT="20">
						<TextLine ID="line_0" HPOS="821" VPOS="153" WIDTH="26" HEIGHT="20">
							<String ID="string_0" HPOS="821" VPOS="153" WIDTH="26" HEIGHT="20" WC="0.96" CONTENT="67"/>
						</TextLine>
					</TextBlock>
				</ComposedBlock>
				<ComposedBlock ID="cblock_1" HPOS="131" VPOS="217" WIDTH="748" HEIGHT="614">
					<TextBlock ID="block_1" HPOS="131" VPOS="217" WIDTH="746" HEIGHT="90">
						<TextLine ID="line_1" HPOS="199" VPOS="217" WIDTH="678" HEIGHT="28">
							<String ID="string_1" HPOS="199" VPOS="217" WIDTH="208" HEIGHT="28" WC="0.91" CONTENT="Kontraktsprosten"/><SP WIDTH="23" VPOS="217" HPOS="407"/>
							<String ID="string_2" HPOS="430" VPOS="218" WIDTH="93" HEIGHT="22" WC="0.91" CONTENT="Hellén"/><SP WIDTH="23" VPOS="218" HPOS="523"/>
							<String ID="string_3" HPOS="546" VPOS="217" WIDTH="98" HEIGHT="22" WC="0.95" CONTENT="önskade"/><SP WIDTH="23" VPOS="217" HPOS="644"/>
							<String ID="string_4" HPOS="667" VPOS="220" WIDTH="32" HEIGHT="19" WC="0.96" CONTENT="att"/><SP WIDTH="19" VPOS="220" HPOS="699"/>
							<String ID="string_5" HPOS="718" VPOS="217" WIDTH="60" HEIGHT="22" WC="0.96" CONTENT="valet"/><SP WIDTH="19" VPOS="217" HPOS="778"/>
							<String ID="string_6" HPOS="797" VPOS="217" WIDTH="80" HEIGHT="22" WC="0.95" CONTENT="mellan"/>
						</TextLine>
						<TextLine ID="line_2" HPOS="131" VPOS="251" WIDTH="746" HEIGHT="28">
							<String ID="string_7" HPOS="131" VPOS="252" WIDTH="118" HEIGHT="21" WC="0.91" CONTENT="besvärens"/><SP WIDTH="15" VPOS="252" HPOS="249"/>
							<String ID="string_8" HPOS="264" VPOS="251" WIDTH="105" HEIGHT="28" WC="0.96" CONTENT="muntliga"/><SP WIDTH="12" VPOS="251" HPOS="369"/>
							<String ID="string_9" HPOS="381" VPOS="252" WIDTH="52" HEIGHT="21" WC="0.96" CONTENT="eller"/><SP WIDTH="10" VPOS="252" HPOS="433"/>
							<String ID="string_10" HPOS="443" VPOS="252" WIDTH="108" HEIGHT="27" WC="0.96" CONTENT="skriftliga"/><SP WIDTH="11" VPOS="252" HPOS="551"/>
							<String ID="string_11" HPOS="562" VPOS="251" WIDTH="123" HEIGHT="22" WC="0.96" CONTENT="anförande"/><SP WIDTH="10" VPOS="251" HPOS="685"/>
							<String ID="string_12" HPOS="695" VPOS="252" WIDTH="7" HEIGHT="21" WC="0.96" CONTENT="i"/><SP WIDTH="10" VPOS="252" HPOS="702"/>
							<String ID="string_13" HPOS="712" VPOS="251" WIDTH="87" HEIGHT="28" WC="0.95" CONTENT="plenum"/><SP WIDTH="11" VPOS="251" HPOS="799"/>
							<String ID="string_14" HPOS="810" VPOS="251" WIDTH="67" HEIGHT="22" WC="0.96" CONTENT="borde"/>
						</TextLine>
						<TextLine ID="line_3" HPOS="132" VPOS="285" WIDTH="119" HEIGHT="22">
							<String ID="string_15" HPOS="132" VPOS="293" WIDTH="53" HEIGHT="14" WC="0.95" CONTENT="vara"/><SP WIDTH="14" VPOS="293" HPOS="185"/>
							<String ID="string_16" HPOS="199" VPOS="285" WIDTH="52" HEIGHT="22" WC="0.96" CONTENT="fritt."/>
						</TextLine>
					</TextBlock>
					<TextBlock ID="block_2" HPOS="132" VPOS="319" WIDTH="745" HEIGHT="63">
						<TextLine ID="line_4" HPOS="199" VPOS="319" WIDTH="678" HEIGHT="30">
							<String ID="string_17" HPOS="199" VPOS="320" WIDTH="145" HEIGHT="27" WC="0.90" CONTENT="Domprosten"/><SP WIDTH="24" VPOS="320" HPOS="344"/>
							<String ID="string_18" HPOS="368" VPOS="320" WIDTH="68" HEIGHT="27" WC="0.93" CONTENT="Borg"/><SP WIDTH="22" VPOS="320" HPOS="436"/>
							<String ID="string_19" HPOS="458" VPOS="320" WIDTH="113" HEIGHT="29" WC="0.90" CONTENT="påyrkade"/><SP WIDTH="25" VPOS="320" HPOS="571"/>
							<String ID="string_20" HPOS="596" VPOS="320" WIDTH="80" HEIGHT="22" WC="0.93" CONTENT="sakens"/><SP WIDTH="23" VPOS="320" HPOS="676"/>
							<String ID="string_21" HPOS="699" VPOS="319" WIDTH="119" HEIGHT="28" WC="0.91" CONTENT="afgörande"/><SP WIDTH="23" VPOS="319" HPOS="818"/>
							<String ID="string_22" HPOS="841" VPOS="319" WIDTH="36" HEIGHT="22" WC="0.96" CONTENT="vid"/>
						</TextLine>
						<TextLine ID="line_5" HPOS="132" VPOS="354" WIDTH="169" HEIGHT="28">
							<String ID="string_23" HPOS="132" VPOS="354" WIDTH="61" HEIGHT="22" WC="0.96" CONTENT="detta"/><SP WIDTH="14" VPOS="354" HPOS="193"/>
							<String ID="string_24" HPOS="207" VPOS="354" WIDTH="94" HEIGHT="28" WC="0.95" CONTENT="plenum."/>
						</TextLine>
					</TextBlock>
					<TextBlock ID="block_3" HPOS="132" VPOS="388" WIDTH="747" HEIGHT="160">
						<TextLine ID="line_6" HPOS="199" VPOS="388" WIDTH="680" HEIGHT="28">
							<String ID="string_25" HPOS="199" VPOS="388" WIDTH="209" HEIGHT="28" WC="0.91" CONTENT="Kontraktsprosten"/><SP WIDTH="25" VPOS="388" HPOS="408"/>
							<String ID="string_26" HPOS="433" VPOS="389" WIDTH="133" HEIGHT="22" WC="0.92" CONTENT="Ehrström"/><SP WIDTH="23" VPOS="389" HPOS="566"/>
							<String ID="string_27" HPOS="589" VPOS="389" WIDTH="70" HEIGHT="27" WC="0.95" CONTENT="ansåg"/><SP WIDTH="20" VPOS="389" HPOS="659"/>
							<String ID="string_28" HPOS="679" VPOS="391" WIDTH="32" HEIGHT="19" WC="0.96" CONTENT="att"/><SP WIDTH="22" VPOS="391" HPOS="711"/>
							<String ID="string_29" HPOS="733" VPOS="389" WIDTH="45" HEIGHT="21" WC="0.96" CONTENT="alla"/><SP WIDTH="22" VPOS="389" HPOS="778"/>
							<String ID="string_30" HPOS="800" VPOS="388" WIDTH="79" HEIGHT="22" WC="0.96" CONTENT="besvär"/>
						</TextLine>
						<TextLine ID="line_7" HPOS="132" VPOS="423" WIDTH="745" HEIGHT="28">
							<String ID="string_31" HPOS="132" VPOS="423" WIDTH="68" HEIGHT="27" WC="0.95" CONTENT="enligt"/><SP WIDTH="21" VPOS="423" HPOS="200"/>
							<String ID="string_32" HPOS="221" VPOS="423" WIDTH="80" HEIGHT="21" WC="0.96" CONTENT="sakens"/><SP WIDTH="19" VPOS="423" HPOS="301"/>
							<String ID="string_33" HPOS="320" VPOS="425" WIDTH="64" HEIGHT="19" WC="0.96" CONTENT="natur"/><SP WIDTH="20" VPOS="425" HPOS="384"/>
							<String ID="string_34" HPOS="404" VPOS="423" WIDTH="67" HEIGHT="21" WC="0.90" CONTENT="borde"/><SP WIDTH="14" VPOS="423" HPOS="471"/>
							<String ID="string_35" HPOS="485" VPOS="423" WIDTH="94" HEIGHT="28" WC="0.90" CONTENT="ingifvas"/><SP WIDTH="16" VPOS="423" HPOS="579"/>
							<String ID="string_36" HPOS="595" VPOS="423" WIDTH="122" HEIGHT="27" WC="0.96" CONTENT="skriftligen"/><SP WIDTH="15" VPOS="423" HPOS="717"/>
							<String ID="string_37" HPOS="732" VPOS="423" WIDTH="33" HEIGHT="21" WC="0.93" CONTENT="till"/><SP WIDTH="15" VPOS="423" HPOS="765"/>
							<String ID="string_38" HPOS="780" VPOS="423" WIDTH="97" HEIGHT="28" WC="0.90" CONTENT="plennm,"/>
						</TextLine>
						<TextLine ID="line_8" HPOS="132" VPOS="456" WIDTH="746" HEIGHT="24">
							<String ID="string_39" HPOS="132" VPOS="457" WIDTH="92" HEIGHT="22" WC="0.96" CONTENT="emedan"/><SP WIDTH="23" VPOS="457" HPOS="224"/>
							<String ID="string_40" HPOS="247" VPOS="457" WIDTH="28" HEIGHT="22" WC="0.96" CONTENT="de"/><SP WIDTH="22" VPOS="457" HPOS="275"/>
							<String ID="string_41" HPOS="297" VPOS="458" WIDTH="69" HEIGHT="21" WC="0.96" CONTENT="måste"/><SP WIDTH="20" VPOS="458" HPOS="366"/>
							<String ID="string_42" HPOS="386" VPOS="457" WIDTH="33" HEIGHT="22" WC="0.93" CONTENT="till"/><SP WIDTH="19" VPOS="457" HPOS="419"/>
							<String ID="string_43" HPOS="438" VPOS="458" WIDTH="196" HEIGHT="22" WC="0.92" CONTENT="besvärsutskottet"/><SP WIDTH="19" VPOS="458" HPOS="634"/>
							<String ID="string_44" HPOS="653" VPOS="457" WIDTH="122" HEIGHT="22" WC="0.96" CONTENT="remitteras"/><SP WIDTH="20" VPOS="457" HPOS="775"/>
							<String ID="string_45" HPOS="795" VPOS="456" WIDTH="40" HEIGHT="23" WC="0.96" CONTENT="och"/><SP WIDTH="16" VPOS="456" HPOS="835"/>
							<String ID="string_46" HPOS="851" VPOS="456" WIDTH="27" HEIGHT="22" WC="0.96" CONTENT="de"/>
						</TextLine>
						<TextLine ID="line_9" HPOS="132" VPOS="491" WIDTH="746" HEIGHT="29">
							<String ID="string_47" HPOS="132" VPOS="492" WIDTH="60" HEIGHT="22" WC="0.96" CONTENT="olika"/><SP WIDTH="15" VPOS="492" HPOS="192"/>
							<String ID="string_48" HPOS="207" VPOS="492" WIDTH="96" HEIGHT="28" WC="0.96" CONTENT="motiver,"/><SP WIDTH="14" VPOS="492" HPOS="303"/>
							<String ID="string_49" HPOS="317" VPOS="498" WIDTH="46" HEIGHT="16" WC="0.95" CONTENT="som"/><SP WIDTH="16" VPOS="498" HPOS="363"/>
							<String ID="string_50" HPOS="379" VPOS="492" WIDTH="79" HEIGHT="28" WC="0.96" CONTENT="åtfölja"/><SP WIDTH="15" VPOS="492" HPOS="458"/>
							<String ID="string_51" HPOS="473" VPOS="493" WIDTH="25" HEIGHT="21" WC="0.93" CONTENT="så"/><SP WIDTH="14" VPOS="493" HPOS="498"/>
							<String ID="string_52" HPOS="512" VPOS="492" WIDTH="128" HEIGHT="22" WC="0.92" CONTENT="beskaffade"/><SP WIDTH="14" VPOS="492" HPOS="640"/>
							<String ID="string_53" HPOS="654" VPOS="492" WIDTH="84" HEIGHT="28" WC="0.95" CONTENT="besvär,"/><SP WIDTH="16" VPOS="492" HPOS="738"/>
							<String ID="string_54" HPOS="754" VPOS="491" WIDTH="124" HEIGHT="23" WC="0.96" CONTENT="underlätta"/>
						</TextLine>
						<TextLine ID="line_10" HPOS="132" VPOS="526" WIDTH="305" HEIGHT="22">
							<String ID="string_55" HPOS="132" VPOS="526" WIDTH="208" HEIGHT="22" WC="0.92" CONTENT="besvärsutskottets"/><SP WIDTH="16" VPOS="526" HPOS="340"/>
							<String ID="string_56" HPOS="356" VPOS="526" WIDTH="81" HEIGHT="22" WC="0.96" CONTENT="arbete."/>
						</TextLine>
					</TextBlock>
					<TextBlock ID="block_4" HPOS="133" VPOS="560" WIDTH="746" HEIGHT="195">
						<TextLine ID="line_11" HPOS="200" VPOS="560" WIDTH="679" HEIGHT="29">
							<String ID="string_57" HPOS="200" VPOS="560" WIDTH="91" HEIGHT="23" WC="0.96" CONTENT="Prosten"/><SP WIDTH="19" VPOS="560" HPOS="291"/>
							<String ID="string_58" HPOS="310" VPOS="561" WIDTH="43" HEIGHT="22" WC="0.93" CONTENT="Jul."/><SP WIDTH="20" VPOS="561" HPOS="353"/>
							<String ID="string_59" HPOS="373" VPOS="561" WIDTH="60" HEIGHT="21" WC="0.92" CONTENT="Imm."/><SP WIDTH="16" VPOS="561" HPOS="433"/>
							<String ID="string_60" HPOS="449" VPOS="562" WIDTH="82" HEIGHT="27" WC="0.96" CONTENT="Bergh"/><SP WIDTH="20" VPOS="562" HPOS="531"/>
							<String ID="string_61" HPOS="551" VPOS="561" WIDTH="51" HEIGHT="21" WC="0.96" CONTENT="ville"/><SP WIDTH="16" VPOS="561" HPOS="602"/>
							<String ID="string_62" HPOS="618" VPOS="560" WIDTH="66" HEIGHT="29" WC="0.96" CONTENT="skilja"/><SP WIDTH="19" VPOS="560" HPOS="684"/>
							<String ID="string_63" HPOS="703" VPOS="561" WIDTH="80" HEIGHT="21" WC="0.96" CONTENT="mellan"/><SP WIDTH="15" VPOS="561" HPOS="783"/>
							<String ID="string_64" HPOS="798" VPOS="561" WIDTH="81" HEIGHT="22" WC="0.96" CONTENT="besvär"/>
						</TextLine>
						<TextLine ID="line_12" HPOS="133" VPOS="595" WIDTH="745" HEIGHT="29">
							<String ID="string_65" HPOS="133" VPOS="602" WIDTH="46" HEIGHT="16" WC="0.96" CONTENT="som"/><SP WIDTH="16" VPOS="602" HPOS="179"/>
							<String ID="string_66" HPOS="195" VPOS="602" WIDTH="78" HEIGHT="21" WC="0.93" CONTENT="genom"/><SP WIDTH="15" VPOS="602" HPOS="273"/>
							<String ID="string_67" HPOS="288" VPOS="595" WIDTH="147" HEIGHT="22" WC="0.92" CONTENT="ordföranden"/><SP WIDTH="15" VPOS="595" HPOS="435"/>
							<String ID="string_68" HPOS="450" VPOS="596" WIDTH="32" HEIGHT="21" WC="0.93" CONTENT="till"/><SP WIDTH="15" VPOS="596" HPOS="482"/>
							<String ID="string_69" HPOS="497" VPOS="596" WIDTH="88" HEIGHT="28" WC="0.91" CONTENT="plenum"/><SP WIDTH="15" VPOS="596" HPOS="585"/>
							<String ID="string_70" HPOS="600" VPOS="596" WIDTH="62" HEIGHT="27" WC="0.92" CONTENT="ingä,"/><SP WIDTH="15" VPOS="596" HPOS="662"/>
							<String ID="string_71" HPOS="677" VPOS="598" WIDTH="56" HEIGHT="19" WC="0.93" CONTENT="samt"/><SP WIDTH="13" VPOS="598" HPOS="733"/>
							<String ID="string_72" HPOS="746" VPOS="595" WIDTH="84" HEIGHT="22" WC="0.93" CONTENT="sädana"/><SP WIDTH="11" VPOS="595" HPOS="830"/>
							<String ID="string_73" HPOS="841" VPOS="602" WIDTH="37" HEIGHT="14" WC="0.93" CONTENT="an-"/>
						</TextLine>
						<TextLine ID="line_13" HPOS="134" VPOS="629" WIDTH="744" HEIGHT="29">
							<String ID="string_74" HPOS="134" VPOS="630" WIDTH="126" HEIGHT="28" WC="0.92" CONTENT="draganden"/><SP WIDTH="20" VPOS="630" HPOS="260"/>
							<String ID="string_75" HPOS="280" VPOS="635" WIDTH="45" HEIGHT="16" WC="0.96" CONTENT="som"/><SP WIDTH="15" VPOS="635" HPOS="325"/>
							<String ID="string_76" HPOS="340" VPOS="629" WIDTH="25" HEIGHT="22" WC="0.93" CONTENT="af"/><SP WIDTH="13" VPOS="629" HPOS="365"/>
							<String ID="string_77" HPOS="378" VPOS="630" WIDTH="278" HEIGHT="28" WC="0.91" CONTENT="ständsrepresentanterne"/><SP WIDTH="14" VPOS="630" HPOS="656"/>
							<String ID="string_78" HPOS="670" VPOS="630" WIDTH="74" HEIGHT="21" WC="0.93" CONTENT="kunna"/><SP WIDTH="14" VPOS="630" HPOS="744"/>
							<String ID="string_79" HPOS="758" VPOS="629" WIDTH="120" HEIGHT="27" WC="0.92" CONTENT="muntligen"/>
						</TextLine>
						<TextLine ID="line_14" HPOS="133" VPOS="663" WIDTH="744" HEIGHT="29">
							<String ID="string_80" HPOS="133" VPOS="664" WIDTH="132" HEIGHT="22" WC="0.92" CONTENT="framställas"/><SP WIDTH="20" VPOS="664" HPOS="265"/>
							<String ID="string_81" HPOS="285" VPOS="664" WIDTH="40" HEIGHT="22" WC="0.93" CONTENT="och"/><SP WIDTH="20" VPOS="664" HPOS="325"/>
							<String ID="string_82" HPOS="345" VPOS="664" WIDTH="75" HEIGHT="23" WC="0.91" CONTENT="hvilka"/><SP WIDTH="19" VPOS="664" HPOS="420"/>
							<String ID="string_83" HPOS="439" VPOS="666" WIDTH="87" HEIGHT="26" WC="0.92" CONTENT="prosten"/><SP WIDTH="20" VPOS="666" HPOS="526"/>
							<String ID="string_84" HPOS="546" VPOS="663" WIDTH="64" HEIGHT="23" WC="0.92" CONTENT="äfven"/><SP WIDTH="20" VPOS="663" HPOS="610"/>
							<String ID="string_85" HPOS="630" VPOS="664" WIDTH="70" HEIGHT="27" WC="0.92" CONTENT="ansäg"/><SP WIDTH="18" VPOS="664" HPOS="700"/>
							<String ID="string_86" HPOS="718" VPOS="664" WIDTH="54" HEIGHT="21" WC="0.89" CONTENT="böra"/><SP WIDTH="19" VPOS="664" HPOS="772"/>
							<String ID="string_87" HPOS="791" VPOS="663" WIDTH="86" HEIGHT="27" WC="0.92" CONTENT="efterät,"/>
						</TextLine>
						<TextLine ID="line_15" HPOS="133" VPOS="698" WIDTH="745" HEIGHT="29">
							<String ID="string_88" HPOS="133" VPOS="698" WIDTH="32" HEIGHT="22" WC="0.93" CONTENT="till"/><SP WIDTH="20" VPOS="698" HPOS="165"/>
							<String ID="string_89" HPOS="185" VPOS="698" WIDTH="85" HEIGHT="22" WC="0.88" CONTENT="lättnad"/><SP WIDTH="20" VPOS="698" HPOS="270"/>
							<String ID="string_90" HPOS="290" VPOS="698" WIDTH="36" HEIGHT="22" WC="0.93" CONTENT="för"/><SP WIDTH="18" VPOS="698" HPOS="326"/>
							<String ID="string_91" HPOS="344" VPOS="698" WIDTH="159" HEIGHT="29" WC="0.92" CONTENT="sekreteraren,"/><SP WIDTH="22" VPOS="698" HPOS="503"/>
							<String ID="string_92" HPOS="525" VPOS="698" WIDTH="122" HEIGHT="28" WC="0.93" CONTENT="skriftligen"/><SP WIDTH="15" VPOS="698" HPOS="647"/>
							<String ID="string_93" HPOS="662" VPOS="698" WIDTH="106" HEIGHT="22" WC="0.92" CONTENT="inlemnas"/><SP WIDTH="15" VPOS="698" HPOS="768"/>
							<String ID="string_94" HPOS="783" VPOS="698" WIDTH="32" HEIGHT="21" WC="0.93" CONTENT="till"/><SP WIDTH="16" VPOS="698" HPOS="815"/>
							<String ID="string_95" HPOS="831" VPOS="704" WIDTH="47" HEIGHT="22" WC="0.93" CONTENT="pro-"/>
						</TextLine>
						<TextLine ID="line_16" HPOS="133" VPOS="733" WIDTH="98" HEIGHT="22">
							<String ID="string_96" HPOS="133" VPOS="733" WIDTH="98" HEIGHT="22" WC="0.91" CONTENT="tokollet."/>
						</TextLine>
					</TextBlock>
					<TextBlock ID="block_5" HPOS="134" VPOS="766" WIDTH="745" HEIGHT="65">
						<TextLine ID="line_17" HPOS="201" VPOS="766" WIDTH="678" HEIGHT="30">
							<String ID="string_97" HPOS="201" VPOS="768" WIDTH="55" HEIGHT="21" WC="0.91" CONTENT="Herr"/><SP WIDTH="18" VPOS="768" HPOS="256"/>
							<String ID="string_98" HPOS="274" VPOS="768" WIDTH="158" HEIGHT="28" WC="0.91" CONTENT="erkebiskopen"/><SP WIDTH="23" VPOS="768" HPOS="432"/>
							<String ID="string_99" HPOS="455" VPOS="767" WIDTH="129" HEIGHT="23" WC="0.90" CONTENT="hemställde"/><SP WIDTH="22" VPOS="767" HPOS="584"/>
							<String ID="string_100" HPOS="606" VPOS="774" WIDTH="34" HEIGHT="15" WC="0.93" CONTENT="om"/><SP WIDTH="20" VPOS="774" HPOS="640"/>
							<String ID="string_101" HPOS="660" VPOS="767" WIDTH="50" HEIGHT="22" WC="0.92" CONTENT="icke"/><SP WIDTH="15" VPOS="767" HPOS="710"/>
							<String ID="string_102" HPOS="725" VPOS="766" WIDTH="49" HEIGHT="22" WC="0.93" CONTENT="med"/><SP WIDTH="15" VPOS="766" HPOS="774"/>
							<String ID="string_103" HPOS="789" VPOS="766" WIDTH="90" HEIGHT="28" WC="0.92" CONTENT="frägans"/>
						</TextLine>
						<TextLine ID="line_18" HPOS="134" VPOS="800" WIDTH="716" HEIGHT="31">
							<String ID="string_104" HPOS="134" VPOS="802" WIDTH="119" HEIGHT="29" WC="0.92" CONTENT="afgörande"/><SP WIDTH="14" VPOS="802" HPOS="253"/>
							<String ID="string_105" HPOS="267" VPOS="802" WIDTH="73" HEIGHT="22" WC="0.93" CONTENT="kunde"/><SP WIDTH="16" VPOS="802" HPOS="340"/>
							<String ID="string_106" HPOS="356" VPOS="803" WIDTH="63" HEIGHT="21" WC="0.96" CONTENT="anstå"/><SP WIDTH="14" VPOS="803" HPOS="419"/>
							<String ID="string_107" HPOS="433" VPOS="802" WIDTH="33" HEIGHT="21" WC="0.96" CONTENT="till"/><SP WIDTH="13" VPOS="802" HPOS="466"/>
							<String ID="string_108" HPOS="479" VPOS="804" WIDTH="64" HEIGHT="20" WC="0.93" CONTENT="nästa"/><SP WIDTH="14" VPOS="804" HPOS="543"/>
							<String ID="string_109" HPOS="557" VPOS="802" WIDTH="97" HEIGHT="28" WC="0.96" CONTENT="plenum,"/><SP WIDTH="16" VPOS="802" HPOS="654"/>
							<String ID="string_110" HPOS="670" VPOS="802" WIDTH="83" HEIGHT="21" WC="0.96" CONTENT="hvilket"/><SP WIDTH="15" VPOS="802" HPOS="753"/>
							<String ID="string_111" HPOS="768" VPOS="800" WIDTH="82" HEIGHT="22" WC="0.96" CONTENT="bifölls."/>
						</TextLine>
					</TextBlock>
				</ComposedBlock>
				<GraphicalElement ID="cblock_2" HPOS="457" VPOS="850" WIDTH="99" HEIGHT="2"></GraphicalElement >
				<ComposedBlock ID="cblock_3" HPOS="134" VPOS="869" WIDTH="749" HEIGHT="201">
					<TextBlock ID="block_6" HPOS="134" VPOS="869" WIDTH="749" HEIGHT="201">
						<TextLine ID="line_19" HPOS="203" VPOS="869" WIDTH="680" HEIGHT="29">
							<String ID="string_112" HPOS="203" VPOS="872" WIDTH="155" HEIGHT="21" WC="0.91" CONTENT="Sekreteraren"/><SP WIDTH="21" VPOS="872" HPOS="358"/>
							<String ID="string_113" HPOS="379" VPOS="871" WIDTH="130" HEIGHT="27" WC="0.91" CONTENT="redogjorde"/><SP WIDTH="22" VPOS="871" HPOS="509"/>
							<String ID="string_114" HPOS="531" VPOS="870" WIDTH="59" HEIGHT="22" WC="0.92" CONTENT="inför"/><SP WIDTH="22" VPOS="870" HPOS="590"/>
							<String ID="string_115" HPOS="612" VPOS="870" WIDTH="86" HEIGHT="22" WC="0.92" CONTENT="ständet"/><SP WIDTH="22" VPOS="870" HPOS="698"/>
							<String ID="string_116" HPOS="720" VPOS="870" WIDTH="37" HEIGHT="21" WC="0.93" CONTENT="för"/><SP WIDTH="19" VPOS="870" HPOS="757"/>
							<String ID="string_117" HPOS="776" VPOS="869" WIDTH="61" HEIGHT="22" WC="0.92" CONTENT="säväl"/><SP WIDTH="21" VPOS="869" HPOS="837"/>
							<String ID="string_118" HPOS="858" VPOS="869" WIDTH="25" HEIGHT="21" WC="0.96" CONTENT="af"/>
						</TextLine>
						<TextLine ID="line_20" HPOS="134" VPOS="903" WIDTH="746" HEIGHT="30">
							<String ID="string_119" HPOS="134" VPOS="906" WIDTH="160" HEIGHT="27" WC="0.93" CONTENT="boktryckaren"/><SP WIDTH="17" VPOS="906" HPOS="294"/>
							<String ID="string_120" HPOS="311" VPOS="905" WIDTH="126" HEIGHT="22" WC="0.96" CONTENT="Sederholm"/><SP WIDTH="16" VPOS="905" HPOS="437"/>
							<String ID="string_121" HPOS="453" VPOS="912" WIDTH="45" HEIGHT="14" WC="0.96" CONTENT="som"/><SP WIDTH="16" VPOS="912" HPOS="498"/>
							<String ID="string_122" HPOS="514" VPOS="905" WIDTH="24" HEIGHT="21" WC="0.96" CONTENT="af"/><SP WIDTH="12" VPOS="905" HPOS="538"/>
							<String ID="string_123" HPOS="550" VPOS="904" WIDTH="72" HEIGHT="22" WC="0.93" CONTENT="finska"/><SP WIDTH="15" VPOS="904" HPOS="622"/>
							<String ID="string_124" HPOS="637" VPOS="903" WIDTH="243" HEIGHT="28" WC="0.92" CONTENT="litteratursällskapets"/>
						</TextLine>
						<TextLine ID="line_21" HPOS="134" VPOS="937" WIDTH="747" HEIGHT="30">
							<String ID="string_125" HPOS="134" VPOS="939" WIDTH="162" HEIGHT="28" WC="0.56" CONTENT="tryckeribolag"/><SP WIDTH="23" VPOS="939" HPOS="296"/>
							<String ID="string_126" HPOS="319" VPOS="939" WIDTH="123" HEIGHT="28" WC="0.96" CONTENT="uppgjorda"/><SP WIDTH="24" VPOS="939" HPOS="442"/>
							<String ID="string_127" HPOS="466" VPOS="939" WIDTH="101" HEIGHT="28" WC="0.96" CONTENT="kalkyler"/><SP WIDTH="24" VPOS="939" HPOS="567"/>
							<String ID="string_128" HPOS="591" VPOS="938" WIDTH="60" HEIGHT="21" WC="0.95" CONTENT="öfver"/><SP WIDTH="24" VPOS="938" HPOS="651"/>
							<String ID="string_129" HPOS="675" VPOS="937" WIDTH="148" HEIGHT="22" WC="0.96" CONTENT="kostnaderna"/><SP WIDTH="24" VPOS="937" HPOS="823"/>
							<String ID="string_130" HPOS="847" VPOS="937" WIDTH="34" HEIGHT="21" WC="0.96" CONTENT="för"/>
						</TextLine>
						<TextLine ID="line_22" HPOS="134" VPOS="971" WIDTH="746" HEIGHT="31">
							<String ID="string_131" HPOS="134" VPOS="974" WIDTH="144" HEIGHT="28" WC="0.96" CONTENT="tryckningen"/><SP WIDTH="16" VPOS="974" HPOS="278"/>
							<String ID="string_132" HPOS="294" VPOS="973" WIDTH="25" HEIGHT="22" WC="0.93" CONTENT="af"/><SP WIDTH="12" VPOS="973" HPOS="319"/>
							<String ID="string_133" HPOS="331" VPOS="973" WIDTH="97" HEIGHT="22" WC="0.93" CONTENT="ständets"/><SP WIDTH="13" VPOS="973" HPOS="428"/>
							<String ID="string_134" HPOS="441" VPOS="973" WIDTH="137" HEIGHT="28" WC="0.93" CONTENT="protokoller,"/><SP WIDTH="17" VPOS="973" HPOS="578"/>
							<String ID="string_135" HPOS="595" VPOS="974" WIDTH="56" HEIGHT="20" WC="0.93" CONTENT="samt"/><SP WIDTH="11" VPOS="974" HPOS="651"/>
							<String ID="string_136" HPOS="662" VPOS="971" WIDTH="133" HEIGHT="22" WC="0.96" CONTENT="anmodades"/><SP WIDTH="10" VPOS="971" HPOS="795"/>
							<String ID="string_137" HPOS="805" VPOS="971" WIDTH="75" HEIGHT="22" WC="0.96" CONTENT="härom"/>
						</TextLine>
						<TextLine ID="line_23" HPOS="134" VPOS="1005" WIDTH="746" HEIGHT="31">
							<String ID="string_138" HPOS="134" VPOS="1009" WIDTH="64" HEIGHT="22" WC="0.92" CONTENT="träffa"/><SP WIDTH="8" VPOS="1009" HPOS="198"/>
							<String ID="string_139" HPOS="206" VPOS="1008" WIDTH="53" HEIGHT="21" WC="0.92" CONTENT="aftal"/><SP WIDTH="9" VPOS="1008" HPOS="259"/>
							<String ID="string_140" HPOS="268" VPOS="1008" WIDTH="40" HEIGHT="21" WC="0.93" CONTENT="och"/><SP WIDTH="8" VPOS="1008" HPOS="308"/>
							<String ID="string_141" HPOS="316" VPOS="1011" WIDTH="97" HEIGHT="25" WC="0.92" CONTENT="uppgöra"/><SP WIDTH="8" VPOS="1011" HPOS="413"/>
							<String ID="string_142" HPOS="421" VPOS="1008" WIDTH="103" HEIGHT="21" WC="0.96" CONTENT="kontrakt"/><SP WIDTH="8" VPOS="1008" HPOS="524"/>
							<String ID="string_143" HPOS="532" VPOS="1007" WIDTH="50" HEIGHT="22" WC="0.93" CONTENT="med"/><SP WIDTH="8" VPOS="1007" HPOS="582"/>
							<String ID="string_144" HPOS="590" VPOS="1007" WIDTH="133" HEIGHT="22" WC="0.93" CONTENT="sistnämnde"/><SP WIDTH="9" VPOS="1007" HPOS="723"/>
							<String ID="string_145" HPOS="732" VPOS="1005" WIDTH="148" HEIGHT="29" WC="0.79" CONTENT="boktryekeri-"/>
						</TextLine>
						<TextLine ID="line_24" HPOS="135" VPOS="1041" WIDTH="511" HEIGHT="29">
							<String ID="string_146" HPOS="135" VPOS="1043" WIDTH="61" HEIGHT="22" WC="0.95" CONTENT="firma"/><SP WIDTH="15" VPOS="1043" HPOS="196"/>
							<String ID="string_147" HPOS="211" VPOS="1043" WIDTH="7" HEIGHT="21" WC="0.96" CONTENT="i"/><SP WIDTH="14" VPOS="1043" HPOS="218"/>
							<String ID="string_148" HPOS="232" VPOS="1043" WIDTH="96" HEIGHT="27" WC="0.96" CONTENT="enlighet"/><SP WIDTH="15" VPOS="1043" HPOS="328"/>
							<String ID="string_149" HPOS="343" VPOS="1042" WIDTH="49" HEIGHT="22" WC="0.96" CONTENT="med"/><SP WIDTH="17" VPOS="1042" HPOS="392"/>
							<String ID="string_150" HPOS="409" VPOS="1042" WIDTH="50" HEIGHT="22" WC="0.93" CONTENT="dess"/><SP WIDTH="15" VPOS="1042" HPOS="459"/>
							<String ID="string_151" HPOS="474" VPOS="1042" WIDTH="79" HEIGHT="28" WC="0.92" CONTENT="gjorda"/><SP WIDTH="14" VPOS="1042" HPOS="553"/>
							<String ID="string_152" HPOS="567" VPOS="1041" WIDTH="79" HEIGHT="22" WC="0.96" CONTENT="anbud."/>
						</TextLine>
					</TextBlock>
				</ComposedBlock>
				<ComposedBlock ID="cblock_4" HPOS="205" VPOS="1077" WIDTH="539" HEIGHT="45">
					<TextBlock ID="block_7" HPOS="205" VPOS="1077" WIDTH="539" HEIGHT="45">
						<TextLine ID="line_25" HPOS="205" VPOS="1077" WIDTH="367" HEIGHT="29">
							<String ID="string_153" HPOS="205" VPOS="1077" WIDTH="91" HEIGHT="22" WC="0.92" CONTENT="Ständet"/><SP WIDTH="15" VPOS="1077" HPOS="296"/>
							<String ID="string_154" HPOS="311" VPOS="1077" WIDTH="116" HEIGHT="29" WC="0.92" CONTENT="ätskiljdes"/><SP WIDTH="15" VPOS="1077" HPOS="427"/>
							<String ID="string_155" HPOS="442" VPOS="1077" WIDTH="94" HEIGHT="22" WC="0.90" CONTENT="klockan"/><SP WIDTH="16" VPOS="1077" HPOS="536"/>
							<String ID="string_156" HPOS="552" VPOS="1077" WIDTH="20" HEIGHT="21" WC="0.96" CONTENT="2."/>
						</TextLine>
						<TextLine ID="line_26" HPOS="652" VPOS="1105" WIDTH="92" HEIGHT="17">
							<String ID="string_157" HPOS="652" VPOS="1106" WIDTH="19" HEIGHT="16" WC="0.92" CONTENT="In"/><SP WIDTH="13" VPOS="1106" HPOS="671"/>
							<String ID="string_158" HPOS="684" VPOS="1105" WIDTH="60" HEIGHT="17" WC="0.92" CONTENT="fidem:"/>
						</TextLine>
					</TextBlock>
				</ComposedBlock>
				<ComposedBlock ID="cblock_5" HPOS="550" VPOS="1133" WIDTH="262" HEIGHT="23">
					<TextBlock ID="block_8" HPOS="550" VPOS="1133" WIDTH="262" HEIGHT="23">
						<TextLine ID="line_27" HPOS="550" VPOS="1133" WIDTH="262" HEIGHT="23">
							<String ID="string_159" HPOS="550" VPOS="1134" WIDTH="51" HEIGHT="19" WC="0.96" CONTENT="And."/><SP WIDTH="17" VPOS="1134" HPOS="601"/>
							<String ID="string_160" HPOS="618" VPOS="1133" WIDTH="56" HEIGHT="19" WC="0.96" CONTENT="John"/><SP WIDTH="18" VPOS="1133" HPOS="674"/>
							<String ID="string_161" HPOS="692" VPOS="1133" WIDTH="120" HEIGHT="23" WC="0.96" CONTENT="Hornborg."/>
						</TextLine>
					</TextBlock>
				</ComposedBlock>
				<ComposedBlock ID="cblock_6" HPOS="186" VPOS="1260" WIDTH="639" HEIGHT="40">
					<TextBlock ID="block_9" HPOS="186" VPOS="1260" WIDTH="639" HEIGHT="40">
						<TextLine ID="line_28" HPOS="186" VPOS="1260" WIDTH="639" HEIGHT="40">
							<String ID="string_162" HPOS="186" VPOS="1264" WIDTH="166" HEIGHT="36" WC="0.92" CONTENT="Torsdagen"/><SP WIDTH="21" VPOS="1264" HPOS="352"/>
							<String ID="string_163" HPOS="373" VPOS="1262" WIDTH="55" HEIGHT="28" WC="0.96" CONTENT="den"/><SP WIDTH="22" VPOS="1262" HPOS="428"/>
							<String ID="string_164" HPOS="450" VPOS="1263" WIDTH="11" HEIGHT="25" WC="0.96" CONTENT="1"/><SP WIDTH="28" VPOS="1263" HPOS="461"/>
							<String ID="string_165" HPOS="489" VPOS="1262" WIDTH="120" HEIGHT="27" WC="0.96" CONTENT="oktober"/><SP WIDTH="20" VPOS="1262" HPOS="609"/>
							<String ID="string_166" HPOS="629" VPOS="1260" WIDTH="41" HEIGHT="28" WC="0.95" CONTENT="kl."/><SP WIDTH="23" VPOS="1260" HPOS="670"/>
							<String ID="string_167" HPOS="693" VPOS="1261" WIDTH="37" HEIGHT="26" WC="0.92" CONTENT="10"/><SP WIDTH="20" VPOS="1261" HPOS="730"/>
							<String ID="string_168" HPOS="750" VPOS="1260" WIDTH="18" HEIGHT="26" WC="0.86" CONTENT="f."/><SP WIDTH="23" VPOS="1260" HPOS="768"/>
							<String ID="string_169" HPOS="791" VPOS="1270" WIDTH="34" HEIGHT="16" WC="0.96" CONTENT="m."/>
						</TextLine>
					</TextBlock>
				</ComposedBlock>
				<ComposedBlock ID="cblock_7" HPOS="136" VPOS="1315" WIDTH="747" HEIGHT="167">
					<TextBlock ID="block_10" HPOS="136" VPOS="1315" WIDTH="745" HEIGHT="62">
						<TextLine ID="line_29" HPOS="203" VPOS="1315" WIDTH="678" HEIGHT="32">
							<String ID="string_170" HPOS="203" VPOS="1320" WIDTH="90" HEIGHT="21" WC="0.96" CONTENT="Plenum"/><SP WIDTH="24" VPOS="1320" HPOS="293"/>
							<String ID="string_171" HPOS="317" VPOS="1318" WIDTH="111" HEIGHT="29" WC="0.95" CONTENT="öppnades"/><SP WIDTH="22" VPOS="1318" HPOS="428"/>
							<String ID="string_172" HPOS="450" VPOS="1318" WIDTH="49" HEIGHT="21" WC="0.93" CONTENT="med"/><SP WIDTH="23" VPOS="1318" HPOS="499"/>
							<String ID="string_173" HPOS="522" VPOS="1317" WIDTH="25" HEIGHT="22" WC="0.93" CONTENT="af"/><SP WIDTH="19" VPOS="1317" HPOS="547"/>
							<String ID="string_174" HPOS="566" VPOS="1317" WIDTH="138" HEIGHT="28" WC="0.93" CONTENT="domprosten"/><SP WIDTH="22" VPOS="1317" HPOS="704"/>
							<String ID="string_175" HPOS="726" VPOS="1315" WIDTH="91" HEIGHT="22" WC="0.93" CONTENT="Renvall"/><SP WIDTH="19" VPOS="1315" HPOS="817"/>
							<String ID="string_176" HPOS="836" VPOS="1315" WIDTH="45" HEIGHT="21" WC="0.92" CONTENT="häl-"/>
						</TextLine>
						<TextLine ID="line_30" HPOS="136" VPOS="1355" WIDTH="101" HEIGHT="22">
							<String ID="string_177" HPOS="136" VPOS="1355" WIDTH="36" HEIGHT="22" WC="0.93" CONTENT="len"/><SP WIDTH="15" VPOS="1355" HPOS="172"/>
							<String ID="string_178" HPOS="187" VPOS="1355" WIDTH="50" HEIGHT="21" WC="0.91" CONTENT="bön."/>
						</TextLine>
					</TextBlock>
					<TextBlock ID="block_11" HPOS="137" VPOS="1384" WIDTH="746" HEIGHT="98">
						<TextLine ID="line_31" HPOS="204" VPOS="1384" WIDTH="678" HEIGHT="30">
							<String ID="string_179" HPOS="204" VPOS="1388" WIDTH="42" HEIGHT="21" WC="0.93" CONTENT="Vid"/><SP WIDTH="15" VPOS="1388" HPOS="246"/>
							<String ID="string_180" HPOS="261" VPOS="1387" WIDTH="122" HEIGHT="22" WC="0.43" CONTENT="verkstäldt"/><SP WIDTH="9" VPOS="1387" HPOS="383"/>
							<String ID="string_181" HPOS="392" VPOS="1393" WIDTH="82" HEIGHT="21" WC="0.93" CONTENT="upprop"/><SP WIDTH="11" VPOS="1393" HPOS="474"/>
							<String ID="string_182" HPOS="485" VPOS="1386" WIDTH="105" HEIGHT="21" WC="0.92" CONTENT="befunnos"/><SP WIDTH="11" VPOS="1386" HPOS="590"/>
							<String ID="string_183" HPOS="601" VPOS="1385" WIDTH="45" HEIGHT="21" WC="0.93" CONTENT="alla"/><SP WIDTH="10" VPOS="1385" HPOS="646"/>
							<String ID="string_184" HPOS="656" VPOS="1384" WIDTH="226" HEIGHT="27" WC="0.91" CONTENT="ständsrepresentan-"/>
						</TextLine>
						<TextLine ID="line_32" HPOS="137" VPOS="1416" WIDTH="746" HEIGHT="33">
							<String ID="string_185" HPOS="137" VPOS="1425" WIDTH="61" HEIGHT="19" WC="0.93" CONTENT="terne"/><SP WIDTH="13" VPOS="1425" HPOS="198"/>
							<String ID="string_186" HPOS="211" VPOS="1429" WIDTH="52" HEIGHT="15" WC="0.93" CONTENT="vara"/><SP WIDTH="12" VPOS="1429" HPOS="263"/>
							<String ID="string_187" HPOS="275" VPOS="1421" WIDTH="108" HEIGHT="22" WC="0.88" CONTENT="tillstädes"/><SP WIDTH="16" VPOS="1421" HPOS="383"/>
							<String ID="string_188" HPOS="399" VPOS="1437" WIDTH="1" HEIGHT="12" WC="0.88" CONTENT=","/><SP WIDTH="10" VPOS="1437" HPOS="400"/>
							<String ID="string_189" HPOS="410" VPOS="1420" WIDTH="50" HEIGHT="22" WC="0.93" CONTENT="med"/><SP WIDTH="12" VPOS="1420" HPOS="460"/>
							<String ID="string_190" HPOS="472" VPOS="1420" WIDTH="112" HEIGHT="27" WC="0.93" CONTENT="undantag"/><SP WIDTH="12" VPOS="1420" HPOS="584"/>
							<String ID="string_191" HPOS="596" VPOS="1418" WIDTH="25" HEIGHT="21" WC="0.93" CONTENT="af"/><SP WIDTH="7" VPOS="1418" HPOS="621"/>
							<String ID="string_192" HPOS="628" VPOS="1420" WIDTH="87" HEIGHT="26" WC="0.93" CONTENT="prosten"/><SP WIDTH="9" VPOS="1420" HPOS="715"/>
							<String ID="string_193" HPOS="724" VPOS="1416" WIDTH="104" HEIGHT="22" WC="0.96" CONTENT="Hackzell"/><SP WIDTH="9" VPOS="1416" HPOS="828"/>
							<String ID="string_194" HPOS="837" VPOS="1423" WIDTH="46" HEIGHT="14" WC="0.96" CONTENT="som"/>
						</TextLine>
						<TextLine ID="line_33" HPOS="137" VPOS="1453" WIDTH="644" HEIGHT="29">
							<String ID="string_195" HPOS="137" VPOS="1464" WIDTH="39" HEIGHT="15" WC="0.96" CONTENT="var"/><SP WIDTH="15" VPOS="1464" HPOS="176"/>
							<String ID="string_196" HPOS="191" VPOS="1457" WIDTH="49" HEIGHT="22" WC="0.92" CONTENT="med"/><SP WIDTH="15" VPOS="1457" HPOS="240"/>
							<String ID="string_197" HPOS="255" VPOS="1456" WIDTH="146" HEIGHT="26" WC="0.96" CONTENT="vederbörligt"/><SP WIDTH="16" VPOS="1456" HPOS="401"/>
							<String ID="string_198" HPOS="417" VPOS="1455" WIDTH="97" HEIGHT="22" WC="0.96" CONTENT="tillstånd"/><SP WIDTH="16" VPOS="1455" HPOS="514"/>
							<String ID="string_199" HPOS="530" VPOS="1454" WIDTH="44" HEIGHT="21" WC="0.96" CONTENT="från"/><SP WIDTH="15" VPOS="1454" HPOS="574"/>
							<String ID="string_200" HPOS="589" VPOS="1453" WIDTH="78" HEIGHT="22" WC="0.93" CONTENT="staden"/><SP WIDTH="15" VPOS="1453" HPOS="667"/>
							<String ID="string_201" HPOS="682" VPOS="1453" WIDTH="99" HEIGHT="20" WC="0.96" CONTENT="bortrest."/>
						</TextLine>
					</TextBlock>
				</ComposedBlock>
			</PrintSpace>
		</Page>
	</Layout>
</alto>
