1017 1742
207 151 26 19 50

178 214 204 28 kontraktsprosten
398 214 68 21 Adolf
479 214 74 22 Sirén
752 213 48 21 med
816 214 25 20 17
857 215 71 19 röster

178 249 205 28 kontraktsprosten
399 248 51 22 Otto
466 248 100 22 Wilhelm
581 248 131 21 Ehrström
772 265 8 9 »
814 249 26 19 10
886 265 8 8 ,

247 284 46 22 Och
309 284 70 22 skulle
394 283 119 27 höglofliga
526 282 152 28 ridderskapet
689 282 40 22 och
740 282 65 22 adeln
816 284 56 20 samt
882 282 44 21 väl-

178 318 74 27 lofliga
267 317 180 28 borgareståndet
463 318 40 21 och
519 316 135 23 hedervärda
669 316 160 22 bondeståndet
839 316 87 21 medde-

179 352 33 22 las
227 352 124 22 kännedom
367 359 34 14 om
416 352 113 21 resultatet
540 352 25 21 af
572 351 157 21 ofvanstående
740 351 45 26 val,
802 350 125 22 förmedelst

179 386 199 28 protokollsutdrag
392 392 45 16 som
451 386 85 22 komme
553 388 41 25 att,
609 385 38 21 vid
662 385 105 22 ståndens
782 386 56 20 först
853 385 74 21 inträf-

179 421 66 21 fande
259 422 75 27 plena,
350 427 78 20 genom
444 428 26 14 en
486 420 127 28 deputation
629 419 32 21 till
672 420 93 22 stånden
776 419 151 21 öfverlemnas.

246 456 91 20 Plenum
348 454 120 22 afslutades
479 454 49 22 med
539 454 25 22 af
571 456 87 26 prosten
669 454 114 26 Grönberg
792 453 73 21 hållen
873 453 54 28 bön;

178 489 109 22 hvarefter
303 488 87 22 ståndet
410 489 122 27 åtskiljdes.

689 530 18 15 In
721 528 59 17 fidem:

591 563 53 19 And.
659 562 58 20 John
733 562 127 24 Hornborg.

208 739 162 37 Mändagen
392 738 53 28 den
468 739 38 25 28
528 739 157 37 september
706 738 40 27 kl.
770 739 36 27 10
828 739 17 26 f.
867 748 37 17 m.

249 800 90 22 Plenum
359 800 112 29 öppnades
492 800 49 22 med
561 801 25 21 af
603 801 136 27 vicepastorn
755 800 112 22 Snellman
883 800 45 21 häl-

180 836 35 21 len
231 836 50 21 bön.

248 870 42 22 Vid
313 870 64 22 skedt
400 876 81 22 upprop
502 870 105 22 hbefunnos
627 870 101 27 samtliga
748 870 179 22 ständsmedlem-

179 911 74 15 marne
274 912 53 14 vara
348 904 117 28 tillstädes,
486 905 49 22 med
550 905 113 27 undantag
677 905 24 20 af
713 905 50 22 herr
778 905 92 21 doktorn
887 905 40 21 och

179 940 107 27 biskopen
309 939 91 28 Ottelin,
424 946 46 15 som
490 939 39 22 hos
548 940 137 21 talemannen
701 940 50 21 lätit
766 940 87 21 anmäla
869 939 58 28 sjuk-

180 974 147 28 domsförfall,
348 976 56 19 samt
423 976 88 25 prosten
527 974 114 27 Borenius,
656 973 25 22 af
693 975 66 21 orsak
775 981 46 15 som
835 974 69 21 finnes
920 974 7 20 i

179 1009 131 28 protokollet
324 1008 34 22 för
373 1008 41 21 den
430 1009 27 20 26
473 1008 81 22 dennes
569 1008 131 22 antecknad.

247 1043 139 22 Protokollen
406 1042 34 22 för
460 1043 42 21 den
522 1044 26 20 25
570 1043 39 21 och
629 1043 26 21 26
671 1043 148 22 innevarande
835 1045 92 25 septem-

180 1078 38 21 ber
235 1078 111 27 upplästes
361 1077 32 21 till
406 1076 115 29 justering.

247 1111 102 22 Härefter
365 1111 97 28 företogs
480 1111 42 21 den
538 1111 37 22 vid
590 1111 54 22 sista
659 1111 89 28 lördags
763 1111 86 28 plenum
865 1111 63 22 hord-

179 1146 82 28 laggda
276 1145 280 28 landtdagspropositionen
571 1152 35 15 n:o
622 1146 36 27 24,
675 1145 114 28 angäende
805 1145 122 28 grunderna

179 1180 33 22 för
227 1180 109 28 reglering
351 1179 25 22 af
384 1180 175 28 presterskapets
570 1179 95 28 aflöning
675 1180 7 21 i
693 1180 86 21 landets
791 1181 137 26 evangelisk-

179 1215 113 21 lutherska
306 1214 159 27 församlingar,
482 1214 40 21 och
533 1214 100 28 uppläste
643 1217 88 26 prosten
746 1214 119 28 Alopxus
877 1214 51 22 dess

180 1249 29 21 dä
231 1248 111 22 utlofvade
364 1248 109 27 skriftliga
496 1248 149 28 betänkande,
669 1255 46 15 som
735 1249 40 20 här
797 1248 82 28 intogs,
902 1249 25 21 sä

179 1283 106 26 lydande:

247 1315 148 26 Begagnande
410 1315 45 27 mig
473 1315 25 20 af
513 1315 132 27 rättigheten
659 1317 32 19 att
706 1315 67 21 innan
789 1315 43 21 den
846 1315 82 27 nädiga

178 1349 164 28 propositionen
357 1349 33 21 till
405 1348 163 22 vederbörande
583 1349 83 22 utskott
680 1349 131 28 remitteras,
828 1349 100 22 deröfver

179 1383 82 28 afgifva
281 1385 32 20 ett
331 1383 159 22 förberedande
507 1384 113 27 yttrande,
640 1383 91 22 utbeder
742 1383 42 28 jag
799 1384 44 27 mig
858 1386 32 19 att
904 1383 23 22 få

177 1419 59 21 fästa
251 1418 38 21 det
302 1418 136 27 högvördiga
456 1417 98 22 ständets
570 1418 192 28 uppmärksamhet
777 1418 37 22 vid
829 1419 97 28 följande

179 1453 194 26 omständigheter:
