1009 1745
778 138 40 20 329

96 205 46 26 ling
165 204 163 26 öfverlemnats,
351 203 143 22 förekommer
517 203 63 21 äfven
602 209 26 15 en
644 210 34 14 om
692 202 155 22 bibehållande

98 238 24 21 af
135 238 132 21 katekesens
284 237 146 27 utanläsning.

165 272 121 26 Utskottet,
299 278 45 15 som
355 271 56 27 tagit
422 270 90 22 berörde
524 270 63 28 fråga
597 270 69 21 under
676 270 171 27 öfvervägande,

98 305 33 21 får
146 305 7 21 i
167 305 104 21 afseende
286 306 14 20 å
314 304 80 22 äskadt
408 304 140 22 betänkande
560 304 99 21 deröfver
669 304 111 22 vördsamt
790 304 58 21 med-

99 339 58 27 dela,
178 341 32 19 att
230 342 52 19 enär
297 339 72 27 någon
384 338 78 28 åtgärd
479 339 32 21 till
526 338 138 22 afskaffande
679 338 25 21 af
716 338 132 22 katekesens

98 373 141 28 utanläsning
262 376 57 18 ännu
341 373 49 21 icke
409 372 70 22 blifvit
494 372 112 28 vidtagen,
624 372 24 21 så
664 378 64 16 anser
743 372 107 22 utskottet

99 407 77 27 frågan
198 414 52 15 vara
273 407 91 21 alldeles
387 406 118 28 opåkallad
524 406 40 22 och
581 406 85 22 således
682 406 19 28 ej
718 407 74 21 kunna
807 406 42 22 för-

99 441 80 22 anleda
194 442 68 27 något
276 440 131 28 tillgörande
422 440 48 23 från
486 440 98 23 ståndets
601 440 67 23 sida."

167 475 61 23 Efter
243 478 23 20 af
279 476 49 22 herr
343 475 139 22 talemannen
498 475 122 22 framställd
635 475 142 30 proposition,
793 476 55 29 blef,

99 511 29 27 på
151 511 24 20 af
194 511 106 22 utskottet
322 510 92 22 anförda
434 511 58 27 skäl,
514 511 72 21 denna
600 511 91 27 petition
708 511 105 28 enhälligt
828 511 25 22 af

100 545 88 21 ståndet
203 545 88 22 lemnad
306 547 51 19 utan
374 544 110 22 afseende.

168 579 22 29 d)
208 579 38 22 Om
262 579 154 28 upphäfvande
432 579 24 21 af
470 579 54 21 1852
541 579 35 21 års
591 578 259 31 fattigvårdsförordning

100 616 56 19 samt
172 614 144 27 omreglering
331 613 25 21 af
368 613 157 28 fattigvården,
542 613 24 22 så
581 613 106 28 lydande:

169 648 85 27 »Bland
269 648 27 21 de
312 648 189 28 besvärspunkter,
518 648 75 21 hvilka
609 648 69 22 finnas
694 651 111 25 upptagna
818 650 31 21 uti

100 683 36 21 det
151 683 48 21 från
214 682 134 22 Brahestads
364 683 39 21 och
418 682 105 28 Kalajoki
536 683 117 27 prosterier
667 683 33 21 till
715 683 135 29 högvördiga

99 717 163 28 prestaståndet
277 717 37 21 vid
328 717 149 22 innevarande
490 717 108 27 landtdag
608 717 124 22 inlemnade
743 719 107 27 valproto-

98 752 46 21 koll
159 752 33 21 för
208 752 42 20 den
266 752 12 20 5
294 751 100 21 sistlidne
409 751 95 27 augusti,
522 751 39 21 och
576 751 76 21 hvilka
667 752 183 28 besvärspunkter

100 786 25 21 af
138 786 36 21 det
189 785 135 28 bögvördiga
340 786 87 21 ståndet
442 786 32 21 till
491 785 50 22 dess
557 786 185 22 besvärsutskotts
753 786 96 22 behand-

100 820 46 27 ling
162 820 161 28 öfverlemnats,
339 819 145 22 förekommer
498 819 65 22 äfven
578 826 27 14 en
620 826 33 15 om
665 820 153 28 upphäfvande
828 821 26 22 af

100 855 55 20 1852
175 855 35 20 års
228 854 258 27 fattigvårdsförordning
504 856 56 19 samt
578 854 51 21 hela
643 854 159 27 fattigvårdens
817 862 32 15 re-

100 888 158 27 organisation,
282 888 49 21 med
353 888 85 21 länevis
460 888 110 21 inrättade
592 888 110 21 allmänna
725 889 123 28 arbetshus;

99 922 84 22 hvilket
205 922 82 28 förslag
308 923 126 20 motiverats
457 922 98 28 dermed,
579 924 32 19 att
631 923 29 20 tio
676 923 35 21 års
727 923 123 22 erfarenhet

100 957 71 22 skulle
186 959 101 25 nogsamt
302 957 136 26 ådagalaggt
453 956 41 21 den
509 957 73 27 legala
593 956 157 27 fattigvårdens
760 957 89 22 förderf-

99 991 69 27 lighet
191 991 39 21 och
252 991 8 21 i
282 991 79 27 högsta
383 990 55 28 grad
459 990 198 22 demoraliserande
672 990 106 23 inverkan
793 992 57 21 både

99 1025 29 28 på
148 1025 78 27 fattiga
246 1025 41 21 och
305 1025 57 27 rika,
377 1025 141 26 hvarigenom
534 1025 26 21 de
576 1025 89 26 fattiges
681 1026 60 21 antal
756 1026 40 21 och
812 1033 37 14 an-

100 1059 67 28 språk
182 1059 7 21 i
205 1059 153 22 fruktansvärd
374 1058 54 28 grad
444 1059 63 22 ökats
521 1059 39 22 och
571 1058 80 22 hotade
662 1060 32 21 att
705 1059 146 28 undergräfva

100 1093 50 22 hela
168 1093 127 22 samhällets
308 1093 99 21 bestånd.

168 1127 42 22 Till
232 1127 121 22 infordradt
375 1127 140 22 betänkande
538 1127 130 22 härutinnan
687 1127 33 22 får
735 1128 114 28 utskottet,

101 1169 46 15 som
168 1162 56 27 tagit
246 1162 77 27 frågan
346 1161 69 22 under
434 1162 99 27 behörigt
553 1161 170 28 öfvervägande,
740 1162 111 21 vördsamt

101 1196 110 28 meddela,
226 1198 32 19 att
274 1198 52 19 enär
340 1202 51 14 man
406 1196 28 27 på
445 1196 61 27 långt
516 1198 40 19 när
565 1195 50 22 icke
626 1196 61 21 torde
698 1203 52 14 vara
761 1196 91 21 allmänt

102 1230 128 28 öfvertygad
253 1237 34 14 om
308 1229 39 22 och
366 1229 66 22 hafva
448 1229 115 22 enahanda
580 1229 122 22 erfarenhet
716 1230 26 21 af
754 1230 27 21 de
796 1229 54 22 före-

101 1265 69 21 burna
191 1264 110 28 olyckliga
320 1263 143 22 resultaterna
479 1264 25 21 af
518 1264 53 21 1852
588 1263 34 22 års
638 1263 212 28 fattigvårdsförord-

102 1299 62 27 ning,
184 1300 56 19 samt
259 1298 28 20 då
304 1297 64 27 intet,
384 1298 57 21 helst
456 1298 7 20 i
478 1299 72 25 någon
565 1298 50 21 mån
631 1297 80 22 utfördt
727 1298 40 20 och
783 1298 68 21 detal-

98 1332 75 28 jeradt
192 1332 82 26 förslag
289 1331 135 22 beträffande
440 1331 178 28 genomförandet
634 1331 24 21 af
671 1331 42 21 den
729 1331 121 22 åstundade

102 1366 201 26 reorganisationen
319 1365 25 21 af
351 1366 145 26 fattigvården
508 1366 68 20 finnes
587 1372 53 14 vara
651 1365 24 21 af
682 1366 168 26 petitionärerne

101 1399 126 28 uppgjordt,
250 1399 84 20 hvilket
356 1398 94 27 förslags
470 1398 195 22 åstadkommande
684 1398 104 21 utskottet
804 1399 47 20 åter

101 1433 70 22 måste
187 1439 52 15 anse
254 1432 45 22 helt
315 1432 39 22 och
370 1432 68 22 hållet
452 1432 62 28 ligga
524 1434 58 20 utom
594 1432 50 22 dess
654 1432 99 29 uppdrag
763 1432 41 22 och
814 1432 36 22 be-
