1025 1742
193 160 42 26 500

167 229 104 22 utskottet
291 229 56 22 varit
362 230 6 21 i
384 227 85 25 tillfälle
488 231 31 20 att
535 226 98 24 deröfver
648 229 69 21 uttala
733 229 50 27 mig.
813 229 48 21 Men
873 225 42 31 jag

167 264 38 21 har
228 266 51 19 trott
300 265 46 26 mig
363 264 49 22 med
428 265 68 26 några
512 264 37 22 ord
565 264 52 21 böra
632 264 58 21 fästa
706 263 134 27 högvördiga
857 263 57 21 stån-

167 298 48 22 dets
237 298 192 27 uppmärksamhet
449 298 37 21 vid
505 299 45 26 det,
567 305 45 14 som
629 298 67 27 enligt
710 297 43 21 min
770 297 144 28 öfvertygelse

166 334 63 25 utgör
243 332 152 22 hufvudsaken
410 333 7 21 i
434 333 71 21 denna
521 333 67 27 fråga.

235 367 73 22 Under
331 367 152 22 diskussionen
506 367 65 22 hafva
588 369 79 20 tvänne
686 367 151 28 ytterligheter
851 367 7 20 i
874 366 41 21 frå-

167 409 54 20 gans
244 402 139 28 uppfattning
404 403 58 28 gjort
485 403 34 27 sig
538 402 111 28 gällande,
667 402 41 21 den
724 409 51 21 ena,
792 402 70 21 såsom
879 401 36 21 det

169 443 73 22 synes,
263 437 136 21 frammanad
414 437 25 21 af
454 437 42 22 den
511 437 74 21 andra.
615 438 89 20 Prosten
720 436 113 28 Grönberg
848 436 45 28 har,
909 436 7 21 i

167 471 69 22 likhet
251 471 50 22 med
317 471 57 22 hvad
389 471 43 22 han
448 472 6 21 i
469 471 118 28 petitionen
603 471 39 22 och
659 474 27 19 än
700 471 75 22 vidare
786 471 6 21 i
805 471 40 22 den
859 473 58 19 emot

169 505 207 22 besvärsutskottets
398 505 139 22 betänkande
561 505 77 28 gjorda
660 506 162 21 reservationen
842 505 75 28 skarpt

169 540 40 21 och
225 540 108 21 bestämdt
348 540 127 28 framhållit,
490 540 65 28 yrkat
569 540 29 27 på
611 540 136 21 afskaffande
759 540 24 21 af
791 541 45 20 alla
846 539 70 22 mark-

169 573 68 22 nader
252 574 7 21 i
275 573 81 22 landet.
386 574 90 21 Prosten
491 574 61 21 Sirén
564 574 96 21 deremot
670 574 45 27 har,
728 574 82 21 drifven
822 574 33 21 till
865 574 53 21 fulla

169 610 119 19 motsatsen
307 607 47 28 just
376 615 77 20 genom
476 608 153 28 ytterligheten
648 608 7 20 i
674 608 72 21 denna
764 607 154 28 Grönbergska

170 643 99 28 petition,
292 643 7 20 i
321 643 47 21 lika
390 643 100 22 bestämd
513 643 39 22 och
575 642 85 29 afgjord
678 643 88 27 mening
780 643 91 27 påstått,
887 644 32 19 att

171 678 117 28 petitionen
309 678 7 21 i
335 677 40 22 och
393 677 33 22 för
441 678 34 27 sig
491 684 49 15 vore
556 677 24 22 af
593 678 41 21 den
649 677 161 28 beskaffenhet,
825 679 32 18 att
872 683 46 22 pre-

171 713 122 21 staståndet
309 711 18 29 ej
345 712 67 21 borde
428 712 33 28 sig
477 712 87 21 dermed
580 712 89 22 befatta.
699 711 63 22 Hvad
779 711 41 22 den
837 712 24 21 af
871 718 48 21 pro-

171 749 48 19 sten
235 747 62 22 Sirén
312 747 84 28 yrkade
412 747 85 27 åsigten
513 747 74 28 angår,
606 749 24 18 är
645 747 40 20 lätt
701 749 31 18 att
748 747 56 27 inse,
821 748 31 19 att
868 747 50 20 den-

172 789 82 14 samma
269 781 8 21 i
293 781 38 21 och
347 781 33 21 för
395 781 33 26 sig
443 781 81 22 saknar
539 781 29 21 all
579 781 98 27 antaglig
688 781 74 27 grund.
787 781 32 28 Ty
831 781 24 21 så
865 781 54 21 visst

172 822 44 15 som
233 815 162 29 prestaständet
410 817 63 26 utgör
489 819 30 18 ett
534 816 24 21 af
566 815 85 22 landets
662 816 171 27 representativa
845 815 73 28 stånd,

173 850 24 21 så
219 851 54 20 visst
295 851 69 20 måste
388 857 25 14 en
432 851 6 20 i
454 850 86 22 landets
555 850 50 22 hela
621 849 99 22 ekonomi
737 850 25 21 så
777 850 62 27 djupt
854 850 65 27 ingri-

172 884 71 28 pande
263 884 70 28 fråga,
354 891 43 15 som
414 884 40 22 den
472 884 25 21 af
508 886 87 26 prosten
612 884 112 27 Grönberg
738 884 90 28 väckta,
845 884 74 21 nemli-

173 925 41 21 gen
231 918 146 22 afskaffandet
392 918 25 22 af
429 919 86 21 landets
531 919 44 21 alla
590 918 110 22 allmänna
714 918 138 28 marknader,
868 926 53 14 vara

173 953 88 28 förtjent
277 954 24 20 af
313 954 39 20 vår
366 954 92 21 odelade
474 953 196 29 uppmärksamhet.
701 953 103 22 Ständets
822 953 98 22 besvärs-

174 988 92 27 utskott,
283 995 44 15 som
344 988 24 21 af
381 988 68 22 sädan
466 988 117 28 anledning
598 988 40 21 fätt
654 988 34 27 sig
704 988 121 27 uppdraget
839 991 32 19 att
885 988 35 22 be-

174 1022 53 22 reda
242 1023 90 21 ärendet
348 1023 31 21 till
396 1023 74 27 slutlig
485 1023 132 26 behandling
627 1022 56 21 inom
696 1022 96 28 ständet,
803 1022 40 22 har
853 1023 67 21 ocksä

175 1060 65 24 egnat
256 1058 22 21 ät
293 1058 120 27 petitionen
428 1057 42 21 den
485 1057 182 28 omsorgsfullaste
683 1057 110 28 pröfning,
809 1058 35 21 och
855 1058 66 27 jemte

175 1092 36 21 det
226 1092 105 21 utskottet
347 1092 69 21 funnit
431 1092 80 27 mänga
526 1092 24 21 af
562 1091 85 22 landets
663 1092 131 21 marknader
809 1092 111 28 verkligen

175 1134 52 14 vara
250 1126 121 28 obehöfliga
390 1126 40 21 och
450 1126 83 21 derföre
548 1127 74 20 kunna
637 1126 114 28 afskaffas,
766 1127 28 27 pä
810 1126 68 22 andra
895 1128 26 20 si-

175 1161 43 21 dan
240 1161 93 27 nödgats
357 1160 97 22 erkänna
474 1163 32 19 att
526 1160 67 22 andra
609 1160 25 21 af
647 1160 65 22 dessa
726 1161 131 21 marknader
872 1162 49 21 icke

175 1196 74 20 kunna
266 1195 130 21 åtminstone
415 1197 57 19 ännu
487 1194 117 28 undvaras;
620 1194 99 22 hvarföre
734 1195 106 21 utskottet
855 1196 67 21 också

175 1232 72 19 ansett
267 1229 119 28 petitionen
409 1229 52 21 böra
484 1229 131 21 inskränkas
635 1229 57 21 inom
708 1229 48 21 dei
772 1229 149 22 betänkandet

174 1264 58 22 klart
247 1263 110 28 utpekade
371 1266 125 24 gränsorna.

243 1298 36 20 Att
294 1297 29 27 pä
339 1296 41 21 den
396 1296 69 27 grund
480 1296 82 28 begära
577 1296 44 22 alla
636 1296 142 22 marknaders
789 1297 7 21 i
806 1297 75 22 landet
892 1298 30 21 af-

175 1331 124 27 skaffande,
317 1330 91 22 emedan
423 1331 87 27 mycket
526 1331 49 27 ofog
590 1331 7 20 i
613 1331 80 27 sedligt
708 1331 104 21 afseende
826 1332 35 20 vid
873 1332 49 21 dem

175 1366 70 22 blifvit
260 1365 117 27 foröfvadt,
393 1371 51 15 vore
460 1365 46 21 lika
521 1364 103 29 ensidigt,
641 1372 45 15 som
698 1367 31 19 att
739 1365 53 28 vilja
804 1368 119 20 utmönstra

175 1400 171 27 folksamlingar,
367 1400 24 21 af
405 1400 57 21 hvad
479 1402 32 18 art
527 1400 26 21 de
569 1407 52 14 vara
637 1401 44 27 mä,
697 1400 78 22 endast
791 1401 84 22 derföre
891 1404 31 19 att

177 1436 26 21 de
218 1435 72 21 lemna
305 1434 85 21 tillfälle
407 1434 63 21 äfven
485 1434 31 21 till
532 1434 36 21 det
579 1434 107 28 osedliga;
700 1442 60 21 vore,
772 1436 50 20 med
833 1439 30 18 ett
874 1437 47 28 ord,

176 1471 32 22 att
223 1469 130 30 petitionera
368 1476 34 14 om
418 1475 26 15 en
460 1468 135 30 lagstiftning
610 1468 7 21 i
632 1469 84 22 Dracos
732 1469 63 22 anda.
821 1471 102 22 Tvärtom
