1009 1750
208 156 40 21 306

181 223 43 19 rätt
247 219 33 22 för
302 218 74 27 hvarje
400 219 58 26 gång
480 220 31 19 ett
529 218 47 27 ting
593 219 101 27 utsättes,
711 219 25 21 så
750 225 51 15 vore
818 225 25 15 en
860 219 68 21 sådan

182 255 101 22 anmälan
306 253 135 27 öfverflödig,
464 259 43 22 om,
529 253 72 21 såsom
616 255 87 25 prosten
717 253 121 28 föreslagit,
855 253 72 22 doma-

180 297 38 14 ren
234 289 64 27 ålåge
313 288 73 21 derom
400 287 6 21 i
423 287 91 28 behörig
530 287 92 27 ordning
636 287 46 21 låta
697 287 105 28 kungöra.

248 323 209 27 Kontraktsprosten
474 321 74 22 Sirén
560 321 156 28 tillkännagaf,
728 321 36 22 det
775 321 54 22 hans
840 323 89 26 mening

180 359 49 22 icke
249 358 56 21 varit
321 359 31 19 att
367 357 97 21 förklara
479 356 152 22 diskussionen
648 363 33 14 om
698 356 77 27 frågan
790 356 137 28 öfverflödig,

181 396 51 19 utan
250 392 57 21 hade
326 391 204 28 kontraktsprosten
545 390 50 21 med
611 391 37 20 sitt
663 390 119 22 anförande
798 391 78 22 endast
892 394 36 18 ön-

180 429 50 21 skat
246 427 58 22 fästa
324 426 97 21 ständets
438 425 192 28 uppmärksamhet
644 425 29 28 pä
688 425 41 22 den
745 425 110 28 enhälliga
871 426 57 27 äsigt

180 465 50 19 män
252 461 50 22 med
325 460 165 22 sakkännedom
510 460 6 21 i
535 459 71 22 denna
622 459 62 27 fräga
700 459 30 22 uti
746 460 58 21 olika
820 459 109 22 instanser

180 497 84 21 uttalat.
294 495 76 22 Blefve
384 494 162 28 propositionen
562 493 84 22 ändrad
661 493 7 21 i
684 494 41 21 den
738 494 136 22 vidsträckta
885 501 43 14 me-

180 532 62 26 ning,
257 537 45 14 som
319 536 25 15 en
360 529 69 21 talare
445 528 127 27 framhällit,
587 528 25 21 sä
624 528 69 21 skulle
704 528 78 27 frägan
793 528 135 22 öfverskrida

180 566 33 22 sin
229 564 148 28 begränsning
392 563 39 21 och
446 562 68 23 blifva
530 569 26 15 en
572 563 62 27 fräga
650 569 34 15 om
699 565 127 25 permanent
839 563 89 23 härads-

180 602 49 19 rätt.
258 600 44 20 Det
317 604 51 16 vore
383 597 129 27 visserligen
529 604 26 14 en
571 596 93 28 sanning
678 599 31 19 att
724 596 113 29 förslaget,
850 598 78 21 sädant

181 634 37 21 det
238 636 24 19 är
281 632 123 22 framstäldt
420 632 6 21 i
443 632 41 21 den
500 632 120 27 kejserliga
635 632 171 27 propositionen,
823 632 49 22 icke
888 632 39 28 fyl-

180 669 32 20 ler
226 666 111 28 behofvet;
353 673 49 14 men
417 666 27 21 dä
460 665 36 22 det
511 666 68 21 likväl
594 672 51 15 vore
660 668 30 19 ett
706 668 48 25 steg
764 666 85 29 framåt,
860 667 67 21 borde

182 701 86 22 ständet
282 701 50 21 icke
348 700 66 21 tveka
430 702 31 19 att
477 700 121 21 detsamma
614 702 88 25 antaga.

248 735 207 27 Kontraktsprosten
474 735 93 21 Hellen
582 735 114 20 anmärkte
712 737 32 19 att
760 737 30 19 ett
804 741 40 22 par
860 735 69 21 talare

181 773 55 19 orätt
259 769 108 28 uppfattat
388 769 215 28 kontraktsprostens
618 769 102 27 yttrande
735 769 135 22 beträffande
886 776 42 15 om-

180 804 140 27 formulering
340 803 24 22 af
381 804 169 27 propositionen.
580 803 210 28 Kontraktsprosten
805 804 51 21 ville
872 803 56 22 dock

181 840 70 21 erinra
274 839 34 26 sig
326 837 66 22 hafva
410 839 77 26 yttrat,
503 839 33 20 att
551 837 87 22 ständet
653 837 49 21 icke
718 837 72 22 kunde
806 845 64 14 anses
886 841 42 24 äga

180 876 43 19 rätt
245 875 32 19 att
300 872 150 21 omformulera
472 871 162 29 propositionen
658 871 82 22 derhän
766 873 31 20 att
817 875 31 19 ett
863 874 67 19 annat

180 908 58 29 syfte
258 907 40 22 och
318 906 88 28 omfäng
421 907 75 26 gäfves
513 906 133 22 densamma.
676 906 90 22 Prosten
782 907 90 21 Heikels
888 907 41 22 för-

181 943 48 27 slag
250 949 52 15 vore
321 941 47 28 just
391 948 26 14 en
438 941 70 22 sådan
528 941 160 22 vidsträektare
703 941 183 28 omformulering,
902 948 27 15 en

181 985 29 20 ny
232 976 133 29 proposition
388 975 36 22 vid
443 975 63 22 sidan
523 975 23 22 af
559 975 41 22 den
616 975 128 28 kejserliga;
761 975 99 22 hvarföre
876 976 52 21 kon-

180 1012 159 27 traktsprosten
362 1009 67 23 redan
453 1010 24 21 af
497 1009 72 23 denna
592 1009 118 28 anledning
729 1010 50 22 icke
794 1010 73 22 kunde
883 1011 45 21 det-

181 1053 83 15 samma
279 1045 59 28 gilla.

248 1079 159 29 Kyrkoherden
429 1079 154 27 Rosengren
606 1079 40 27 gaf
665 1079 37 21 vid
724 1079 87 21 handen
831 1081 32 19 att
883 1080 45 26 lag-

180 1115 106 21 utskottet
296 1116 72 19 ansett
378 1113 103 21 domaren
492 1113 50 21 icke
553 1113 74 21 kunna
638 1112 113 23 ähvälfvas
763 1113 125 28 skyldighet
897 1116 32 19 att

180 1151 52 19 utan
256 1148 121 27 ersättning
397 1147 59 22 hälla
479 1148 79 21 urtima
579 1147 53 27 ting.
663 1147 112 22 Utskottet
791 1147 57 22 hade
866 1148 63 21 äfven

180 1185 72 19 ansett
275 1183 101 20 anmälan
400 1181 33 22 till
452 1181 109 22 hofrätten
576 1181 33 22 för
623 1181 76 28 hvarje
715 1182 59 27 gäng
789 1184 31 19 ett
835 1182 47 27 ting
897 1184 31 19 ut-

181 1219 67 20 sättes
272 1216 88 28 onödig,
384 1223 35 14 om
438 1215 140 28 förteckning
596 1215 60 22 öfver
671 1215 101 28 samtlige
787 1215 68 23 under
871 1217 57 21 årets

180 1252 50 27 lopp
246 1251 58 22 inom
316 1250 171 29 jurisdiktionen
503 1250 119 22 förrättade
635 1250 78 21 urtima
724 1250 46 28 ting
781 1250 40 21 och
831 1251 37 21 vid
879 1251 49 21 dem

180 1285 138 21 behandlade
338 1285 44 20 mål
396 1285 25 20 af
434 1284 103 21 domaren
552 1284 36 21 vid
605 1285 57 20 årets
679 1285 42 20 slut
736 1284 113 27 insändes,
865 1284 62 21 hvar-

180 1318 86 27 igenom
283 1317 163 22 vederbörande
462 1317 161 21 advokatfiskal
639 1317 63 21 äfven
718 1317 86 22 komme
819 1317 7 21 i
842 1317 86 21 tillfälle

181 1353 31 20 att
232 1351 88 27 lättare,
342 1353 27 19 än
390 1357 46 15 som
453 1350 36 22 vid
506 1350 93 21 särskild
615 1350 101 21 anmälan
732 1350 32 22 för
779 1350 75 27 hvarje
870 1351 58 27 gång

180 1386 71 21 blefve
266 1386 94 27 möjligt,
376 1385 74 22 utöfva
466 1385 43 22 den
524 1385 82 27 nödiga
621 1385 129 22 kontrollen.
781 1385 67 22 Detta
863 1384 64 23 förfa-

180 1420 68 22 rande
268 1427 51 14 vore
338 1419 49 22 icke
403 1421 31 20 ett
449 1419 129 22 kränkande
594 1419 24 21 af
631 1419 43 28 god
690 1419 101 28 ordning,
807 1421 52 20 utan
875 1419 52 22 fast-

180 1461 45 16 mer
240 1454 94 22 ledande
350 1454 31 21 till
398 1454 110 21 önskvärd
524 1454 53 21 reda
592 1453 40 22 och
644 1453 92 28 ordning
747 1455 55 20 samt
813 1454 113 21 belastade
