1017 1742
217 148 39 20 154

256 210 42 22 Vill
311 210 83 22 ständet
409 211 101 28 begränsa
522 211 97 20 terminen
626 211 42 27 för
679 211 84 21 besvärs
774 211 36 19 och
818 211 106 27 petitions-

180 246 101 29 förslags
296 245 131 21 inlemnande
443 245 32 21 till
493 252 35 14 sex
550 245 77 26 veckor,
648 246 93 20 räknadt
756 244 56 28 från
828 244 96 22 landtda-

184 288 49 21 gens
246 280 126 28 utbläsning,
389 280 49 20 eller
452 279 56 21 icke?

251 314 136 22 Besvarades
410 314 103 26 enhälligt
530 314 104 28 jakande.
664 314 46 22 Och
732 314 86 21 komma
841 314 7 20 i
868 313 57 28 följd

185 350 64 21 häraf
256 349 111 29 petitions-
378 348 39 22 och
431 348 176 22 besvärsskrifter
618 350 31 20 att
659 348 33 21 till
704 348 86 21 ständet
800 348 22 21 fä
832 348 94 28 ingifvas

185 384 76 22 endast
276 383 56 22 intill
348 383 40 21 den
405 384 25 19 27
447 382 145 22 innevarande
608 383 90 21 oktober
713 383 29 21 kl.
755 384 25 20 12
794 383 28 27 pä
838 382 77 28 dagen.

250 452 122 27 Föredrogs
392 452 201 27 kontraktsprosten
614 451 77 21 doktor
710 451 134 21 Granfelts
864 451 62 21 bord-

184 486 81 28 laggda
278 486 110 22 memorial
404 492 34 15 om
453 487 158 26 prestmötenas
626 485 129 27 förändring
770 485 32 21 till
816 485 110 21 allmänna

184 520 171 30 synodalmöten.

250 555 126 21 Professorn
398 554 78 21 doktor
496 555 25 21 A.
544 554 23 21 F.
589 554 119 22 Granfelt
721 554 129 21 hemställde
864 554 62 21 huru-

183 590 52 22 vida
249 589 58 28 icke,
324 588 28 21 dä
368 588 36 22 det
419 588 73 22 kunde
507 588 129 22 förutsättas
650 589 72 21 säsom
737 588 68 27 gifvet
816 590 31 19 att
858 590 68 20 större

184 624 63 22 delen
263 623 25 21 af
298 623 27 21 de
340 623 123 21 inlemnade
474 623 211 28 besvärspunkterna
695 623 52 27 ingå
758 623 46 21 dels
814 623 31 21 uti
856 623 70 21 landt-

184 657 249 30 dagspropositionerna,
454 658 46 21 dels
515 658 7 21 i
538 657 36 22 det
593 657 67 22 under
680 658 129 21 ständernas
826 657 101 28 pröfning

183 692 129 22 kommande
328 699 43 21 nya
390 692 235 28 kyrkolagsförslaget,
649 692 36 21 det
704 699 51 15 vore
776 691 149 22 ändamälsen-

183 728 66 27 ligast
269 728 41 26 att,
332 729 52 19 enär
403 725 130 23 redaktören
553 726 25 22 af
594 726 99 22 bemälde
711 726 214 28 kyrkolagsförslag,

183 762 122 27 professorn
321 760 130 29 Schauman,
468 761 111 22 äfvensom
594 760 28 22 de
632 760 63 22 flesta
706 761 24 21 af
738 760 187 28 kyrkolagskomi-

182 798 48 20 tens
250 796 140 21 medlemmar
405 795 77 22 fannes
497 795 67 21 bland
578 795 211 27 landtdagsmännen
807 796 25 20 af
843 798 81 25 presta-

183 830 87 22 ständet
290 830 38 21 här
347 830 144 27 närvarande,
512 829 110 27 förfrägan
642 830 66 20 borde
722 830 38 21 vid
774 830 151 27 föredragnin-

182 871 42 21 gen
235 864 25 22 af
271 864 75 27 hvarje
358 864 58 21 skild
426 864 158 28 besvärspunkt
594 867 74 24 göras,
684 864 105 22 huruvida
800 864 126 22 densamma

183 899 69 22 blifvit
267 899 7 21 i
290 898 97 28 änsagde
402 898 206 29 kyrkolagsförslag
622 899 133 28 behandlad,
771 899 7 20 i
793 899 83 22 hvilket
886 899 39 22 fall

183 933 151 22 diskussionen
350 933 98 22 deröfver
463 934 72 21 kunde
551 933 128 29 uppskjutas
689 934 33 21 till
734 934 50 21 dess
796 934 128 28 kyrkolags-

182 969 106 27 förslaget
303 968 85 21 komme
403 968 67 21 under
486 968 98 22 ständets
598 968 170 28 handläggning.

250 1002 73 22 Sedan
332 1003 123 27 professorn
467 1003 131 26 Schauman,
614 1003 28 27 pä
652 1002 110 28 tillfrägan
774 1002 24 21 af
805 1003 49 21 herr
864 1003 60 22 erke-

181 1035 116 30 biskopen,
318 1037 87 28 upplyst
425 1039 39 26 att,
487 1037 72 22 såsom
580 1037 26 22 de
625 1037 38 22 här
678 1037 136 22 närvarande
830 1038 94 21 ledamö-

182 1074 59 19 terne
257 1072 7 21 i
280 1071 216 28 kyrkolagskomitön
510 1072 36 21 väl
561 1071 57 22 hade
633 1071 34 28 sig
683 1071 89 28 bekant,
789 1071 42 22 den
841 1079 29 14 nu
880 1072 44 27 för-

182 1105 155 22 handvarande
351 1105 77 27 frägan
443 1105 99 22 förekom
553 1105 7 22 i
570 1105 228 28 kyrkolagsförslaget
808 1106 67 21 under
886 1106 37 21 ka-

182 1140 70 28 pitlet:
272 1140 90 21 allmänt
376 1139 138 28 kyrkomöte,
530 1140 84 26 ätertog
630 1139 77 22 doktor
723 1140 98 21 Granfelt
836 1140 37 21 sitt
888 1147 35 21 pe-

182 1173 185 23 titionsmemorial
382 1174 7 20 i
405 1173 72 22 denna
490 1174 69 27 fräga.

248 1208 119 21 Likaledes
387 1208 105 28 ätertogs,
509 1209 29 27 pä
552 1215 82 15 samma
650 1209 57 27 skäl,
724 1209 25 20 af
760 1209 163 28 kontraktspro-

182 1245 48 19 sten
250 1242 78 21 doktor
349 1242 97 21 Granfelt
463 1243 50 21 dess
528 1243 118 27 behörigen
662 1243 136 27 bordlaggda
813 1243 110 22 memorial

182 1285 34 12 om
231 1277 293 26 kontraktsprosteembetets
539 1277 67 20 totala
621 1277 173 26 omgestaltning.

248 1343 130 27 Föredrogs,
395 1343 53 21 efter
463 1343 156 28 tilländalupen
634 1343 100 28 liggetid,
750 1344 36 21 det
802 1344 24 22 af
836 1348 85 24 prosten

181 1378 69 21 Julius
266 1378 59 21 Imm.
341 1378 83 27 Bergh
436 1378 122 21 inlemnade
568 1379 167 27 valprotokollet
744 1379 48 21 frän
802 1380 120 27 Uleäborgs

182 1411 99 29 prosteri,
300 1411 153 22 innehällande
468 1412 117 28 särskilda,
602 1413 6 20 i
624 1413 190 28 pleniprotokollet
829 1414 36 21 för
880 1415 41 21 den

180 1448 14 21 5
211 1447 81 22 dennes
317 1447 143 22 förtecknade
484 1447 190 29 hesvärspunkter;
699 1449 38 21 och
761 1449 69 22 skulle
854 1449 67 27 sagde
