1053 1739
819 130 39 21 587

144 195 68 28 valet,
229 195 40 22 och
285 198 31 19 att
331 195 7 22 i
354 195 27 22 de
396 195 68 28 öfriga
479 196 144 27 prosterierna
637 197 125 26 pastorerne
778 198 65 19 utsett
856 195 33 22 för

146 231 34 26 sig
194 230 40 21 och
249 230 155 28 kapellanerne
420 230 107 22 likaledes
543 231 31 21 för
589 230 34 27 sig
638 230 47 21 sina
696 230 85 21 ombud.
804 230 40 21 Vid
856 236 31 15 se-

145 263 98 22 dermera
253 264 24 21 af
288 263 142 28 domkapitlet
441 263 94 22 anställd
547 264 133 27 granskning
690 263 24 21 af
722 264 166 27 kapellanernes

144 298 7 21 i
167 297 68 22 stiftet
250 297 83 28 afgifna
347 299 68 20 röster
429 297 39 21 har
483 298 137 28 pluraliteten
635 297 108 22 befunnits
754 298 86 21 tillhöra
851 305 36 14 un-

145 331 134 22 derskrifven
294 339 20 14 v.
329 332 80 27 Essen,
424 331 87 22 hvilken
527 332 7 21 i
549 331 53 28 följd
621 331 62 22 deraf
698 331 69 22 blifvit
783 331 24 22 af
819 331 69 22 förbe-

144 365 72 22 mälde
227 366 133 28 domkapitel
370 366 178 28 befullmäktigad
560 368 31 19 att
602 366 36 21 vid
648 366 134 27 landtdagen
793 366 46 22 föra
850 366 37 21 ka-

143 400 137 29 pellanernes
283 396 11 38 i
309 401 68 21 stiftet
392 401 65 22 talan.
487 401 62 22 Dock
565 407 45 16 som
620 401 57 21 inom
688 401 147 22 förstnämnde
846 401 42 21 fem

144 435 115 28 prosterier
278 435 154 28 kapellanerne
451 436 84 21 förenat
549 435 34 28 sig
598 435 49 22 med
662 437 125 26 pastorerne
802 443 34 14 om
851 443 36 20 ge-

143 472 106 20 mensamt
271 470 203 28 kontraktsombud,
495 470 82 22 hvilket
596 470 137 28 följaktligen
749 471 24 20 af
785 471 102 21 kontrak-

143 504 89 22 tisterne
251 505 96 21 kommer
366 506 31 20 att
413 505 91 28 aflönas,
525 511 64 15 anser
604 505 104 22 utskottet
723 505 165 22 underskrifven

143 546 20 14 v.
179 540 69 21 Essen
263 546 52 15 vara
331 539 122 28 berättigad
469 541 31 20 att
515 539 78 22 endast
608 539 24 22 af
645 539 26 22 de
685 539 68 28 öfriga
763 540 124 27 prosterier-

144 581 39 15 nas
198 574 127 28 kapellaner
340 573 88 22 arfvode
443 574 32 21 för
491 574 36 22 sitt
543 573 134 29 ombudskap
693 574 103 28 uppbära.

211 609 33 21 2:0
259 609 74 27 Borgå
349 609 52 28 stift.

211 643 74 27 Enligt
306 643 58 21 hvad
385 643 67 27 sagde
470 642 57 22 stifts
542 643 60 21 detta
616 643 82 21 utskott
714 643 128 22 tillhörande
858 644 30 21 le-

144 678 104 27 damöter,
265 677 150 22 underskrifne
429 677 104 22 Borenius
549 677 40 21 och
605 677 70 28 Sirén,
695 677 76 22 härvid
791 678 96 28 upplyst,

144 715 37 18 äro
195 711 66 22 bland
276 711 224 28 landtdagsombuden
517 712 45 21 åtta
577 711 92 22 utsedda
683 711 33 22 för
732 713 26 20 13
773 713 115 26 prosterier

144 748 134 26 gemensamt
301 746 40 21 och
363 746 63 22 deras
447 745 103 22 arfvoden
571 745 113 23 bestämda
703 748 31 19 att
749 746 101 29 erläggas
866 747 25 21 af

144 783 126 26 pastorerme
293 781 32 21 till
347 783 32 19 tre
399 780 132 28 fjerdedelar
551 781 40 21 och
607 780 24 22 af
643 781 154 28 kapellanerne
814 782 32 21 till
861 789 26 13 en

144 815 115 28 fjerdedel;
279 815 111 22 hvaremot
409 815 161 28 presterskapet
585 815 31 21 uti
632 815 37 21 det
684 815 72 28 14:de,
773 816 36 21 det
824 823 63 14 norra

144 849 148 22 Kexholmska
307 850 122 27 prosteriet,
445 851 66 20 utsett
526 849 140 28 kapellanen,
679 849 136 28 vicepastorn
827 851 22 21 €.
862 851 24 21 G.

143 883 96 28 Beyrath
255 883 32 22 till
303 884 38 21 sitt
356 883 108 22 särskilda
479 884 86 21 ombud.

210 918 33 21 3:o
259 918 84 29 Kuopio
358 918 53 28 stift.

210 952 10 21 I
235 952 165 28 domprosteriet
419 952 38 21 och
477 953 121 26 Uleåborgs
614 953 90 27 prosteri
720 953 65 21 hafva
799 954 35 21 väl
849 954 35 21 ka-

144 986 124 28 pellanerne
288 987 45 21 valt
351 986 72 22 skilda
439 987 78 22 ombud
533 987 25 21 af
571 987 32 21 sin
619 987 69 27 klass;
704 995 48 14 men
769 995 46 14 som
830 988 57 21 inom

144 1020 79 22 stiftets
244 1021 69 27 öfriga
333 1021 115 28 prosterier
468 1021 155 28 kapellanerne
638 1021 85 22 förenat
738 1022 33 27 sig
787 1022 48 21 med
850 1029 37 21 pa-

144 1057 95 20 storerne
255 1063 34 14 om
304 1057 134 25 gemensamt
458 1055 203 27 kontraktsombud,
683 1056 64 21 hafva
763 1056 27 21 de
808 1059 79 19 tvänne

142 1090 150 21 förstnämnda
306 1090 155 27 prosteriernas
477 1090 126 28 kapellaner
618 1090 49 20 icke
682 1090 69 21 blifvit
766 1090 36 21 vid
816 1090 72 22 denna

142 1123 107 28 landtdag
268 1124 104 22 särskildt
391 1124 185 28 representerade;
597 1123 35 22 vid
651 1123 82 22 hvilket
751 1124 135 23 förhållande

143 1158 105 22 utskottet
268 1165 64 15 anser
350 1160 136 26 pastorernes
503 1159 8 21 i
526 1158 137 22 merberörda
677 1158 116 28 prosterier
809 1160 77 21 ombud

144 1192 63 22 äfven
222 1200 53 14 vara
289 1192 136 28 berättigade
441 1195 32 19 att
489 1192 134 22 dervarande
637 1193 138 27 kapellaners
793 1195 42 19 rätt
851 1194 35 22 be-

143 1228 59 21 vaka
217 1227 39 21 och
271 1227 89 21 arfvode
376 1227 24 21 af
413 1227 48 22 dem
475 1227 104 28 uppbära.

211 1261 63 22 Hvad
285 1261 68 22 sedan
364 1262 68 27 angår
442 1261 210 28 arfvodesbeloppet,
662 1261 96 22 befinnes
767 1262 120 22 detsamma

143 1304 53 14 vara
210 1296 31 22 för
256 1296 50 21 hela
321 1296 72 28 Borgå
408 1296 45 22 stift
468 1296 109 22 äfvensom
593 1296 33 22 för
644 1296 111 27 åtskilliga
772 1297 116 27 prosterier

142 1331 8 21 i
170 1330 28 22 de
213 1330 69 28 öfriga
297 1330 73 22 stiften
386 1330 90 22 alldeles
492 1330 132 28 obestämdt,
640 1330 39 21 och
695 1330 6 21 i
716 1330 87 22 landets
817 1331 70 27 öfriga

143 1365 114 28 prosterier
277 1364 112 22 faststäldt
407 1365 6 20 i
432 1365 27 20 de
477 1365 62 21 flesta
557 1365 32 20 till
605 1367 75 19 sexton
696 1365 60 20 mark
772 1365 40 21 och
827 1366 7 19 i
849 1366 37 20 nå-

143 1406 40 20 gra
204 1399 33 21 till
259 1398 80 28 fjorton
361 1400 56 20 samt
436 1399 7 20 i
464 1401 27 19 än
511 1398 56 21 färre
583 1399 32 20 till
631 1398 41 21 tolf
685 1399 60 20 mark
760 1398 33 22 för
809 1399 76 27 dagen.

144 1433 62 23 Dock
229 1440 46 15 som
294 1432 208 23 lefnadskostnaden
517 1432 70 29 jemte
601 1432 114 23 förefallna
730 1432 110 23 allmänna
855 1436 31 20 ut-
