1014 1739
765 145 40 21 173

89 208 125 23 förklarade
228 209 148 28 talemannen,
388 210 37 21 det
435 209 53 28 han,
500 209 49 22 med
559 209 120 28 uppriktigt
690 210 143 22 erkännande

89 244 26 21 af
127 243 33 21 sin
176 243 142 21 oinskränkta
333 243 136 29 högaktning
483 244 36 22 för
534 245 37 20 det
585 244 136 27 högvördiga
735 245 98 20 ståndets

89 279 102 26 samtlige
209 279 39 20 här
266 279 134 21 församlade
415 279 69 21 värda
498 280 179 26 representanter,
697 278 69 21 likväl
781 279 53 26 såge

89 312 34 27 sig
138 311 25 22 af
175 312 34 21 sin
223 312 55 27 pligt
293 312 88 27 nödgad
397 314 32 19 att
447 313 7 20 i
472 312 151 21 förhållanden
639 312 24 21 af
675 319 29 14 nu
719 311 115 28 ifrågasatt

88 346 151 21 beskaffenhet
259 348 53 25 taga
330 346 91 27 ledning
440 346 78 21 endast
534 346 25 21 af
571 346 33 21 sin
618 352 55 21 egen
688 345 146 29 öfvertygelse

89 387 34 14 om
143 380 58 21 hvad
220 382 43 19 rätt
283 381 40 21 och
344 380 118 27 skickeligt
476 387 60 21 vore,
558 387 48 14 men
626 380 36 21 det
678 380 91 21 oaktadt
784 379 50 22 med

88 414 38 21 full
147 415 101 27 trygghet
267 415 86 26 vågade
373 415 93 27 hoppas,
487 417 31 19 att
539 414 27 22 de
586 414 118 27 behörigen
719 414 115 27 justerade

87 448 138 27 protokollen
243 449 60 21 öfver
318 449 37 21 det
373 449 135 27 högvördiga
523 449 99 22 ståndets
637 448 108 21 härintills
759 448 75 21 hållna

89 483 175 21 sammanträden
279 483 108 27 klarligen
402 483 62 21 skola
480 483 36 21 för
530 483 63 21 nutid
604 482 39 21 och
654 482 87 21 framtid
753 482 80 27 ådaga-

88 516 67 27 lägga
170 519 32 18 att
216 517 43 21 han
274 517 50 21 icke
340 517 139 21 öfverskridit
495 517 42 21 den
551 516 129 22 hithörande
698 516 134 27 befogenhet,

89 557 46 15 som
150 551 174 28 talemanseden,
340 551 103 27 gällande
460 551 156 27 författningar
630 551 39 21 och
685 551 25 20 af
722 551 61 20 ålder
798 557 35 14 ve-

88 585 105 27 dertagen
204 585 175 28 riksdagspraxis
390 585 79 21 honom
480 585 82 22 anvisa.
583 585 115 22 Hvarefter
708 585 124 21 kontrakts-

88 621 87 25 prosten
195 619 112 22 Stenbäck
326 619 26 22 af
369 620 138 21 talemannen
530 619 149 28 uppmanades
700 621 33 19 att
753 619 79 21 anföra

87 653 59 22 hvad
160 653 53 28 han,
228 653 8 22 i
251 653 103 22 afseende
370 654 13 21 å
398 653 148 28 fullföljandet
562 653 25 22 af
595 654 33 21 sin
640 653 70 28 replik
721 655 44 19 mot
775 653 57 21 vice-

88 689 88 26 pastorn:
191 695 42 14 von
248 689 80 26 Essen,
344 688 58 21 hade
418 690 32 19 att
463 689 7 20 i
486 689 40 21 sak
542 688 103 27 andraga.
676 687 45 22 Och
732 687 101 28 uppläste

88 722 204 28 kontraktsprosten
307 722 60 28 förty
382 722 111 27 följande:

157 757 57 25 »Mot
229 757 43 22 den
287 757 25 21 af
323 757 26 21 hr
363 757 138 27 vicepastorn
516 763 42 16 von
572 757 71 21 Essen
653 756 100 22 uttalade
765 756 66 27 äsigt:

89 791 39 21 ”att
151 791 36 21 det
202 798 50 15 vore
274 791 86 22 landets
382 798 30 14 nu
433 791 135 22 församlade
588 791 89 22 ständer
692 791 86 26 värdigt
799 792 32 19 att

87 825 93 21 medelst
193 825 87 28 uttryck
296 825 25 22 af
332 825 34 22 sin
381 825 137 22 tacksamhet
533 825 36 22 för
584 825 40 22 och
640 824 193 22 tillfredsställelse

88 859 60 21 öfver
163 859 27 21 de
203 859 8 21 i
226 859 80 22 dubbel
320 859 89 28 mening
423 859 100 28 furstliga
532 859 83 22 löftena
626 859 7 21 i
645 859 60 21 Hans
716 859 115 27 Majestäts

87 893 153 22 minnesvärda
250 894 31 21 tal
292 894 33 21 till
336 893 118 22 ständerna
463 894 37 21 vid
511 893 125 28 öppnandet
646 893 25 22 af
679 893 72 21 denna
761 892 70 22 landt-

88 927 44 27 dag
150 929 56 20 samt
224 927 25 22 af
260 928 121 27 orubbeligt
396 928 126 21 förtroende
537 927 37 22 för
588 928 61 21 Hans
664 927 114 27 Majestäts
794 927 37 21 nå-

88 961 52 28 diga
154 962 62 27 vilja,
233 964 32 19 att
276 962 48 22 dem
335 962 32 21 till
378 962 86 22 landets
474 962 82 22 båtnad
568 961 105 28 uppfylla,
685 961 80 22 liksom
778 963 53 25 taga

86 995 59 22 fasta
159 996 29 27 på
203 996 124 26 desamma”,
343 996 39 21 har
393 997 42 27 jag
450 997 24 21 så
484 997 88 28 mycket
582 995 83 22 mindre
676 997 32 20 att
718 995 111 27 anmärka,

87 1037 46 14 som
148 1030 41 27 jag
207 1031 6 20 i
233 1037 27 15 en
272 1031 38 21 vid
326 1031 77 27 början
421 1031 25 21 af
462 1031 72 22 denna
550 1030 107 27 landtdag
671 1029 102 22 förehafd
789 1029 42 21 dis-

85 1064 90 21 kussion
195 1065 79 21 uttalat
288 1065 48 27 just
355 1071 83 15 samma
458 1065 48 27 ord;
522 1071 50 15 men
586 1064 27 21 de
629 1064 70 27 öfriga
714 1063 25 22 af
751 1063 78 21 honom

85 1100 46 19 mot
145 1098 44 22 min
204 1098 90 28 petition
310 1098 94 22 anförda
419 1098 49 22 skäl
484 1105 64 15 anser
558 1098 42 28 jag
615 1105 53 15 vara
683 1098 47 21 dels
746 1096 83 28 skefva,

85 1132 48 21 dels
153 1132 111 22 stridande
284 1134 44 20 mot
348 1139 27 15 en
395 1132 181 28 landtdagsmans
596 1132 55 28 pligt
672 1133 44 20 mot
732 1132 37 21 sitt
784 1131 47 21 folk

85 1166 40 21 och
148 1166 34 22 sin
204 1168 82 26 regent.
315 1166 49 22 Mitt
383 1167 79 21 besvär
480 1166 121 22 innehåller
621 1168 32 19 att
672 1165 69 22 redan
760 1165 72 21 denna

85 1200 107 28 landtdag
210 1200 67 32 borde
295 1200 33 22 till
343 1201 61 21 Hans
422 1201 114 27 Majestäts
552 1200 82 27 nådiga
648 1199 100 28 pröfning
761 1199 8 21 i
785 1199 46 27 dju-

85 1236 63 25 paste
164 1234 172 28 underdånighet
351 1234 116 22 framföras
483 1242 26 14 en
525 1234 91 28 petition
631 1234 8 20 i
657 1234 37 20 det
713 1233 66 28 syfte,
799 1235 33 19 att

85 1268 45 20 alla
144 1268 86 22 direkta
244 1268 40 22 och
299 1268 111 22 indirekta
424 1269 176 21 statsinkomster
616 1268 69 22 skulle
701 1267 87 21 komma
799 1269 32 19 att

86 1302 52 20 bero
157 1302 25 20 af
196 1302 59 21 båda
272 1302 182 22 statsmakternas
472 1303 133 26 ömsesidiga
622 1301 147 28 bestämning,
785 1301 46 21 led-

85 1335 54 27 ning
159 1336 40 20 och
217 1336 100 21 kontroll.
352 1336 61 21 Efter
428 1336 43 22 min
491 1337 63 27 ringa
574 1332 212 30 omdömesförmåga
807 1336 24 20 är

86 1368 73 21 denna
187 1370 90 26 petition
302 1370 43 20 den
372 1370 238 26 aldranödvändigaste
635 1376 45 14 som
704 1369 29 26 på
758 1368 72 20 denna

84 1401 108 27 landtdag
205 1402 67 22 borde
287 1402 131 28 insinueras,
429 1405 50 19 näst
488 1403 77 27 frågan
576 1410 34 14 om
620 1401 125 27 lagbunden
755 1401 72 27 tryck-

84 1435 73 29 frihet;
173 1437 24 27 ty
207 1436 57 28 finge
275 1436 21 22 vi
307 1436 51 29 ock,
369 1436 73 22 såsom
457 1436 114 22 förordadt
582 1439 30 25 är,
623 1435 132 27 landtdagar
765 1434 63 22 hvart
