1025 1745
783 146 41 22 563

108 212 43 28 der,
168 213 82 28 hvarpä
265 212 148 23 betänkandet
428 212 81 28 stödjer
524 212 42 28 sig,
582 213 44 20 kan
640 219 50 14 man
704 213 72 27 tryggt
786 212 67 28 vädja

107 247 33 21 till
161 247 42 21 den
219 247 137 28 jemförande
374 247 143 28 granskning,
534 253 46 15 som
594 246 37 21 det
645 246 135 28 högvördiga
795 246 58 22 stän-

108 280 48 23 dets
178 281 141 21 medlemmar
341 281 75 21 säkert
438 281 89 21 anställt
545 280 24 22 af
581 280 149 22 betänkandet
744 280 41 22 och
799 280 54 28 peti-

107 315 163 27 tionsförslaget
281 315 70 27 jemte
366 314 37 22 det
418 314 119 29 åtföljande
555 314 105 27 tillägget.
690 314 166 22 Betänkandets

107 349 160 28 framställning
288 349 25 22 af
331 349 131 28 petitionens
479 349 157 28 hufvudtanke,
653 349 71 23 säsom
740 348 115 29 äsyftande

108 383 121 23 värnandet
249 383 25 22 af
289 383 173 29 presterskapets
478 383 112 23 materiela
604 383 100 29 fördelar,
721 384 44 21 kan
780 383 75 22 svärli-

109 424 42 21 gen
162 418 82 28 jäfvas,
263 418 28 21 dä
307 418 71 21 denna
392 419 68 20 tanke
475 419 68 26 ligger
559 420 70 26 öppen
644 418 33 21 för
690 418 66 22 äfven
772 418 36 22 det
822 419 33 26 yt-

108 452 80 26 ligaste
208 452 232 28 uppmärksammande
457 452 25 21 af
494 452 58 22 hvad
564 452 169 29 petitionärerne
748 451 108 28 andragit.

108 487 56 20 Herr
183 487 204 28 kontraktsprosten
405 487 51 22 ville
474 487 67 22 ocksä
557 487 48 22 icke
620 486 120 29 medgifva,
756 488 32 20 att
802 486 53 29 peti-

108 521 75 22 tionen
204 521 146 22 Ofverskattar
371 521 159 22 skollärarenes
552 521 107 23 förmåner
673 521 8 22 i
696 521 37 22 lön
750 520 41 23 och
804 527 52 22 pen-

108 555 119 28 sionering,
242 562 50 15 men
307 555 97 22 deremot
419 555 153 23 underskattar
587 556 75 22 desses
676 555 74 22 arbete
761 554 41 23 och
812 558 44 18 mö-

110 590 43 28 dor,
174 590 92 21 oaktadt
280 591 7 21 i
301 590 129 28 petitionen,
450 591 69 21 sädan
535 590 40 23 den
591 591 68 21 finnes
675 591 7 20 i
697 590 159 28 hufvudakten,

109 625 168 27 valprotokollet
299 625 99 28 intagen,
421 625 146 28 uttryckligen
589 625 66 28 heter,
679 627 32 20 att
732 624 76 23 skälen
824 625 33 21 till

109 659 182 28 petitionärernes
305 659 100 28 yrkande
420 660 29 27 pä
464 662 31 19 ett
510 662 60 20 snart
585 659 140 29 upphörande
740 659 26 22 af
777 659 80 22 skollä-

110 701 88 15 rarenes
220 693 179 29 befordringsrätt
420 694 33 21 till
475 695 165 28 prestatjenster
662 697 44 26 äro,
728 696 32 20 att
776 694 26 22 de
817 693 42 22 fätt

109 729 175 28 löneförhöjning
303 729 41 22 och
364 728 54 23 efter
437 730 27 21 30
479 730 36 21 års
530 729 145 29 tjenstgöring
690 729 69 22 blifva
773 729 85 29 pensio-

110 763 91 28 nerade,
221 765 31 20 att
267 763 26 22 de
309 763 77 22 endast
402 764 12 21 3
430 765 13 20 &
458 765 14 20 4
485 765 85 21 timmar
585 764 104 28 dagligen
704 764 68 22 under
788 764 12 21 8
814 763 45 22 mä-

111 797 79 23 naders
212 798 32 21 tid
267 801 52 24 göra
342 798 74 22 arbete
437 805 18 15 o.
476 805 17 16 s.
514 806 19 15 v.
567 799 219 28 Kontraktsprostens
809 799 50 26 eget

111 832 110 28 skriftliga
241 833 78 28 tillägg
341 832 57 23 utför
420 835 28 20 än
469 833 75 22 vidare
565 833 36 22 det
621 840 77 15 senare
714 833 94 24 motivet,
824 839 36 15 om

112 867 36 21 det
164 867 67 21 också
246 867 79 22 endast
339 867 50 21 med
404 874 86 15 varsam
504 867 60 22 hand
574 868 63 22 berör
647 868 37 22 det
694 867 64 23 förra.
779 862 79 27 Äfven-

111 901 61 22 ledes
193 908 65 21 synes
280 902 45 27 mig
345 901 48 22 icke
411 901 49 22 herr
473 902 203 29 kontraktsprosten
692 902 66 22 hafva
772 902 87 28 lyckats

112 942 78 21 genom
206 936 75 22 citatet
294 943 25 15 ur
328 936 228 28 prestaprivilegierna
566 936 113 28 gendrifva
690 936 170 23 utskottsbetän-

112 970 95 22 kandets
229 970 160 28 framställning
411 970 25 22 af
451 970 76 29 frågan
546 978 35 15 om
595 971 147 23 skollärarnes
756 970 105 30 kyrkliga

113 1005 180 27 befordringsrätt
309 1005 71 22 såsom
396 1005 48 21 icke
461 1006 77 22 endast
553 1013 27 15 en
596 1006 158 28 aflöningssak,
770 1008 52 19 utan
834 1012 27 15 en

112 1039 42 22 sak
169 1039 24 22 af
205 1040 113 28 principiel
334 1040 119 28 betydelse.
482 1040 37 22 Att
535 1040 146 22 skollärarnes
696 1040 113 22 materiela
818 1040 43 22 för-

113 1074 74 22 mäner
210 1074 121 22 behandlas
350 1074 7 22 i
378 1077 54 19 nära
451 1075 156 27 sammanhang
625 1075 49 21 med
687 1075 175 27 presterskapets

114 1109 30 21 uti
160 1115 27 15 en
203 1108 40 22 och
259 1115 83 15 samma
357 1108 188 29 privilegiistadga
560 1109 86 21 bevisar
659 1109 55 21 blott
724 1111 32 19 att
767 1109 36 28 de,
815 1116 47 20 pre-

114 1144 44 20 ster
174 1143 39 21 och
229 1143 130 28 skollärare,
375 1142 131 22 tillsamman
521 1145 86 27 utgöra,
620 1143 68 27 enligt
697 1143 165 28 privilegiernas

115 1177 147 29 uppfattning,
279 1185 24 14 en
318 1176 166 24 samhällsklass
499 1178 53 21 eller
567 1182 28 18 ett
609 1178 70 21 stånd.
703 1179 44 21 Det
756 1178 107 22 samband

116 1212 24 22 af
153 1214 54 20 nära
222 1212 113 28 slägtskap
352 1212 52 22 eller
420 1211 41 22 den
474 1213 46 21 inre
534 1212 141 28 förbindelse,
692 1219 46 15 som
753 1212 68 28 enligt
831 1214 32 19 ut-

116 1246 221 22 skottsbetänkandet
347 1246 63 22 alltid
421 1246 75 29 borde,
509 1259 24 3 —
546 1246 63 22 äfven
620 1253 35 15 om
665 1246 149 22 universitetet
824 1246 40 21 och

116 1280 28 22 de
160 1280 110 22 allmänna
280 1280 301 28 undervisningsanstalterna
592 1281 63 22 skola
666 1281 97 28 upphöra
773 1283 33 20 att
815 1280 50 23 med

117 1315 27 21 de
167 1314 103 28 kyrkliga
292 1314 175 23 institutionerna
487 1315 64 22 hafva
572 1315 37 22 sitt
623 1315 175 22 hittillsvarande
812 1319 53 23 yttre

117 1348 107 23 samband
235 1361 26 4 —
274 1351 43 26 äga
332 1355 47 16 rum
394 1349 92 22 emellan
501 1349 149 28 vetenskapen
666 1350 40 21 och
721 1349 144 28 ungdomsun-

118 1383 152 26 dervisningen
286 1384 13 20 å
313 1389 42 15 ena
370 1383 40 21 och
426 1383 37 21 det
478 1383 89 28 andliga
582 1383 141 22 läroembetet
738 1384 7 20 i
756 1383 85 28 kyrkan
852 1383 14 20 å

119 1417 41 22 den
184 1416 68 22 andra
274 1416 73 29 sidan,
370 1416 40 21 har
428 1417 37 21 vid
484 1417 152 22 diskussionen
651 1417 111 21 bestridits
777 1416 47 22 dels
838 1417 29 27 på

120 1450 26 24 de
162 1451 59 28 skäl,
237 1452 32 21 att
280 1450 26 23 de
317 1451 110 22 allmänna
438 1451 301 28 undervisningsanstalterna
748 1451 50 22 icke
808 1457 60 16 mera
