1009 1739
190 150 41 20 374

161 214 61 21 bifall
238 213 33 22 till
286 215 158 20 sammansatta
459 215 63 20 stats-
538 212 40 21 och
594 212 232 22 ekonomieutskottets
838 211 74 22 anhål-

162 247 37 22 lan
213 250 32 19 att
259 247 161 22 bondeståndet
435 247 51 22 ville
501 247 91 27 inbjuda
607 249 81 26 preste-
705 247 40 21 och
761 246 151 27 borgarestån-

162 281 42 21 den
226 284 32 19 att
280 281 50 22 med
349 281 135 28 frångående
501 282 25 21 af
538 281 56 21 förut
609 281 81 21 fattadt
705 281 80 27 beslut,
801 280 33 21 till
849 282 64 19 stats-

162 316 107 21 utskottet
280 315 133 22 öfverlemna
423 315 119 28 kejserliga
552 315 162 28 propositionen
725 321 34 15 n:o
770 316 34 25 34,
814 321 34 14 om
858 314 55 21 revi-

163 349 48 21 sion
234 349 24 22 af
278 349 132 28 stadgandet
430 356 34 14 om
484 349 214 27 räntepersedlarnes
714 349 143 26 omsättning;
874 348 40 21 och

164 383 23 28 d)
203 383 115 28 angående
340 383 72 22 beslut
434 385 32 20 att
488 383 32 22 till
541 383 111 22 allmänna
671 383 196 21 besvärsutskottet
882 389 32 14 re-

162 417 87 22 mittera
259 417 209 28 petitionsförslaget
479 425 34 14 om
524 417 121 28 periodiskt
656 417 177 21 återkommande
842 415 72 22 landt-

165 451 76 28 dagar.

231 487 90 21 Hvilket
336 486 156 21 antecknades.

232 549 122 26 Föredrogs
377 548 191 28 borgareståndets
590 555 79 20 genom
692 547 133 28 deputerade
844 548 7 21 i
871 547 45 27 dag

163 582 124 22 inlemnade
307 583 199 28 protokollsutdrag
525 582 25 21 af
562 582 42 22 den
621 583 25 20 17
663 582 92 27 dennes,
771 585 56 18 samt
842 582 74 26 intogs

165 617 45 27 här,
226 617 25 21 så
266 617 106 28 lydande:

235 651 67 26 »Herr
317 651 139 22 talemannen
471 651 101 27 föredrog
587 650 55 21 härä
657 651 99 21 ständets
768 649 100 22 enskilda
878 649 37 22 be-

166 685 157 22 svärsutskotts
345 685 105 22 inkomna
470 685 142 22 betänkande
632 685 8 20 i
653 685 77 28 frågan
746 691 34 15 om
796 692 27 14 en
838 685 77 21 under-

165 720 67 27 dänig
247 720 90 27 petition
353 720 93 21 rörande
462 719 242 28 telegrafinrättningen
714 720 7 21 i
731 719 86 28 landet,
831 719 85 22 hvilket

164 754 140 22 betänkande
319 755 113 28 upplästes
448 755 40 21 och
503 761 39 15 var
557 753 133 29 sälydande:

377 795 203 27 ”Borgareständets
605 794 101 22 enskilda
728 794 186 23 besvärsutskotts

328 829 140 22 betänkande
491 829 7 22 i
520 828 120 28 anledning
661 829 25 20 af
701 829 66 21 väckt
786 828 82 28 förslag
883 829 33 21 till

330 863 136 28 underdänig
487 863 91 28 petition
601 870 34 14 om
655 863 169 27 telegrafverket
843 863 7 21 i
866 864 50 21 Fin-

332 897 59 22 land.

234 931 75 22 Under
322 931 42 22 den
381 932 26 21 14
423 931 99 22 sistlidne
538 931 92 22 oktober
644 931 40 21 har
694 931 110 28 välloflige
814 931 103 28 borgare-

167 965 87 21 ständet
262 965 32 20 till
303 965 51 22 dess
362 965 102 22 enskilda
472 965 174 22 besvärsutskott
654 965 120 21 remitterat
783 965 42 22 den
834 972 84 15 samma

166 999 45 27 dag
225 999 8 21 i
249 999 87 22 ståndet
350 999 125 27 föreslagna
490 999 129 28 petitionen,
636 1001 31 19 att
682 999 103 27 antingen
801 999 42 22 den
854 999 7 21 i
871 999 47 22 lan-

168 1033 37 21 det
218 1040 29 14 nu
262 1033 113 28 befintliga
391 1033 241 27 telegrafinrättningen
647 1034 67 20 mätte
731 1033 24 22 af
768 1033 71 22 finska
855 1035 63 20 stats-

167 1067 77 21 verket
264 1067 83 21 inlösas
370 1067 40 22 och
433 1068 182 26 omorganiseras,
640 1068 52 20 eller
715 1067 41 21 ock
778 1075 27 14 en
823 1068 95 21 särskild

166 1101 58 22 finsk
246 1101 144 27 telegraflinie
410 1101 180 28 tillvägabringas
610 1104 56 18 samt
680 1102 84 21 dennas
779 1102 139 27 anläggande

168 1135 41 21 och
228 1136 134 26 förvaltning
377 1135 144 22 öfverlemnas
536 1136 22 20 ät
574 1135 42 21 den
632 1135 101 22 enskilda
748 1136 171 27 företagsamhe-

168 1172 47 24 ten;
230 1169 121 27 hvarjemte
366 1169 88 21 ständet
469 1169 42 21 den
527 1170 25 20 17
566 1169 7 21 i
589 1169 93 21 nämnde
698 1170 81 20 mänad
793 1170 33 20 till
836 1170 83 21 utskot-

168 1205 42 19 tets
232 1203 166 27 handläggning
418 1204 6 20 i
444 1203 158 27 sammanhang
620 1204 50 20 med
685 1204 71 20 denna
772 1203 62 27 fråga
850 1203 68 22 öfver-

167 1238 82 21 Jemnat
264 1244 28 14 en
308 1237 28 21 dä
351 1237 67 21 väckt
432 1237 91 28 petition
539 1239 41 25 att,
596 1237 6 21 i
618 1236 106 23 händelse
740 1237 179 27 genomförandet

168 1271 25 21 af
210 1271 159 21 ofvanherörda
388 1271 82 26 förslag
490 1273 66 19 mötte
572 1271 135 25 svårigheter
721 1271 47 21 från
784 1272 67 26 ryska
866 1272 53 19 tele-

169 1304 167 28 grafstyrelsens
352 1304 58 25 sida,
427 1311 27 14 en
470 1304 218 21 öfverenskommelse
704 1304 81 21 mellan
797 1304 71 21 denna
879 1304 41 21 och

169 1338 106 22 Finlands
286 1338 91 28 styrelse
388 1338 67 22 mätte
465 1338 75 22 träffas
551 1337 83 28 derom,
646 1340 32 19 att
686 1338 130 22 ätminstone
825 1338 44 22 alla
878 1338 42 27 sjö-

170 1372 74 22 städer
259 1372 7 21 i
281 1372 75 22 landet
369 1372 73 22 blefve
458 1372 24 22 af
494 1372 37 22 det
544 1372 66 28 ryska
621 1372 169 28 telegrafverket
801 1372 119 28 delaktige.

237 1407 36 21 Dä
296 1407 68 22 under
382 1407 195 22 sistöfverständna
597 1407 49 27 krig
662 1414 26 14 en
704 1407 143 29 telegraflinie
862 1408 59 22 inom

170 1441 93 24 Finland
280 1442 80 28 ansågs
376 1448 53 15 vara
445 1442 24 21 af
482 1441 81 29 nöden,
579 1442 33 22 för
628 1442 26 21 de
669 1442 6 21 i
686 1442 76 22 landet
773 1442 148 22 stationerade
