1023 1739
800 135 39 21 139

187 199 44 21 Vill
244 199 91 27 ståndet,
352 202 69 19 såsom
436 201 33 20 sin
485 207 58 22 egen,
559 201 106 20 remittera
677 200 69 21 denna
754 200 70 29 fråga
836 201 33 21 till

112 233 49 22 dess
176 233 179 22 besvärsutskott?

183 267 138 22 Besvarades
341 268 106 27 enhälligt
460 269 105 28 jakande.
597 269 46 22 Och
662 269 70 22 skulle
747 269 61 29 förty
823 277 44 14 me-

113 301 111 27 morialet,
247 300 91 29 åtföljdt
361 301 24 22 af
405 301 129 23 hithörande
555 302 257 30 diskussionsprotokoll,
832 305 34 21 till

114 335 173 28 prestaståndets
301 335 175 23 besvärsutskott
491 336 129 22 remitteras.

183 404 209 29 Kontraktsprosten
406 404 78 23 doktor
496 406 142 27 Europ2&us
647 406 100 27 uppläste
757 407 40 21 och
805 407 64 28 ingaf

116 441 30 20 ett
160 439 25 22 sä
200 439 97 28 lydande
311 439 124 22 memorial:
803 441 3 2 i

184 491 8 8 »
197 473 42 22 Vid
255 473 105 22 tillträdet
376 474 25 21 af
411 473 42 23 den
469 474 73 28 lediga
557 474 119 22 lärostolen
690 474 7 22 i
713 474 56 22 finsk
784 475 82 21 littera-

115 510 34 19 tur
164 508 41 21 och
226 508 66 28 spräk
311 508 37 22 vid
368 508 86 22 landets
469 508 109 28 högskola
593 508 66 22 hafva
674 516 52 21 nyss
742 509 39 21 ord
796 509 71 22 blifvit

115 542 108 28 uttalade,
240 542 75 22 hvilka
330 542 7 22 i
353 542 159 28 öfversättning
527 542 62 22 torde
604 542 62 28 lyda:

182 576 84 22 ”Ibland
282 576 44 22 alla
342 576 27 22 de
384 576 97 28 folkslag
496 584 46 15 som
552 577 54 21 höra
616 577 33 21 till
660 576 42 23 den
713 578 154 22 ural-altaiska

114 611 173 28 spräkstammen
298 614 37 18 äro
347 611 21 21 vi
378 614 79 19 nästan
471 612 26 21 de
509 611 55 22 ende
579 618 46 15 som
640 611 70 22 blifvit
721 612 112 28 delaktige
844 612 26 21 af

113 646 188 28 vetenskapernas
309 646 49 27 ljus.
368 646 48 22 Den
425 646 160 28 spräkdualism
594 652 46 15 som
649 648 64 26 utgör
718 646 48 22 vårt
772 647 95 21 moders-

113 680 54 28 mäl,
184 683 39 25 gör
233 687 36 15 oss
280 680 25 22 sä
318 680 53 28 godt
382 687 46 15 som
439 681 68 21 redan
518 680 24 22 af
551 680 88 22 födseln
650 680 33 22 till
693 680 173 28 spräkforskare.

113 714 45 22 Vär
178 714 115 28 slägtskap
310 714 51 22 med
376 714 159 22 ofvannämnde
550 714 157 28 folkstammar,
727 715 86 21 landets
828 722 38 14 na-

113 748 82 28 turliga
209 748 60 28 läge,
285 755 46 15 som
346 748 68 22 redan
429 748 55 22 ifrån
500 748 134 22 barndomen
645 748 76 28 vänjer
731 755 36 16 oss
778 751 31 19 att
820 749 46 21 tåla

112 782 56 22 brist
182 782 40 22 och
237 782 112 22 klimatets
360 782 101 28 härdhet,
478 782 40 22 och
529 782 104 28 slutligen
643 783 38 21 vär
692 784 55 20 stats
761 783 105 27 förening

111 816 53 23 med
178 817 37 21 det
230 818 67 27 ryska
312 817 66 28 riket,
395 817 69 22 under
478 817 66 21 hvars
558 816 59 28 spira
633 818 68 20 större
715 816 64 22 delen
792 817 25 21 af
829 817 37 22 be-

113 850 65 23 rörda
193 851 96 27 folkslag
305 852 43 26 stä,
365 852 64 21 desse
440 851 185 28 omständigheter
636 854 165 24 sammantagne
812 854 54 24 göra

112 886 29 21 de
156 886 154 21 ural-altaiska
321 886 106 28 spräkens
439 886 93 22 studium
544 885 37 22 för
591 892 36 15 oss
638 886 32 20 till
682 892 27 14 en
720 886 145 21 samvetssak.

111 920 52 22 Men
185 920 88 22 derföre
296 920 67 22 borde
384 920 64 21 äfven
469 920 37 21 vid
524 919 88 22 landets
630 919 108 27 högskola
753 920 70 21 finnas
839 927 27 14 en

112 961 74 14 annan
202 954 89 22 lärostol
307 954 36 22 för
353 954 27 21 de
391 954 50 21 med
451 954 86 22 finskan
548 953 129 28 beslägtade
685 954 69 26 jemte
766 954 101 21 turkiska

112 988 103 28 språken.
244 988 27 21 Vi
287 988 62 21 skole
368 988 84 28 hoppas
473 990 32 19 att
524 987 86 22 landets
626 987 35 27 sig
676 987 87 21 ökande
778 988 87 21 statsin-

112 1022 98 22 konster
224 1022 71 21 tillåta
306 1022 39 21 vär
355 1021 101 28 nädigste
467 1021 118 22 Storfurste
597 1020 40 22 och
647 1021 87 21 landets
744 1021 121 27 högtärade

111 1056 92 21 ständer
210 1058 33 19 att
250 1056 93 22 medelst
352 1055 113 22 stiftandet
475 1056 25 21 af
507 1056 73 21 denna
590 1054 91 23 lärostol
692 1055 65 22 äfven
767 1054 36 23 för
813 1054 54 28 hög-

111 1089 80 22 skolan
214 1090 72 21 lemna
309 1091 30 20 ett
359 1089 72 21 minne
451 1090 24 20 af
493 1090 64 21 deras
576 1095 153 15 sammanvaro
745 1088 41 22 och
801 1088 65 22 deras

111 1130 142 20 gemensama
276 1123 141 22 sträfvanden
443 1124 34 21 för
500 1123 37 22 det
560 1122 73 22 finska
657 1122 82 22 folkets
762 1122 105 28 andeliga

112 1154 107 36 lyftning'.
675 1178 5 4 -

181 1192 35 21 Då
227 1199 28 14 nu
267 1194 30 20 ett
307 1191 58 23 folks
375 1192 87 22 framtid
473 1192 119 27 onekligen
603 1192 101 27 betingas
715 1191 25 22 af
748 1191 51 23 dess
809 1191 57 23 forn-

112 1226 42 28 tid,
168 1233 50 15 men
233 1226 58 21 hvad
306 1225 37 23 det
356 1226 72 22 finska
443 1226 80 22 folkets
538 1226 82 21 forntid
635 1225 84 28 vidgär,
739 1226 127 21 densamma

112 1260 69 21 finnes
201 1260 61 28 höljd
275 1260 7 21 i
296 1262 31 19 ett
347 1260 87 22 mörker
449 1267 46 14 som
515 1260 78 22 endast
608 1260 45 21 kan
669 1260 102 27 skingras
787 1266 79 21 genom

113 1301 27 15 en
155 1294 29 28 pä
201 1294 74 28 djupet
291 1294 84 27 gäende
391 1294 114 27 forskning
519 1294 25 22 af
557 1294 50 21 dess
623 1296 50 25 eget
686 1293 41 22 och
738 1294 68 21 andra
818 1293 49 22 der-

112 1327 51 22 med
185 1328 129 27 beslägtade
337 1328 76 27 spräk;
434 1328 29 20 dä
483 1327 76 21 vidare
578 1326 87 22 landets
685 1329 55 19 mest
756 1327 111 21 utmärkta

112 1361 113 27 förmägor
240 1362 97 20 användt
352 1361 38 21 sitt
405 1361 35 21 lifs
455 1361 65 21 bästa
535 1360 84 21 krafter
629 1362 32 19 att
671 1361 49 21 lösa
731 1360 72 22 denna
813 1367 54 21 upp-

113 1394 41 28 gift
170 1394 39 22 och
226 1394 93 30 sälunda
334 1394 81 22 utvisat
431 1394 42 21 den
487 1394 65 26 strät,
569 1394 75 27 spräk-
656 1394 40 21 och
706 1393 162 22 historieforsk-

114 1429 82 27 ningen
209 1428 40 23 hos
266 1436 35 15 oss
315 1429 38 21 bör
369 1431 62 25 taga;
448 1428 28 22 dä
492 1428 42 22 den
548 1428 98 28 antydda
657 1427 211 29 spräkforskningen
