1011 1745
763 150 40 21 209

157 215 64 22 Hvad
232 216 45 27 mig
292 216 95 22 enskildt
402 216 77 27 vidgär
494 215 39 22 har
542 216 42 27 jag
598 215 128 27 visserligen
741 215 94 28 afstyrkt

88 249 184 27 petitionerandet
295 257 33 14 om
351 250 121 28 periodiskt
495 249 177 22 återkommande
693 249 140 27 landtdagar,

89 283 92 21 emedan
198 283 50 28 jag,
270 286 58 19 utom
349 284 69 21 andra
437 284 7 21 i
459 283 48 22 mitt
525 285 73 20 votum
614 283 93 21 anförda
723 283 58 27 skäl,
797 289 37 15 an-

88 317 41 26 såg
151 317 71 21 denna
244 317 97 28 begäran
364 318 34 21 stå
417 318 8 20 i
446 317 53 22 strid
519 319 57 20 emot
596 317 87 21 landets
703 317 132 27 grundlagar

89 351 40 20 och
154 353 116 25 regentens
293 352 153 27 prerogativer.
481 353 43 20 Det
546 351 91 22 föreföll
659 351 44 28 mig
725 351 110 21 dessutom

89 385 38 28 då,
143 391 45 15 som
204 385 73 22 kunde
293 386 47 21 vårt
355 386 71 21 finska
441 385 46 22 folk
502 386 72 21 liknas
589 385 36 22 vid
642 387 30 20 ett
687 385 147 22 bortklemadt

88 419 61 27 barn,
165 426 45 13 som
230 420 50 21 bäst
296 420 37 20 det
351 419 40 21 fått
406 419 36 21 det
458 420 57 26 goda
531 419 126 28 omhänder,
673 419 110 21 hvarefter
798 419 37 20 det

88 453 86 26 längtat
194 453 39 21 och
253 453 42 21 fått
313 460 59 14 mera
387 455 27 19 än
431 453 37 22 det
483 455 83 25 väntat,
583 453 76 27 lägger
672 453 61 21 detta
749 452 57 28 goda
821 453 14 20 å

89 487 46 21 sido
159 486 39 21 och
219 489 78 24 genast
317 494 63 21 ropar
399 487 54 22 efter
472 494 67 19 mera,
558 493 68 22 mera,
643 489 52 19 utan
711 489 32 19 att
758 486 77 22 afbida

89 521 42 20 den
154 521 129 27 behageliga
299 521 66 21 tiden.
384 533 25 3 —
425 521 128 21 Sedermera
567 521 66 21 hafva
648 521 35 21 väl
699 528 78 20 genom
792 521 43 20 den

89 555 6 20 i
119 557 72 19 ämnet
210 555 65 21 förda
295 555 151 22 diskussionen
463 555 109 28 åsigterna
588 555 126 28 betydligen
726 555 107 28 jemkats,

88 589 58 22 dock
168 589 133 22 förbehåller
319 590 41 27 jag
380 589 44 28 mig
443 589 7 21 i
471 590 43 21 alla
528 589 38 21 fall
582 591 32 19 att
629 589 63 21 äfven
708 589 126 28 framdeles,

88 625 53 20 utan
157 623 102 22 afseende
274 624 29 27 på
318 624 80 21 andras
414 624 89 27 möjliga
519 623 75 28 ovilja,
611 623 44 22 fritt
671 623 22 22 få
706 623 69 22 uttala
790 624 44 21 min

89 654 150 36 öfvertygelse.
398 662 3 2 N

157 692 208 28 Kontraktsprosten
396 693 74 21 Sirén
490 692 103 29 'yttrade:
619 693 49 20 Med
693 692 104 22 afseende
822 692 13 21 &

88 726 49 21 herr
156 726 123 27 professorn
301 727 109 21 Granfelts
429 727 147 21 förevarande
596 729 89 26 uppsats
701 727 6 20 i
723 726 112 28 petitions-

88 760 86 27 frågan,
191 760 44 21 kan
247 760 41 27 jag
303 761 49 21 icke
368 761 131 21 derutinnan
513 761 50 22 dela
578 768 83 14 samma
677 761 58 27 åsigt
748 760 50 21 med
809 767 27 14 en

88 794 137 27 föregående
247 795 79 27 talare,
350 797 31 19 att
402 798 118 25 uppsatsen
541 795 18 28 ej
581 795 67 21 borde
663 795 33 21 till
712 795 124 21 diskussion

90 830 117 26 upptagas:
227 828 42 28 jag
288 829 69 21 finner
376 829 36 21 det
430 831 92 20 tvärtom
542 836 53 14 vara
615 829 35 21 väl
664 829 63 21 värdt
742 829 39 21 och
797 829 38 20 all-

92 863 61 20 deles
175 863 135 26 nödvändigt
333 865 31 19 att
387 863 42 21 den
454 864 97 20 kommer
576 863 68 21 under
664 863 171 27 öfverläggning.

90 897 11 20 I
116 896 65 27 öfrigt
202 896 75 28 hafva,
294 897 134 21 beträffande
445 897 77 27 sjelfva
537 897 119 21 innehållet
671 897 25 21 af
708 899 127 26 uppsatsen,

89 930 28 22 de
128 930 135 28 föregående
274 931 98 21 talarene
381 931 75 22 endels
466 934 68 26 yttrat
545 938 83 15 samma
636 932 87 26 mening
739 938 45 14 som
796 931 42 27 jag

91 964 74 22 derom
188 964 74 28 hyser;
285 971 50 15 men
358 965 18 27 ej
393 966 7 20 i
421 966 50 21 allo.
502 966 42 26 Jag
566 972 64 15 anser
649 966 77 26 frågan
744 972 53 14 vara
815 965 26 21 af

90 999 86 27 ganska
191 999 90 27 ömtålig
296 999 156 29 beskaffenhet,
470 1000 38 21 och
524 1000 68 22 måste
604 1000 96 27 derföre,
713 1000 63 21 äfven
787 1000 50 20 med

90 1034 48 20 fara
157 1035 31 19 att
208 1033 67 21 blifva
295 1034 169 27 omständligare
485 1037 27 19 än
533 1041 45 15 som
593 1034 73 22 kunde
681 1034 86 28 höfvas,
784 1037 53 24 göra

90 1075 28 14 en
133 1068 49 21 kort
197 1069 84 20 resumé
297 1068 25 21 af
334 1068 134 28 professorns
484 1071 98 26 uppsats,
599 1068 35 22 för
649 1070 32 20 att
696 1068 74 21 kunna
786 1068 51 22 den-

90 1109 84 15 samma
195 1102 70 27 punkt
284 1102 36 22 för
339 1103 69 27 punkt
428 1103 138 27 vederlägga.
596 1103 44 21 Till
659 1110 26 14 en
705 1102 76 28 början
800 1110 37 14 an-

92 1136 80 28 drager
195 1136 132 22 författaren
350 1139 32 19 att
404 1138 31 20 uti
458 1137 178 22 konstitutionela
658 1137 120 21 samhällen
801 1137 37 21 det

91 1171 154 21 konservativa
261 1171 115 21 elementet
392 1174 24 18 är
430 1172 46 21 lika
491 1171 131 27 berättigadt
633 1178 44 14 som
689 1171 37 21 det
736 1171 101 27 liberala;

92 1212 50 14 men
167 1205 48 21 kort
241 1205 94 21 derefter
356 1206 75 27 påstås
454 1206 37 22 det
515 1206 155 21 konservativa
692 1206 116 21 elementet
832 1206 7 21 i

93 1240 72 20 denna
187 1239 130 27 församling
337 1239 65 22 hafva
422 1240 46 27 gått
489 1241 24 21 så
533 1240 70 27 långt,
623 1241 32 20 att
675 1239 74 22 tvifvel
769 1240 70 21 måste

92 1274 80 27 uppstå
191 1273 106 21 huruvida
317 1274 41 21 alls
372 1274 72 27 någon
459 1274 90 28 petition
565 1274 44 20 kan
625 1280 64 15 anses
705 1273 46 21 från
767 1273 73 21 denna

94 1307 134 27 ståndpunkt
243 1308 130 26 berättigad.
403 1308 68 21 Detta
486 1311 23 18 är
525 1315 41 14 ena
582 1308 62 21 sidan
660 1307 25 21 af
697 1307 75 21 saken.
797 1308 43 21 För

93 1343 32 19 att
144 1347 29 15 nu
192 1341 50 21 med
262 1341 83 28 hänsyn
365 1341 72 21 härtill
458 1344 53 25 göra
530 1341 44 21 min
594 1341 103 28 politiska
712 1341 127 21 trosbekän-

93 1375 70 26 nelse,
184 1375 25 20 så
229 1377 24 18 är
269 1375 42 26 jag
331 1375 128 26 visserligen
477 1375 148 26 konservativ,
641 1381 49 14 men
706 1375 19 26 ej
742 1375 57 20 inom
816 1375 24 20 så

93 1409 78 26 trånga
194 1410 90 25 gränser
307 1414 45 15 som
375 1410 117 25 uppsatsen
513 1407 98 28 antyder.
640 1407 80 21 Vidare
744 1407 38 21 och
806 1407 35 22 för

96 1441 38 22 det
154 1441 69 22 andra
243 1441 173 22 karakteriseras
438 1442 36 21 det
494 1441 90 22 liberala
605 1441 115 22 elementet
739 1441 101 29 sålunda,

118 1485 54 21 Högv.
186 1484 133 17 Prestaståndets
332 1484 64 17 Protok.
753 1487 19 14 14
