1009 1745
192 157 42 22 364

230 222 76 27 Enligt
325 221 44 22 min
390 221 139 28 uppfattning
544 222 34 21 stå
594 221 65 22 dessa
674 222 58 21 båda
749 221 61 22 delar
825 221 25 23 af
862 222 54 28 peti-

162 256 75 22 tionen
252 256 49 22 icke
317 256 35 21 väl
368 255 133 22 tillsamman
517 255 49 22 med
581 255 130 22 hvarandra.
733 256 41 22 Om
785 256 42 22 den
838 263 78 15 senare

163 290 73 29 delen,
259 291 52 21 eller
329 290 194 27 myndigheternas
539 290 138 22 tillhällande
693 292 32 19 att
740 293 176 26 samvetsgrannt

162 325 58 22 vaka
243 325 60 22 öfver
325 325 195 27 sabbatslagarnas
541 324 130 22 efterlefnad
685 325 8 20 i
708 325 60 22 vissa
787 325 128 28 afseenden,

162 359 51 22 med
227 359 138 22 förbiseende
381 359 26 21 af
419 359 77 28 andra,
517 358 136 29 framhälles,
669 359 127 22 förutsätter
812 359 36 22 det
863 359 53 22 nöd-

161 394 125 28 vändigtvis
310 401 27 14 en
359 393 145 28 förutgängen
525 393 93 22 revision
638 393 25 22 af
675 401 84 14 samma
774 394 68 29 lagar,
858 394 58 28 äsyf-

161 429 67 21 tande
252 430 31 20 ett
305 428 80 22 sädant
405 428 147 28 särskiljande
569 428 24 21 af
605 427 76 23 dessas
696 428 106 28 innehäll,
819 435 47 15 som
879 429 37 21 be-

162 462 121 23 tänkandet
299 464 131 27 omnämner,
445 462 8 22 i
469 462 38 22 fall
521 469 50 15 man
583 462 18 28 ej
614 462 38 22 vill
663 462 134 22 öfverlemna
808 463 22 21 ät
840 462 77 29 hvarje

161 497 201 29 polistjenstemans
383 498 99 21 omdöme
503 500 32 19 att
554 497 22 22 in
592 504 52 15 casu
659 498 99 27 företaga
774 498 72 22 denna
861 498 54 22 revi-

162 533 54 21 sion.
247 533 40 21 Om
307 539 52 14 man
376 532 50 22 icke
441 539 69 21 gerna
525 532 44 22 kan
585 532 87 22 förorda
687 532 68 28 nägot
770 532 88 29 sädant,
876 532 40 22 och

161 567 66 21 alltsä
250 573 27 15 en
299 566 91 28 behörig
409 566 96 22 revision
524 566 25 22 af
561 566 124 22 ännämnde
700 567 176 27 lagstadganden
893 569 24 19 är

161 604 32 19 ett
208 600 135 28 nödvändigt
358 601 69 28 prius,
444 602 24 21 sä
484 608 65 22 synes
565 601 45 28 mig
620 608 46 15 som
674 601 67 22 borde
752 602 121 27 petitionen
884 602 31 21 ät-

161 636 108 21 minstone
291 635 132 22 inskränkas
447 636 79 21 dertill.
555 636 50 21 Men
628 635 64 22 äfven
711 636 115 27 angående
846 636 69 28 sagde

161 670 103 28 revision,
285 670 65 22 hvars
369 670 133 28 behöflighet
523 670 63 22 äfven
598 670 42 28 jag
655 670 126 28 medgifver,
798 677 64 15 anser
874 670 42 28 jag

161 704 58 22 dock
233 704 163 28 prestaständet
411 704 49 22 icke
475 712 30 14 nu
520 704 94 22 behöfva
629 704 50 22 med
694 705 72 27 någon
777 704 91 28 petition
879 705 36 21 be-

161 742 64 19 svära
244 738 61 22 Hans
325 738 112 28 Majestät,
459 739 29 21 dä
503 745 83 15 samma
602 738 109 28 önskning
726 739 68 21 redan
809 739 71 22 blifvit
894 738 25 23 af

162 774 42 21 den
219 772 90 28 nädigst
324 772 93 22 tillsatta
432 773 219 29 kyrkolagskomiten
666 774 91 22 uttalad.

229 806 96 23 Härmed
340 807 73 22 kunde
425 808 42 27 jag
482 807 81 22 afsluta
577 808 45 21 min
637 808 145 28 reservation,
798 816 34 14 om
849 809 19 27 ej
884 811 31 19 ut-

161 842 93 22 skottets
270 842 141 21 betänkande
426 842 105 28 derjemte
541 842 110 22 innehölle
662 842 91 28 äsigter,
764 842 87 22 hvilkas
862 843 53 27 god-

162 875 117 22 kännande
297 875 36 22 vid
348 875 42 22 den
405 876 96 21 väntade
517 876 122 22 revisionen
652 877 41 27 jag
707 876 34 22 för
755 877 44 20 min
815 877 35 21 del
866 877 49 22 icke

162 911 83 27 ansäge
269 909 116 28 önskeligt.
423 911 44 27 Jag
489 910 69 22 finner
579 911 109 27 nemligen
711 911 31 21 uti
766 911 149 22 betänkandet

162 951 83 16 samma
265 944 123 27 förvexling
408 944 25 21 af
447 945 59 22 hvad
524 945 85 28 kyrkan
627 945 39 21 och
682 945 58 21 hvad
755 947 73 20 staten
843 945 71 23 tillhö-

161 986 40 21 rer,
214 986 45 15 som
270 979 95 21 utkottet
374 979 116 22 anmärker
497 981 46 20 mot
550 979 102 22 förflutna
660 979 162 29 århundraden,
832 987 83 15 samma

160 1013 139 28 benägenhet
315 1015 31 20 att
362 1013 118 28 upphjelpa
495 1014 86 27 kyrkan
597 1013 39 22 och
652 1013 172 28 gudaktigheten
836 1021 78 21 genom

160 1049 69 27 lagar,
241 1047 87 22 hvartill
339 1055 50 14 man
400 1047 103 22 behöfver
513 1047 111 23 biständet
635 1049 25 20 af
665 1049 157 28 polismakten,
832 1056 83 15 samma

160 1083 117 22 förtröstan
298 1083 33 21 till
351 1089 17 15 s.
384 1083 22 21 k.
422 1083 105 28 behöriga
543 1083 171 28 polisätgärders
730 1083 58 23 kraft
804 1086 32 20 att
851 1083 64 23 äfven

160 1118 30 28 pä
205 1117 38 22 det
258 1117 103 29 kyrkliga
377 1117 97 22 området
490 1118 146 22 undanskaffa
651 1118 78 22 oseder
745 1119 40 21 oeh
796 1119 118 28 missbruk,

161 1159 84 15 samma
260 1151 138 23 förbiseende
415 1152 70 28 deraf,
502 1154 33 20 att
550 1152 78 22 oseder
639 1152 39 22 och
689 1153 119 29 missbruk,
820 1161 46 14 som
877 1160 37 15 un-

161 1186 125 28 derstödjas
307 1186 24 21 af
343 1186 146 22 verldssinnet
504 1187 8 21 i
527 1186 45 22 alla
587 1186 61 29 tider,
665 1188 49 20 icke
729 1188 74 21 kunna
819 1188 95 26 ,undan-

161 1220 98 28 rödjas,*
282 1220 50 22 med
355 1220 83 22 mindre
462 1221 60 21 detta
543 1227 83 15 samma
641 1222 62 21 sinne
719 1222 59 27 sjelft
793 1222 121 22 förändras.

161 1255 46 22 Och
230 1254 73 23 dettas
325 1255 128 26 förändring
476 1255 163 23 ästadkommes
661 1256 35 21 väl
716 1256 19 28 ej
755 1264 79 20 genom
848 1257 66 28 polis-

162 1289 108 26 åtgärder.
300 1290 72 20 Dessa
387 1290 35 19 mä
437 1296 53 14 vara
506 1290 71 25 aldrig
592 1291 25 19 sä
632 1290 114 27 behöriga,
761 1291 26 20 sä
802 1291 74 20 kunna
888 1291 26 20 de

161 1323 28 27 pä
212 1322 33 21 sin
268 1321 53 28 höjd
344 1322 75 27 tvinga
442 1323 27 20 de
488 1322 96 22 nämnda
599 1322 106 23 osederna
721 1323 40 21 och
777 1324 137 21 missbruken

161 1358 31 19 att
215 1355 76 23 ikläda
312 1356 34 28 sig
361 1363 26 15 en
402 1363 73 15 annan
490 1357 80 28 gestalt
585 1357 40 22 och
642 1357 59 28 dölja
715 1357 34 28 sig
763 1358 68 22 under
846 1361 68 19 annat

161 1398 75 21 namn,
249 1391 42 33 och
307 1391 92 22 sälunda
413 1391 86 23 kanske
515 1395 57 18 ännu
588 1399 60 15 mera
663 1392 105 23 blomstra
779 1393 39 22 och
829 1394 85 21 utbilda

161 1426 40 28 sig.
231 1426 30 21 Ar
279 1426 37 22 det
331 1426 46 22 inre
393 1428 62 20 orent
470 1427 41 22 och
527 1427 145 28 skalkaktigt,
689 1428 25 21 sä
730 1428 82 22 skaffar
827 1428 37 22 det
880 1429 34 28 sig

161 1467 44 23 nog
219 1461 87 30 uttryck
321 1461 7 21 i
345 1461 36 22 det
395 1463 67 29 yttre;
483 1464 24 19 är
523 1462 37 24 det
575 1462 46 23 inre
636 1465 47 20 rent
699 1463 40 23 och
755 1463 116 30 enfaldigt,
888 1464 25 23 sä
