1006 1742
201 150 41 21 278

172 216 102 27 företaga
290 216 71 27 någon
376 215 137 27 allvarligare
529 214 60 28 räfst,
606 214 61 28 löper
681 214 47 21 fara
744 216 32 19 att
788 214 23 21 få
821 214 42 21 den
875 213 45 22 döf-

173 245 91 27 stumme
280 250 107 28 uppsagd.
410 250 52 22 Icke
477 250 70 21 sällan
558 252 24 19 är
593 248 158 23 döfstumheten
767 248 93 22 förenad
871 248 49 22 med

174 292 26 14 en
216 287 68 20 större
300 285 52 21 eller
368 284 83 21 mindre
465 285 54 27 grad
535 284 24 22 af
571 284 172 27 blödsinnighet,
759 284 40 21 och
810 283 28 21 då
849 286 24 19 är
884 283 36 21 det

172 319 138 28 naturligtvis
333 321 57 20 ännu
410 319 87 22 svårare
517 321 32 19 att
567 318 36 22 för
623 318 41 21 den
684 317 92 22 sålunda
794 317 125 23 vanlottade

174 354 82 21 erhålla
272 353 183 28 ändamålsenligt
470 356 92 25 gvarter.

240 389 30 20 Af
283 388 65 22 dessa
364 388 48 21 skäl
427 388 40 21 har
482 390 30 19 ett
527 389 103 26 internat,
650 387 129 22 åtminstone
796 387 67 22 under
878 388 41 21 ele-

173 429 77 16 vernas
266 423 70 21 första
351 423 77 27 läroår,
444 423 7 20 i
467 423 44 21 alla
525 423 76 22 länder
617 425 82 19 ansetts
714 429 53 16 vara
783 423 42 21 den
835 423 84 27 lämpli-

172 459 62 26 gaste
255 457 53 22 form
328 457 36 22 för
385 464 26 15 en
432 457 163 22 döfstumskola.
626 457 47 21 Men
693 463 34 15 om
743 457 67 22 också
825 457 49 22 icke
890 459 31 20 ett

172 492 138 27 fullständigt
325 492 103 28 internat,
445 492 148 29 inrymmande
609 491 43 22 alla
666 492 101 21 eleverna
777 492 69 22 under
857 492 63 21 deras

172 527 51 22 hela
238 527 90 28 skoltid,
346 527 35 21 för
391 527 28 22 de
430 527 87 22 dermed
533 527 106 22 förenade
650 529 58 19 stora
718 527 119 22 kostnader
847 527 73 22 kunde

173 561 173 28 åstadkommas,
362 569 50 14 vore
428 562 67 21 likväl
509 563 86 28 mycket
611 564 90 26 vunnet,
717 569 35 14 om
763 562 56 22 helst
830 562 27 21 de
868 563 52 20 min-

173 597 37 22 dre
227 596 40 22 och
282 599 55 19 mest
352 596 127 23 vanlottade
495 597 24 21 af
530 597 139 28 lärjungarne
684 597 57 27 finge
757 597 26 21 bo
799 597 31 22 uti
846 597 74 22 inrätt-

173 631 89 28 ningen,
285 631 87 22 hvarest
394 638 46 15 rum
463 631 62 22 äfven
546 631 76 22 funnes
641 631 36 22 för
697 631 168 22 föreståndaren
881 632 40 21 och

173 666 134 28 lärarinnan,
328 666 41 21 och
384 666 101 27 samtliga
501 667 101 21 eleverna
618 666 113 22 derstädes
747 667 83 21 erhålla
844 667 29 21 all
889 674 31 14 er-

173 701 103 27 forderlig
291 701 25 21 så
330 701 135 21 intellektuel
481 708 45 14 som
542 701 116 22 mekanisk
667 701 166 29 undervisning,
850 702 24 21 så
890 704 31 19 att

173 735 65 22 dessa
253 735 50 22 hela
317 735 82 28 dagen,
416 735 49 22 med
478 735 111 28 undantag
601 736 77 21 endast
689 736 24 21 af
721 736 41 21 sof-
774 736 38 21 och
824 737 97 21 måltids-

173 770 123 28 timmarna,
318 777 50 14 vore
388 770 69 21 under
477 770 88 22 skolans
582 771 94 27 uppsigt.
706 771 43 21 För
763 773 31 19 att
810 771 60 22 detta
885 771 36 22 för

173 804 89 23 skolans
282 803 86 23 trefnad
388 804 40 21 och
448 805 141 28 gagnelighet
608 805 81 27 nödiga
709 805 102 22 ändamål
827 813 92 21 vunnes,

174 839 136 22 erfordrades
325 839 36 21 för
375 839 70 22 henne
461 845 27 16 en
504 846 54 21 egen
574 839 69 28 lokal,
659 839 150 22 innefattande
826 847 26 14 en
868 847 55 22 rym-

172 874 69 26 ligare
256 873 119 29 gårdsplan
386 873 69 28 jemte
472 874 102 28 trädgård
590 877 56 18 samt
661 874 128 28 byggnader
802 874 49 22 med
868 875 55 22 läro-

173 915 45 15 rum,
236 909 14 20 4
258 908 159 22 handtverkare
424 908 127 22 verkstäder
558 908 155 28 (skomakare-,
723 909 135 28 skräddare-,
869 910 54 21 snic-

173 943 62 21 kare-
250 942 40 22 och
305 942 146 28 korgmakare
461 942 144 29 verkstäder),
621 950 46 14 rum
678 943 130 22 ätminstone
819 944 36 21 för
865 944 57 21 före-

174 977 117 21 ständaren
307 976 40 22 och
363 977 124 22 lärarinnan
499 979 55 20 samt
569 977 36 22 för
615 978 171 21 vaktmästaren.
809 978 32 21 En
854 978 69 22 sädan

173 1012 71 21 lokals
263 1012 145 21 anskaffande
430 1011 60 22 torde
506 1012 18 28 ej
542 1012 5 22 i
564 1006 46 27 Åbo
631 1012 67 22 blifva
719 1012 76 22 alltför
815 1012 106 29 kostsam,

173 1046 29 21 då
224 1046 30 21 all
277 1046 76 28 möjlig
376 1046 135 28 sparsamhet
533 1046 37 22 vid
595 1046 168 28 byggnadernas
786 1047 137 29 uppförande

172 1081 118 27 jakttages.

240 1116 38 21 Ett
300 1116 78 27 vigtigt
400 1116 73 28 motiv,
496 1116 102 22 hvarföre
621 1122 26 15 en
668 1123 55 20 egen
742 1116 60 22 lokal
821 1124 51 14 vore
887 1116 36 22 för

173 1149 174 23 dofstumskolan
364 1150 95 28 önsklig,
475 1153 24 19 är
510 1151 40 21 ock
562 1150 41 28 det,
619 1152 32 20 att
661 1151 77 21 skolan
751 1150 124 28 derigenom
886 1152 36 20 be-

173 1184 81 22 friades
276 1184 48 22 frän
348 1184 40 22 den
410 1185 79 21 osäkra
509 1185 114 28 ställning,
643 1184 61 23 hvari
721 1186 41 21 den
777 1186 97 21 befinner
889 1186 34 26 sig

172 1220 32 21 uti
223 1219 56 29 hyrd
301 1219 66 21 lokal.
398 1220 30 21 Sä
448 1222 24 19 är
486 1219 36 22 för
538 1220 36 22 det
589 1220 136 21 närvarande
741 1220 42 22 den
799 1220 68 28 lokal,
884 1221 37 21 der

174 1254 68 28 sagde
257 1254 63 22 skola
336 1256 51 20 trott
407 1255 34 27 sig
456 1254 35 22 för
507 1262 26 14 en
548 1255 76 27 längre
639 1255 32 21 tid
686 1256 28 20 bo
730 1255 71 28 säker,
818 1255 104 28 utbjuden

172 1289 33 19 till
221 1289 48 20 salu
284 1289 41 20 och
340 1289 77 20 skolan
433 1289 60 27 förty
507 1289 88 21 hvilken
611 1289 43 26 dag
669 1295 45 15 som
729 1289 58 21 helst
801 1291 68 19 utsatt
887 1289 35 21 för

172 1322 192 27 nödvändigheten
384 1324 32 19 att
436 1322 53 27 byta
507 1324 23 19 ut
549 1322 33 22 sin
602 1322 126 22 nuvarande
743 1323 79 21 bostad
836 1325 44 19 mot
895 1330 27 14 en

172 1364 82 20 annan,
271 1356 103 28 möjligen
389 1356 91 22 alldeles
495 1357 110 28 olämplig.
628 1358 33 20 En
676 1357 56 29 hyrd
747 1357 60 21 lokal
823 1361 24 19 är
862 1357 59 22 dess-

172 1393 59 20 utom
254 1391 70 22 sällan
344 1391 47 22 fullt
411 1392 118 28 passande,
553 1392 126 28 isynnerhet
699 1392 36 22 för
755 1399 26 15 en
797 1392 71 28 skola,
884 1392 39 22 der

171 1426 129 22 verkstäder
316 1426 63 22 äfven
395 1426 87 22 komma
495 1429 32 19 att
543 1426 110 22 behöfvas.

239 1461 32 22 På
294 1461 64 22 dessa
381 1468 27 15 nu
428 1461 122 28 korteligen
570 1461 95 23 anförda
685 1462 49 22 skäl
755 1462 38 23 har
810 1462 41 29 jag
865 1463 56 29 tagit
