1025 1745
197 152 41 21 504

169 217 48 21 vele
237 217 26 21 Vi
278 217 8 20 i
301 217 67 20 nåder
383 217 70 20 tillåta
469 218 30 19 att
515 215 71 22 denna
600 215 191 22 landtständernas
807 222 105 15 samman-

170 252 70 21 komst
256 251 44 28 må,
316 251 84 21 utöfver
415 251 41 21 den
472 251 30 21 uti
518 251 26 20 46
560 252 12 25 $
588 250 25 21 af
625 250 193 27 regeringsformen
833 250 41 21 den
886 250 25 21 21

170 286 84 27 augusti
272 287 52 20 1772
340 285 33 22 för
387 285 106 28 landtdag
503 285 113 22 bestämda
626 285 87 27 längsta
723 285 32 21 tid
765 285 25 21 af
797 287 32 19 tre
840 285 73 22 måna-

170 321 47 27 der,
237 321 95 21 fortvara
351 320 67 29 under
433 320 124 28 ytterligare
573 319 115 22 enahanda
704 319 93 28 tidrymd
813 320 53 21 eller
881 320 32 21 till

171 355 41 21 den
228 356 12 20 3
256 354 45 29 (15)
316 361 57 15 mars
388 354 179 22 nästkommande
582 355 24 21 år
622 355 60 20 1864.

237 389 26 21 Vi
286 389 98 21 förblifve
408 389 50 22 eder
477 389 48 22 med
545 389 29 21 all
594 389 104 27 kejserlig
718 389 43 21 nåd
781 389 40 22 och
835 392 79 25 ynnest

171 423 141 27 välbevågen.

238 458 171 22 Tzarskoe-Selo
432 458 41 21 den
493 458 12 21 5
527 458 113 22 december
658 457 37 29 (23
711 458 124 28 november)
853 459 60 21 1863.

431 498 222 22 ALEXANDER.

373 538 96 22 Minister
484 539 190 22 statssekreterare
689 538 74 28 grefve
777 538 116 22 Armfelt.

238 584 131 23 Afskriftens
385 585 95 27 enlighet
495 585 49 21 med
556 585 36 21 det
601 584 58 28 höga
670 584 115 28 originalet
796 585 118 28 bestyrker.

171 620 144 28 Helsingfors,
339 620 13 21 å
373 620 118 28 kejserliga
513 622 101 20 senatens
636 619 32 22 för
690 620 94 21 Finland
805 620 111 22 allmänna

171 655 81 28 kansli,
270 655 41 21 den
328 656 11 20 7
356 655 113 21 december
485 656 60 21 1863.
719 655 19 21 J.
755 655 131 21 Snellman."

240 689 72 22 Sedan
327 690 49 21 herr
391 690 137 21 talemannen
541 690 49 21 med
601 690 68 26 några
680 690 39 21 ord
729 690 78 20 uttalat
818 690 98 22 ståndets

172 724 148 28 underdåniga
331 724 136 21 tacksamhet
477 724 32 22 för
516 725 60 21 Hans
585 724 102 28 Majestät
697 724 118 28 Kejsarens
824 724 92 22 sålunda

172 759 86 21 ståndet
281 758 96 28 delgifna
399 759 82 27 nådiga
501 760 101 21 tillåtelse
621 759 33 21 till
667 758 138 28 förlängning
821 759 24 21 af
856 759 60 21 tiden

172 793 32 22 för
219 793 146 28 landtdagens
380 800 158 22 sammanvaro,
554 794 88 21 hvilken
658 793 103 21 tillåtelse
777 793 87 22 ståndet
879 801 36 14 un-

173 828 125 28 derdånigst
318 828 147 28 uppskattade
483 829 71 21 såsom
570 830 31 19 ett
614 828 127 28 ytterligare
756 828 123 21 vedermäle
895 828 25 21 af

172 863 60 20 Hans
247 862 114 28 Majestäts
376 863 81 26 nådiga
467 862 39 21 och
517 862 111 27 välvilliga
640 869 86 20 omsorg
736 862 32 21 för
779 862 50 21 dess
839 864 78 25 trogna

173 897 71 22 finska
258 897 133 26 undersåter,
407 897 126 27 aflägsnade
549 897 33 28 sig
592 897 49 21 herr
651 897 96 21 baronen
759 896 40 21 och
809 896 107 28 geheime-

172 931 72 28 rådet,
261 933 55 20 samt
332 931 158 28 beledsagades
505 931 75 22 dervid
595 931 25 22 af
634 938 83 15 samma
731 931 126 28 deputation
871 938 45 15 som

174 966 77 22 honom
267 966 118 27 emottagit.

242 1000 92 22 Ståndet
349 1001 121 27 åtskiljdes.

682 1030 19 15 In
715 1029 60 17 fidem:

600 1057 50 20 And.
662 1057 56 20 John
730 1057 120 24 Hornborg.

214 1196 148 37 Fredagen
385 1197 54 27 den
460 1198 34 26 11
518 1197 145 27 december
683 1197 40 27 kl.
747 1199 36 25 10
804 1198 18 26 f.
844 1209 35 16 m.

241 1253 90 21 Plenum
355 1253 110 27 öppnades
487 1254 49 21 med
559 1254 24 21 af
600 1255 87 27 prosten
702 1254 19 22 J.
738 1254 34 21 Fr.
788 1254 71 28 Bergh
874 1254 45 22 hål-

174 1288 35 20 len
225 1288 49 20 bön.

241 1320 42 21 Vid
305 1320 54 21 härå
381 1321 63 20 skedt
460 1327 82 21 upprop
560 1321 104 21 befunnos
680 1321 45 21 alla
741 1321 177 22 ståndsmedlem-

175 1361 72 15 marne
262 1361 53 15 vara
330 1354 117 29 tillstädes,
463 1354 169 29 undantagande
647 1355 106 28 biskopen
769 1355 78 22 doktor
859 1356 59 22 Otte-

173 1389 31 21 lin
225 1389 39 22 och
287 1389 152 28 kyrkoherden
459 1389 24 22 A.
504 1389 88 28 Heikel,
612 1389 75 23 hvilka
705 1397 51 15 voro
776 1390 24 22 af
811 1390 57 23 förut
882 1398 37 15 an-

175 1423 107 23 tecknade
298 1423 89 23 orsaker
402 1423 150 23 frånvarande.
