1034 1739
203 150 25 20 78

171 215 78 22 randet
268 214 25 22 af
309 214 72 22 denna
401 214 62 27 fråga
477 214 96 21 berodde
588 214 29 28 på
632 214 107 26 mängden
755 212 25 22 af
792 213 28 22 de
836 212 83 22 inkom-

172 249 77 22 mande
269 249 113 21 besvären.
411 249 35 21 Då
466 248 138 22 talemannen
621 248 67 21 likväl
704 248 75 22 tillåtit
793 247 126 22 fortsättan-

172 284 37 22 det
224 284 25 21 af
261 283 161 27 diskussionen,
439 283 51 21 ville
503 285 88 25 prosten
604 289 29 15 nu
648 282 84 22 föreslå
746 284 42 26 att,
804 282 46 22 ifall
861 282 58 22 stån-

172 318 37 22 det
224 318 83 27 ansåge
322 317 37 22 det
373 317 101 22 enskilda
483 316 197 23 besvärsutskottet
690 317 50 21 icke
750 317 74 21 kunna
835 316 83 22 åhvälf-

172 360 40 15 vas
227 351 154 29 skyldigheten
396 353 32 19 att
444 352 68 20 ordna
527 351 27 21 de
567 352 8 21 i
590 351 173 28 valprotokollen
778 350 92 28 intagna
884 358 37 20 pe-

173 387 116 22 titionerna
310 382 56 26 samt
381 386 72 22 såsom
468 386 226 28 urskiljningsutskott
709 386 100 28 fungera,
830 388 31 19 ett
876 388 44 20 sär-

173 421 68 23 skildt
255 420 227 28 urskiljningsutskott
496 421 67 21 måtte
578 421 36 21 för
629 420 60 22 detta
700 420 102 22 ändamål
813 427 106 15 samman-

174 458 79 26 sättas,
270 455 92 23 emedan
377 455 37 22 det
424 455 36 21 för
470 454 107 23 ombuden
589 454 72 23 blefve
676 455 60 22 svårt
751 457 32 20 att
793 455 7 21 i
812 454 109 23 särskilda

173 490 116 29 petitioner
303 490 47 22 sine
365 490 172 21 kommittenters
553 490 156 27 andraganden
724 490 128 27 framlägga.

241 526 145 26 Domprosten
396 524 68 27 Borg
472 524 97 28 yttrade,
585 526 33 20 att
629 524 66 22 ehuru
706 524 64 21 äfven
781 524 139 28 domprosten

174 560 80 22 önskat
264 559 42 21 den
314 558 57 22 först
381 558 138 28 framlaggda
528 558 89 28 frågans
625 558 145 28 besvarande,
782 558 139 28 domprosten

173 593 68 22 likväl
263 593 52 21 ville
337 592 51 28 ingå
410 592 30 28 på
460 592 124 22 diskussion
603 592 7 22 i
631 592 146 22 förevarande
796 592 123 28 formfråga.

173 628 73 27 Något
264 626 227 28 urskiljningsutskott
511 627 70 27 ansåg
601 626 138 28 domprosten
754 626 98 22 hvarken
867 634 54 14 vara

175 663 24 22 af
211 662 102 22 behofvet
327 661 115 29 påkalladt
457 662 53 21 eller
525 668 38 16 ens
579 662 141 28 tillständigt,
735 662 29 21 då
778 661 50 23 med
844 664 30 19 ett
888 662 32 21 så-

175 697 52 22 dant
238 697 235 28 urskiljningsutskott,
486 697 54 21 eller
550 699 80 19 rättare
642 696 278 29 urskiljningsdeputation,

175 732 64 22 äfven
253 738 52 15 vore
319 731 94 22 förenad
426 733 44 20 rätt
485 733 32 20 att
533 731 122 28 deprimera
670 731 84 22 besvär.
780 731 141 22 Beträffande

175 767 48 21 åter
237 767 88 27 prosten
340 765 84 28 Berghs
440 765 123 22 anförande
574 767 32 20 att
616 765 108 28 mängden
735 765 25 22 af
767 765 153 22 inkommande

174 800 198 23 besvärsmotioner
385 800 74 22 kunde
474 801 29 28 på
518 801 78 28 sjelfva
609 801 76 27 frågan
695 800 101 28 inverka,
812 801 25 22 så
847 800 73 22 kunde

176 835 138 28 domprosten
336 834 49 22 icke
405 835 47 22 inse
472 837 32 19 att
519 835 148 22 förhållandet
682 834 109 23 ändrades
807 842 34 15 om
857 835 65 21 dessa

175 877 51 14 vore
246 869 33 22 till
299 869 83 22 antalet
401 869 51 22 flere
468 869 53 22 eller
535 870 70 26 färre,
621 869 91 22 emedan
727 876 83 15 samma
825 869 75 22 arbete
914 869 7 21 i

175 904 104 21 afseende
302 904 14 20 å
337 903 118 22 besvärens
476 903 113 22 ordnande
608 903 110 26 förestod,
739 903 103 28 antingen
862 903 60 22 detta

176 938 71 23 skulle
268 937 132 23 verkställas
422 937 25 22 af
464 938 87 22 ståndet
571 938 52 21 eller
641 938 50 21 dess
707 937 102 23 enskilda
823 939 99 21 besvärs-

175 973 90 22 utskott.
294 972 33 21 På
349 971 69 28 grund
439 971 65 22 häraf
523 973 52 22 ville
598 972 138 28 domprosten
756 972 33 21 till
804 972 118 27 afgörande

175 1007 94 22 föreslå:
281 1007 106 22 huruvida
398 1007 87 22 ståndet
495 1007 7 21 i
513 1007 33 22 sin
556 1007 83 28 helhet,
650 1007 53 22 eller
713 1007 101 22 enskilda
824 1007 98 22 besvärs-

176 1041 115 29 utskottet,
306 1041 39 22 bör
360 1041 91 27 fungera
462 1042 71 21 såsom
544 1041 236 28 urskiljningsutskott,
797 1041 67 22 ehuru
874 1041 49 22 icke

176 1077 7 21 i
199 1083 84 15 samma
303 1075 88 28 mening
413 1076 41 21 och
475 1076 51 21 med
546 1083 83 15 samma
648 1078 42 20 rätt
706 1083 46 15 som
765 1083 27 15 en
808 1077 25 21 så
847 1076 76 22 kallad

175 1110 278 28 urskiljningsdeputation.

245 1145 74 22 Sedan
337 1145 153 26 kyrkoberden
507 1145 26 21 A.
549 1145 105 28 Heikel,
670 1146 29 27 på
714 1145 110 28 tillfrågan
840 1146 26 21 af
875 1146 49 21 herr

177 1179 170 28 erkebiskopen,
370 1179 89 28 upplyst
480 1181 32 20 att
531 1179 50 22 icke
600 1179 68 22 heller
681 1180 44 21 han
740 1180 60 21 velat
814 1180 110 28 medgifva

176 1213 198 22 besvärsutskottet
393 1213 71 27 någon
485 1215 43 20 rätt
548 1216 32 19 att
601 1213 120 28 deprimera
740 1214 84 27 ingifna
839 1215 84 27 besvär,

177 1247 147 23 framställdes
337 1247 25 22 af
373 1247 137 23 talemannen
524 1247 101 29 följande
636 1248 287 29 omröstningsproposition:

245 1282 80 20 Kunna
341 1282 24 20 de
381 1282 80 26 besvär,
477 1290 44 12 som
536 1283 101 20 ombuden
647 1283 57 26 från
718 1284 44 19 sine
773 1284 150 20 kommittenter

177 1316 33 20 till
226 1316 83 20 ståndet
323 1315 101 27 inlemna,
436 1315 30 27 få
480 1316 95 28 ingifvas
590 1316 85 20 medelst
689 1317 33 20 det
737 1316 37 21 vid
788 1317 57 21 valet
855 1317 69 28 förda

175 1349 116 29 protokoll,
310 1348 50 22 eller
378 1348 36 22 bör
432 1349 74 29 hvarje
525 1349 155 30 besvärspunkt
694 1358 55 14 vara
764 1351 64 21 skildt
838 1351 40 29 för
893 1352 31 28 sig

177 1384 94 28 affattad
285 1384 50 21 eller
350 1384 33 20 till
395 1384 125 28 protokollet
534 1384 106 22 dikteras?
661 1384 33 22 De
709 1393 43 13 som
768 1386 66 21 önska
850 1386 73 28 hvarje

177 1419 9 20 i
200 1419 161 29 valprotokollet
375 1422 107 25 upptagen
498 1419 154 29 besvärspunkt
666 1420 64 21 skildt
737 1419 40 29 för
788 1421 31 28 sig
832 1420 93 28 affattad

179 1453 49 21 eller
243 1453 32 21 till
285 1453 126 28 protokollet
427 1453 96 21 dikterad
538 1461 65 13 svara
613 1454 103 27 jakande.
