1039 1748
825 139 25 22 15

130 206 90 23 arbeten
240 206 58 22 inom
319 206 43 22 den
381 205 26 22 af
423 206 134 28 grundlagen
575 205 34 23 för
627 205 129 23 ständernas
773 213 105 15 samman-

130 248 52 15 varo
198 240 132 23 föreskrifna
344 240 38 21 tid.

198 275 32 22 Af
246 275 28 21 de
289 275 150 27 redogörelser
459 274 92 22 rörande
566 274 87 22 landets
669 274 92 28 drätsel,
781 274 44 27 Jag
840 274 38 21 vill

129 309 46 21 läta
189 309 23 21 ät
225 309 53 21 eder
290 309 142 27 öfverlemna,
449 309 75 21 skolen
538 309 9 27 j
563 308 68 28 finna,
649 310 31 19 att
692 308 143 22 statsverkets
849 309 30 20 in-

130 343 97 22 komster
248 343 62 21 alltid
329 343 55 21 varit
403 343 132 28 tillräeklige
551 343 33 21 för
599 343 27 21 de
641 343 94 27 löpande
751 343 129 27 utgifternas

129 377 149 28 betäckande,
302 379 56 20 samt
381 379 31 20 att
435 384 27 15 en
482 377 99 28 betydlig
601 377 84 22 tillvext
705 377 7 21 i
728 377 28 21 de
769 377 111 21 indirekta

130 412 215 27 statsinkomsterna,
360 419 45 14 som
416 412 124 27 förmänligt
552 412 80 21 vittnar
640 411 33 22 för
680 412 87 21 landets
779 411 101 28 stigande

129 446 113 28 välständ,
263 446 74 21 tillätit
353 446 39 22 allt
405 449 67 19 större
489 446 78 27 anslag
582 446 113 22 användas
711 446 33 21 till
759 445 121 29 främjande

130 481 25 21 af
168 480 50 23 dess
234 480 90 28 andliga
340 481 40 21 och
394 481 114 22 materiela
522 481 115 22 intressen.

198 515 85 22 Endast
297 516 33 20 till
346 516 140 22 bestridande
502 516 25 21 af
539 516 209 28 krigskostnaderne
761 516 52 21 ären
825 516 55 21 1855

131 550 40 22 och
188 550 55 22 1856
260 552 56 20 samt
329 550 33 21 till
375 550 136 22 bekostande
522 550 26 21 af
552 550 124 28 jernvägen
687 550 80 21 mellan
781 550 101 28 Helsing-

129 586 45 21 fors
191 584 40 27 och
246 584 136 22 Tavastehus
397 584 41 22 har
452 585 43 27 Jag
510 584 74 22 tillätit
601 584 219 22 Storfurstendömets
836 586 44 26 sty-

130 619 57 22 relse
208 621 31 19 att
259 621 97 26 upptaga
376 619 100 21 statslän.
505 613 70 27 Äfven
591 618 92 22 rörande
699 618 66 22 dessa
780 618 57 22 skall
853 626 28 14 en

130 653 140 27 redogörelse
293 653 52 21 eder
366 653 134 28 föreläggas,
524 660 46 14 som
592 653 88 28 utvisar,
704 655 32 19 att
758 655 63 19 ränta
840 653 40 21 och

131 688 174 22 amortissement
327 687 33 22 för
380 684 112 25 desamma
511 688 74 21 kunna
605 687 24 21 af
645 688 143 21 statsverkets
803 689 78 20 närva-

131 722 69 22 rande
214 722 118 28 tillgängar
346 722 115 22 bestridas.
491 722 45 21 Min
550 722 54 28 vilja
620 724 23 19 är
659 722 66 28 dock,
741 724 32 20 att
788 721 92 22 framde-

131 758 34 21 les
180 757 55 21 intet
250 756 94 22 statslän
358 757 35 21 mä
408 758 53 20 utan
477 756 218 22 Storfurstendömets
709 756 100 22 ständers
822 756 58 22 med-

130 792 84 22 verkan
235 793 117 27 upptagas,
376 791 25 21 sä
421 791 63 21 framt
504 790 50 23 icke
572 791 99 28 plötsligt
690 790 109 28 fiendtligt
813 790 68 22 anfall

131 827 53 21 eller
206 832 71 15 annan
297 825 127 23 oförutsedd
444 826 81 21 allmän
546 825 79 29 olycka
645 825 70 22 skulle
731 828 54 25 göra
803 825 80 22 sådant

131 860 177 29 oundgängligen
324 860 141 28 nödvändigt.

199 896 33 21 De
254 902 45 21 nya
322 895 86 27 anslag,
436 895 44 27 Jag
502 895 36 22 vid
561 894 73 22 denna
656 894 107 28 landtdag
784 895 25 21 af
827 895 53 21 eder

131 931 73 27 begär,
226 930 46 22 afse
292 929 68 23 också
381 929 78 22 endast
479 937 44 21 nya
543 929 102 27 åtgärder
665 928 32 22 för
713 929 42 21 den
771 929 111 22 allmänna

133 964 139 28 bildningens
296 964 40 22 och
358 964 136 22 välständets
516 963 103 29 höjande.
648 958 29 26 Åt
697 964 52 21 eder
769 964 112 22 öfverlem-

130 1006 41 14 nar
185 999 53 28 Jag,
259 1000 33 20 att
307 998 46 22 fritt
369 998 76 28 afgöra
461 998 59 22 öfver
540 998 66 22 dessa
625 998 113 27 ätgärders
753 998 128 28 lämplighet

131 1034 40 22 och
188 1034 94 27 omfång.

188 1069 64 21 Flere
273 1068 137 28 stadganden
431 1068 6 21 i
459 1068 218 22 Storfurstendömets
696 1068 133 28 grundlagar
844 1070 38 20 äro

131 1104 50 20 icke
197 1110 59 14 mera
269 1103 129 28 tillämplige
412 1104 29 27 pä
456 1103 26 21 de
498 1103 161 27 förhällanden,
676 1110 45 15 som
737 1110 78 20 genom
831 1103 50 22 dess

131 1138 101 28 förening
249 1138 49 21 med
317 1138 137 27 Kejsarriket
468 1138 92 28 inträdt;
582 1137 69 23 andra
667 1138 70 22 sakna
751 1138 68 27 nödig
834 1138 47 28 tyd-

131 1172 69 28 lighet
223 1172 40 22 och
283 1172 143 22 bestämdhet.
456 1173 35 21 Då
510 1173 43 27 Jag
573 1172 81 22 önskar
675 1179 23 15 se
719 1172 65 22 dessa
804 1172 79 22 brister

131 1207 118 27 afhjelpta,
266 1206 57 22 skall
338 1207 44 27 Jag
396 1207 46 20 låta
457 1210 97 24 uppgöra
569 1206 84 27 förslag
667 1206 33 21 till
716 1206 109 22 särskilda
840 1206 41 22 för-

131 1242 114 26 klaringar
260 1241 40 22 och
316 1241 78 27 tillägg
409 1241 33 21 till
458 1241 119 28 desamma,
594 1242 32 20 att
639 1240 130 22 ständernas
781 1240 102 28 pröfning

130 1276 126 27 föreläggas
277 1275 37 21 vid
334 1277 64 19 nästa
418 1275 115 28 landtdag,
554 1275 89 21 hvilken
658 1276 43 26 Jag
714 1275 40 21 har
768 1275 33 21 för
816 1275 67 27 afsigt

132 1312 32 19 att
179 1310 159 22 sammankalla
354 1309 54 21 efter
423 1311 32 19 tre
471 1310 30 20 är.
531 1309 157 22 Fasthällande
705 1309 26 21 de
744 1309 137 22 konstitutio-

131 1344 46 22 nelt
189 1344 142 22 monarkiska
342 1343 147 29 grundsatser,
503 1350 45 15 som
557 1344 109 28 uppbäras
675 1343 26 21 af
710 1343 83 22 Finska
801 1344 81 21 folkets

131 1378 158 27 Ofvertygelser
312 1380 55 18 samt
390 1380 37 18 äro
451 1384 170 15 sammanvuxna
643 1378 50 20 med
712 1378 87 20 landets
819 1378 63 26 lagar

131 1412 41 21 och
191 1411 152 28 institutioner,
365 1411 37 22 vill
422 1411 43 27 Jag
480 1418 78 20 genom
574 1411 68 27 sagde
658 1411 82 27 förslag
754 1411 127 27 ytterligare

132 1445 112 22 utsträeka
261 1445 41 22 den
314 1447 43 20 rätt
369 1445 32 21 till
413 1445 204 27 sjelfbeskattning,
633 1445 118 22 ständerna
763 1451 28 15 nu
803 1444 78 27 grund-
