1009 1745
770 141 40 20 375

90 205 68 28 ryska
180 208 127 25 truppernes
330 205 73 28 behof,
424 205 120 23 inrättades
560 207 50 21 med
627 206 70 21 finska
713 205 127 23 statsmedel

91 239 78 22 utefter
190 240 78 21 kusten
289 239 47 22 frän
358 240 86 27 Wiborg
459 241 33 20 till
507 235 46 26 Äbo
570 247 26 15 en
612 240 72 27 optisk
700 240 95 27 telegraf
808 240 32 21 för

90 273 43 21 den
156 273 113 28 betydliga
291 273 91 27 utgiften
405 273 25 20 af
448 275 89 26 145,992
553 273 61 22 rubel
630 275 25 19 79
670 273 73 29 kopek
758 274 80 21 silfver.

90 307 187 27 Bristfälligheten
299 307 25 21 af
344 307 72 21 denna
435 307 119 27 inrättning
572 308 58 21 lärer
645 307 56 22 dock
717 310 78 25 genast
810 307 29 22 ef-

91 343 32 19 ter
142 341 50 22 dess
210 341 141 22 fulländande
367 341 65 21 hafva
447 341 71 22 blifvit
533 341 88 28 insedd;
638 343 22 26 ty
676 341 43 22 den
733 341 107 22 nedlades

90 375 54 22 efter
160 377 53 20 blott
228 376 69 27 nägra
312 375 115 22 mänaders
440 375 148 29 verksamhet,
600 376 40 21 och
651 376 120 28 befallning
781 377 59 21 med-

90 409 90 23 delades
201 411 95 21 är-1854
312 418 34 14 om
362 410 138 28 anläggande
516 412 28 27 pä
559 411 67 28 ryska
641 411 95 22 kronans
752 411 87 22 bekost-

90 445 44 21 nad
149 445 24 21 af
186 451 26 15 en
228 445 208 27 elektromagnetisk
453 445 95 28 telegraf
560 445 93 22 emellan
666 445 32 22 S:t
708 445 132 28 Petersburg

90 479 40 21 och
152 479 143 27 Helsingfors.
324 473 30 27 Är
374 480 54 21 1856
447 480 132 21 utsträektes
595 479 127 22 densamma
738 479 32 22 till
785 473 54 28 Åbo.

89 513 105 22 Likasom
216 513 33 22 sin
271 513 153 28 föregängare,
445 513 42 22 den
501 513 87 29 optiska
604 513 129 29 telegrafen,
755 520 39 15 var
809 514 31 21 äf-

89 555 41 15 ven
151 548 71 22 denna
237 547 133 22 framkallad
384 548 26 21 af
423 548 70 27 kriget
508 548 40 22 och
564 548 139 21 tillkommen.
714 548 78 22 endast
806 549 34 21 för

89 583 95 21 militära
207 582 111 28 ändamål,
342 582 40 21 och
405 582 203 28 korrespondensen
629 581 73 23 fördes
726 582 84 23 derföre
832 583 7 21 i

90 617 76 27 början
182 617 138 21 uteslutande
335 617 28 27 pä
379 617 75 28 ryska,
471 617 108 21 intilldess
590 617 154 27 begagnandet
755 618 25 20 af
783 617 56 28 jem-

90 651 35 21 väl
140 651 70 27 några
224 651 70 21 andra
308 650 133 22 fremmande
457 651 66 27 språk
543 651 135 22 sistnämnda
694 651 24 21 är
733 651 106 28 medgatfs.

88 687 64 20 Först
167 686 25 21 är
208 684 55 23 1859
280 685 40 21 och
336 685 69 22 sedan
421 685 27 21 de
462 685 25 22 af
500 685 85 22 landets
601 685 79 28 städer,
697 685 75 22 hvilka
787 693 52 14 voro

88 720 51 22 med
160 720 199 27 telegrafstationer
378 719 112 29 försedde,
510 719 69 28 ätagit
594 719 35 28 sig
643 719 150 28 hvarjehanda
808 720 30 21 bi-

89 756 55 26 drag
159 755 33 21 till
208 755 76 22 dessas
299 755 123 27 underhäll,
441 755 68 22 tilläts
525 755 101 22 Svenska
642 755 100 27 spräkets
758 757 81 19 använ-

89 789 72 22 dande
176 789 38 21 vid
229 789 189 28 telegraferingen.

156 824 59 21 Huru
228 824 88 27 mycket
330 823 122 22 försväradt
468 823 121 22 anlitandet
604 823 26 21 af
640 823 119 27 telegrafen
770 823 68 22 under

88 858 160 21 ofvannämnde
265 857 94 28 prekära
374 857 151 22 förhällanden
540 860 28 19 än
583 858 65 27 varit,
664 857 57 22 hade
737 858 57 21 dock
810 857 27 22 de

88 892 177 27 utomordentligt
288 892 83 27 vigtiga
391 892 95 21 fördelar
501 892 127 21 densamma
643 891 121 28 medförde,
780 892 58 27 isyn-

87 927 77 21 nerhet
178 927 58 21 hvad
251 926 95 21 handeln
362 926 128 28 beträffade,
506 925 67 22 redan
588 925 128 28 tillräckligt
726 926 58 21 visat
794 926 43 27 sig,

88 961 40 22 och
149 968 27 15 en
198 961 96 26 naturlig
316 961 54 27 följd
393 960 64 22 deraf
476 967 44 21 var,
540 962 31 20 att
588 967 51 14 man
654 961 7 20 i
678 961 24 21 sä
716 961 122 21 vidsträckt

87 996 55 21 mätt
164 1003 46 14 som
230 995 86 28 möjligt
336 995 99 22 önskade
450 995 146 27 tillgodogöra
611 995 34 26 sig
660 995 61 21 detta
736 995 102 21 nutidens

86 1032 104 27 yppersta
202 1029 277 22 kommunikationsmedel.
501 1029 47 21 När
558 1029 37 21 det
604 1029 104 27 derjemte
716 1028 48 22 blef
769 1028 69 22 kändt

87 1067 33 19 att
140 1071 49 14 man
207 1071 39 14 var
260 1064 8 21 i
283 1064 95 27 begrepp
399 1066 32 19 att
446 1063 112 22 utsträcka
573 1063 37 22 det
626 1063 95 22 svenska
736 1063 101 27 telegraf-

86 1100 61 20 nätet
163 1098 58 22 ända
236 1098 33 21 till
282 1098 158 27 Haaparanda,
451 1098 89 27 ingingo
550 1097 212 28 handelskorpserne
773 1097 7 21 i
790 1091 48 28 Åbo

87 1132 40 21 och
147 1133 53 21 flera
220 1131 25 22 af
258 1131 86 22 landets
360 1131 101 28 nordliga
476 1131 126 22 kuststäder
618 1131 32 20 till
666 1131 107 28 styrelsen
788 1132 50 21 med

86 1167 97 27 begäran
200 1168 31 19 att
247 1165 158 28 telegraflinien
421 1165 63 22 äfven
500 1167 13 20 å
528 1165 72 22 finska
616 1165 63 22 sidan
690 1165 25 22 af
722 1166 116 22 Bottniska

86 1201 66 21 viken
173 1201 70 21 skulle
263 1200 112 21 fortsättas
394 1201 33 20 till
442 1200 94 28 Torneå,
552 1199 33 22 för
600 1201 32 19 att
648 1199 94 22 derifrän
757 1200 80 21 förbin-

86 1235 40 22 das
146 1235 50 21 med
214 1235 42 21 den
273 1234 101 22 svenska.
404 1235 50 20 Men
470 1241 45 14 som
531 1234 42 21 den
588 1233 67 28 ryska
671 1233 166 28 telegrafinrätt-

86 1270 80 27 ningen
186 1269 7 21 i
212 1269 76 21 landet
304 1268 24 21 af
340 1268 41 22 lätt
396 1268 93 22 insedda
504 1268 90 22 orsaker
610 1267 70 22 blifvit
696 1267 141 22 öfverhöfvan

86 1303 46 29 dyr,
156 1305 56 19 samt
234 1303 38 21 det
292 1303 136 21 framställda
445 1302 105 28 förslaget
564 1302 99 21 saknade
679 1301 29 22 all
724 1302 113 27 betydelse

85 1338 34 22 för
139 1337 27 22 de
182 1337 95 22 militära
292 1336 112 29 ändamål,
420 1336 33 22 för
468 1336 75 23 hvilka
558 1336 121 27 telegrafen
696 1338 85 19 ensamt
796 1336 41 21 till-

85 1371 101 27 kommit,
202 1371 40 21 och
258 1371 55 20 blott
327 1371 63 26 afsäg
405 1371 105 21 Finlands
524 1377 68 20 gagn,
609 1371 25 20 sä
648 1371 53 20 fann
716 1370 43 21 den
770 1371 67 26 ryska

85 1405 210 28 telegrafstyrelsen,
319 1411 46 15 som
388 1404 98 22 önskade
509 1403 143 28 undandraga
674 1403 34 28 sig
728 1403 27 22 de
774 1404 66 21 häraf

85 1438 129 23 föranledda
230 1439 126 28 ytterligare
371 1438 125 29 kostnader,
513 1438 34 27 sig
561 1437 122 22 föranläten
700 1439 31 20 att
742 1438 32 21 för
785 1437 51 23 tele-
