1056 1742
825 139 25 21 69

134 202 109 22 skränkas
261 203 32 21 till
305 203 152 30 diskussionen
469 203 60 22 öfver
542 204 36 21 det
589 204 159 28 föreliggande,
760 204 118 27 behörigen

132 237 134 21 motiverade
287 238 41 21 och
349 238 33 20 till
399 238 115 27 uttrycken
533 240 83 25 strängt
634 238 96 27 afvägda
752 238 127 22 hesvärsan-

133 271 130 28 dragandet,
287 272 83 21 hvilket
388 272 139 27 följaktligen
543 272 67 21 borde
631 279 53 14 vara
704 272 122 27 skriftligen
848 272 30 21 af-

132 305 87 22 fattadt.

201 340 90 21 Prosten
306 341 27 20 H.
348 337 95 24 Heikel
455 339 94 24 invände
560 341 32 20 att
602 347 84 14 samma
697 340 183 28 besvärspunkter

133 374 74 21 kunna
229 375 33 21 till
283 374 86 22 ståndet
388 374 110 22 inkomma
517 374 47 21 från
582 374 51 21 flere
648 374 54 29 håll,
724 381 33 15 om
773 375 106 21 besvären

132 409 70 20 måste
217 416 53 14 vara
285 409 115 27 skriftliga.

200 443 112 28 Biskopen
324 443 98 22 Ottelin
435 443 114 28 genmälde
561 445 32 20 att
600 450 51 14 man
655 443 26 28 ju
689 443 37 22 vid
734 443 145 28 uppläsandet

133 477 25 21 af
169 477 108 22 besvären
292 478 75 21 kunde
381 478 100 28 iakttaga
496 478 58 22 hvad
569 485 46 15 som
631 477 145 29 förekommit,
792 478 40 21 och
847 485 24 15 ur

134 511 85 22 aktlåta
232 512 147 21 inlemnandet
392 513 25 21 af
429 513 59 21 hvad
503 520 45 15 som
561 512 68 21 redan
640 519 78 21 genom
729 513 69 21 andra
810 512 70 22 blifvit

134 545 92 24 anfördt.

201 581 209 28 Kontraktsprosten
432 582 132 21 Ehrström
584 581 52 22 fann
656 581 37 22 det
713 582 49 21 icke
778 581 102 23 medföra

134 617 73 26 någon
229 615 125 28 olägenhet,
377 619 52 18 utan
449 618 92 19 tvärtom
560 615 82 29 fördel,
664 618 31 19 att
713 615 51 22 flere
780 616 100 21 besvär
870 611 14 37 i

134 657 84 15 samma
233 651 40 20 sak
287 650 108 29 ingåfves;
411 653 23 26 ty
445 651 124 27 derigenom
582 650 71 22 blefve
664 651 69 21 saken
744 650 78 21 endast
832 651 47 20 från

133 685 52 21 flere
201 685 58 21 sidor
275 685 138 21 skärskådad
429 685 39 21 och
483 685 129 28 motiverad,
631 685 83 21 hvilket
728 684 151 22 underlättade

134 719 51 22 dess
200 719 134 28 behandling
349 719 40 22 och
404 720 115 27 utredning
534 719 8 22 i
556 719 203 23 besvärsutskottet.

202 755 115 20 Prostarne
339 755 26 20 H.
388 754 93 21 Heikel
502 754 39 21 och
564 754 135 27 Grönberg
719 754 114 21 anmärkte
848 755 32 20 att

134 788 79 22 sådant
229 788 70 21 skulle
314 788 51 22 leda
379 789 33 21 till
428 789 154 27 omsägningar
595 788 41 22 och
652 788 89 27 onödigt
751 788 129 22 belastande

134 822 26 22 af
171 822 137 28 protokollet.

202 857 145 28 Domprosten
360 857 67 27 Borg
442 864 38 14 var
495 857 24 21 af
527 864 83 15 samma
620 857 87 27 mening
717 864 47 15 som
775 857 106 28 biskopen

134 891 82 22 Ottelin
237 894 56 19 samt
312 892 70 27 ansåg
402 891 37 21 det
458 898 53 15 vara
530 894 78 26 ytterst
628 891 78 27 vigtigt
726 894 32 19 att
773 892 107 21 besvären

134 926 68 21 blifva
217 926 58 21 klart
290 926 40 21 och
344 926 109 22 bestämdt
466 926 115 28 affattade,
597 925 83 22 hvilket
691 926 46 22 åter
747 926 49 22 icke
807 926 73 21 kunde

134 960 50 21 med
199 960 37 21 full
253 960 102 22 säkerhet
368 960 164 22 åstadkommas
542 960 136 22 annorlunda
688 962 28 20 än
726 962 33 20 att
770 960 111 22 desamma

135 994 93 28 afgifvas
249 995 122 27 skriftligen
390 995 53 21 eller
461 995 32 21 till
508 995 132 28 protokollet
656 994 103 23 dikteras.
789 995 10 21 I
815 996 66 20 annat

134 1029 39 21 fall
194 1029 69 22 skulle
283 1029 52 22 flere
355 1029 69 28 dagar
443 1030 123 27 onödigtvis
584 1029 114 27 förspillas
713 1030 32 20 till
761 1028 120 22 utredande

135 1064 25 21 af
173 1064 27 21 de
215 1064 168 28 förvecklingar,
399 1070 46 16 som
461 1064 223 28 besvärspunkternas
699 1063 128 22 obestämda
840 1063 40 21 och

135 1099 120 21 sväfvande
270 1098 159 28 framställning
443 1099 86 21 komme
543 1100 32 20 att
590 1098 122 22 föranleda.

202 1133 209 28 Kontraktsprosten
422 1133 95 21 Hellén
524 1133 70 27 ansåg
602 1132 27 22 de
638 1132 25 22 af
667 1133 123 28 professorn
799 1132 80 22 Schau-

134 1175 51 14 man
205 1167 136 22 framställda
357 1167 169 22 alternativerna
541 1167 73 21 kunna
629 1167 71 27 begge
714 1174 54 14 vara
782 1167 46 21 lika
844 1166 35 21 be-

134 1202 110 28 rättigade
259 1202 40 21 och
315 1201 197 28 ändamålsenliga,
527 1208 50 14 men
592 1201 76 21 tillade
682 1201 36 21 det
728 1201 43 21 han
782 1200 98 22 önskade

135 1236 72 22 såsom
218 1236 201 22 besvärsmemorial
430 1236 122 27 framlägga
559 1236 167 27 valprotokollet
734 1235 48 21 från
792 1235 88 27 Björne-

134 1271 65 27 borgs
215 1270 68 22 nedra
297 1270 101 28 prosteri,
414 1270 83 22 hvilket
513 1270 108 28 protokoll
636 1270 97 21 innehöll
743 1269 133 22 kommitten-

134 1308 73 19 ternes
230 1304 188 28 besvärspunkter,
442 1312 34 14 om
497 1305 76 21 hvilka
593 1305 44 21 alla
657 1306 87 26 prosten
761 1304 56 21 dock
831 1304 49 21 icke

134 1340 73 21 kunde
223 1339 78 21 förena
317 1339 41 28 sig,
378 1346 48 14 men
443 1339 97 21 önskade
556 1338 88 28 deltaga
660 1338 6 21 i
682 1338 152 22 diskussionen
850 1337 30 22 öf-

135 1380 37 15 ver
187 1373 118 21 desamma.

203 1406 73 22 Sedan
291 1406 122 28 professorn
429 1406 99 22 Geitlin
543 1406 127 28 ytterligare
686 1406 86 27 upplyst
788 1412 34 14 om
838 1405 42 21 den

134 1441 73 28 praxis
229 1448 45 14 som
294 1440 36 22 vid
349 1441 94 22 svenska
464 1440 116 28 riksdagar
594 1441 7 20 i
616 1440 145 21 förevarande
777 1438 104 23 afseende
