1039 1748
211 155 13 19 2

182 218 33 22 för
225 218 91 22 Wehmo
328 219 100 29 prosteri,
441 219 153 29 kyrkoherden
606 220 7 21 i
628 219 98 29 Töfsala,
740 221 87 26 prosten
837 219 40 22 och
886 220 45 22 filo-

240 253 171 28 sofiemagistern
426 254 64 21 Karl
506 254 88 22 Jakob
609 254 143 28 Helander;

182 287 33 21 för
229 287 147 28 Björneborgs
390 288 67 22 nedre
472 288 101 28 prosteri,
589 288 152 29 kyrkoherden
758 288 7 21 i
777 288 84 28 Ulfsby,
877 288 54 22 kon-

239 322 158 28 traktsprosten
414 322 40 22 och
467 323 203 22 ordensledamoten
685 323 111 22 Herman
811 323 105 27 Hellen;

181 356 33 23 för
229 357 145 28 Björneborgs
386 357 45 22 öfre
439 358 100 28 prosteri,
553 358 153 28 kyrkoherden
718 358 7 21 i
736 358 126 28 Loimijoki,
877 357 53 22 kon-

238 392 168 28 traktsprosten,
419 392 212 28 ordensledamoten,
643 392 184 22 filosofiedoktorn
837 392 39 21 och
886 399 44 14 ma-

238 426 82 28 gistern
336 426 111 22 Fredrik
462 426 157 28 Hertzberg;

180 461 34 22 för
228 461 78 28 Tyrvis
321 461 101 28 prosteri,
438 461 153 28 kyrkoherden
606 462 7 21 i
629 461 88 28 Tyrvis,
732 463 88 26 prosten
833 461 40 21 och
885 461 45 21 filo-

238 495 172 28 sofiemagistern
426 496 64 21 Karl
504 495 99 22 Efraim
617 495 94 29 Lilius;

179 530 33 22 för
227 530 145 22 Tammerfors
388 530 40 22 och
442 530 92 22 Hattula
549 530 121 28 prosterier,
686 530 153 28 kyrkoherden
855 530 8 22 i
874 530 55 22 Mes-

238 564 63 29 suby,
322 567 87 25 prosten
430 564 40 22 och
489 565 210 27 ordensledamoten,
718 565 211 27 filosofiemagistern

236 599 77 22 Josef
327 599 143 28 Grönberg;

179 633 33 22 för
231 633 123 28 Raseborgs
378 636 58 19 östra
459 633 100 29 prosteri,
582 633 154 29 kyrkoherden
758 634 7 21 i
788 633 68 29 Esbo,
880 641 48 20 pro-

236 667 84 23 fessorn
342 668 37 21 vid
399 668 93 27 Kejserl.
511 668 305 28 Alexanders-universitetet,
840 668 87 22 ordens-

235 702 134 28 ledamoten,
399 702 99 24 filosofie-
524 703 40 21 och
591 703 189 27 teologiedoktorn
811 702 117 22 Gabriel

236 737 108 28 Geitlin;

178 771 34 21 för
226 771 124 28 Raseborgs
365 774 73 19 vestra
453 772 100 28 prosteri,
575 771 152 29 kyrkoherden
744 773 7 20 i
766 772 64 28 Ingo,
845 771 83 28 profes-

235 813 49 15 sorn
300 806 36 22 vid
351 806 93 28 Kejserl.
460 806 305 28 Alexanders-universitetet,
787 806 139 22 ordensleda-

235 843 82 21 moten,
340 840 210 29 filosofiemagistern
570 841 40 21 och
633 841 189 27 teologiedoktorm
844 841 84 21 Frans

235 876 100 28 Ludvig
350 876 157 28 Schauman;

177 910 34 22 för
225 904 83 28 Ålands
323 910 102 29 prosteri,
445 910 153 29 kyrkoherden
614 910 7 22 i
637 910 125 28 Kumlinge,
781 912 89 26 prosten
886 910 41 22 och

235 945 203 22 ordensledamoten
453 946 137 28 Benjamin
606 946 85 27 Sulin;

176 978 34 22 för
224 980 68 21 Wasa
302 980 77 27 nedre,
394 980 68 21 Wasa
472 980 55 28 öfre,
543 980 143 27 Jakobstads,
698 980 75 27 Lappo
786 980 39 21 och
838 979 88 21 Gamla-

234 1014 91 28 karleby
336 1014 122 28 prosterier,
474 1014 153 28 kyrkoherden
638 1014 7 21 i
657 1014 66 21 Wasa
735 1013 40 21 och
787 1014 139 26 Mustasaari,

234 1048 203 27 kontraktsprosten
453 1047 40 21 och
508 1047 204 22 ordensledamoten
731 1046 60 22 Otto
806 1047 119 21 Wilhelm

234 1082 142 27 Ehrström,
395 1081 153 29 kyrkoherden
563 1081 7 21 i
585 1081 128 27 Pedersöre,
733 1083 88 25 prosten
837 1081 40 21 och
893 1088 33 14 or-

235 1116 188 28 densledamoten,
436 1116 209 27 filosofiemagistern
659 1116 100 22 Henrik
767 1116 93 21 Heikel
871 1118 57 20 samt

233 1150 153 28 kyrkoherden
402 1151 7 21 i
424 1151 121 27 Kuortane,
561 1150 205 28 kontraktsprosten
783 1150 39 22 och
838 1150 80 22 ordens

233 1184 125 22 ledamoten
373 1185 62 21 Karl
450 1184 111 22 Fredrik
577 1184 142 28 Stenbäck;

176 1220 34 21 för
231 1220 155 26 kapellanerne
412 1219 7 21 i
441 1213 47 28 Äbo
515 1218 108 28 erkestift,
648 1218 133 28 kapellanen
804 1218 7 21 i
836 1218 89 28 Ilmola,

233 1254 137 28 vieepastorn
391 1253 40 21 och
449 1253 210 27 filosofiemagistern
679 1252 63 22 Karl
764 1252 96 22 Gustaf
877 1260 49 14 von

232 1288 94 25 Essen;

176 1320 33 22 för
228 1320 163 28 presterskapet
409 1320 5 20 i
436 1320 72 27 Borgå
529 1320 54 27 stift,
605 1319 54 21 efter
676 1320 7 20 i
699 1319 226 22 öfverensstämmelse

232 1354 50 21 med
297 1354 201 28 prestmötesbeslut
513 1353 25 21 af
550 1354 24 21 är
590 1354 53 20 1817
658 1353 110 22 anställda
783 1354 45 26 val,
844 1353 80 28 kyrko-

232 1389 81 22 herden
321 1389 7 20 i
336 1388 134 28 Lappträsk,
479 1387 204 29 gymnasiilektorn,
691 1389 88 26 prosten
788 1387 39 22 och
837 1387 88 22 ordens-

232 1424 132 27 ledamoten,
384 1422 210 28 filosofiemagistern
610 1421 148 23 Alexander
773 1421 153 22 Ferdinand

233 1458 134 27 Borenius,
386 1457 152 29 kyrkoherden
554 1457 6 21 i
575 1456 82 29 Mohla,
675 1459 88 26 prosten
783 1456 39 22 och
839 1456 87 22 ordens-
