1009 1742
201 150 41 21 380

240 214 37 20 Att
292 214 6 20 i
314 212 78 28 sjelfva
406 213 161 27 propositionen
583 215 31 19 ett
629 212 80 22 sådant
724 215 58 26 steg,
796 219 44 15 som
856 211 64 23 önsk-

171 248 40 27 ligt
226 248 65 27 varit,
308 247 49 21 icke
372 247 70 21 blifvit
457 247 48 21 fullt
520 249 95 25 uttaget,
632 247 99 21 deröfver
745 248 36 20 må
796 254 50 14 man
860 247 19 27 ej
896 247 25 21 så

171 282 88 28 mycket
281 282 111 27 förvånas,
417 288 46 14 som
485 282 48 21 icke
557 282 103 20 fastmera
679 281 59 22 öfver
759 282 41 21 den
819 281 102 21 tillbaka-

171 316 112 28 hållande,
308 316 42 21 den
373 317 31 20 att
419 315 41 28 jag
479 317 24 20 så
518 316 35 21 må
569 318 55 25 säga
640 315 141 28 skuggrädda
797 316 56 27 åsigt
868 316 8 20 i
891 315 29 21 af-

172 351 80 21 seende
273 351 13 21 å
305 350 61 22 detta
384 351 65 26 högst
468 351 83 27 vigtiga
570 350 90 27 ärende,
677 357 46 14 som
738 351 39 20 hos
793 350 93 21 flertalet
900 349 24 22 af

171 385 155 27 lagutskottets
349 385 140 21 medlemmar
512 385 77 28 tyckes
611 384 58 27 gjort
689 384 34 27 sig
741 385 109 26 gällande.
880 384 42 21 Väl

171 419 108 22 erkännes
301 419 133 27 riktigheten
457 419 24 20 af
499 418 78 28 sjelfva
592 418 112 28 principen
720 418 83 28 derom,
820 420 32 19 att
868 418 54 27 ogift

171 453 81 27 qvinna
274 453 67 21 borde
363 459 77 20 genom
463 453 38 27 lag
521 452 121 27 medgifvas
660 454 43 19 rätt
719 455 31 18 att
765 453 37 20 vid
817 451 105 29 uppnådd

170 487 92 28 lämplig
282 487 61 21 ålder
361 487 53 26 sjelf
426 486 93 21 förvalta
535 487 33 21 sin
584 486 116 27 egendom;
716 493 49 14 men
781 486 37 21 vid
833 486 88 21 hvilken

171 521 62 22 ålder
255 528 26 14 en
302 521 69 21 sådan
391 521 104 26 rättighet
509 520 67 22 borde
591 520 70 21 henne
677 521 154 27 tillerkännas,
847 520 74 21 derom

170 555 41 21 har
225 562 51 14 man
291 555 18 28 ej
325 555 84 20 kunnat
419 555 87 20 komma
516 555 6 20 i
533 554 39 21 full
583 554 234 28 öfverensstämmelse,
829 554 92 21 emedan

170 597 51 14 man
243 591 52 20 trott
317 589 34 27 sig
370 589 53 21 böra
441 589 122 21 fränkänna
579 589 95 27 gvinnan
691 595 83 15 samma
789 587 131 28 ,förstånds-

171 624 90 28 skärpa,
284 623 69 22 allvar
375 623 41 21 och
436 623 188 28 sjelfständighet*
647 630 46 14 som
707 630 94 14 mannen
817 625 53 25 äger
884 622 38 22 vid

171 658 94 28 tjuguett
288 658 35 21 års
345 657 67 22 ålder.
441 657 31 22 Af
487 657 126 28 ogrundade
628 657 116 28 premisser
759 657 97 22 kommer
871 664 50 15 man

171 692 181 28 ovedersägligen
371 693 32 20 att
421 692 45 21 låta
482 692 33 27 sig
530 691 62 22 ledas
608 692 33 21 till
657 694 71 19 orätta
744 692 119 27 slutsatser,
880 691 40 22 och

171 734 50 14 man
243 726 40 21 har
302 726 7 21 i
330 725 103 22 afseende
453 727 14 20 å
486 725 113 28 förmågan
614 726 39 21 hos
669 726 95 27 qvinnan
781 728 31 19 att
827 726 94 21 förvalta

170 761 34 22 sin
220 760 107 28 egendom
342 760 90 21 kommit
447 760 33 21 till
496 760 42 21 den
555 760 161 28 öfvertygelsen
731 762 32 19 att
779 760 37 21 vid
827 760 41 21 den
879 760 41 21 tid-

170 794 79 29 punkt,
265 797 40 18 när
318 793 96 27 utsigten
429 795 32 20 att
475 793 23 22 få
513 794 34 27 sig
561 801 60 20 man,
638 794 71 27 börjat
724 795 99 26 mörkna,
840 794 20 21 d.
871 801 19 14 v.
902 801 18 19 s,

170 831 40 19 när
224 828 43 21 hon
283 828 91 27 uppnått
390 827 41 22 den
447 828 8 21 i
469 828 45 21 alla
529 827 56 22 tider
600 827 33 22 för
648 835 26 14 en
691 828 53 27 ogift
758 828 81 27 qvinna
849 828 25 21 så
884 828 36 21 be-

170 862 125 22 tecknande
317 861 76 21 åldern
416 861 25 21 af
460 863 103 27 tjugufem
582 863 30 26 år,
629 862 28 21 då
672 863 71 21 skulle
758 863 50 20 med
824 869 38 15 ens
876 862 44 21 hon

170 896 119 22 innehafva
311 896 42 22 den
375 896 215 28 ,förståndsskärpa,
611 896 37 22 det
662 897 70 21 allvar
747 897 41 21 och
803 897 42 21 den
861 896 59 28 sjelf-

170 931 148 28 ständighet,*
336 937 46 15 som
397 930 8 22 i
419 930 143 22 förevarande
578 931 39 21 fall
632 931 70 22 blifvit
717 931 116 22 förutsatta
848 931 72 22 såsom

170 965 145 29 oeftergifliga
332 965 71 21 vilkor
417 965 33 21 för
465 965 144 28 likställighet
624 966 50 21 med
689 973 94 15 mannen
798 966 37 21 vid
850 966 70 28 tjugu-

171 1002 30 20 ett
217 1000 35 22 års
268 1000 67 21 ålder.
365 1000 67 20 Detta
447 1006 34 15 om
497 1000 159 27 förvaltningen
672 1000 25 21 af
711 1002 49 26 eget
775 1001 62 27 gods.

238 1034 63 22 Hvad
320 1034 47 20 åter
385 1034 103 20 beträffar
503 1034 107 27 qvinnans
625 1037 43 19 rätt
683 1035 7 20 i
706 1035 50 21 dess
771 1034 33 22 för
819 1035 61 21 lifvet
896 1035 24 21 så

170 1068 84 28 vigtiga
269 1068 170 27 angelägenhet,
459 1068 50 21 dess
525 1068 108 27 ingående
647 1068 8 21 i
670 1068 129 28 äktenskap,
815 1068 40 22 har
870 1075 50 15 man

170 1103 58 21 inom
251 1108 27 15 en
300 1101 95 21 fraktion
413 1101 24 21 af
450 1102 105 21 utskottet
571 1104 88 20 stannat
673 1102 38 22 vid
725 1104 30 20 ett
769 1102 150 28 betänkande,

171 1143 46 15 som
239 1136 132 21 frånkänner
394 1136 95 26 qvinnan
510 1136 29 21 all
558 1136 99 28 förmåga
672 1139 32 19 att
719 1138 72 20 såsom
807 1137 113 27 förnuftigt

169 1170 26 22 fri
216 1170 114 21 menniska
350 1169 74 21 kunna
439 1169 82 22 handla
535 1170 7 21 i
558 1170 37 22 sitt
610 1170 83 28 hjertas
709 1171 128 28 dyrbaraste
852 1177 66 21 ange-

169 1204 112 28 lägenhet,
302 1203 68 22 under
389 1204 37 20 det
441 1206 32 19 att
489 1210 26 15 en
530 1211 73 15 annan
618 1204 95 22 fraktion
729 1212 60 14 mera
803 1205 116 22 frisinnadt

170 1238 49 22 låtit
237 1238 42 21 den
298 1238 33 21 till
351 1238 105 27 tjugufem
471 1238 36 22 års
522 1238 61 22 ålder
598 1238 81 22 komna
694 1239 69 28 ogifta
778 1240 95 26 gvinnan
889 1239 30 21 äf-

170 1279 41 15 ven
226 1272 8 21 i
249 1272 104 21 afseende
368 1272 13 20 å
397 1272 135 28 äktenskaps
547 1273 109 26 ingående
671 1274 54 20 råda
741 1274 59 20 öfver
815 1275 34 25 sig
860 1274 59 26 sjelf,

170 1305 41 21 och
227 1305 60 21 detta
301 1306 29 26 på
345 1305 25 21 så
385 1305 91 27 kraftigt
491 1306 88 20 talande
595 1306 58 27 skäl,
670 1308 31 19 att
716 1307 49 20 icke
776 1307 72 27 någon
859 1306 61 27 skilj-

171 1338 99 28 aktighet
285 1338 58 21 inom
359 1338 105 22 utskottet
479 1340 48 20 bort
545 1340 74 21 kunna
640 1341 85 27 uppstå.
755 1340 166 22 Reservationer

171 1372 33 22 till
227 1374 31 20 ett
281 1372 60 22 antal
361 1372 25 21 af
399 1372 29 22 tio
445 1375 36 19 äro
497 1374 128 28 visserligen
641 1376 57 20 emot
713 1375 117 21 utskottets
845 1374 75 22 betän-

171 1406 72 22 kande
265 1406 88 29 gjorda;
373 1414 49 14 men
443 1407 63 22 äfven
521 1408 76 22 ibland
613 1408 64 22 dessa
692 1410 77 28 tyckes
784 1410 44 26 mig
843 1408 77 24 endast

171 1449 24 14 en
211 1442 72 21 träffat
299 1442 121 27 sanningen
436 1444 101 20 närmast.
