<?xml version="1.0" encoding="UTF-8"?>
<alto xmlns="http://www.loc.gov/standards/alto/ns-v3#" xmlns:xlink="http://www.w3.org/1999/xlink" xmlns:xsi="http://www.w3.org/2001/XMLSchema-instance" xsi:schemaLocation="http://www.loc.gov/standards/alto/ns-v3# http://www.loc.gov/alto/v3/alto-3-0.xsd">
	<Description>
		<MeasurementUnit>pixel</MeasurementUnit>
		<sourceImageInformation>
			<fileName>/tmp/tess_8y_pr6_t_input.PNG</fileName>
		</sourceImageInformation>
		<OCRProcessing ID="OCR_0">
			<ocrProcessingStep>
				<processingSoftware>
					<softwareName>tesseract 5.3.4</softwareName>
				</processingSoftware>
			</ocrProcessingStep>
		</OCRProcessing>
	</Description>
	<Layout>
		<Page WIDTH="1025" HEIGHT="1695" PHYSICAL_IMG_NR="0" ID="page_0">
			<PrintSpace HPOS="0" VPOS="0" WIDTH="1025" HEIGHT="1695">
				<ComposedBlock ID="cblock_0" HPOS="791" VPOS="141" WIDTH="37" HEIGHT="20">
					<TextBlock ID="block_0" HPOS="791" VPOS="141" WIDTH="37" HEIGHT="20">
						<TextLine ID="line_0" HPOS="791" VPOS="141" WIDTH="37" HEIGHT="20">
							<String ID="string_0" HPOS="791" VPOS="141" WIDTH="37" HEIGHT="20" WC="0.82" CONTENT="351"/>
						</TextLine>
					</TextBlock>
				</ComposedBlock>
				<ComposedBlock ID="cblock_1" HPOS="84" VPOS="204" WIDTH="775" HEIGHT="1254">
					<TextBlock ID="block_1" HPOS="84" VPOS="204" WIDTH="775" HEIGHT="1254">
						<TextLine ID="line_1" HPOS="108" VPOS="204" WIDTH="748" HEIGHT="29">
							<String ID="string_1" HPOS="108" VPOS="204" WIDTH="43" HEIGHT="22" WC="0.93" CONTENT="hon"/><SP WIDTH="18" VPOS="204" HPOS="151"/>
							<String ID="string_2" HPOS="169" VPOS="204" WIDTH="48" HEIGHT="29" WC="0.91" CONTENT="fyllt"/><SP WIDTH="16" VPOS="204" HPOS="217"/>
							<String ID="string_3" HPOS="233" VPOS="205" WIDTH="25" HEIGHT="20" WC="0.96" CONTENT="25"/><SP WIDTH="17" VPOS="205" HPOS="258"/>
							<String ID="string_4" HPOS="275" VPOS="205" WIDTH="23" HEIGHT="20" WC="0.96" CONTENT="är"/><SP WIDTH="16" VPOS="205" HPOS="298"/>
							<String ID="string_5" HPOS="314" VPOS="205" WIDTH="52" HEIGHT="28" WC="0.93" CONTENT="(den"/><SP WIDTH="16" VPOS="205" HPOS="366"/>
							<String ID="string_6" HPOS="382" VPOS="204" WIDTH="61" HEIGHT="22" WC="0.92" CONTENT="säväl"/><SP WIDTH="16" VPOS="204" HPOS="443"/>
							<String ID="string_7" HPOS="459" VPOS="205" WIDTH="6" HEIGHT="21" WC="0.96" CONTENT="i"/><SP WIDTH="16" VPOS="205" HPOS="465"/>
							<String ID="string_8" HPOS="481" VPOS="204" WIDTH="41" HEIGHT="22" WC="0.93" CONTENT="den"/><SP WIDTH="16" VPOS="204" HPOS="522"/>
							<String ID="string_9" HPOS="538" VPOS="205" WIDTH="81" HEIGHT="27" WC="0.91" CONTENT="nädiga"/><SP WIDTH="16" VPOS="205" HPOS="619"/>
							<String ID="string_10" HPOS="635" VPOS="205" WIDTH="161" HEIGHT="27" WC="0.96" CONTENT="propositionen"/><SP WIDTH="15" VPOS="205" HPOS="796"/>
							<String ID="string_11" HPOS="811" VPOS="211" WIDTH="45" HEIGHT="14" WC="0.96" CONTENT="som"/>
						</TextLine>
						<TextLine ID="line_2" HPOS="108" VPOS="238" WIDTH="748" HEIGHT="28">
							<String ID="string_12" HPOS="108" VPOS="239" WIDTH="24" HEIGHT="20" WC="0.92" CONTENT="af"/><SP WIDTH="18" VPOS="239" HPOS="132"/>
							<String ID="string_13" HPOS="150" VPOS="239" WIDTH="105" HEIGHT="21" WC="0.96" CONTENT="utskottet"/><SP WIDTH="20" VPOS="239" HPOS="255"/>
							<String ID="string_14" HPOS="275" VPOS="239" WIDTH="32" HEIGHT="20" WC="0.93" CONTENT="för"/><SP WIDTH="18" VPOS="239" HPOS="307"/>
							<String ID="string_15" HPOS="325" VPOS="239" WIDTH="107" HEIGHT="26" WC="0.91" CONTENT="qvinnans"/><SP WIDTH="17" VPOS="239" HPOS="432"/>
							<String ID="string_16" HPOS="449" VPOS="239" WIDTH="126" HEIGHT="27" WC="0.96" CONTENT="myndighet"/><SP WIDTH="15" VPOS="239" HPOS="575"/>
							<String ID="string_17" HPOS="590" VPOS="239" WIDTH="125" HEIGHT="26" WC="0.93" CONTENT="föreslagna"/><SP WIDTH="15" VPOS="239" HPOS="715"/>
							<String ID="string_18" HPOS="730" VPOS="238" WIDTH="70" HEIGHT="27" WC="0.93" CONTENT="ålder)"/><SP WIDTH="16" VPOS="238" HPOS="800"/>
							<String ID="string_19" HPOS="816" VPOS="238" WIDTH="40" HEIGHT="21" WC="0.93" CONTENT="lik-"/>
						</TextLine>
						<TextLine ID="line_3" HPOS="108" VPOS="271" WIDTH="748" HEIGHT="30">
							<String ID="string_20" HPOS="108" VPOS="273" WIDTH="35" HEIGHT="21" WC="0.93" CONTENT="väl"/><SP WIDTH="16" VPOS="273" HPOS="143"/>
							<String ID="string_21" HPOS="159" VPOS="273" WIDTH="132" HEIGHT="21" WC="0.92" CONTENT="fortfarande"/><SP WIDTH="16" VPOS="273" HPOS="291"/>
							<String ID="string_22" HPOS="307" VPOS="273" WIDTH="57" HEIGHT="21" WC="0.95" CONTENT="skall"/><SP WIDTH="11" VPOS="273" HPOS="364"/>
							<String ID="string_23" HPOS="375" VPOS="273" WIDTH="34" HEIGHT="21" WC="0.96" CONTENT="stä"/><SP WIDTH="11" VPOS="273" HPOS="409"/>
							<String ID="string_24" HPOS="420" VPOS="273" WIDTH="67" HEIGHT="20" WC="0.93" CONTENT="under"/><SP WIDTH="10" VPOS="273" HPOS="487"/>
							<String ID="string_25" HPOS="497" VPOS="273" WIDTH="202" HEIGHT="28" WC="0.92" CONTENT="förmyndarevärd,"/><SP WIDTH="15" VPOS="273" HPOS="699"/>
							<String ID="string_26" HPOS="714" VPOS="272" WIDTH="89" HEIGHT="21" WC="0.93" CONTENT="säframt"/><SP WIDTH="11" VPOS="272" HPOS="803"/>
							<String ID="string_27" HPOS="814" VPOS="271" WIDTH="42" HEIGHT="22" WC="0.96" CONTENT="hon"/>
						</TextLine>
						<TextLine ID="line_4" HPOS="109" VPOS="306" WIDTH="748" HEIGHT="28">
							<String ID="string_28" HPOS="109" VPOS="307" WIDTH="19" HEIGHT="26" WC="0.96" CONTENT="ej"/><SP WIDTH="17" VPOS="307" HPOS="128"/>
							<String ID="string_29" HPOS="145" VPOS="307" WIDTH="37" HEIGHT="21" WC="0.96" CONTENT="vid"/><SP WIDTH="16" VPOS="307" HPOS="182"/>
							<String ID="string_30" HPOS="198" VPOS="307" WIDTH="42" HEIGHT="20" WC="0.96" CONTENT="den"/><SP WIDTH="16" VPOS="307" HPOS="240"/>
							<String ID="string_31" HPOS="256" VPOS="307" WIDTH="102" HEIGHT="27" WC="0.92" CONTENT="domstol,"/><SP WIDTH="21" VPOS="307" HPOS="358"/>
							<String ID="string_32" HPOS="379" VPOS="306" WIDTH="121" HEIGHT="21" WC="0.91" CONTENT="hvarunder"/><SP WIDTH="15" VPOS="306" HPOS="500"/>
							<String ID="string_33" HPOS="515" VPOS="307" WIDTH="42" HEIGHT="20" WC="0.93" CONTENT="hon"/><SP WIDTH="15" VPOS="307" HPOS="557"/>
							<String ID="string_34" HPOS="572" VPOS="307" WIDTH="68" HEIGHT="27" WC="0.96" CONTENT="lyder,"/><SP WIDTH="20" VPOS="307" HPOS="640"/>
							<String ID="string_35" HPOS="660" VPOS="306" WIDTH="97" HEIGHT="21" WC="0.93" CONTENT="anmäler"/><SP WIDTH="15" VPOS="306" HPOS="757"/>
							<String ID="string_36" HPOS="772" VPOS="306" WIDTH="33" HEIGHT="21" WC="0.93" CONTENT="sin"/><SP WIDTH="16" VPOS="306" HPOS="805"/>
							<String ID="string_37" HPOS="821" VPOS="308" WIDTH="36" HEIGHT="19" WC="0.90" CONTENT="ön-"/>
						</TextLine>
						<TextLine ID="line_5" HPOS="110" VPOS="339" WIDTH="747" HEIGHT="29">
							<String ID="string_38" HPOS="110" VPOS="341" WIDTH="55" HEIGHT="21" WC="0.92" CONTENT="skan"/><SP WIDTH="17" VPOS="341" HPOS="165"/>
							<String ID="string_39" HPOS="182" VPOS="343" WIDTH="31" HEIGHT="18" WC="0.93" CONTENT="att"/><SP WIDTH="15" VPOS="343" HPOS="213"/>
							<String ID="string_40" HPOS="228" VPOS="340" WIDTH="68" HEIGHT="22" WC="0.92" CONTENT="varda"/><SP WIDTH="16" VPOS="340" HPOS="296"/>
							<String ID="string_41" HPOS="312" VPOS="340" WIDTH="95" HEIGHT="28" WC="0.92" CONTENT="myndig."/><SP WIDTH="30" VPOS="340" HPOS="407"/>
							<String ID="string_42" HPOS="437" VPOS="341" WIDTH="73" HEIGHT="26" WC="0.96" CONTENT="Enligt"/><SP WIDTH="15" VPOS="341" HPOS="510"/>
							<String ID="string_43" HPOS="525" VPOS="340" WIDTH="44" HEIGHT="21" WC="0.93" CONTENT="min"/><SP WIDTH="16" VPOS="340" HPOS="569"/>
							<String ID="string_44" HPOS="585" VPOS="340" WIDTH="57" HEIGHT="27" WC="0.92" CONTENT="äsigt"/><SP WIDTH="15" VPOS="340" HPOS="642"/>
							<String ID="string_45" HPOS="657" VPOS="340" WIDTH="66" HEIGHT="21" WC="0.93" CONTENT="borde"/><SP WIDTH="18" VPOS="340" HPOS="723"/>
							<String ID="string_46" HPOS="741" VPOS="339" WIDTH="116" HEIGHT="22" WC="0.90" CONTENT="förhällan-"/>
						</TextLine>
						<TextLine ID="line_6" HPOS="109" VPOS="375" WIDTH="749" HEIGHT="28">
							<String ID="string_47" HPOS="109" VPOS="375" WIDTH="37" HEIGHT="21" WC="0.95" CONTENT="det"/><SP WIDTH="15" VPOS="375" HPOS="146"/>
							<String ID="string_48" HPOS="161" VPOS="377" WIDTH="47" HEIGHT="19" WC="0.95" CONTENT="rent"/><SP WIDTH="16" VPOS="377" HPOS="208"/>
							<String ID="string_49" HPOS="224" VPOS="375" WIDTH="24" HEIGHT="21" WC="0.96" CONTENT="af"/><SP WIDTH="14" VPOS="375" HPOS="248"/>
							<String ID="string_50" HPOS="262" VPOS="382" WIDTH="52" HEIGHT="14" WC="0.93" CONTENT="vara"/><SP WIDTH="15" VPOS="382" HPOS="314"/>
							<String ID="string_51" HPOS="329" VPOS="375" WIDTH="112" HEIGHT="27" WC="0.91" CONTENT="omvändt,"/><SP WIDTH="21" VPOS="375" HPOS="441"/>
							<String ID="string_52" HPOS="462" VPOS="375" WIDTH="25" HEIGHT="21" WC="0.96" CONTENT="sä"/><SP WIDTH="16" VPOS="375" HPOS="487"/>
							<String ID="string_53" HPOS="503" VPOS="377" WIDTH="31" HEIGHT="19" WC="0.93" CONTENT="att"/><SP WIDTH="16" VPOS="377" HPOS="534"/>
							<String ID="string_54" HPOS="550" VPOS="376" WIDTH="90" HEIGHT="27" WC="0.92" CONTENT="gvinna,"/><SP WIDTH="15" VPOS="376" HPOS="640"/>
							<String ID="string_55" HPOS="655" VPOS="377" WIDTH="40" HEIGHT="19" WC="0.96" CONTENT="när"/><SP WIDTH="16" VPOS="377" HPOS="695"/>
							<String ID="string_56" HPOS="711" VPOS="375" WIDTH="41" HEIGHT="21" WC="0.93" CONTENT="hon"/><SP WIDTH="14" VPOS="375" HPOS="752"/>
							<String ID="string_57" HPOS="766" VPOS="375" WIDTH="92" HEIGHT="27" WC="0.92" CONTENT="uppnätt"/>
						</TextLine>
						<TextLine ID="line_7" HPOS="109" VPOS="409" WIDTH="749" HEIGHT="27">
							<String ID="string_58" HPOS="109" VPOS="409" WIDTH="44" HEIGHT="21" WC="0.93" CONTENT="viss"/><SP WIDTH="16" VPOS="409" HPOS="153"/>
							<String ID="string_59" HPOS="169" VPOS="409" WIDTH="66" HEIGHT="27" WC="0.95" CONTENT="ålder,"/><SP WIDTH="17" VPOS="409" HPOS="235"/>
							<String ID="string_60" HPOS="252" VPOS="411" WIDTH="51" HEIGHT="19" WC="0.93" CONTENT="utan"/><SP WIDTH="17" VPOS="411" HPOS="303"/>
							<String ID="string_61" HPOS="320" VPOS="409" WIDTH="68" HEIGHT="27" WC="0.96" CONTENT="några"/><SP WIDTH="15" VPOS="409" HPOS="388"/>
							<String ID="string_62" HPOS="403" VPOS="409" WIDTH="74" HEIGHT="21" WC="0.96" CONTENT="vidare"/><SP WIDTH="16" VPOS="409" HPOS="477"/>
							<String ID="string_63" HPOS="493" VPOS="409" WIDTH="185" HEIGHT="27" WC="0.96" CONTENT="omständigheter"/><SP WIDTH="14" VPOS="409" HPOS="678"/>
							<String ID="string_64" HPOS="692" VPOS="411" WIDTH="23" HEIGHT="19" WC="0.61" CONTENT="är"/><SP WIDTH="11" VPOS="411" HPOS="715"/>
							<String ID="string_65" HPOS="726" VPOS="409" WIDTH="7" HEIGHT="20" WC="0.61" CONTENT="i"/><SP WIDTH="11" VPOS="409" HPOS="733"/>
							<String ID="string_66" HPOS="744" VPOS="409" WIDTH="43" HEIGHT="20" WC="0.91" CONTENT="allo"/><SP WIDTH="11" VPOS="409" HPOS="787"/>
							<String ID="string_67" HPOS="798" VPOS="415" WIDTH="60" HEIGHT="21" WC="0.91" CONTENT="myn-"/>
						</TextLine>
						<TextLine ID="line_8" HPOS="109" VPOS="442" WIDTH="749" HEIGHT="29">
							<String ID="string_68" HPOS="109" VPOS="444" WIDTH="47" HEIGHT="27" WC="0.93" CONTENT="dig,"/><SP WIDTH="23" VPOS="444" HPOS="156"/>
							<String ID="string_69" HPOS="179" VPOS="445" WIDTH="57" HEIGHT="19" WC="0.92" CONTENT="utom"/><SP WIDTH="21" VPOS="445" HPOS="236"/>
							<String ID="string_70" HPOS="257" VPOS="444" WIDTH="7" HEIGHT="20" WC="0.94" CONTENT="i"/><SP WIDTH="20" VPOS="444" HPOS="264"/>
							<String ID="string_71" HPOS="284" VPOS="443" WIDTH="37" HEIGHT="21" WC="0.96" CONTENT="det"/><SP WIDTH="19" VPOS="443" HPOS="321"/>
							<String ID="string_72" HPOS="340" VPOS="443" WIDTH="47" HEIGHT="28" WC="0.96" CONTENT="fall,"/><SP WIDTH="20" VPOS="443" HPOS="387"/>
							<String ID="string_73" HPOS="407" VPOS="446" WIDTH="38" HEIGHT="18" WC="0.96" CONTENT="när"/><SP WIDTH="14" VPOS="446" HPOS="445"/>
							<String ID="string_74" HPOS="459" VPOS="443" WIDTH="43" HEIGHT="21" WC="0.96" CONTENT="hon"/><SP WIDTH="15" VPOS="443" HPOS="502"/>
							<String ID="string_75" HPOS="517" VPOS="443" WIDTH="56" HEIGHT="21" WC="0.96" CONTENT="inför"/><SP WIDTH="16" VPOS="443" HPOS="573"/>
							<String ID="string_76" HPOS="589" VPOS="443" WIDTH="91" HEIGHT="21" WC="0.96" CONTENT="domstol"/><SP WIDTH="17" VPOS="443" HPOS="680"/>
							<String ID="string_77" HPOS="697" VPOS="450" WIDTH="37" HEIGHT="20" WC="0.93" CONTENT="ger"/><SP WIDTH="16" VPOS="450" HPOS="734"/>
							<String ID="string_78" HPOS="750" VPOS="442" WIDTH="108" HEIGHT="22" WC="0.92" CONTENT="tillkänna"/>
						</TextLine>
						<TextLine ID="line_9" HPOS="108" VPOS="476" WIDTH="749" HEIGHT="29">
							<String ID="string_79" HPOS="108" VPOS="478" WIDTH="34" HEIGHT="21" WC="0.93" CONTENT="sin"/><SP WIDTH="16" VPOS="478" HPOS="142"/>
							<String ID="string_80" HPOS="158" VPOS="478" WIDTH="84" HEIGHT="21" WC="0.96" CONTENT="önskan"/><SP WIDTH="16" VPOS="478" HPOS="242"/>
							<String ID="string_81" HPOS="258" VPOS="480" WIDTH="32" HEIGHT="18" WC="0.93" CONTENT="att"/><SP WIDTH="15" VPOS="480" HPOS="290"/>
							<String ID="string_82" HPOS="305" VPOS="478" WIDTH="133" HEIGHT="20" WC="0.96" CONTENT="fortfarande"/><SP WIDTH="16" VPOS="478" HPOS="438"/>
							<String ID="string_83" HPOS="454" VPOS="478" WIDTH="33" HEIGHT="21" WC="0.96" CONTENT="stä"/><SP WIDTH="16" VPOS="478" HPOS="487"/>
							<String ID="string_84" HPOS="503" VPOS="478" WIDTH="67" HEIGHT="21" WC="0.93" CONTENT="under"/><SP WIDTH="14" VPOS="478" HPOS="570"/>
							<String ID="string_85" HPOS="584" VPOS="477" WIDTH="144" HEIGHT="28" WC="0.94" CONTENT="förmyndare."/><SP WIDTH="25" VPOS="477" HPOS="728"/>
							<String ID="string_86" HPOS="753" VPOS="476" WIDTH="63" HEIGHT="22" WC="0.91" CONTENT="Hvad"/><SP WIDTH="12" VPOS="476" HPOS="816"/>
							<String ID="string_87" HPOS="828" VPOS="476" WIDTH="29" HEIGHT="21" WC="0.91" CONTENT="ål-"/>
						</TextLine>
						<TextLine ID="line_10" HPOS="109" VPOS="510" WIDTH="749" HEIGHT="29">
							<String ID="string_88" HPOS="109" VPOS="512" WIDTH="53" HEIGHT="21" WC="0.93" CONTENT="dern"/><SP WIDTH="16" VPOS="512" HPOS="162"/>
							<String ID="string_89" HPOS="178" VPOS="512" WIDTH="73" HEIGHT="27" WC="0.95" CONTENT="angår,"/><SP WIDTH="17" VPOS="512" HPOS="251"/>
							<String ID="string_90" HPOS="268" VPOS="511" WIDTH="78" HEIGHT="28" WC="0.96" CONTENT="borde,"/><SP WIDTH="17" VPOS="511" HPOS="346"/>
							<String ID="string_91" HPOS="363" VPOS="512" WIDTH="67" HEIGHT="26" WC="0.96" CONTENT="enligt"/><SP WIDTH="16" VPOS="512" HPOS="430"/>
							<String ID="string_92" HPOS="446" VPOS="512" WIDTH="43" HEIGHT="20" WC="0.96" CONTENT="min"/><SP WIDTH="16" VPOS="512" HPOS="489"/>
							<String ID="string_93" HPOS="505" VPOS="512" WIDTH="75" HEIGHT="27" WC="0.93" CONTENT="tanke,"/><SP WIDTH="17" VPOS="512" HPOS="580"/>
							<String ID="string_94" HPOS="597" VPOS="510" WIDTH="261" HEIGHT="29" WC="0.91" CONTENT="myndighetstillståndet"/>
						</TextLine>
						<TextLine ID="line_11" HPOS="109" VPOS="545" WIDTH="747" HEIGHT="28">
							<String ID="string_95" HPOS="109" VPOS="546" WIDTH="33" HEIGHT="21" WC="0.96" CONTENT="för"/><SP WIDTH="22" VPOS="546" HPOS="142"/>
							<String ID="string_96" HPOS="164" VPOS="546" WIDTH="70" HEIGHT="21" WC="0.96" CONTENT="henne"/><SP WIDTH="23" VPOS="546" HPOS="234"/>
							<String ID="string_97" HPOS="257" VPOS="546" WIDTH="93" HEIGHT="20" WC="0.96" CONTENT="likasom"/><SP WIDTH="23" VPOS="546" HPOS="350"/>
							<String ID="string_98" HPOS="373" VPOS="546" WIDTH="33" HEIGHT="21" WC="0.96" CONTENT="för"/><SP WIDTH="21" VPOS="546" HPOS="406"/>
							<String ID="string_99" HPOS="427" VPOS="552" WIDTH="93" HEIGHT="15" WC="0.95" CONTENT="mannen"/><SP WIDTH="22" VPOS="552" HPOS="520"/>
							<String ID="string_100" HPOS="542" VPOS="546" WIDTH="87" HEIGHT="20" WC="0.96" CONTENT="inträda"/><SP WIDTH="19" VPOS="546" HPOS="629"/>
							<String ID="string_101" HPOS="648" VPOS="545" WIDTH="37" HEIGHT="21" WC="0.96" CONTENT="vid"/><SP WIDTH="14" VPOS="545" HPOS="685"/>
							<String ID="string_102" HPOS="699" VPOS="545" WIDTH="70" HEIGHT="28" WC="0.96" CONTENT="fyllda"/><SP WIDTH="15" VPOS="545" HPOS="769"/>
							<String ID="string_103" HPOS="784" VPOS="546" WIDTH="25" HEIGHT="19" WC="0.95" CONTENT="21"/><SP WIDTH="18" VPOS="546" HPOS="809"/>
							<String ID="string_104" HPOS="827" VPOS="545" WIDTH="29" HEIGHT="20" WC="0.95" CONTENT="år."/>
						</TextLine>
						<TextLine ID="line_12" HPOS="109" VPOS="578" WIDTH="748" HEIGHT="23">
							<String ID="string_105" HPOS="109" VPOS="580" WIDTH="103" HEIGHT="21" WC="0.92" CONTENT="Hvarken"/><SP WIDTH="20" VPOS="580" HPOS="212"/>
							<String ID="string_106" HPOS="232" VPOS="579" WIDTH="27" HEIGHT="22" WC="0.96" CONTENT="de"/><SP WIDTH="23" VPOS="579" HPOS="259"/>
							<String ID="string_107" HPOS="282" VPOS="579" WIDTH="25" HEIGHT="21" WC="0.93" CONTENT="af"/><SP WIDTH="15" VPOS="579" HPOS="307"/>
							<String ID="string_108" HPOS="322" VPOS="580" WIDTH="105" HEIGHT="21" WC="0.96" CONTENT="utskottet"/><SP WIDTH="16" VPOS="580" HPOS="427"/>
							<String ID="string_109" HPOS="443" VPOS="580" WIDTH="53" HEIGHT="21" WC="0.95" CONTENT="eller"/><SP WIDTH="15" VPOS="580" HPOS="496"/>
							<String ID="string_110" HPOS="511" VPOS="580" WIDTH="24" HEIGHT="21" WC="0.93" CONTENT="af"/><SP WIDTH="12" VPOS="580" HPOS="535"/>
							<String ID="string_111" HPOS="547" VPOS="582" WIDTH="139" HEIGHT="19" WC="0.91" CONTENT="reservanten"/><SP WIDTH="17" VPOS="582" HPOS="686"/>
							<String ID="string_112" HPOS="703" VPOS="579" WIDTH="91" HEIGHT="21" WC="0.96" CONTENT="anförda"/><SP WIDTH="15" VPOS="579" HPOS="794"/>
							<String ID="string_113" HPOS="809" VPOS="578" WIDTH="48" HEIGHT="22" WC="0.96" CONTENT="skäl"/>
						</TextLine>
						<TextLine ID="line_13" HPOS="109" VPOS="612" WIDTH="748" HEIGHT="30">
							<String ID="string_114" HPOS="109" VPOS="614" WIDTH="65" HEIGHT="21" WC="0.87" CONTENT="hafva"/><SP WIDTH="22" VPOS="614" HPOS="174"/>
							<String ID="string_115" HPOS="196" VPOS="614" WIDTH="108" HEIGHT="27" WC="0.91" CONTENT="nemligen"/><SP WIDTH="23" VPOS="614" HPOS="304"/>
							<String ID="string_116" HPOS="327" VPOS="614" WIDTH="83" HEIGHT="21" WC="0.92" CONTENT="kunnat"/><SP WIDTH="23" VPOS="614" HPOS="410"/>
							<String ID="string_117" HPOS="433" VPOS="614" WIDTH="112" HEIGHT="28" WC="0.92" CONTENT="öfvertyga"/><SP WIDTH="20" VPOS="614" HPOS="545"/>
							<String ID="string_118" HPOS="565" VPOS="614" WIDTH="45" HEIGHT="26" WC="0.96" CONTENT="mig"/><SP WIDTH="15" VPOS="614" HPOS="610"/>
							<String ID="string_119" HPOS="625" VPOS="613" WIDTH="82" HEIGHT="27" WC="0.96" CONTENT="derom,"/><SP WIDTH="17" VPOS="613" HPOS="707"/>
							<String ID="string_120" HPOS="724" VPOS="615" WIDTH="32" HEIGHT="19" WC="0.96" CONTENT="att"/><SP WIDTH="15" VPOS="615" HPOS="756"/>
							<String ID="string_121" HPOS="771" VPOS="613" WIDTH="28" HEIGHT="21" WC="0.96" CONTENT="då"/><SP WIDTH="16" VPOS="613" HPOS="799"/>
							<String ID="string_122" HPOS="815" VPOS="612" WIDTH="42" HEIGHT="22" WC="0.96" CONTENT="den"/>
						</TextLine>
						<TextLine ID="line_14" HPOS="109" VPOS="646" WIDTH="748" HEIGHT="30">
							<String ID="string_123" HPOS="109" VPOS="655" WIDTH="56" HEIGHT="21" WC="0.96" CONTENT="unge"/><SP WIDTH="21" VPOS="655" HPOS="165"/>
							<String ID="string_124" HPOS="186" VPOS="654" WIDTH="93" HEIGHT="15" WC="0.95" CONTENT="mannen"/><SP WIDTH="15" VPOS="654" HPOS="279"/>
							<String ID="string_125" HPOS="294" VPOS="648" WIDTH="36" HEIGHT="21" WC="0.95" CONTENT="vid"/><SP WIDTH="17" VPOS="648" HPOS="330"/>
							<String ID="string_126" HPOS="347" VPOS="648" WIDTH="72" HEIGHT="21" WC="0.96" CONTENT="denna"/><SP WIDTH="15" VPOS="648" HPOS="419"/>
							<String ID="string_127" HPOS="434" VPOS="648" WIDTH="61" HEIGHT="21" WC="0.96" CONTENT="ålder"/><SP WIDTH="15" VPOS="648" HPOS="495"/>
							<String ID="string_128" HPOS="510" VPOS="655" WIDTH="64" HEIGHT="14" WC="0.96" CONTENT="anses"/><SP WIDTH="16" VPOS="655" HPOS="574"/>
							<String ID="string_129" HPOS="590" VPOS="647" WIDTH="66" HEIGHT="21" WC="0.96" CONTENT="hafva"/><SP WIDTH="15" VPOS="647" HPOS="656"/>
							<String ID="string_130" HPOS="671" VPOS="647" WIDTH="75" HEIGHT="21" WC="0.93" CONTENT="vunnit"/><SP WIDTH="15" VPOS="647" HPOS="746"/>
							<String ID="string_131" HPOS="761" VPOS="646" WIDTH="96" HEIGHT="22" WC="0.92" CONTENT="tillräck-"/>
						</TextLine>
						<TextLine ID="line_15" HPOS="108" VPOS="681" WIDTH="749" HEIGHT="29">
							<String ID="string_132" HPOS="108" VPOS="684" WIDTH="34" HEIGHT="26" WC="0.96" CONTENT="lig"/><SP WIDTH="12" VPOS="684" HPOS="142"/>
							<String ID="string_133" HPOS="154" VPOS="682" WIDTH="94" HEIGHT="28" WC="0.96" CONTENT="mognad"/><SP WIDTH="16" VPOS="682" HPOS="248"/>
							<String ID="string_134" HPOS="264" VPOS="682" WIDTH="40" HEIGHT="22" WC="0.96" CONTENT="och"/><SP WIDTH="16" VPOS="682" HPOS="304"/>
							<String ID="string_135" HPOS="320" VPOS="682" WIDTH="131" HEIGHT="28" WC="0.96" CONTENT="erfarenhet,"/><SP WIDTH="18" VPOS="682" HPOS="451"/>
							<String ID="string_136" HPOS="469" VPOS="682" WIDTH="32" HEIGHT="22" WC="0.96" CONTENT="för"/><SP WIDTH="15" VPOS="682" HPOS="501"/>
							<String ID="string_137" HPOS="516" VPOS="685" WIDTH="31" HEIGHT="19" WC="0.96" CONTENT="att"/><SP WIDTH="15" VPOS="685" HPOS="547"/>
							<String ID="string_138" HPOS="562" VPOS="682" WIDTH="108" HEIGHT="22" WC="0.96" CONTENT="förklaras"/><SP WIDTH="14" VPOS="682" HPOS="670"/>
							<String ID="string_139" HPOS="684" VPOS="682" WIDTH="99" HEIGHT="27" WC="0.93" CONTENT="myndig,"/><SP WIDTH="15" VPOS="682" HPOS="783"/>
							<String ID="string_140" HPOS="798" VPOS="681" WIDTH="59" HEIGHT="27" WC="0.92" CONTENT="qvin-"/>
						</TextLine>
						<TextLine ID="line_16" HPOS="104" VPOS="715" WIDTH="753" HEIGHT="23">
							<String ID="string_141" HPOS="104" VPOS="723" WIDTH="48" HEIGHT="15" WC="0.93" CONTENT="nan"/><SP WIDTH="11" VPOS="723" HPOS="152"/>
							<String ID="string_142" HPOS="163" VPOS="716" WIDTH="105" HEIGHT="22" WC="0.33" CONTENT=".deremot"/><SP WIDTH="20" VPOS="716" HPOS="268"/>
							<String ID="string_143" HPOS="288" VPOS="716" WIDTH="54" HEIGHT="22" WC="0.96" CONTENT="först"/><SP WIDTH="17" VPOS="716" HPOS="342"/>
							<String ID="string_144" HPOS="359" VPOS="716" WIDTH="37" HEIGHT="21" WC="0.96" CONTENT="vid"/><SP WIDTH="17" VPOS="716" HPOS="396"/>
							<String ID="string_145" HPOS="413" VPOS="716" WIDTH="26" HEIGHT="21" WC="0.95" CONTENT="25"/><SP WIDTH="17" VPOS="716" HPOS="439"/>
							<String ID="string_146" HPOS="456" VPOS="717" WIDTH="35" HEIGHT="21" WC="0.95" CONTENT="års"/><SP WIDTH="16" VPOS="717" HPOS="491"/>
							<String ID="string_147" HPOS="507" VPOS="716" WIDTH="60" HEIGHT="21" WC="0.93" CONTENT="ålder"/><SP WIDTH="15" VPOS="716" HPOS="567"/>
							<String ID="string_148" HPOS="582" VPOS="716" WIDTH="72" HEIGHT="21" WC="0.92" CONTENT="dertill"/><SP WIDTH="15" VPOS="716" HPOS="654"/>
							<String ID="string_149" HPOS="669" VPOS="716" WIDTH="70" HEIGHT="21" WC="0.96" CONTENT="skulle"/><SP WIDTH="14" VPOS="716" HPOS="739"/>
							<String ID="string_150" HPOS="753" VPOS="722" WIDTH="53" HEIGHT="14" WC="0.93" CONTENT="vara"/><SP WIDTH="16" VPOS="722" HPOS="806"/>
							<String ID="string_151" HPOS="822" VPOS="715" WIDTH="35" HEIGHT="21" WC="0.92" CONTENT="be-"/>
						</TextLine>
						<TextLine ID="line_17" HPOS="108" VPOS="749" WIDTH="748" HEIGHT="29">
							<String ID="string_152" HPOS="108" VPOS="751" WIDTH="102" HEIGHT="27" WC="0.91" CONTENT="rättigad."/><SP WIDTH="30" VPOS="751" HPOS="210"/>
							<String ID="string_153" HPOS="240" VPOS="751" WIDTH="36" HEIGHT="21" WC="0.95" CONTENT="Då"/><SP WIDTH="18" VPOS="751" HPOS="276"/>
							<String ID="string_154" HPOS="294" VPOS="750" WIDTH="37" HEIGHT="22" WC="0.96" CONTENT="det"/><SP WIDTH="19" VPOS="750" HPOS="331"/>
							<String ID="string_155" HPOS="350" VPOS="750" WIDTH="6" HEIGHT="21" WC="0.96" CONTENT="i"/><SP WIDTH="16" VPOS="750" HPOS="356"/>
							<String ID="string_156" HPOS="372" VPOS="750" WIDTH="117" HEIGHT="22" WC="0.96" CONTENT="utskottets"/><SP WIDTH="16" VPOS="750" HPOS="489"/>
							<String ID="string_157" HPOS="505" VPOS="750" WIDTH="138" HEIGHT="22" WC="0.96" CONTENT="betänkande"/><SP WIDTH="16" VPOS="750" HPOS="643"/>
							<String ID="string_158" HPOS="659" VPOS="752" WIDTH="74" HEIGHT="25" WC="0.96" CONTENT="säges,"/><SP WIDTH="17" VPOS="752" HPOS="733"/>
							<String ID="string_159" HPOS="750" VPOS="751" WIDTH="31" HEIGHT="19" WC="0.93" CONTENT="att"/><SP WIDTH="16" VPOS="751" HPOS="781"/>
							<String ID="string_160" HPOS="797" VPOS="749" WIDTH="59" HEIGHT="27" WC="0.89" CONTENT="qvin-"/>
						</TextLine>
						<TextLine ID="line_18" HPOS="109" VPOS="783" WIDTH="748" HEIGHT="29">
							<String ID="string_161" HPOS="109" VPOS="792" WIDTH="52" HEIGHT="20" WC="0.95" CONTENT="nan,"/><SP WIDTH="23" VPOS="792" HPOS="161"/>
							<String ID="string_162" HPOS="184" VPOS="784" WIDTH="58" HEIGHT="22" WC="0.96" CONTENT="hvad"/><SP WIDTH="21" VPOS="784" HPOS="242"/>
							<String ID="string_163" HPOS="263" VPOS="784" WIDTH="27" HEIGHT="22" WC="0.95" CONTENT="de"/><SP WIDTH="16" VPOS="784" HPOS="290"/>
							<String ID="string_164" HPOS="306" VPOS="785" WIDTH="88" HEIGHT="27" WC="0.93" CONTENT="fysiska"/><SP WIDTH="15" VPOS="785" HPOS="394"/>
							<String ID="string_165" HPOS="409" VPOS="784" WIDTH="202" HEIGHT="28" WC="0.92" CONTENT="förmögenheterna"/><SP WIDTH="16" VPOS="784" HPOS="611"/>
							<String ID="string_166" HPOS="627" VPOS="784" WIDTH="74" HEIGHT="27" WC="0.96" CONTENT="angår,"/><SP WIDTH="16" VPOS="784" HPOS="701"/>
							<String ID="string_167" HPOS="717" VPOS="783" WIDTH="92" HEIGHT="27" WC="0.93" CONTENT="tidigare"/><SP WIDTH="17" VPOS="783" HPOS="809"/>
							<String ID="string_168" HPOS="826" VPOS="785" WIDTH="31" HEIGHT="19" WC="0.92" CONTENT="ut-"/>
						</TextLine>
						<TextLine ID="line_19" HPOS="108" VPOS="817" WIDTH="749" HEIGHT="29">
							<String ID="string_169" HPOS="108" VPOS="818" WIDTH="90" HEIGHT="22" WC="0.95" CONTENT="vecklas"/><SP WIDTH="16" VPOS="818" HPOS="198"/>
							<String ID="string_170" HPOS="214" VPOS="821" WIDTH="27" HEIGHT="18" WC="0.95" CONTENT="än"/><SP WIDTH="16" VPOS="821" HPOS="241"/>
							<String ID="string_171" HPOS="257" VPOS="825" WIDTH="102" HEIGHT="21" WC="0.96" CONTENT="mannen,"/><SP WIDTH="19" VPOS="825" HPOS="359"/>
							<String ID="string_172" HPOS="378" VPOS="825" WIDTH="48" HEIGHT="14" WC="0.96" CONTENT="men"/><SP WIDTH="18" VPOS="825" HPOS="426"/>
							<String ID="string_173" HPOS="444" VPOS="820" WIDTH="31" HEIGHT="19" WC="0.93" CONTENT="att"/><SP WIDTH="16" VPOS="820" HPOS="475"/>
							<String ID="string_174" HPOS="491" VPOS="818" WIDTH="95" HEIGHT="21" WC="0.91" CONTENT="deremot"/><SP WIDTH="11" VPOS="818" HPOS="586"/>
							<String ID="string_175" HPOS="597" VPOS="818" WIDTH="205" HEIGHT="28" WC="0.91" CONTENT="förståndsskärpa,"/><SP WIDTH="16" VPOS="818" HPOS="802"/>
							<String ID="string_176" HPOS="818" VPOS="817" WIDTH="39" HEIGHT="21" WC="0.90" CONTENT="all-"/>
						</TextLine>
						<TextLine ID="line_20" HPOS="107" VPOS="851" WIDTH="749" HEIGHT="29">
							<String ID="string_177" HPOS="107" VPOS="861" WIDTH="41" HEIGHT="12" WC="0.95" CONTENT="var"/><SP WIDTH="15" VPOS="861" HPOS="148"/>
							<String ID="string_178" HPOS="163" VPOS="852" WIDTH="40" HEIGHT="21" WC="0.93" CONTENT="och"/><SP WIDTH="15" VPOS="852" HPOS="203"/>
							<String ID="string_179" HPOS="218" VPOS="852" WIDTH="169" HEIGHT="28" WC="0.90" CONTENT="sjelfständighet"/><SP WIDTH="14" VPOS="852" HPOS="387"/>
							<String ID="string_180" HPOS="401" VPOS="852" WIDTH="6" HEIGHT="21" WC="0.96" CONTENT="i"/><SP WIDTH="17" VPOS="852" HPOS="407"/>
							<String ID="string_181" HPOS="424" VPOS="854" WIDTH="68" HEIGHT="19" WC="0.96" CONTENT="större"/><SP WIDTH="15" VPOS="854" HPOS="492"/>
							<String ID="string_182" HPOS="507" VPOS="853" WIDTH="50" HEIGHT="20" WC="0.96" CONTENT="mån"/><SP WIDTH="15" VPOS="853" HPOS="557"/>
							<String ID="string_183" HPOS="572" VPOS="852" WIDTH="56" HEIGHT="21" WC="0.96" CONTENT="fallit"/><SP WIDTH="16" VPOS="852" HPOS="628"/>
							<String ID="string_184" HPOS="644" VPOS="852" WIDTH="28" HEIGHT="27" WC="0.96" CONTENT="på"/><SP WIDTH="15" VPOS="852" HPOS="672"/>
							<String ID="string_185" HPOS="687" VPOS="857" WIDTH="106" HEIGHT="15" WC="0.96" CONTENT="mannens"/><SP WIDTH="14" VPOS="857" HPOS="793"/>
							<String ID="string_186" HPOS="807" VPOS="851" WIDTH="49" HEIGHT="26" WC="0.96" CONTENT="lott,"/>
						</TextLine>
						<TextLine ID="line_21" HPOS="108" VPOS="885" WIDTH="749" HEIGHT="28">
							<String ID="string_187" HPOS="108" VPOS="887" WIDTH="25" HEIGHT="21" WC="0.96" CONTENT="så"/><SP WIDTH="19" VPOS="887" HPOS="133"/>
							<String ID="string_188" HPOS="152" VPOS="886" WIDTH="45" HEIGHT="21" WC="0.93" CONTENT="kan"/><SP WIDTH="18" VPOS="886" HPOS="197"/>
							<String ID="string_189" HPOS="215" VPOS="886" WIDTH="98" HEIGHT="21" WC="0.92" CONTENT="häremot"/><SP WIDTH="15" VPOS="886" HPOS="313"/>
							<String ID="string_190" HPOS="328" VPOS="885" WIDTH="50" HEIGHT="22" WC="0.96" CONTENT="med"/><SP WIDTH="15" VPOS="885" HPOS="378"/>
							<String ID="string_191" HPOS="393" VPOS="886" WIDTH="49" HEIGHT="21" WC="0.91" CONTENT="skäl"/><SP WIDTH="16" VPOS="886" HPOS="442"/>
							<String ID="string_192" HPOS="458" VPOS="886" WIDTH="115" HEIGHT="27" WC="0.91" CONTENT="invändas,"/><SP WIDTH="18" VPOS="886" HPOS="573"/>
							<String ID="string_193" HPOS="591" VPOS="885" WIDTH="57" HEIGHT="22" WC="0.96" CONTENT="hvad"/><SP WIDTH="16" VPOS="885" HPOS="648"/>
							<String ID="string_194" HPOS="664" VPOS="885" WIDTH="42" HEIGHT="22" WC="0.96" CONTENT="den"/><SP WIDTH="15" VPOS="885" HPOS="706"/>
							<String ID="string_195" HPOS="721" VPOS="885" WIDTH="89" HEIGHT="27" WC="0.93" CONTENT="dagliga"/><SP WIDTH="16" VPOS="885" HPOS="810"/>
							<String ID="string_196" HPOS="826" VPOS="891" WIDTH="31" HEIGHT="15" WC="0.91" CONTENT="er-"/>
						</TextLine>
						<TextLine ID="line_22" HPOS="108" VPOS="919" WIDTH="750" HEIGHT="28">
							<String ID="string_197" HPOS="108" VPOS="920" WIDTH="126" HEIGHT="21" WC="0.92" CONTENT="farenheten"/><SP WIDTH="23" VPOS="920" HPOS="234"/>
							<String ID="string_198" HPOS="257" VPOS="922" WIDTH="101" HEIGHT="25" WC="0.91" CONTENT="nogsamt"/><SP WIDTH="22" VPOS="922" HPOS="358"/>
							<String ID="string_199" HPOS="380" VPOS="920" WIDTH="69" HEIGHT="27" WC="0.91" CONTENT="gifver"/><SP WIDTH="22" VPOS="920" HPOS="449"/>
							<String ID="string_200" HPOS="471" VPOS="921" WIDTH="36" HEIGHT="20" WC="0.96" CONTENT="vid"/><SP WIDTH="23" VPOS="921" HPOS="507"/>
							<String ID="string_201" HPOS="530" VPOS="920" WIDTH="96" HEIGHT="27" WC="0.96" CONTENT="handen,"/><SP WIDTH="24" VPOS="920" HPOS="626"/>
							<String ID="string_202" HPOS="650" VPOS="922" WIDTH="32" HEIGHT="19" WC="0.96" CONTENT="att"/><SP WIDTH="19" VPOS="922" HPOS="682"/>
							<String ID="string_203" HPOS="701" VPOS="919" WIDTH="42" HEIGHT="22" WC="0.93" CONTENT="den"/><SP WIDTH="16" VPOS="919" HPOS="743"/>
							<String ID="string_204" HPOS="759" VPOS="919" WIDTH="99" HEIGHT="27" WC="0.91" CONTENT="21-åriga"/>
						</TextLine>
						<TextLine ID="line_23" HPOS="108" VPOS="953" WIDTH="749" HEIGHT="29">
							<String ID="string_205" HPOS="108" VPOS="955" WIDTH="95" HEIGHT="27" WC="0.91" CONTENT="qvinnan"/><SP WIDTH="16" VPOS="955" HPOS="203"/>
							<String ID="string_206" HPOS="219" VPOS="955" WIDTH="30" HEIGHT="20" WC="0.96" CONTENT="uti"/><SP WIDTH="16" VPOS="955" HPOS="249"/>
							<String ID="string_207" HPOS="265" VPOS="955" WIDTH="69" HEIGHT="20" WC="0.96" CONTENT="allvar"/><SP WIDTH="16" VPOS="955" HPOS="334"/>
							<String ID="string_208" HPOS="350" VPOS="955" WIDTH="39" HEIGHT="20" WC="0.93" CONTENT="och"/><SP WIDTH="16" VPOS="955" HPOS="389"/>
							<String ID="string_209" HPOS="405" VPOS="955" WIDTH="211" HEIGHT="26" WC="0.92" CONTENT="omdömesförmåga"/><SP WIDTH="15" VPOS="955" HPOS="616"/>
							<String ID="string_210" HPOS="631" VPOS="954" WIDTH="47" HEIGHT="21" WC="0.96" CONTENT="fullt"/><SP WIDTH="16" VPOS="954" HPOS="678"/>
							<String ID="string_211" HPOS="694" VPOS="954" WIDTH="44" HEIGHT="21" WC="0.96" CONTENT="kan"/><SP WIDTH="16" VPOS="954" HPOS="738"/>
							<String ID="string_212" HPOS="754" VPOS="955" WIDTH="59" HEIGHT="19" WC="0.96" CONTENT="mäta"/><SP WIDTH="11" VPOS="955" HPOS="813"/>
							<String ID="string_213" HPOS="824" VPOS="953" WIDTH="33" HEIGHT="27" WC="0.96" CONTENT="sig"/>
						</TextLine>
						<TextLine ID="line_24" HPOS="107" VPOS="987" WIDTH="750" HEIGHT="30">
							<String ID="string_214" HPOS="107" VPOS="989" WIDTH="51" HEIGHT="21" WC="0.96" CONTENT="med"/><SP WIDTH="22" VPOS="989" HPOS="158"/>
							<String ID="string_215" HPOS="180" VPOS="989" WIDTH="42" HEIGHT="21" WC="0.96" CONTENT="den"/><SP WIDTH="22" VPOS="989" HPOS="222"/>
							<String ID="string_216" HPOS="244" VPOS="988" WIDTH="37" HEIGHT="21" WC="0.96" CONTENT="vid"/><SP WIDTH="22" VPOS="988" HPOS="281"/>
							<String ID="string_217" HPOS="303" VPOS="989" WIDTH="96" HEIGHT="20" WC="0.96" CONTENT="nämnda"/><SP WIDTH="18" VPOS="989" HPOS="399"/>
							<String ID="string_218" HPOS="417" VPOS="989" WIDTH="61" HEIGHT="20" WC="0.96" CONTENT="ålder"/><SP WIDTH="18" VPOS="989" HPOS="478"/>
							<String ID="string_219" HPOS="496" VPOS="989" WIDTH="90" HEIGHT="28" WC="0.93" CONTENT="myndig"/><SP WIDTH="15" VPOS="989" HPOS="586"/>
							<String ID="string_220" HPOS="601" VPOS="988" WIDTH="80" HEIGHT="21" WC="0.92" CONTENT="vordne"/><SP WIDTH="16" VPOS="988" HPOS="681"/>
							<String ID="string_221" HPOS="697" VPOS="995" WIDTH="103" HEIGHT="20" WC="0.84" CONTENT="mannen,"/><SP WIDTH="17" VPOS="995" HPOS="800"/>
							<String ID="string_222" HPOS="817" VPOS="987" WIDTH="40" HEIGHT="21" WC="0.96" CONTENT="och"/>
						</TextLine>
						<TextLine ID="line_25" HPOS="108" VPOS="1022" WIDTH="748" HEIGHT="29">
							<String ID="string_223" HPOS="108" VPOS="1025" WIDTH="32" HEIGHT="19" WC="0.96" CONTENT="att"/><SP WIDTH="15" VPOS="1025" HPOS="140"/>
							<String ID="string_224" HPOS="155" VPOS="1023" WIDTH="43" HEIGHT="21" WC="0.96" CONTENT="hon"/><SP WIDTH="16" VPOS="1023" HPOS="198"/>
							<String ID="string_225" HPOS="214" VPOS="1023" WIDTH="18" HEIGHT="27" WC="0.96" CONTENT="ej"/><SP WIDTH="16" VPOS="1023" HPOS="232"/>
							<String ID="string_226" HPOS="248" VPOS="1023" WIDTH="56" HEIGHT="20" WC="0.96" CONTENT="blott"/><SP WIDTH="15" VPOS="1023" HPOS="304"/>
							<String ID="string_227" HPOS="319" VPOS="1023" WIDTH="37" HEIGHT="21" WC="0.96" CONTENT="vid"/><SP WIDTH="15" VPOS="1023" HPOS="356"/>
							<String ID="string_228" HPOS="371" VPOS="1023" WIDTH="72" HEIGHT="21" WC="0.96" CONTENT="denna"/><SP WIDTH="16" VPOS="1023" HPOS="443"/>
							<String ID="string_229" HPOS="459" VPOS="1023" WIDTH="65" HEIGHT="28" WC="0.96" CONTENT="ålder,"/><SP WIDTH="16" VPOS="1023" HPOS="524"/>
							<String ID="string_230" HPOS="540" VPOS="1025" WIDTH="51" HEIGHT="19" WC="0.96" CONTENT="utan"/><SP WIDTH="17" VPOS="1025" HPOS="591"/>
							<String ID="string_231" HPOS="608" VPOS="1022" WIDTH="63" HEIGHT="21" WC="0.96" CONTENT="äfven"/><SP WIDTH="16" VPOS="1022" HPOS="671"/>
							<String ID="string_232" HPOS="687" VPOS="1022" WIDTH="40" HEIGHT="21" WC="0.96" CONTENT="allt"/><SP WIDTH="12" VPOS="1022" HPOS="727"/>
							<String ID="string_233" HPOS="739" VPOS="1022" WIDTH="117" HEIGHT="27" WC="0.94" CONTENT="framgent,"/>
						</TextLine>
						<TextLine ID="line_26" HPOS="108" VPOS="1055" WIDTH="750" HEIGHT="29">
							<String ID="string_234" HPOS="108" VPOS="1057" WIDTH="50" HEIGHT="21" WC="0.91" CONTENT="hela"/><SP WIDTH="22" VPOS="1057" HPOS="158"/>
							<String ID="string_235" HPOS="180" VPOS="1057" WIDTH="61" HEIGHT="21" WC="0.96" CONTENT="lifvet"/><SP WIDTH="23" VPOS="1057" HPOS="241"/>
							<String ID="string_236" HPOS="264" VPOS="1057" WIDTH="95" HEIGHT="27" WC="0.96" CONTENT="igenom,"/><SP WIDTH="21" VPOS="1057" HPOS="359"/>
							<String ID="string_237" HPOS="380" VPOS="1057" WIDTH="6" HEIGHT="21" WC="0.96" CONTENT="i"/><SP WIDTH="21" VPOS="1057" HPOS="386"/>
							<String ID="string_238" HPOS="407" VPOS="1057" WIDTH="51" HEIGHT="22" WC="0.96" CONTENT="vida"/><SP WIDTH="17" VPOS="1057" HPOS="458"/>
							<String ID="string_239" HPOS="475" VPOS="1057" WIDTH="66" HEIGHT="27" WC="0.96" CONTENT="högre"/><SP WIDTH="15" VPOS="1057" HPOS="541"/>
							<String ID="string_240" HPOS="556" VPOS="1057" WIDTH="55" HEIGHT="27" WC="0.96" CONTENT="grad"/><SP WIDTH="15" VPOS="1057" HPOS="611"/>
							<String ID="string_241" HPOS="626" VPOS="1059" WIDTH="28" HEIGHT="19" WC="0.96" CONTENT="än"/><SP WIDTH="15" VPOS="1059" HPOS="654"/>
							<String ID="string_242" HPOS="669" VPOS="1063" WIDTH="92" HEIGHT="15" WC="0.96" CONTENT="mannen"/><SP WIDTH="17" VPOS="1063" HPOS="761"/>
							<String ID="string_243" HPOS="778" VPOS="1055" WIDTH="80" HEIGHT="22" WC="0.96" CONTENT="förmår"/>
						</TextLine>
						<TextLine ID="line_27" HPOS="109" VPOS="1090" WIDTH="748" HEIGHT="28">
							<String ID="string_244" HPOS="109" VPOS="1092" WIDTH="92" HEIGHT="20" WC="0.91" CONTENT="uthärda"/><SP WIDTH="15" VPOS="1092" HPOS="201"/>
							<String ID="string_245" HPOS="216" VPOS="1091" WIDTH="132" HEIGHT="21" WC="0.92" CONTENT="försakelser"/><SP WIDTH="15" VPOS="1091" HPOS="348"/>
							<String ID="string_246" HPOS="363" VPOS="1092" WIDTH="40" HEIGHT="20" WC="0.96" CONTENT="och"/><SP WIDTH="10" VPOS="1092" HPOS="403"/>
							<String ID="string_247" HPOS="413" VPOS="1092" WIDTH="152" HEIGHT="26" WC="0.93" CONTENT="uppoffringar,"/><SP WIDTH="12" VPOS="1092" HPOS="565"/>
							<String ID="string_248" HPOS="577" VPOS="1091" WIDTH="99" HEIGHT="21" WC="0.91" CONTENT="hvarföre"/><SP WIDTH="12" VPOS="1091" HPOS="676"/>
							<String ID="string_249" HPOS="688" VPOS="1090" WIDTH="169" HEIGHT="27" WC="0.96" CONTENT="benämningen:"/>
						</TextLine>
						<TextLine ID="line_28" HPOS="109" VPOS="1124" WIDTH="749" HEIGHT="30">
							<String ID="string_250" HPOS="109" VPOS="1126" WIDTH="33" HEIGHT="21" WC="0.96" CONTENT="det"/><SP WIDTH="24" VPOS="1126" HPOS="142"/>
							<String ID="string_251" HPOS="166" VPOS="1133" WIDTH="88" HEIGHT="21" WC="0.96" CONTENT="svagare"/><SP WIDTH="16" VPOS="1133" HPOS="254"/>
							<String ID="string_252" HPOS="270" VPOS="1126" WIDTH="77" HEIGHT="27" WC="0.96" CONTENT="könet,"/><SP WIDTH="22" VPOS="1126" HPOS="347"/>
							<String ID="string_253" HPOS="369" VPOS="1132" WIDTH="45" HEIGHT="14" WC="0.96" CONTENT="som"/><SP WIDTH="20" VPOS="1132" HPOS="414"/>
							<String ID="string_254" HPOS="434" VPOS="1125" WIDTH="25" HEIGHT="21" WC="0.96" CONTENT="af"/><SP WIDTH="15" VPOS="1125" HPOS="459"/>
							<String ID="string_255" HPOS="474" VPOS="1132" WIDTH="35" HEIGHT="15" WC="0.96" CONTENT="oss"/><SP WIDTH="16" VPOS="1132" HPOS="509"/>
							<String ID="string_256" HPOS="525" VPOS="1128" WIDTH="48" HEIGHT="18" WC="0.96" CONTENT="män"/><SP WIDTH="18" VPOS="1128" HPOS="573"/>
							<String ID="string_257" HPOS="591" VPOS="1125" WIDTH="25" HEIGHT="21" WC="0.96" CONTENT="så"/><SP WIDTH="15" VPOS="1125" HPOS="616"/>
							<String ID="string_258" HPOS="631" VPOS="1124" WIDTH="45" HEIGHT="22" WC="0.91" CONTENT="ofta"/><SP WIDTH="15" VPOS="1124" HPOS="676"/>
							<String ID="string_259" HPOS="691" VPOS="1125" WIDTH="112" HEIGHT="26" WC="0.91" CONTENT="begagnas"/><SP WIDTH="16" VPOS="1125" HPOS="803"/>
							<String ID="string_260" HPOS="819" VPOS="1126" WIDTH="39" HEIGHT="18" WC="0.96" CONTENT="när"/>
						</TextLine>
						<TextLine ID="line_29" HPOS="84" VPOS="1158" WIDTH="773" HEIGHT="29">
							<String ID="string_261" HPOS="84" VPOS="1165" WIDTH="2" HEIGHT="2" WC="0.88" CONTENT="*"/><SP WIDTH="23" VPOS="1165" HPOS="86"/>
							<String ID="string_262" HPOS="109" VPOS="1160" WIDTH="20" HEIGHT="22" WC="0.95" CONTENT="vi"/><SP WIDTH="17" VPOS="1160" HPOS="129"/>
							<String ID="string_263" HPOS="146" VPOS="1160" WIDTH="46" HEIGHT="21" WC="0.95" CONTENT="tala"/><SP WIDTH="16" VPOS="1160" HPOS="192"/>
							<String ID="string_264" HPOS="208" VPOS="1166" WIDTH="33" HEIGHT="14" WC="0.93" CONTENT="om"/><SP WIDTH="17" VPOS="1166" HPOS="241"/>
							<String ID="string_265" HPOS="258" VPOS="1160" WIDTH="104" HEIGHT="27" WC="0.92" CONTENT="gvinnan,"/><SP WIDTH="17" VPOS="1160" HPOS="362"/>
							<String ID="string_266" HPOS="379" VPOS="1160" WIDTH="118" HEIGHT="26" WC="0.96" CONTENT="ingalunda"/><SP WIDTH="14" VPOS="1160" HPOS="497"/>
							<String ID="string_267" HPOS="511" VPOS="1160" WIDTH="44" HEIGHT="23" WC="0.97" CONTENT="kan"/><SP WIDTH="15" VPOS="1160" HPOS="555"/>
							<String ID="string_268" HPOS="570" VPOS="1166" WIDTH="64" HEIGHT="14" WC="0.95" CONTENT="anses"/><SP WIDTH="10" VPOS="1166" HPOS="634"/>
							<String ID="string_269" HPOS="644" VPOS="1158" WIDTH="131" HEIGHT="27" WC="0.93" CONTENT="berättigad."/><SP WIDTH="25" VPOS="1158" HPOS="775"/>
							<String ID="string_270" HPOS="800" VPOS="1158" WIDTH="57" HEIGHT="27" WC="0.92" CONTENT="Myc-"/>
						</TextLine>
						<TextLine ID="line_30" HPOS="109" VPOS="1192" WIDTH="750" HEIGHT="29">
							<String ID="string_271" HPOS="109" VPOS="1194" WIDTH="38" HEIGHT="21" WC="0.96" CONTENT="ket"/><SP WIDTH="20" VPOS="1194" HPOS="147"/>
							<String ID="string_272" HPOS="167" VPOS="1193" WIDTH="73" HEIGHT="21" WC="0.96" CONTENT="kunde"/><SP WIDTH="20" VPOS="1193" HPOS="240"/>
							<String ID="string_273" HPOS="260" VPOS="1193" WIDTH="74" HEIGHT="21" WC="0.92" CONTENT="härom"/><SP WIDTH="22" VPOS="1193" HPOS="334"/>
							<String ID="string_274" HPOS="356" VPOS="1194" WIDTH="72" HEIGHT="27" WC="0.92" CONTENT="ordas,"/><SP WIDTH="17" VPOS="1194" HPOS="428"/>
							<String ID="string_275" HPOS="445" VPOS="1200" WIDTH="48" HEIGHT="15" WC="0.97" CONTENT="men"/><SP WIDTH="17" VPOS="1200" HPOS="493"/>
							<String ID="string_276" HPOS="510" VPOS="1194" WIDTH="28" HEIGHT="20" WC="0.96" CONTENT="då"/><SP WIDTH="14" VPOS="1194" HPOS="538"/>
							<String ID="string_277" HPOS="552" VPOS="1193" WIDTH="52" HEIGHT="21" WC="0.96" CONTENT="flere"/><SP WIDTH="16" VPOS="1193" HPOS="604"/>
							<String ID="string_278" HPOS="620" VPOS="1192" WIDTH="67" HEIGHT="22" WC="0.93" CONTENT="värda"/><SP WIDTH="16" VPOS="1192" HPOS="687"/>
							<String ID="string_279" HPOS="703" VPOS="1192" WIDTH="156" HEIGHT="22" WC="0.91" CONTENT="ståndsbröder"/>
						</TextLine>
						<TextLine ID="line_31" HPOS="110" VPOS="1226" WIDTH="748" HEIGHT="30">
							<String ID="string_280" HPOS="110" VPOS="1228" WIDTH="66" HEIGHT="21" WC="0.96" CONTENT="redan"/><SP WIDTH="23" VPOS="1228" HPOS="176"/>
							<String ID="string_281" HPOS="199" VPOS="1230" WIDTH="67" HEIGHT="26" WC="0.96" CONTENT="yttrat"/><SP WIDTH="23" VPOS="1230" HPOS="266"/>
							<String ID="string_282" HPOS="289" VPOS="1228" WIDTH="35" HEIGHT="27" WC="0.96" CONTENT="sig"/><SP WIDTH="20" VPOS="1228" HPOS="324"/>
							<String ID="string_283" HPOS="344" VPOS="1228" WIDTH="6" HEIGHT="20" WC="0.96" CONTENT="i"/><SP WIDTH="21" VPOS="1228" HPOS="350"/>
							<String ID="string_284" HPOS="371" VPOS="1232" WIDTH="82" HEIGHT="17" WC="0.92" CONTENT="samma"/><SP WIDTH="20" VPOS="1232" HPOS="453"/>
							<String ID="string_285" HPOS="473" VPOS="1228" WIDTH="65" HEIGHT="28" WC="0.95" CONTENT="syfte,"/><SP WIDTH="18" VPOS="1228" HPOS="538"/>
							<String ID="string_286" HPOS="556" VPOS="1234" WIDTH="63" HEIGHT="14" WC="0.96" CONTENT="anser"/><SP WIDTH="11" VPOS="1234" HPOS="619"/>
							<String ID="string_287" HPOS="630" VPOS="1227" WIDTH="42" HEIGHT="27" WC="0.96" CONTENT="jag"/><SP WIDTH="15" VPOS="1227" HPOS="672"/>
							<String ID="string_288" HPOS="687" VPOS="1227" WIDTH="44" HEIGHT="27" WC="0.96" CONTENT="mig"/><SP WIDTH="16" VPOS="1227" HPOS="731"/>
							<String ID="string_289" HPOS="747" VPOS="1227" WIDTH="18" HEIGHT="27" WC="0.96" CONTENT="ej"/><SP WIDTH="17" VPOS="1227" HPOS="765"/>
							<String ID="string_290" HPOS="782" VPOS="1226" WIDTH="76" HEIGHT="27" WC="0.94" CONTENT="längre"/>
						</TextLine>
						<TextLine ID="line_32" HPOS="109" VPOS="1260" WIDTH="750" HEIGHT="29">
							<String ID="string_291" HPOS="109" VPOS="1263" WIDTH="53" HEIGHT="20" WC="0.95" CONTENT="böra"/><SP WIDTH="17" VPOS="1263" HPOS="162"/>
							<String ID="string_292" HPOS="179" VPOS="1264" WIDTH="51" HEIGHT="24" WC="0.96" CONTENT="taga"/><SP WIDTH="16" VPOS="1264" HPOS="230"/>
							<String ID="string_293" HPOS="246" VPOS="1262" WIDTH="36" HEIGHT="21" WC="0.93" CONTENT="det"/><SP WIDTH="16" VPOS="1262" HPOS="282"/>
							<String ID="string_294" HPOS="298" VPOS="1262" WIDTH="135" HEIGHT="27" WC="0.91" CONTENT="högvördiga"/><SP WIDTH="16" VPOS="1262" HPOS="433"/>
							<String ID="string_295" HPOS="449" VPOS="1262" WIDTH="97" HEIGHT="21" WC="0.91" CONTENT="ståndets"/><SP WIDTH="19" VPOS="1262" HPOS="546"/>
							<String ID="string_296" HPOS="565" VPOS="1261" WIDTH="31" HEIGHT="20" WC="0.96" CONTENT="tid"/><SP WIDTH="16" VPOS="1261" HPOS="596"/>
							<String ID="string_297" HPOS="612" VPOS="1261" WIDTH="39" HEIGHT="21" WC="0.96" CONTENT="och"/><SP WIDTH="16" VPOS="1261" HPOS="651"/>
							<String ID="string_298" HPOS="667" VPOS="1260" WIDTH="192" HEIGHT="28" WC="0.96" CONTENT="uppmärksamhet"/>
						</TextLine>
						<TextLine ID="line_33" HPOS="109" VPOS="1294" WIDTH="749" HEIGHT="29">
							<String ID="string_299" HPOS="109" VPOS="1297" WIDTH="6" HEIGHT="20" WC="0.95" CONTENT="i"/><SP WIDTH="24" VPOS="1297" HPOS="115"/>
							<String ID="string_300" HPOS="139" VPOS="1296" WIDTH="104" HEIGHT="27" WC="0.95" CONTENT="anspråk,"/><SP WIDTH="24" VPOS="1296" HPOS="243"/>
							<String ID="string_301" HPOS="267" VPOS="1299" WIDTH="52" HEIGHT="18" WC="0.96" CONTENT="utan"/><SP WIDTH="22" VPOS="1299" HPOS="319"/>
							<String ID="string_302" HPOS="341" VPOS="1296" WIDTH="68" HEIGHT="27" WC="0.95" CONTENT="vågar"/><SP WIDTH="23" VPOS="1296" HPOS="409"/>
							<String ID="string_303" HPOS="432" VPOS="1296" WIDTH="27" HEIGHT="27" WC="0.95" CONTENT="på"/><SP WIDTH="19" VPOS="1296" HPOS="459"/>
							<String ID="string_304" HPOS="478" VPOS="1295" WIDTH="68" HEIGHT="28" WC="0.96" CONTENT="grund"/><SP WIDTH="19" VPOS="1295" HPOS="546"/>
							<String ID="string_305" HPOS="565" VPOS="1295" WIDTH="24" HEIGHT="21" WC="0.96" CONTENT="af"/><SP WIDTH="13" VPOS="1295" HPOS="589"/>
							<String ID="string_306" HPOS="602" VPOS="1295" WIDTH="36" HEIGHT="21" WC="0.96" CONTENT="det"/><SP WIDTH="16" VPOS="1295" HPOS="638"/>
							<String ID="string_307" HPOS="654" VPOS="1301" WIDTH="28" HEIGHT="15" WC="0.96" CONTENT="nu"/><SP WIDTH="15" VPOS="1301" HPOS="682"/>
							<String ID="string_308" HPOS="697" VPOS="1295" WIDTH="6" HEIGHT="20" WC="0.96" CONTENT="i"/><SP WIDTH="17" VPOS="1295" HPOS="703"/>
							<String ID="string_309" HPOS="720" VPOS="1294" WIDTH="86" HEIGHT="21" WC="0.93" CONTENT="korthet"/><SP WIDTH="15" VPOS="1294" HPOS="806"/>
							<String ID="string_310" HPOS="821" VPOS="1301" WIDTH="37" HEIGHT="14" WC="0.90" CONTENT="an-"/>
						</TextLine>
						<TextLine ID="line_34" HPOS="109" VPOS="1328" WIDTH="750" HEIGHT="28">
							<String ID="string_311" HPOS="109" VPOS="1329" WIDTH="62" HEIGHT="21" WC="0.96" CONTENT="förda"/><SP WIDTH="15" VPOS="1329" HPOS="171"/>
							<String ID="string_312" HPOS="186" VPOS="1329" WIDTH="64" HEIGHT="27" WC="0.96" CONTENT="yrka,"/><SP WIDTH="17" VPOS="1329" HPOS="250"/>
							<String ID="string_313" HPOS="267" VPOS="1331" WIDTH="31" HEIGHT="18" WC="0.93" CONTENT="att"/><SP WIDTH="16" VPOS="1331" HPOS="298"/>
							<String ID="string_314" HPOS="314" VPOS="1329" WIDTH="95" HEIGHT="26" WC="0.90" CONTENT="qvinnan"/><SP WIDTH="16" VPOS="1329" HPOS="409"/>
							<String ID="string_315" HPOS="425" VPOS="1330" WIDTH="35" HEIGHT="19" WC="0.96" CONTENT="må"/><SP WIDTH="15" VPOS="1330" HPOS="460"/>
							<String ID="string_316" HPOS="475" VPOS="1330" WIDTH="87" HEIGHT="19" WC="0.96" CONTENT="komma"/><SP WIDTH="15" VPOS="1330" HPOS="562"/>
							<String ID="string_317" HPOS="577" VPOS="1329" WIDTH="6" HEIGHT="20" WC="0.96" CONTENT="i"/><SP WIDTH="18" VPOS="1329" HPOS="583"/>
							<String ID="string_318" HPOS="601" VPOS="1328" WIDTH="127" HEIGHT="27" WC="0.95" CONTENT="åtnjutande"/><SP WIDTH="16" VPOS="1328" HPOS="728"/>
							<String ID="string_319" HPOS="744" VPOS="1328" WIDTH="25" HEIGHT="20" WC="0.96" CONTENT="af"/><SP WIDTH="8" VPOS="1328" HPOS="769"/>
							<String ID="string_320" HPOS="777" VPOS="1334" WIDTH="82" HEIGHT="14" WC="0.96" CONTENT="samma"/>
						</TextLine>
						<TextLine ID="line_35" HPOS="109" VPOS="1361" WIDTH="750" HEIGHT="28">
							<String ID="string_321" HPOS="109" VPOS="1363" WIDTH="114" HEIGHT="26" WC="0.95" CONTENT="förmåner,"/><SP WIDTH="23" VPOS="1363" HPOS="223"/>
							<String ID="string_322" HPOS="246" VPOS="1369" WIDTH="46" HEIGHT="14" WC="0.93" CONTENT="som"/><SP WIDTH="20" VPOS="1369" HPOS="292"/>
							<String ID="string_323" HPOS="312" VPOS="1363" WIDTH="107" HEIGHT="26" WC="0.92" CONTENT="lagenligt"/><SP WIDTH="18" VPOS="1363" HPOS="419"/>
							<String ID="string_324" HPOS="437" VPOS="1363" WIDTH="142" HEIGHT="20" WC="0.92" CONTENT="tillerkännas"/><SP WIDTH="16" VPOS="1363" HPOS="579"/>
							<String ID="string_325" HPOS="595" VPOS="1368" WIDTH="102" HEIGHT="21" WC="0.96" CONTENT="mannen,"/><SP WIDTH="17" VPOS="1368" HPOS="697"/>
							<String ID="string_326" HPOS="714" VPOS="1361" WIDTH="39" HEIGHT="21" WC="0.96" CONTENT="och"/><SP WIDTH="16" VPOS="1361" HPOS="753"/>
							<String ID="string_327" HPOS="769" VPOS="1363" WIDTH="32" HEIGHT="18" WC="0.96" CONTENT="att"/><SP WIDTH="15" VPOS="1363" HPOS="801"/>
							<String ID="string_328" HPOS="816" VPOS="1361" WIDTH="43" HEIGHT="20" WC="0.96" CONTENT="hon"/>
						</TextLine>
						<TextLine ID="line_36" HPOS="110" VPOS="1393" WIDTH="749" HEIGHT="31">
							<String ID="string_329" HPOS="110" VPOS="1397" WIDTH="87" HEIGHT="22" WC="0.96" CONTENT="således"/><SP WIDTH="21" VPOS="1397" HPOS="197"/>
							<String ID="string_330" HPOS="218" VPOS="1399" WIDTH="39" HEIGHT="18" WC="0.96" CONTENT="när"/><SP WIDTH="20" VPOS="1399" HPOS="257"/>
							<String ID="string_331" HPOS="277" VPOS="1396" WIDTH="42" HEIGHT="21" WC="0.93" CONTENT="hon"/><SP WIDTH="20" VPOS="1396" HPOS="319"/>
							<String ID="string_332" HPOS="339" VPOS="1397" WIDTH="90" HEIGHT="27" WC="0.96" CONTENT="uppnått"/><SP WIDTH="17" VPOS="1397" HPOS="429"/>
							<String ID="string_333" HPOS="446" VPOS="1397" WIDTH="24" HEIGHT="20" WC="0.93" CONTENT="21"/><SP WIDTH="18" VPOS="1397" HPOS="470"/>
							<String ID="string_334" HPOS="488" VPOS="1397" WIDTH="34" HEIGHT="20" WC="0.95" CONTENT="års"/><SP WIDTH="16" VPOS="1397" HPOS="522"/>
							<String ID="string_335" HPOS="538" VPOS="1395" WIDTH="66" HEIGHT="28" WC="0.95" CONTENT="ålder,"/><SP WIDTH="17" VPOS="1395" HPOS="604"/>
							<String ID="string_336" HPOS="621" VPOS="1395" WIDTH="19" HEIGHT="28" WC="0.96" CONTENT="ej"/><SP WIDTH="16" VPOS="1395" HPOS="640"/>
							<String ID="string_337" HPOS="656" VPOS="1395" WIDTH="55" HEIGHT="22" WC="0.96" CONTENT="blott"/><SP WIDTH="15" VPOS="1395" HPOS="711"/>
							<String ID="string_338" HPOS="726" VPOS="1394" WIDTH="45" HEIGHT="21" WC="0.96" CONTENT="fritt"/><SP WIDTH="16" VPOS="1394" HPOS="771"/>
							<String ID="string_339" HPOS="787" VPOS="1395" WIDTH="34" HEIGHT="20" WC="0.93" CONTENT="mä"/><SP WIDTH="16" VPOS="1395" HPOS="821"/>
							<String ID="string_340" HPOS="837" VPOS="1393" WIDTH="22" HEIGHT="22" WC="0.96" CONTENT="få"/>
						</TextLine>
						<TextLine ID="line_37" HPOS="109" VPOS="1428" WIDTH="749" HEIGHT="30">
							<String ID="string_341" HPOS="109" VPOS="1430" WIDTH="55" HEIGHT="21" WC="0.95" CONTENT="råda"/><SP WIDTH="20" VPOS="1430" HPOS="164"/>
							<String ID="string_342" HPOS="184" VPOS="1430" WIDTH="60" HEIGHT="21" WC="0.95" CONTENT="öfver"/><SP WIDTH="20" VPOS="1430" HPOS="244"/>
							<String ID="string_343" HPOS="264" VPOS="1430" WIDTH="32" HEIGHT="21" WC="0.96" CONTENT="sin"/><SP WIDTH="17" VPOS="1430" HPOS="296"/>
							<String ID="string_344" HPOS="313" VPOS="1429" WIDTH="157" HEIGHT="29" WC="0.95" CONTENT="förmögenhet,"/><SP WIDTH="17" VPOS="1429" HPOS="470"/>
							<String ID="string_345" HPOS="487" VPOS="1432" WIDTH="50" HEIGHT="19" WC="0.96" CONTENT="utan"/><SP WIDTH="16" VPOS="1432" HPOS="537"/>
							<String ID="string_346" HPOS="553" VPOS="1429" WIDTH="62" HEIGHT="22" WC="0.96" CONTENT="äfven"/><SP WIDTH="17" VPOS="1429" HPOS="615"/>
							<String ID="string_347" HPOS="632" VPOS="1429" WIDTH="44" HEIGHT="21" WC="0.96" CONTENT="fritt"/><SP WIDTH="16" VPOS="1429" HPOS="676"/>
							<String ID="string_348" HPOS="692" VPOS="1429" WIDTH="120" HEIGHT="21" WC="0.93" CONTENT="bestämma"/><SP WIDTH="16" VPOS="1429" HPOS="812"/>
							<String ID="string_349" HPOS="828" VPOS="1428" WIDTH="30" HEIGHT="21" WC="0.92" CONTENT="öf-"/>
						</TextLine>
					</TextBlock>
				</ComposedBlock>
			</PrintSpace>
		</Page>
	</Layout>
</alto>
