1011 1742
197 165 40 19 388

173 228 68 21 sedda
262 227 104 28 höjandet
388 228 24 21 af
432 228 107 26 gvinnans
558 227 218 28 samhällsställning,
793 228 93 20 återstår
900 227 18 28 ej

173 264 66 19 annat
255 264 27 19 än
298 262 56 21 blott
370 263 31 19 att
416 262 54 20 söka
486 262 67 21 fixera
568 268 27 14 en
610 261 101 27 tidpunkt
727 261 6 21 i
744 261 81 21 hennes
836 260 84 28 lefnad,

173 296 27 22 dä
215 296 43 22 hon
273 296 40 22 bör
327 296 74 21 kunna
416 295 127 22 förutsättas
557 295 65 21 hafva
637 296 92 27 uppnätt
743 295 42 22 den
801 296 72 20 härtill
884 296 36 21 be-

172 330 82 27 höfliga
269 330 89 27 andliga
372 330 142 27 mogenheten
531 329 40 22 och
585 329 162 28 myndigheten.
777 330 10 20 I
799 330 59 20 detta
868 330 53 20 hän-

173 364 80 22 seende
268 364 66 21 hafva
348 364 120 27 äsigterna,
486 371 44 15 som
546 364 20 21 vi
582 370 33 21 se,
631 363 7 21 i
649 363 106 22 utskottet
766 364 56 21 varit
833 364 69 27 olika,
914 364 7 20 i

174 398 37 22 det
229 399 70 26 nägra
319 400 43 20 satt
380 398 72 21 denna
467 398 101 28 tidpunkt
583 398 6 20 i
606 398 67 28 fyllda
689 398 34 28 21,
740 398 88 20 andra
818 394 15 36 i
844 398 25 21 25
886 398 35 21 ärs

174 432 67 22 älder.
270 432 43 22 För
329 432 43 21 min
388 432 34 21 del
439 432 66 22 sluter
517 433 42 27 jag
575 432 45 27 mig
637 432 31 21 till
684 432 41 22 den
737 438 77 16 senare
825 432 96 28 äsigten,

174 469 96 19 närmast
289 466 49 22 med
357 466 103 21 afseende
476 467 13 20 ä
504 466 39 22 här
558 466 6 21 i
578 466 93 21 Finland
687 466 103 28 gällande
805 466 116 22 förhällan-

174 501 42 21 den
232 500 38 22 och
287 500 28 28 pä
331 500 68 27 grund
415 500 25 21 af
452 501 57 27 skäl,
527 507 45 15 som
585 500 67 22 redan
664 500 41 22 den
716 500 119 28 kejserliga
845 507 77 21 propo-

174 535 93 21 sitionen
289 534 140 28 framställer;
453 534 56 22 dock
532 536 50 20 utan
602 536 32 20 att
648 534 41 28 jag
705 534 85 22 derföre
805 534 37 21 vill
858 534 63 28 påstå

175 571 32 19 att
223 568 36 22 det
273 569 8 21 i
297 569 30 21 all
342 568 87 22 framtid
445 569 57 21 skall
517 570 25 20 sä
557 568 106 22 förblifva.

242 602 49 22 Men
306 604 23 20 är
344 602 86 28 engäng
445 602 106 28 gvinnans
566 602 181 28 myndighetsrätt
761 602 92 28 erkänd,
864 602 58 22 hvad

174 637 70 27 ligger
264 636 34 22 väl
320 636 6 21 i
345 636 165 28 konsegvensen
524 636 65 22 häraf
601 637 134 21 beträffande
751 636 53 22 först
820 636 41 21 den
876 636 46 27 vig-

175 671 46 28 tiga
239 671 77 27 frägan
332 677 34 15 om
382 670 81 22 hennes
479 673 42 19 rätt
537 673 31 19 att
584 670 84 28 förfoga
683 671 59 21 öfver
758 671 32 21 sin
805 678 55 20 egen
875 678 47 21 per-

175 705 54 21 son?
251 705 30 21 Sä
297 704 45 22 vidt
354 704 42 28 jag
410 704 79 22 förstår
504 706 77 26 saken,
597 705 63 27 följer
675 705 64 21 häraf
753 705 36 21 det
803 705 118 21 väsendili-

176 746 42 21 gen
233 739 59 21 olika
308 739 135 21 förhållande
463 739 33 21 för
513 740 70 21 henne
594 740 50 28 före
660 739 39 21 och
715 740 52 28 efter
783 739 41 21 den
839 741 83 19 utsatta

175 773 224 29 myndighetsäldern,
416 775 31 19 att
463 774 22 20 ät
500 774 70 21 henne
586 773 151 22 dessförinnan
753 774 18 26 ej
789 773 44 21 kan
847 773 25 22 af
880 774 41 20 den

174 807 123 27 borgerliga
315 807 65 27 lagen
398 807 142 22 tillerkännas
559 808 72 26 nägon
647 808 104 26 rättighet
770 809 31 19 att
816 808 52 26 ingä
883 808 38 20 äk-

174 842 94 27 tenskap
284 844 52 18 utan
351 841 145 21 föräldrarnes
511 842 85 21 direkta
607 841 39 21 och
658 841 129 27 obetingade
798 841 123 28 samtycke,

174 875 112 22 hvaremot
309 875 88 27 gvinna,
421 875 54 21 efter
496 877 31 19 att
548 875 65 21 hafva
629 875 110 27 upplefvat
755 875 167 27 ifrägavarande

175 909 111 28 tidpunkt,
309 910 69 20 måste
398 909 47 28 just
464 909 33 21 till
512 909 55 27 följd
582 909 26 21 af
620 909 31 21 sin
668 909 127 28 myndighet
809 909 113 22 betraktas

175 944 72 21 såsom
270 943 123 26 berättigad
416 945 31 19 att
472 943 19 21 få
518 943 53 27 gifta
596 943 43 27 sig,
664 943 34 21 väl
723 943 49 21 icke
797 946 51 18 utan
874 943 49 22 sina

175 977 118 22 föräldrars
308 977 106 28 hörande,
430 984 48 14 men
493 977 7 21 i
515 977 82 22 nödfall
613 973 122 26 oberoende
751 977 24 21 af
788 977 64 22 deras
862 977 60 27 vilja.

175 1012 44 21 Det
235 1013 24 19 är
274 1018 26 14 en
315 1011 67 28 riktig
397 1011 144 28 anmärkning
556 1018 45 15 som
617 1011 70 22 blifvit
702 1011 71 28 gjord,
790 1013 33 20 att
835 1011 87 22 hvarest

176 1047 31 20 ett
228 1046 53 26 godt
300 1045 110 27 familjelif
424 1047 51 25 äger
490 1052 55 21 rum,
562 1045 55 21 skall
634 1045 6 20 i
656 1045 74 28 hvarje
745 1045 105 22 händelse
862 1045 60 22 dott-

175 1087 37 14 ren
228 1079 37 22 vid
280 1079 58 21 valet
354 1079 24 21 af
388 1079 65 21 make
468 1079 57 22 fästa
539 1079 113 27 tillbörligt
668 1079 103 22 afseende
784 1080 29 27 på
823 1080 48 21 sina
881 1079 41 23 för-

176 1113 84 24 äldrars
275 1113 58 28 goda
348 1113 39 22 råd
402 1113 40 22 och
458 1113 139 28 önskningar,
614 1115 56 20 samt
684 1113 135 22 föräldrarne
830 1114 48 21 från
889 1115 33 20 sin

176 1147 49 22 sida
247 1147 18 28 ej
290 1147 54 28 vilja
364 1147 70 21 drifva
450 1147 33 21 sin
498 1148 60 20 makt
572 1147 77 27 längre
664 1149 28 19 än
707 1148 26 20 de
748 1148 66 21 hafva
829 1148 93 28 öfverty-

177 1181 70 28 gande
264 1181 48 22 skäl
327 1181 32 21 för
374 1181 33 21 sin
423 1181 63 28 åsigt.
516 1181 48 21 Men
580 1183 24 19 är
619 1181 144 28 familjelifvet
777 1181 50 22 icke
844 1181 79 22 sådant

176 1223 46 14 som
239 1215 33 28 sig
287 1216 44 27 hör,
348 1218 36 18 äro
400 1215 135 22 föräldrarne
550 1215 128 28 tyranniska
689 1215 40 22 och
740 1215 107 28 orimliga,
859 1216 65 21 ställa

177 1250 26 21 de
219 1249 34 28 sig
268 1249 25 22 af
305 1249 68 22 blotta
388 1251 57 26 yttre
456 1249 102 28 jordiska
572 1249 147 28 beräkningar
734 1249 7 21 i
756 1252 71 25 vägen
842 1249 33 22 för
886 1251 36 21 sitt

175 1284 66 20 barns
257 1283 74 27 lycka:
348 1284 24 20 så
387 1284 44 19 kan
447 1283 130 20 åtminstone
588 1283 42 26 jag
645 1283 18 27 ej
676 1291 53 14 anse
740 1284 37 20 det
787 1284 135 21 annorlunda

177 1319 27 18 än
226 1323 46 14 som
295 1316 63 27 högst
380 1316 131 28 beklagligt,
535 1323 33 14 om
586 1316 42 21 den
647 1317 122 27 borgerliga
784 1317 65 27 lagen
865 1320 58 20 ännu

176 1350 39 22 här
237 1349 101 29 erbjuder
360 1349 49 23 dem
432 1350 36 22 sitt
488 1350 49 23 stöd
553 1350 39 22 och
608 1350 37 22 sitt
660 1351 101 21 medhåll.
791 1351 43 22 Det
850 1353 24 20 är
887 1352 35 21 väl

176 1387 73 26 sannt,
271 1387 32 19 att
322 1385 55 21 1734
390 1385 36 22 års
440 1385 38 28 lag
492 1379 76 34 fyckes
584 1386 76 21 anvisa
675 1385 23 22 åt
713 1385 85 22 dottren
815 1393 26 14 en
856 1387 67 27 utväg

177 1421 32 20 att
223 1419 64 28 bryta
303 1419 26 21 de
345 1419 100 28 oskäliga
460 1419 82 28 hinder,
558 1427 45 14 som
613 1419 106 23 föräldrar
729 1420 74 21 kunna
813 1421 110 28 uppställa

178 1455 43 20 mot
236 1453 83 22 hennes
331 1454 128 27 äktenskap,
472 1454 106 27 nemligen
591 1457 31 19 att
632 1455 61 27 börja
705 1462 25 14 en
741 1455 116 28 rättegång
867 1457 57 20 emot
