1006 1748
761 138 40 21 253

161 203 140 28 Vicepastorn
316 211 47 14 von
378 203 82 23 Essen
477 204 106 22 förenade
599 204 34 27 sig
650 203 48 22 med
716 204 116 28 kyrkoher-

94 237 42 22 den
151 238 132 27 Rosengren.

160 272 208 28 Kontraktsprosten
387 272 93 21 Hellén
499 279 38 15 var
555 272 62 21 äfven
636 272 24 21 af
677 279 83 14 samma
775 273 57 26 åsigt

92 305 49 21 med
157 305 152 28 kyrkoherden
324 306 124 27 Rosengren
463 309 56 18 samt
534 306 127 21 hemställde
677 313 34 14 om
726 306 49 21 icke
790 306 41 21 dis-

92 340 117 21 kussionen
224 340 25 21 af
262 339 71 22 denna
348 341 61 26 fråga
424 340 72 21 kunde
512 340 108 21 förklaras
636 340 100 21 afslutad.

160 375 146 27 Domprosten
321 375 76 26 Borg:
413 375 35 20 Då
460 375 76 27 frågan
549 374 86 27 engång
645 374 71 22 blifvit
724 377 109 26 upptagen

91 408 33 22 till
146 409 165 27 öfverläggning
334 408 56 22 inom
411 408 95 29 ståndet,
527 415 63 15 anser
606 408 41 28 jag
663 408 126 22 densamma
804 409 27 28 ej,

90 445 53 20 utan
166 443 64 28 giltig
252 443 65 22 orsak
340 443 39 22 och
401 443 54 22 blott
478 443 35 21 för
528 443 168 22 införväntande
719 443 26 21 af
764 443 69 22 andra

91 477 76 23 stånds
182 478 68 21 tanka
266 478 38 21 och
320 477 87 28 mening
422 478 6 21 i
445 478 76 27 saken,
538 478 52 21 böra
605 477 134 28 uppskjutas.
773 478 60 22 Hvar

90 519 50 14 man
156 514 46 26 vet,
218 514 31 19 att
264 513 45 26 lag-
325 512 40 22 och
379 512 225 21 ekonomieutskotten
623 512 47 21 från
685 512 146 28 landtdagens

89 546 78 29 början
186 547 101 27 försågos
306 547 49 21 med
374 546 89 22 dubbelt
482 549 67 19 större
568 547 59 21 antal
649 547 25 21 af
693 547 138 22 medlemmar

90 583 28 20 än
140 581 27 22 de
189 581 69 27 öfriga
278 581 119 28 utskotten,
421 581 49 22 icke
493 581 83 21 derföre
596 583 32 19 att
648 581 119 22 ärenderna
783 581 6 22 i
804 582 27 21 de

90 615 152 22 förstnämnda
255 623 50 14 voro
321 616 87 21 svårare
424 615 53 22 eller
491 615 117 28 påkallade
624 615 160 28 mångsidigare
799 617 31 20 in-

89 650 68 28 sigter
172 653 28 19 än
216 650 120 22 ärenderna
350 650 7 21 i
373 649 26 22 de
415 657 85 21 senare,
515 653 52 18 utan
583 650 44 21 helt
647 651 74 20 enkelt
735 650 94 29 derföre,

91 687 32 19 att
137 685 27 21 de
179 685 33 21 till
228 685 82 21 antalet
325 691 51 15 voro
392 685 51 21 vida
458 685 57 21 flere.
545 685 63 21 Hvad
619 687 24 18 är
653 685 28 21 då
692 685 88 22 enklare
791 685 39 22 och

90 719 141 28 naturligare,
248 722 28 19 än
291 721 32 19 att
338 719 65 21 dessa
418 719 165 27 ifrågavarande
599 719 82 22 utskott
694 720 67 21 måtte
775 719 55 29 klyf-

90 761 39 14 vas
143 753 7 22 i
166 753 115 28 sektioner,
292 753 26 28 ja
336 753 7 22 i
361 757 77 18 tvänne
453 753 115 28 sektioner,
585 753 137 22 alldenstund
735 753 94 22 ledamö-

90 790 62 20 terna
171 789 8 20 i
199 788 48 21 dem
263 788 71 28 jemnt
355 790 36 19 äro
411 787 89 22 dubbelt
523 787 102 22 talrikare
646 791 27 18 än
692 788 8 21 i
720 788 27 22 de
762 789 69 21 andra

90 823 117 22 utskotten.
236 823 27 22 Vi
281 823 65 22 hafva
364 823 109 22 dessutom
492 823 6 20 i
510 823 37 21 det
557 825 107 20 närmaste
675 822 68 22 redan
752 823 78 22 uttalat

90 865 36 15 oss
140 858 7 21 i
163 858 71 22 denna
248 857 72 29 fråga,
336 857 28 22 då
378 857 22 22 vi
415 857 87 22 beslutit
517 865 34 15 om
567 857 64 22 dessa
646 859 79 20 tvänne
736 858 94 22 utskotts

90 893 204 27 sammansättning,
310 892 107 27 nemligen
433 894 31 19 att
480 892 41 22 den
537 892 66 21 borde
619 892 38 21 ske
676 899 77 20 genom
768 893 61 21 hvar-

90 927 52 21 dera
162 927 26 21 af
205 927 63 21 deras
286 926 89 22 hälfters
389 926 193 22 sammanslående.
612 926 104 22 Hvarföre
732 926 61 28 dröja
809 927 20 21 vi

90 963 32 19 att
140 961 69 21 uttala
228 961 36 21 det
282 961 54 22 sista
355 960 68 29 ordet,
440 963 31 19 att
487 964 54 24 säga
556 963 31 19 att
603 960 64 22 dessa
681 961 82 21 utskott
774 961 57 27 jem-

90 996 35 20 väl
144 997 55 20 inom
218 997 30 27 sig
263 996 53 22 böra
334 995 87 21 fördela
436 996 33 26 sig
484 996 29 28 på
527 997 79 19 tvänne
622 995 115 28 sektioner,
753 996 76 21 åtmin-

90 1032 61 19 stone
166 1030 58 21 hvad
240 1030 84 21 arbetet
340 1030 51 21 eller
405 1029 112 28 frågornas
532 1029 164 28 handläggning
713 1030 116 22 beträffar?

90 1064 62 22 Skall
172 1064 36 22 det
227 1064 25 22 så
270 1064 134 27 nödvändigt
418 1071 61 21 vara,
499 1066 32 19 att
545 1064 75 27 hvarje
634 1064 93 22 medlem
742 1064 7 21 i
765 1064 64 22 dessa

89 1098 84 22 utskott
193 1099 68 21 måste
281 1100 58 27 yttra
359 1099 33 27 sig
413 1099 38 21 och
472 1099 63 21 höras
550 1099 7 21 i
572 1098 75 28 hvarje
661 1098 32 22 till
710 1098 119 22 detsamma

89 1134 135 21 remitteradt
239 1134 89 27 ärende,
345 1134 24 21 så
384 1135 35 19 må
435 1133 36 21 det
486 1134 48 27 ske;
555 1133 35 21 må
604 1133 22 21 vi
640 1133 109 27 medgifva
765 1133 63 22 äfven

90 1168 42 21 den
152 1167 69 22 andra
236 1168 124 21 sektionens
382 1168 140 21 medlemmar
540 1170 43 19 rätt
603 1170 32 19 att
651 1168 177 22 reservationsvis

88 1203 70 21 uttala
173 1202 34 28 sig
221 1202 38 21 vid
274 1202 42 21 den
332 1209 51 15 enas
398 1202 149 28 betänkande;
570 1208 48 15 men
632 1202 49 21 icke
697 1202 35 21 må
747 1202 21 21 vi
783 1202 46 21 län-

89 1243 38 20 gre
146 1236 80 28 tillåta,
248 1239 32 18 att
300 1236 72 28 dessa,
393 1237 49 20 med
463 1236 126 27 öfverflödig
607 1236 100 27 personal
726 1235 103 23 försedda

89 1271 83 22 utskott
185 1271 88 22 hindras
288 1271 8 20 i
311 1271 37 21 sitt
362 1271 72 21 arbete
450 1271 40 21 och
504 1271 131 26 nedtryckas
651 1271 24 20 af
686 1270 95 27 utsigten
797 1273 32 19 att

88 1305 104 27 möjligen
207 1305 54 21 efter
276 1307 31 19 ett
322 1305 24 21 år
356 1305 65 21 hinna
433 1305 30 21 till
476 1305 42 21 slut
531 1304 49 22 med
591 1305 48 21 sina
649 1304 102 22 ärenders
761 1305 67 21 hand-

89 1339 112 28 läggning.
231 1339 43 28 Jag
288 1339 36 22 för
337 1339 43 21 min
396 1339 61 27 ringa
473 1339 34 21 del
520 1339 66 28 yrkar
600 1339 29 28 pä
643 1339 44 27 lag-
699 1339 40 21 och
750 1339 79 22 ekono-

88 1373 165 21 mieutskottens
276 1373 131 27 skyndsama
425 1373 124 26 fördelning
568 1374 29 25 pä
614 1375 88 24 tvänne,
724 1373 25 20 af
767 1373 62 21 hvar-

88 1407 69 20 andra
177 1407 6 20 i
203 1406 83 22 arbetet
306 1407 120 21 oberoende
445 1406 118 27 sektioner,
584 1406 49 21 med
651 1408 43 19 rätt
711 1405 68 22 likväl
794 1406 36 21 för

89 1441 43 22 den
148 1441 7 21 i
174 1441 151 22 diskussionen
342 1440 39 22 och
400 1440 147 22 betänkandet
565 1439 48 22 icke
631 1439 131 28 deltagande
781 1440 48 22 sek-
