1095 1739
866 136 27 21 93

174 201 235 22 elementarskolornas
420 201 6 21 i
437 201 75 21 landet
524 200 126 28 förändring
660 200 32 22 till
703 200 141 28 fullständiga
854 200 68 28 högre

174 236 221 21 elementarläroverk
410 235 51 21 med
474 236 82 26 nödiga
566 235 214 28 gymnasialklasser,
794 237 57 20 samt
861 242 61 21 gym-

174 269 113 22 nasiernes
307 269 149 28 afskaffande,
474 270 39 20 ber
527 269 42 27 jag
587 272 40 25 att,
648 269 77 21 endast
743 269 178 28 antydningsvis,

173 303 8 21 i
197 306 80 19 största
293 303 86 22 korthet
394 304 22 20 få
431 304 104 21 motivera
551 310 45 14 som
609 303 74 27 följer:

242 338 94 27 Mången
344 337 92 28 yngling
448 337 50 21 med
511 337 101 21 lofvande
625 338 66 26 anlag
699 337 39 21 har
747 337 26 21 af
777 337 42 22 den
828 337 94 27 drygarc

174 372 105 28 kostnad,
295 372 130 28 flyttningen
441 372 32 21 till
484 378 60 15 mera
554 372 93 27 aflägset
659 372 136 27 gymnasium
806 371 116 28 medförer,

175 406 94 28 nödgats
284 407 8 21 i
304 406 67 22 förtid
386 406 89 28 afbryta
491 406 48 22 sina
554 406 81 22 studier
650 406 40 22 och
706 406 98 22 hindrats
818 406 57 22 ifrån
890 408 34 19 att

175 440 92 22 beträda
290 441 42 21 den
354 440 144 22 lefnadsbana
520 441 43 21 han
585 441 26 21 af
627 441 48 21 sina
694 441 154 27 natursgåfvor
866 442 58 20 varit

174 476 95 21 anvisad
283 476 42 28 till;
341 475 83 22 hvilket
437 475 140 22 tvifvelsutan
593 475 44 21 ofta
652 475 59 22 skett
721 475 57 21 både
792 476 79 21 honom
882 476 41 21 och

174 510 144 22 fosterlandet
337 510 34 21 till
389 510 80 28 skada;
486 522 25 3 —
528 510 39 21 hos
585 510 69 21 andra
675 510 48 21 åter
741 509 40 22 har
800 510 123 27 narraktigt

175 544 96 28 högmod
293 544 40 22 och
353 544 63 28 löjlig
434 544 149 28 herraktighet
603 544 46 21 haft
669 544 33 22 sin
717 544 68 22 första
800 544 78 27 näring
892 544 33 22 uti

175 579 42 21 och
231 578 120 22 föranledts
366 578 25 22 af
402 578 155 22 medvetandet
572 585 34 14 om
620 578 129 28 flyttningen
765 578 32 21 till
813 580 31 20 ett
856 578 68 28 högre

175 613 113 27 läroverk,
309 612 40 22 och
368 612 51 22 med
438 612 105 22 förlusten
563 612 26 21 af
605 612 36 21 det
660 612 103 27 ödmjuka
782 612 142 22 barnasinnet

177 648 68 22 hafva
267 647 45 22 ofta
331 647 49 28 följt
403 647 64 21 svåra
487 646 118 22 moraliska
624 646 68 28 lyten,
710 658 25 4 —
751 646 87 28 mycket
859 650 68 18 annat

177 684 32 19 att
229 682 86 27 förtiga.
344 683 104 20 Deremot
467 688 52 15 vore
538 681 37 22 det
594 681 56 22 både
670 681 7 21 i
693 681 103 21 afseende
817 681 14 21 å
847 681 78 21 under-

176 717 88 27 visning
279 717 40 21 och
335 717 100 27 disciplin
453 716 178 27 helsosammare,
649 723 34 14 om
699 715 173 28 skolungdomen
886 723 39 14 un-

176 751 40 22 der
235 758 83 15 samma
336 751 82 22 lärares
437 751 150 27 handledning
607 751 52 20 eller
675 751 130 20 åtminstone
819 750 7 21 i
842 757 84 14 samma

175 785 131 22 läroanstalt
321 785 57 28 finge
394 785 107 28 genomgå
516 785 61 22 såväl
593 785 57 22 skol-
664 791 46 15 som
726 784 199 28 gymnasiikursen,

176 823 58 19 samt
253 820 72 21 blefve
344 821 7 20 i
367 820 139 21 ekonomiskt
524 819 103 22 afseende
647 819 107 27 billigare.
783 819 49 21 Den
853 818 73 22 ökade

177 855 96 21 kostnad
292 856 71 21 staten
382 861 77 20 genom
479 854 68 22 sådan
568 853 125 27 förändring
715 853 97 22 kommer
832 855 32 20 att
878 853 48 21 vid-

176 889 97 28 kännas,
292 889 41 21 blir
347 889 8 20 i
369 889 37 21 det
421 890 109 19 närmaste
545 887 98 27 betäckt,
664 894 35 14 om
714 887 162 28 gymnasierne,
892 888 35 20 så-

178 930 47 15 som
241 923 9 21 i
267 923 38 28 thy
325 923 38 21 fall
384 922 151 27 öfverflödiga,
556 922 111 27 indragas.
701 922 69 21 Anser
789 921 137 28 högvördiga

178 957 88 22 ständet
288 957 72 22 denna
384 956 84 22 önskan
488 963 53 15 vara
561 956 51 22 dess
632 955 63 28 värd,
716 955 39 22 ber
770 955 42 28 jag
826 958 32 19 att
874 955 52 23 den-

178 998 85 16 samma
278 992 66 21 mätte
360 994 108 26 upptagas
483 997 45 16 som
545 991 98 22 ständets
659 992 76 25 egen*.

247 1027 121 21 Bordlades
383 1025 56 22 intill
455 1025 69 22 andra
538 1025 95 22 härefter
647 1024 119 22 infallande
781 1025 95 27 plenum.

247 1062 146 27 Domprosten
412 1061 68 27 Borg
501 1060 114 22 dikterade
633 1059 34 22 till
684 1059 132 28 protokollet
828 1059 99 28 följande

180 1097 89 22 besvär:

249 1148 9 9 n
263 1130 41 22 Vid
319 1129 134 23 valtillfället
464 1129 42 22 den
517 1131 25 20 31
554 1129 99 22 sistlidne
665 1129 51 28 juli,
736 1128 29 21 dä
776 1128 42 28 jag
832 1127 26 22 af
870 1128 58 21 Kuo-

180 1165 36 28 pio
231 1165 104 28 prosteris
350 1164 150 28 kyrkoherdar
515 1164 33 21 till
563 1164 63 21 deras
642 1163 79 22 ombud
731 1163 38 21 vid
779 1162 149 22 innevarande

180 1199 107 28 landtdag
302 1199 85 27 utsågs,
403 1198 133 22 anmodades
547 1199 42 26 jag
604 1198 24 21 af
641 1198 60 21 mina
719 1197 162 21 kommittenter
895 1198 34 19 att

180 1233 59 22 inom
254 1233 89 22 ständet
358 1233 118 21 motionera
491 1239 33 15 om
540 1233 90 27 petition
646 1232 7 21 i
667 1231 99 28 följande
780 1231 105 28 syftning.

249 1269 44 20 Det
312 1271 24 18 är
353 1268 92 27 bekant,
462 1269 31 19 att
507 1268 85 27 Kuopio
607 1266 45 22 stift
667 1269 87 24 utgöres
770 1266 25 20 af
806 1264 122 23 församlin-

181 1310 46 20 gar,
246 1302 132 22 afsöndrade
396 1302 47 21 frän
462 1296 47 27 Äbo
530 1302 61 21 erke-
606 1301 39 21 och
661 1300 71 27 Borgä
748 1300 54 27 stift,
818 1299 110 27 nemligen

182 1338 25 20 af
214 1337 121 27 Uleåborgs
343 1337 49 21 läns
399 1336 158 27 församlingar,
566 1336 82 21 fordom
657 1334 130 22 tillhörande
796 1334 132 27 erkestiftet,

182 1372 41 20 och
236 1371 85 27 Kuopio
331 1371 49 21 läns
390 1370 157 26 församlingar,
559 1370 82 20 fordom
652 1368 130 21 tillhörande
792 1369 72 25 Borgå
875 1367 53 22 stift.

179 1404 80 22 Redan
273 1405 7 21 i
296 1404 78 27 början
389 1404 25 21 af
426 1404 60 21 detta
499 1403 119 29 nybildade
629 1402 57 22 stifts
697 1402 95 27 tillvaro,
804 1402 29 21 då
844 1400 86 23 skedda

180 1438 210 30 prestordinationer
408 1437 40 23 och
471 1437 115 23 förväntan
604 1436 25 22 af
646 1436 145 22 instundande
810 1436 119 27 prestmöte
