1014 1745
204 149 42 20 430

177 211 39 22 der
230 214 76 20 trenne
321 212 87 28 veckor,
421 212 34 21 till
470 211 142 28 företagande
627 210 26 22 af
665 217 27 16 en
708 218 49 15 resa
771 211 32 22 till
819 211 33 22 sin
868 211 58 22 heni-

178 248 38 19 ort.
246 245 84 23 Bifölls.

246 280 94 22 Ständet
355 279 116 29 åtskiljdes
486 279 29 23 kl.
532 280 19 21 8.

688 315 21 16 In
722 314 60 17 fidem:

607 347 50 20 And.
669 347 56 20 John
738 347 121 24 Hornborg.

228 498 151 38 Fredagen
399 498 56 28 den
475 501 18 25 4
515 499 147 27 december
681 497 41 29 kl.
745 499 37 26 10
803 498 18 27 f.
842 509 36 18 m.

245 555 90 23 Plenum
358 555 113 28 öppnades
493 555 50 22 med
565 555 25 22 af
609 555 123 28 professorn
753 555 78 22 doktor
846 555 82 22 Geitlin

178 589 73 22 hällen
266 589 50 22 bön.

246 622 102 23 Härefter
358 623 120 23 anställdes
489 630 91 23 upprop,
593 623 39 22 och
644 623 105 22 befunnos
760 623 98 23 ständets
869 623 59 22 med-

179 657 90 22 lemmar
278 657 76 22 dervid
362 664 53 15 vara
423 657 108 23 tillstädes
540 657 50 22 med
597 657 114 28 undantag
719 657 25 22 af
748 657 98 28 följande
854 657 75 22 hvilka

178 691 150 23 antecknades
342 691 73 23 såsom
429 691 155 29 frånvarande,
601 692 108 27 nemligen
724 692 50 21 herr
785 692 92 22 doktorn
888 692 40 21 och

178 726 107 29 biskopen
302 726 82 22 Ottelin
399 727 41 21 och
455 726 153 29 kyrkoherden
622 727 26 21 A.
664 726 78 22 Heikel
757 726 25 21 af
789 725 140 23 härförinnan

180 759 32 22 till
232 760 132 28 protokollet
384 759 117 29 uppgifven
519 760 75 28 orsak,
613 760 125 28 professorn
754 760 78 22 doktor
848 760 81 22 Schau-

178 801 51 14 man
249 795 7 20 i
276 794 110 22 anseende
401 795 33 20 till
450 794 69 22 andra
533 794 141 27 nödvändiga
688 794 106 28 göromål,
810 796 56 21 samt
881 801 48 22 pro-

178 829 84 22 fessorn
282 829 78 22 doktor
377 828 100 23 Granfelt
492 829 40 22 och
547 829 205 28 kontraktsprosten
767 829 79 22 doktor
861 829 68 22 Gran-

180 863 39 22 felt
234 863 50 22 med
298 863 119 27 anledning
432 863 25 22 af
469 870 27 14 en
511 863 115 22 ömmande
640 863 251 28 familjeangelägenhet.

247 898 140 22 Protokollen
402 897 34 23 för
451 898 61 22 såväl
527 898 54 22 före-
596 904 46 15 som
656 897 220 29 eftermiddagsplena
888 897 42 22 den

180 933 27 20 27
224 932 99 22 sistlidne
338 932 117 22 november
466 932 132 28 justerades.

247 967 61 21 Efter
328 966 96 22 afslutad
439 967 110 28 justering
564 967 113 22 anmäldes
691 967 127 28 ytterligare
834 973 96 16 reserva-

180 1001 70 22 tioner
270 1003 58 20 emot
346 1000 99 23 ståndets
464 1008 83 15 samma
563 1001 43 27 dag
621 1001 83 22 fattade
719 1001 72 22 beslut
805 1001 7 21 i
826 1001 105 22 afseende

181 1035 13 21 å
209 1035 81 27 nådiga
305 1035 164 28 propositionen
485 1042 34 15 om
535 1035 53 28 ogift
599 1035 91 27 qvinnas
701 1035 127 28 myndighet
839 1035 37 21 vid
886 1035 45 21 viss

180 1068 67 29 ålder,
264 1069 25 21 af
301 1069 206 27 kontraktsprosten
521 1069 143 28 Stenbäck,
681 1075 46 16 som
741 1068 149 28 tillkännagaf
897 1069 35 26 sig

180 1103 19 28 ej
220 1103 67 22 hafva
306 1103 70 22 funnit
391 1103 50 22 skäl
456 1106 32 19 att
503 1103 77 28 frångå
595 1103 34 22 sin
644 1103 8 21 i
666 1103 144 28 lagutskottet
825 1102 106 28 inlaggda

180 1137 143 28 reservation,
339 1139 57 20 samt
410 1140 88 25 prosten
513 1137 42 22 Jul.
571 1138 60 21 Imm.
647 1137 91 28 Bergh
753 1144 47 15 som
815 1137 68 22 utbad
898 1137 34 26 sig

180 1173 32 19 att
232 1171 22 21 få
274 1171 32 22 till
320 1173 65 20 nästa
399 1171 88 28 plenum
499 1171 96 22 inlemna
611 1171 33 21 sin
659 1172 134 21 reservation
808 1171 123 28 skriftligen

180 1205 102 28 affattad;
297 1205 9 21 i
321 1205 158 28 sammanhang
493 1205 104 22 hvarmed
613 1205 111 28 upplästes
740 1205 97 28 följande
851 1205 37 21 vid
901 1204 29 22 ef-

180 1239 223 28 termiddagsplenum
419 1239 41 21 den
475 1240 27 21 27
516 1240 117 21 november
643 1239 103 23 anmälda
756 1239 40 22 och
807 1239 124 22 sedermera

180 1272 124 27 skriftligen
318 1273 118 22 författade
451 1274 164 27 reservationer,
632 1274 109 27 nemligen

248 1306 23 28 a)
287 1307 138 26 vicepastorn
440 1307 151 27 Beyraths,
607 1307 26 21 så
647 1307 106 27 lydande:

249 1339 65 27 Icke
329 1339 118 22 kunnande
462 1339 75 23 förena
552 1341 45 27 mig
611 1341 8 20 i
635 1340 37 22 det
681 1340 73 22 beslut
764 1338 114 30 angående
888 1338 43 23 för-

180 1373 84 23 äldrars
280 1374 189 28 giftomannarätt,
484 1374 62 23 hvari
562 1375 37 21 det
613 1374 136 29 högvördiga
764 1374 87 22 ståndet
861 1374 7 21 i
880 1374 50 22 dess

180 1410 88 20 senaste
282 1408 87 28 plenum
385 1408 116 29 stannade,
515 1411 32 20 att
557 1409 109 28 nemligen
677 1409 68 28 sagde
755 1410 43 20 rätt
808 1409 7 21 i
826 1408 105 22 afseende

181 1444 14 23 å
214 1443 78 29 dotter,
312 1450 47 16 som
378 1443 93 29 uppnått
486 1444 93 29 tjuguett
595 1444 36 23 års
646 1444 67 29 ålder,
727 1444 45 22 kan
788 1443 143 24 tillerkännas
