1009 1745
765 145 41 21 379

155 209 35 23 Uti
209 210 48 22 herr
276 203 124 34 Öhrnbergs
419 210 101 29 yttrande
536 210 108 22 instämde
660 217 26 14 en
703 213 44 19 stor
763 210 35 21 del
813 210 26 21 af

86 245 98 21 ståndets
207 245 70 27 öfriga
299 245 146 28 medlemmar,
469 245 52 21 derå
543 245 49 20 herr
613 245 139 20 talemannen
771 244 64 21 fram-

86 278 80 21 ställde
181 278 97 28 följande
292 279 143 27 proposition:

154 312 43 21 Vill
213 313 86 20 ståndet
313 313 119 26 godkänna
447 312 207 21 besvärsutskottets
668 311 168 28 ifrågavarande

85 346 140 22 betänkande
249 347 40 21 och
312 348 81 25 antaga
416 346 50 21 dess
489 346 46 22 deri
554 346 137 22 framställda
706 346 83 27 förslag
803 345 34 22 till

86 381 136 28 underdånig
237 381 108 28 petition?

154 416 165 27 Propositionen
332 415 133 22 besvarades
477 415 104 28 enhälligt
588 415 110 28 jakande;
715 415 40 21 och
766 415 71 22 skulle

86 449 99 22 ståndets
208 450 71 21 beslut
299 457 78 20 genom
398 457 26 14 en
441 449 126 28 deputation
583 449 39 22 och
637 449 200 28 protokollsutdrag

86 483 143 22 medstånden
248 484 107 27 delgifvas
369 484 8 21 i
393 483 103 22 afseende
512 485 13 20 å
540 483 158 28 inbjudningen
713 485 32 19 att
760 484 8 20 i
783 483 53 28 peti-

86 518 74 21 tionen
181 518 98 28 deltaga,
300 518 119 27 hvarjemte
435 518 86 27 frågan,
536 518 47 21 ifall
599 517 157 28 inbjudningen
772 517 25 22 af
809 517 28 22 de

86 552 70 21 andra
171 552 92 22 stånden
278 554 101 25 antoges,
400 553 81 26 ansågs
496 552 53 22 böra
564 552 33 21 för
612 551 75 22 vidare
702 551 135 28 behandling

87 586 144 22 öfverlemnas
246 587 33 20 till
294 586 105 22 ständens
413 586 110 21 allmänna
538 586 194 21 besvärsutskott.*

155 620 120 22 Bordlades
291 621 33 20 till
339 623 64 19 nästa
418 620 93 28 plenum.

155 688 122 29 Föredrogs
296 689 155 27 lagutskottets
470 688 136 28 bordlaggda
621 687 140 22 betänkande
777 688 7 21 i
799 695 37 14 an-

87 723 90 28 ledning
199 723 26 21 af
243 724 61 21 Hans
326 723 125 28 Kejserliga
473 723 114 28 Majestäts
605 722 82 27 nådiga
703 722 134 28 proposition

87 764 34 14 n:o
138 759 18 26 1,
173 758 114 27 angående
303 757 54 28 -ogift
372 758 92 27 gvinnas
479 757 127 28 myndighet
621 757 37 21 vid
673 757 44 21 viss
731 757 68 21 ålder.

155 792 55 21 Herr
225 792 160 27 erkebiskopen
397 791 88 22 inledde
497 791 152 22 diskussionen
661 791 24 21 af
693 791 72 21 denna
775 791 62 27 fråga

88 826 49 21 med
159 827 68 26 några
250 827 48 27 ord,
317 827 127 27 antydande
459 827 100 21 hurusom
575 826 162 21 kristendomen
752 825 85 28 frigjort

87 860 96 27 qvinnan
203 861 47 21 från
271 861 36 21 det
322 861 119 27 beroende,
457 861 60 21 hvari
533 861 43 21 hon
591 860 69 21 under
674 859 163 22 hedendomens

87 894 86 22 mörker
196 894 73 22 hållits
289 894 95 28 bunden,
405 896 56 20 samt
476 896 31 20 att
523 894 42 22 den
581 894 25 21 af
617 894 164 21 kristendomen
795 894 42 22 för-

87 929 103 21 kunnade
205 929 112 28 principen
333 928 24 22 af
370 929 45 21 alla
430 929 135 21 menniskors
580 928 47 21 lika
640 928 128 27 rättigheter
777 928 60 22 inne-

88 963 44 28 bar,
149 965 32 20 att
195 963 50 22 med
261 971 27 14 en
303 964 29 27 på
347 963 50 22 dess
413 963 70 28 grund
493 962 69 29 fotad,
574 969 45 15 mer
630 962 40 22 och
680 969 46 15 mer
736 962 101 28 stigande

88 997 231 28 samhällsutveckling
341 998 64 21 äfven
429 998 106 27 qvinnans
555 997 175 28 medborgerliga
750 997 87 22 berätti-

88 1032 87 28 ganden
198 1033 67 21 måtte
286 1033 67 21 vinna
375 1035 31 19 ett
428 1032 73 23 alltför
519 1033 65 27 länge
603 1031 142 22 undanhållet
761 1032 76 21 erkän-

88 1067 79 21 nande.

156 1101 209 28 Kontraktsprosten
382 1101 78 21 doktor
479 1101 133 21 Granfelt
625 1101 100 27 uppläste
740 1101 98 27 följande

88 1135 25 22 af
126 1135 78 22 honom
219 1135 123 27 skriftligen
357 1137 103 26 uppsatta
474 1134 110 29 yttrande:

157 1169 124 28 Kejserliga
303 1169 163 28 propositionen
488 1168 93 23 rörande
600 1168 53 29 ogift
673 1169 91 27 gvinnas
779 1176 58 21 myn-

88 1205 69 27 dighet
175 1204 37 21 vid
230 1205 43 20 viss
292 1204 59 21 ålder
364 1204 108 21 erkännes
487 1210 53 14 vara
555 1202 131 21 framkallad
701 1202 26 21 af
738 1202 101 27 billighet

89 1238 39 21 och
148 1238 100 27 rättvisa,
268 1240 56 19 samt
339 1237 99 28 grundad
454 1238 28 27 på
497 1244 27 15 en
539 1237 104 26 tidsenlig
658 1237 97 27 fordran,
771 1237 68 21 hvarå

89 1272 104 22 afseende
208 1272 67 21 borde
290 1271 76 22 fästas.
397 1272 66 21 Detta
480 1274 23 19 är
519 1273 30 20 ett
564 1271 155 27 medgifvande
733 1270 24 21 af
770 1273 68 19 större

89 1307 46 26 vigt
156 1309 27 18 än
202 1313 50 14 man
269 1306 110 21 måhända
394 1306 58 27 gjort
467 1306 34 27 sig
515 1305 54 22 reda
584 1305 38 27 för,
639 1307 31 19 ett
685 1305 154 27 medgifvande

90 1347 56 21 som,
166 1340 7 21 i
193 1340 106 22 händelse
318 1340 37 21 det
372 1340 71 21 blifvit
459 1342 42 19 rätt
516 1339 133 29 uppfattadt,
662 1339 49 21 bort
726 1346 65 14 mana
806 1338 33 22 till

90 1381 60 14 mera
172 1374 185 27 genomgripande
380 1374 108 26 åtgärder,
511 1377 28 17 än
559 1374 7 20 i
585 1374 78 26 sjelfva
682 1374 75 20 verket
773 1379 66 21 synas

89 1414 54 15 vara
158 1408 113 27 påtänkta.
