1031 1742
197 155 39 23 526

168 222 48 21 den.
246 222 56 21 Ville
324 221 24 21 af
368 221 68 23 sådan
458 220 117 28 anledning
596 222 59 21 rösta
672 220 32 23 för
723 219 131 30 petitionens
869 218 41 25 för-

168 256 114 22 kastande.

235 290 141 28 Vicepastorn
395 297 51 14 von
466 291 87 22 Essen
572 291 96 28 yttrade,
689 292 31 20 att
743 290 29 22 dä
790 291 27 21 de
831 291 79 28 talare,

168 332 46 15 som
237 325 101 28 uppträdt
360 325 32 21 till
415 324 82 23 försvar
516 325 32 22 för
563 325 216 28 petitionsförslaget,
796 325 116 28 samtligen

168 360 71 27 utgätt
254 367 24 14 ur
294 360 136 28 synpunkten
446 360 24 21 af
483 360 36 21 det
533 359 131 22 tidsödande
679 359 40 23 och
733 360 33 22 för
778 360 135 21 herdekallet

168 394 122 28 hinderliga
305 395 6 20 i
328 395 36 21 det
378 395 125 21 nuvarande
518 395 129 21 invecklade
663 397 65 20 sättet
737 395 34 22 för
781 397 80 26 presta-
873 395 40 21 och

170 429 137 28 synnerligen
321 429 219 28 pastorsaflöningens
556 429 148 29 uppbärande,
720 430 38 21 och
769 431 67 26 nägot
846 432 66 19 annat

169 463 49 22 skäl
240 463 33 22 för
295 463 41 22 den
354 463 124 28 föreslagna
496 464 118 28 petitionen
629 465 49 21 icke
693 465 79 21 uttalat
786 465 42 27 sig,
844 465 70 26 ansåg

170 498 135 28 vieepastorn
327 498 33 22 för
382 499 34 21 sin
434 499 36 21 del
487 499 24 21 sä
525 498 88 29 mycket
628 499 83 22 mindre
727 499 117 28 anledning
859 498 54 22 före-

169 533 87 22 komma
278 535 32 19 att
330 533 50 21 med
402 533 125 22 densamma
548 534 94 21 besvära
661 534 60 21 Hans
740 533 111 29 Majestät,
868 540 46 15 som

170 574 50 15 man
239 567 7 21 i
264 567 55 28 följd
337 567 24 22 af
374 567 41 22 den
431 568 117 27 kejserliga
563 568 161 28 propositionen
738 575 34 14 om
788 568 125 28 prestaaflö-

170 601 92 28 ningens
285 601 127 28 reglerande
434 602 56 22 hade
512 605 31 19 att
561 603 82 28 hoppas
659 610 26 14 en
701 609 51 16 snar
766 602 127 28 förändring
907 603 7 20 i

172 637 60 21 detta
247 636 111 28 afseende,
375 636 97 23 hvarföre
488 643 26 16 en
529 637 185 29 interimsätgärd,
731 637 69 22 sådan
816 645 46 14 som
872 637 42 21 den

171 678 29 15 nu
216 671 108 28 åsyftade,
340 671 49 22 icke
405 679 50 14 vore
471 671 24 22 af
507 671 101 23 behofvet
618 672 110 27 påkallad.
753 672 73 27 Några
837 673 24 21 år
871 672 43 27 till,

171 706 33 21 till
227 705 26 22 de
275 705 122 28 hundrade,
417 706 67 22 under
502 706 74 21 hvilka
590 707 162 28 presterskapet
768 706 82 28 dragits
865 707 49 21 med

173 741 71 20 denna
259 740 76 28 börda,
352 740 66 22 borde
434 741 47 21 icke
497 747 63 16 anses
576 741 24 21 så
615 741 147 28 betungande,
778 743 32 19 att
824 741 50 22 icke
888 741 27 22 de

173 777 57 19 ännu
245 774 72 22 kunde
332 774 109 23 uthärdas.
471 776 33 21 En
520 775 68 22 talare
603 775 57 21 hade
674 775 97 28 påpekat
786 775 36 22 det
840 775 76 22 odiösa

173 809 56 28 deri,
250 811 31 19 att
300 809 86 21 läraren
406 809 84 28 nödgas
504 811 82 20 utsätta
601 810 33 27 sig
649 809 33 22 för
696 810 152 27 sanningslösa
863 817 52 22 upp-

173 844 63 27 gifter
259 843 25 22 af
303 844 49 21 sina
374 843 89 22 åhörare
486 844 39 21 och
545 844 67 21 blifva
626 843 24 22 af
663 844 49 21 dem
727 845 115 27 bedragen.
872 845 44 22 Det

174 878 130 27 obehagliga
325 878 7 20 i
355 878 59 21 detta
436 878 134 22 förhållande
592 878 67 22 borde
682 878 64 28 dock,
771 879 67 27 enligt
859 879 56 21 vice-

174 915 99 26 pastorns
288 912 146 28 förmenande,
450 913 24 21 af
486 914 84 20 läraren
581 913 74 22 kunna
665 913 78 22 lättare
753 913 123 29 fördragas,
888 917 28 18 än

174 948 37 21 det
226 948 32 21 för
271 947 154 28 församlingen
440 948 116 27 förhatliga
572 948 38 20 och
626 948 44 21 ofta
685 947 33 22 för
731 948 41 21 den
782 948 76 28 fattige
869 951 47 19 rent

175 982 24 21 af
219 982 129 22 ruinerande
368 982 146 27 blodsugeriet
536 982 39 22 hos
596 989 26 14 en
640 981 108 23 måhända
764 982 81 22 mindre
861 990 54 14 sam-

175 1018 82 20 vetsöm
280 1016 131 22 arrendator.
441 1017 141 27 Vicepastorn
604 1016 102 22 förenade
729 1017 33 27 sig
784 1017 65 21 alltså
868 1017 49 21 med

174 1051 202 28 kontraktsprosten
392 1051 110 22 Stenbäck
517 1052 6 20 i
540 1051 140 27 afstyrkande
697 1051 25 21 af
735 1051 41 21 den
792 1051 124 27 föreslagna

175 1086 124 28 petitionen.

242 1121 90 22 Prosten
345 1121 27 21 H.
387 1120 103 23 Heikel:
506 1120 43 29 Jag
563 1120 38 22 ber
616 1123 32 19 att
663 1121 21 21 få
700 1123 88 26 nämna,
805 1123 31 20 att
851 1120 6 22 i
874 1120 42 22 den

174 1154 136 29 församling,
325 1155 64 23 hvars
404 1156 137 28 kyrkoherde
551 1156 41 28 jag
607 1158 29 26 är,
652 1155 134 22 handhafves
801 1156 65 28 ingen
882 1154 35 23 del

176 1189 24 22 af
219 1188 125 30 uppbörden
366 1189 24 22 af
410 1190 44 27 mig
473 1190 54 28 sjelf.
557 1190 60 22 Efter
637 1189 217 23 öfverenskommelse
868 1190 50 21 med

176 1224 153 28 församlingen
345 1224 50 21 sker
410 1224 43 22 den
468 1231 77 21 genom
562 1224 152 22 åldermännen
730 1224 7 21 i
752 1224 118 28 byalagen;
882 1229 35 16 en-

176 1258 50 22 dast
245 1258 260 28 kyrkotagningsafgifter
524 1259 40 22 och
583 1259 176 28 påskpenningar
773 1259 107 27 uppbäras
896 1259 25 21 af

176 1292 187 28 kyrkovärdarne;
379 1292 74 22 likstol
469 1293 98 27 erlägges
582 1291 97 23 allsicke.
710 1294 42 25 Jag
762 1292 113 28 förmenar,
887 1295 31 18 att

177 1326 37 22 det
234 1326 44 21 står
293 1326 53 21 hvar
362 1326 38 21 och
416 1334 27 13 en
458 1332 71 16 annan
544 1326 45 22 fritt
604 1328 33 19 att
651 1326 29 28 på
695 1333 81 15 samma
792 1328 43 20 sätt
850 1326 67 22 öfver-

176 1360 46 22 låta
244 1360 33 22 sin
299 1360 97 29 uppbörd
419 1361 22 21 åt
463 1360 63 22 bvem
545 1360 42 22 han
605 1360 33 22 för
653 1360 51 28 godt
719 1360 74 22 finner.
822 1361 49 21 Men
887 1363 31 19 att

176 1395 166 22 bortarrendera
360 1395 48 22 sina
426 1396 123 28 inkomster,
566 1396 71 21 såsom
652 1395 104 23 utskottet
771 1395 7 21 i
792 1395 37 22 sitt
843 1396 75 22 betän-

176 1430 72 22 kande
264 1430 120 29 föreslagit,
400 1430 84 23 kanske
500 1430 22 22 åt
538 1430 40 24 den
594 1430 174 29 mestbjudande,
784 1430 37 21 det
836 1430 32 22 får
879 1428 39 24 och
