1014 1745
786 136 39 23 183

108 202 64 21 äfven
192 202 33 21 till
244 203 49 22 dess
312 203 101 21 enskilda
429 203 98 27 detaljer.
557 204 44 20 Det
616 205 24 19 är
655 203 66 27 klart,
739 204 32 21 att
786 203 68 21 under

108 237 25 20 så
148 236 97 28 lyckliga
260 236 152 22 förhållanden
427 237 120 27 petitionen
560 237 56 20 ifrån
631 236 80 22 folkets
722 237 49 21 sida
781 237 72 22 anslu-

108 272 33 19 ter
155 270 34 27 sig
204 270 37 21 vid
259 273 115 24 regentens
395 271 35 21 för
446 271 121 21 detsamma
582 271 25 21 så
623 270 94 29 dyrbara
731 271 68 21 löften
814 271 40 21 och

108 303 71 22 tolkar
201 305 29 20 all
254 305 42 20 den
316 305 145 27 tacksamhet,
483 311 45 15 som
548 305 104 21 nationen
672 304 76 22 härvid
764 305 89 28 känner,

107 338 50 21 med
172 337 122 23 detsamma
309 346 45 14 som
371 339 51 28 den,
439 345 78 22 genom
532 341 32 20 att
579 341 52 25 taga
646 339 25 22 så
686 341 32 19 att
733 341 55 25 säga
803 339 51 27 laga

107 372 58 22 fasta
179 373 29 27 på
223 375 115 26 regentens
353 373 48 22 från
416 375 76 20 tronen
503 373 97 22 uttalade
611 373 48 28 ord,
676 373 69 28 gifver
755 374 24 20 åt
789 373 66 22 dessa

107 407 42 21 den
172 410 58 19 ännu
250 408 112 22 bristande
383 408 147 22 bekräftelsen
545 408 109 28 nedifrån,
670 408 141 28 hvarigenom
827 408 27 22 de

106 441 83 22 erhålla
205 443 107 28 stämpeln
328 444 32 20 att
375 449 54 15 vara
443 443 87 28 uttryck
545 443 46 21 lika
606 443 88 28 mycket
704 442 25 22 af
739 443 114 22 nationens

105 483 46 15 som
174 477 25 21 af
219 479 114 26 regentens
356 477 59 28 vilja.
445 478 44 21 Det
507 484 50 15 vore
579 475 32 24 att
630 477 119 22 förutsätta
767 484 26 15 en
809 480 45 19 stor

105 511 147 28 oskicklighet
262 512 37 21 vid
309 511 275 29 landtdagspetitionernas
595 511 153 29 redigerande,
760 519 34 14 om
803 519 50 14 man

104 546 126 22 föreställer
245 547 34 27 sig
295 548 32 19 att
342 547 121 27 någonting
478 546 101 23 stötande
595 546 54 22 eller
663 546 94 22 sårande
769 547 36 21 för
815 553 37 15 na-

104 581 85 22 tionens
200 581 78 28 högste
288 581 107 22 målsman
406 581 76 22 dervid
493 582 68 21 måste
571 581 118 22 inkomma,
705 581 48 22 Den
761 581 91 27 vackra,

105 614 148 23 afundsvärda
268 617 53 20 äran
335 615 36 22 för
387 623 27 14 en
429 617 76 26 regent
520 617 32 20 att
567 615 110 28 sjelfmant
690 615 39 22 och
741 615 112 28 opämindt

104 649 91 28 vidtaga
209 650 102 27 ätgärder
325 650 36 22 för
376 649 153 23 befordrandet
543 650 26 21 af
581 651 30 20 ett
627 650 57 21 folks
699 650 108 27 heligaste
822 650 31 21 in-

104 686 93 26 tressen,
219 684 57 22 skall
299 684 25 21 sä
344 684 48 22 litet
411 691 79 21 genom
510 685 65 21 dessa
594 684 116 28 petitioner
725 684 46 21 lida
786 684 67 27 nägot

103 719 88 27 inträng
206 719 53 21 eller
274 719 152 28 fördunkling,
443 721 32 19 att
488 719 7 21 i
511 719 40 22 och
566 725 79 22 genom
660 719 49 21 dem
721 719 47 27 just
783 725 70 22 yppar

105 753 33 28 sig
153 753 36 22 det
204 753 65 22 bästa
289 753 88 22 tillfälle
392 753 33 22 till
441 755 31 20 ett
488 753 112 22 uttalande
616 753 25 22 af
653 754 41 21 den
708 753 69 28 lifliga
792 753 61 22 taek-

104 787 84 22 samhet
204 788 39 21 och
259 790 79 26 trygga
354 787 122 29 tillförsigt,
493 795 46 15 som
553 787 75 29 hvarje
641 788 70 27 redlig
721 788 57 21 finne
789 788 65 28 hyser

103 822 37 22 för
147 822 33 21 sin
189 822 56 28 höge
253 822 76 28 furste,
338 822 37 22 för
381 822 125 22 Alexander
514 823 40 21 den
565 822 75 29 andre,
652 823 28 28 pä
688 822 70 27 grund
766 821 25 22 af
796 822 58 21 hvad

103 857 44 21 han
167 856 68 22 redan
255 857 36 21 för
305 863 36 15 oss
357 857 57 28 gjort
429 857 40 21 och
483 857 36 22 för
532 857 115 22 framtiden
663 856 68 22 lofvat
745 859 33 19 att
793 859 59 25 göra.

171 891 58 21 Frän
252 891 72 21 denna
344 897 83 15 samma
447 891 119 28 synpunkt,
586 891 65 22 hvars
671 891 182 27 äskädningssätt

99 925 42 28 jag
157 932 28 15 nu
199 925 46 22 haft
260 927 53 20 äran
327 925 92 28 antyda,
435 925 63 22 faller
509 925 86 22 derföre
606 925 100 28 skuggan
717 925 25 22 af
749 925 39 22 vär
799 925 52 22 kon-

103 959 143 22 stitutionella
262 959 75 22 frihets
351 960 98 21 sväraste
463 960 124 27 kränkning
602 959 93 22 tillbaka
708 959 28 28 pä
747 967 27 14 en
785 959 66 28 äsigt,

104 1001 46 15 som
170 1001 27 14 en
217 993 41 22 och
277 1001 73 14 annan
369 993 76 22 ibland
464 1001 35 15 oss
516 994 49 22 icke
579 994 76 22 tvekat
670 996 32 19 att
717 994 78 28 uttala,
812 994 40 21 och

104 1035 45 16 som
161 1029 42 28 jag
218 1028 104 23 särskildt
337 1028 84 23 känner
436 1029 44 27 mig
493 1028 80 23 manad
587 1030 32 20 att
629 1028 106 29 uppträda
747 1031 66 25 emot,
825 1041 27 3 —

103 1063 72 22 denna
195 1063 68 28 äsigt,
281 1065 32 20 att
327 1063 37 22 för
379 1063 107 22 Finlands
500 1063 88 22 ständer
604 1063 19 28 ej
640 1070 51 15 vore
706 1063 98 28 tillätligt
819 1065 33 20 att

103 1097 130 29 petitionera
248 1098 7 21 i
271 1097 197 29 grundlagsfrägor,
489 1098 88 22 derföre
597 1099 33 20 att
648 1098 61 21 Hans
727 1097 126 28 Kejserliga

103 1132 103 28 Majestät
216 1132 7 21 i
235 1131 109 23 anseende
360 1132 32 21 till
404 1132 49 21 dem
467 1132 127 22 förbehällit
605 1132 34 28 sig
648 1131 123 22 initiativet.
793 1132 58 28 Upp-

103 1166 81 28 repade
199 1167 84 27 gänger
297 1167 40 20 har
351 1166 36 22 väl
402 1167 68 21 redan
485 1167 98 22 häremot
595 1166 71 22 blifvit
677 1165 100 29 anfördt,
792 1173 59 20 men,

103 1207 46 15 som
166 1201 37 21 det
222 1201 87 28 tyckes,
330 1203 51 19 utan
400 1202 32 20 att
447 1203 58 19 ännu
519 1201 66 22 vinna
601 1200 114 27 tillbörligt
730 1200 74 28 gehör,
821 1203 32 18 att

103 1242 78 21 genom
190 1235 76 28 dylika
273 1235 116 28 petitioner
395 1235 55 21 intet
458 1235 87 28 inträng
553 1237 64 26 göres
624 1235 29 28 pä
661 1235 60 21 Hans
728 1234 124 28 Kejserliga

103 1269 114 28 M$estäts
237 1270 23 21 ät
280 1269 34 28 sig
333 1276 75 15 ensam
428 1269 138 22 förbehållna
581 1269 104 27 rättighet
700 1268 32 22 till
747 1269 104 27 initiativ;

103 1306 24 26 ty
142 1304 6 20 i
165 1304 103 21 trontalet
287 1306 25 19 är
332 1304 171 27 ögonskenligen
518 1304 63 26 fråga
596 1310 35 14 om
645 1304 86 25 motion,
752 1303 49 21 icke
817 1310 34 14 om

99 1339 91 28 petition
204 1338 7 21 i
227 1338 202 28 grundlagsfrägor;
447 1338 38 22 der
499 1338 134 22 fränkännes
648 1337 36 22 väl
699 1336 153 29 riksdagsmän

104 1373 40 20 och
155 1373 111 20 riksständ
280 1373 132 26 rättigheten
428 1375 32 18 att
470 1373 84 20 föreslä
564 1372 118 26 ändringar
692 1372 7 20 i
709 1373 53 20 vära
773 1371 78 27 grund-

104 1407 67 26 lagar,
187 1406 75 21 hvilka
277 1406 84 27 förslag
375 1406 133 21 omedelbart
518 1405 37 22 vid
566 1412 83 15 samma
659 1405 92 27 riksdag
761 1405 25 21 af
793 1408 57 19 stän-

104 1440 68 22 derna
188 1440 70 22 skulle
273 1440 88 29 pröfvas
376 1439 49 29 och,
443 1439 89 22 säframt
547 1439 27 23 de
590 1439 71 23 blifvit
675 1439 128 29 godkända,
819 1441 32 20 ut-
