1009 1745
203 148 41 21 314

176 213 31 20 ler
222 212 76 27 farsot,
319 211 72 22 kunde
407 211 96 22 inträffa:
519 211 89 21 hvilken
623 211 88 28 mening
726 211 25 22 af
763 212 66 27 ingen
844 211 7 21 i
867 212 57 21 stån-

175 246 37 21 det
228 246 117 21 motsades.

242 280 54 21 Herr
311 280 139 21 talemannen
465 279 131 22 hemställde
607 279 33 22 till
651 279 96 28 ståndet,
759 279 106 23 huruvida
875 280 49 21 icke

174 315 7 20 i
199 315 119 27 petitionen
337 315 63 21 äfven
418 314 67 22 borde
505 314 103 28 antydas,
630 316 32 19 att
679 314 68 21 bland
765 315 159 27 besvärspunk-

175 352 62 18 terna
252 350 7 20 i
276 348 26 21 de
321 349 62 21 fleste
402 348 48 22 från
468 348 144 29 prosterierne
631 348 82 28 ingifne
727 349 146 28 valprotokoll
888 351 37 19 ön-

176 383 54 22 skan
247 390 34 15 om
296 383 126 27 periodiska
437 383 131 28 landtdagar
582 383 70 22 blifvit
668 383 138 28 framhållen,
825 383 99 27 hvarige-

174 425 50 13 nom
246 417 120 28 petitionen
386 417 70 21 skulle
477 418 107 28 tydligare
600 417 90 22 framstå
706 417 71 21 såsom
792 420 30 18 ett
838 417 86 28 uttryck

175 452 25 21 af
212 452 50 21 hela
277 451 86 22 landets
379 451 61 28 djupt
456 452 74 21 kända
545 451 68 22 behof
626 451 39 22 och
676 451 93 22 sålunda
779 452 66 21 vinna
856 453 69 20 större

176 486 138 28 betydenhet.

243 520 64 21 Flere
322 519 25 21 af
360 519 87 22 ståndet
462 519 104 22 förenade
582 519 34 27 sig
629 519 82 22 härom.

243 554 145 27 Domprosten
406 554 113 21 Renvall
536 553 76 22 trodde
632 553 36 22 det
683 553 126 28 föreslagna
824 554 101 27 tillägget

175 587 110 22 måhända
299 588 75 21 kunna
388 587 98 22 medföra
501 595 27 14 en
544 589 89 20 motsatt
646 588 92 27 verkan,
750 588 91 21 emedan
853 587 73 22 denna

176 622 84 21 önskan
276 622 49 21 icke
341 621 64 22 fanns
420 622 7 21 i
443 622 45 21 alla
502 622 174 28 valprotokollen
689 622 95 28 uttalad,
796 622 67 22 ehuru
874 622 50 21 den-

175 663 83 15 samma
279 657 74 21 säkert
374 656 24 21 af
413 656 51 22 hela
478 657 76 22 landet
568 656 97 22 delades.
696 657 74 22 Också
784 656 58 22 hade
857 657 68 22 redan

175 691 37 21 det
233 691 7 20 i
259 690 90 28 januari
373 691 54 20 1862
451 691 179 21 sammankomna
651 691 195 22 ständerutskottet
862 691 62 22 fram-

175 725 61 22 ställt
256 725 88 22 landets
366 724 68 22 behof
454 725 23 21 af
495 725 121 28 periodiskt
631 725 178 22 återkommande
825 725 99 22 landtda-

176 767 45 20 gar,
238 759 84 21 hvilket
336 759 49 21 med
401 765 83 16 samma
500 759 48 22 skäl
564 766 29 15 nu
608 759 73 22 kunde
697 760 113 27 åberopas.

243 793 63 21 Flere
329 793 82 28 ansågo
435 793 64 22 äfven
519 793 135 22 sistberörda
673 794 161 27 omständighet
850 794 53 21 böra
919 794 5 21 i

176 827 121 28 petitionen
313 827 100 28 antydas.

243 862 146 27 Domprosten
407 862 68 27 Borg
490 862 79 21 delade
585 862 138 28 domprosten
738 862 104 22 Renvalls
858 863 67 21 tanke

176 899 32 19 att
228 896 81 22 sakens
327 896 46 27 vigt
392 895 73 22 kunde
480 903 78 21 genom
574 896 38 21 det
626 896 127 28 föreslagna
768 896 100 28 tillägget
883 896 42 22 för-

176 937 89 21 svagas,
288 930 91 22 emedan
398 930 110 28 uttrycket
528 930 24 22 de
563 930 65 28 flesta
643 931 7 21 i
666 930 44 22 alla
725 930 38 22 fall
778 931 105 21 innebure
899 938 27 14 en

176 965 166 28 inskränkning.

244 999 84 22 Doktor
345 999 147 28 Hertzberg
507 999 126 22 förmenade
648 999 42 22 den
706 999 170 29 omständighet,
893 1003 33 18 att

176 1034 76 27 frågan
268 1033 49 22 icke
332 1033 63 22 fanns
411 1033 7 21 i
434 1034 44 21 alla
488 1034 173 28 valprotokollen
672 1035 121 27 upptagen,
804 1034 122 27 ingalunda

177 1068 77 21 hindra
276 1067 51 22 dess
349 1067 161 28 framställning
532 1068 72 21 såsom
626 1068 87 21 landets
736 1069 90 21 allmänt
847 1068 78 22 delade

176 1102 94 28 önskan,
288 1101 28 22 då
331 1101 37 22 det
384 1103 28 26 på
427 1102 55 21 intet
497 1104 43 20 sätt
555 1102 73 21 kunde
644 1101 110 29 betviflas,
769 1105 32 18 att
810 1102 26 28 ju
846 1102 79 22 förhål-

176 1136 74 21 landet
265 1137 8 20 i
289 1135 79 28 sjelfva
383 1136 77 21 verket
475 1143 39 14 var
528 1135 86 22 sådant.

244 1169 159 28 Kyrkoherden
417 1170 25 21 A.
458 1169 94 22 Heikel
573 1170 70 27 ansåg
659 1172 30 19 ett
704 1169 140 28 åberopande
860 1170 25 21 af
899 1171 27 21 de

177 1203 153 28 valprotokoll,
354 1203 8 21 i
382 1203 76 22 hvilka
480 1203 77 28 frågan
579 1203 72 22 blifvit
673 1204 112 28 uppställd
805 1204 72 22 såsom
895 1206 31 19 ett

176 1237 174 28 önskningsmål,
367 1237 50 22 icke
432 1237 102 28 uttrycka
549 1237 99 28 verkliga
663 1238 155 28 förhållandet,
833 1238 92 22 emedan

176 1275 14 19 t.
212 1279 33 14 ex.
266 1271 154 28 kyrkoherden
443 1271 72 22 såsom
538 1272 79 21 ombud
636 1272 34 21 för
688 1272 64 21 Kemi
768 1273 101 26 prosteri,
885 1273 41 20 och

176 1305 144 27 förmodligen
336 1305 63 20 äfven
415 1305 78 27 andra,
510 1305 78 21 endast
603 1305 25 20 af
641 1305 36 21 det
687 1305 50 21 skäl
748 1305 19 27 ej
779 1305 147 21 framkommit

176 1338 50 23 med
248 1338 92 28 petition
362 1338 84 28 härom,
466 1340 32 20 att
514 1339 108 22 ombuden
637 1339 46 21 haft
698 1339 34 28 sig
747 1339 82 22 bekant
844 1341 32 20 att
892 1339 33 21 så-

176 1373 44 21 dan
234 1372 92 28 petition
341 1372 48 22 från
404 1375 68 19 annat
485 1372 46 22 håll
547 1373 32 22 till
595 1373 87 22 ståndet
696 1374 78 27 ingått.

244 1408 91 21 Prosten
358 1407 139 27 Grönberg
518 1414 39 15 var
577 1408 25 21 af
619 1414 83 16 samma
717 1408 89 27 mening
821 1414 46 16 som
883 1408 43 22 den

175 1441 133 28 föregående
323 1441 91 22 talaren.
