1025 1745
204 159 42 21 116

175 223 68 23 stånd
258 223 109 22 stannade
383 225 45 18 mot
443 223 46 26 två,
505 223 53 21 eller
573 222 103 27 möjligen
692 225 32 18 tre
740 225 45 20 mot
800 226 39 25 ett,
856 223 73 22 äfven-

175 265 48 15 som
237 257 65 22 deraf
310 259 33 20 att
354 257 36 21 vid
401 257 126 28 expedition
537 257 25 21 af
569 256 130 22 hithörande
710 257 93 22 ärender
813 258 117 21 svårslitna

174 293 79 22 tvister
275 292 93 23 stånden
390 291 93 22 emellan
504 291 112 27 lätteligen
637 291 73 21 kunde
725 292 80 28 uppstå
819 292 37 21 vid
871 292 59 22 valet

176 327 27 22 af
214 325 170 30 nödigansedda
397 325 98 28 motiver,
511 333 47 14 som
573 325 47 21 från
637 325 73 22 skilda
720 327 135 28 synpunkter
865 327 65 27 högst

176 361 61 22 olika
256 362 75 21 kunna
351 360 115 28 bedömas;
490 360 87 22 derföre
599 359 40 22 allt
654 359 25 22 hr
690 360 139 23 talemannen
845 361 36 22 för
896 361 33 22 sin

174 397 39 21 del
235 396 70 27 ansåg
324 395 99 22 ståndets
443 395 92 21 intresse
551 394 87 22 säkrast
653 395 41 21 och
708 395 51 22 bäst
774 395 68 22 blifva
857 395 72 23 afsedt

174 437 37 15 om
226 431 44 20 alla
286 430 50 21 dess
353 429 25 21 så
393 428 120 27 allmänna,
530 436 46 14 som
589 428 101 22 enskilda
700 429 99 21 besvärs-
811 429 41 21 och
863 430 66 21 önsk-

173 464 112 28 ningsmål
300 464 34 21 till
349 463 122 28 beredning
486 462 173 23 öfverlemnades
674 463 23 21 ät
712 463 99 22 ständets
825 470 56 21 egna
891 464 37 22 be-

174 498 155 23 svärsutskott.

243 533 128 22 Professorn
382 532 147 22 Schauman
539 531 87 30 yttrade
637 532 57 22 först
704 531 119 28 muntligen
832 535 57 19 samt
896 533 32 21 in-

173 568 104 22 lemnade
288 567 79 27 sedan,
379 567 124 27 skriftligen
511 566 110 27 affattadt,
634 567 33 21 till
677 567 133 28 protokollet
820 566 107 29 följande:

243 602 36 21 Då
301 601 161 28 erkebiskopen
485 601 58 22 först
564 600 130 23 meddelade
718 601 88 22 ståndet
825 601 103 23 talmans-

172 637 160 22 konferensens
348 635 85 28 förslag
448 643 34 14 om
496 635 27 22 de
535 635 93 28 utskott,
644 635 76 22 hvilka
730 635 67 22 borde
808 636 38 21 vid
857 636 72 22 denna

173 671 110 28 landtdag
298 671 114 28 tillsättas,
427 670 92 27 frågade
530 670 42 28 jag
587 670 106 21 huruvida
708 670 116 27 meningen
834 677 45 22 var,
895 673 34 19 att

173 707 39 21 det
225 705 132 28 föreslagna
372 705 185 21 besvärsutskottet
577 704 70 23 skulle
662 711 53 14 vara
730 706 30 20 ett
776 705 98 27 allmänt,
891 712 36 21 ge-

172 742 108 21 mensamt
295 739 36 22 för
341 740 45 21 alla
396 739 104 27 stånden,
517 739 53 22 eller
584 739 55 22 blott
649 741 31 19 ett
690 739 101 27 enskildt,
806 739 35 22 för
851 739 76 28 hvarje

173 774 75 28 stånd,
265 774 40 22 och
321 773 129 23 förklarade
461 773 51 28 jag,
527 776 33 19 att
575 773 71 22 denna
656 773 45 22 min
712 773 61 28 fråga
784 774 143 22 föranleddes

174 809 72 28 deraf,
258 810 32 20 att
300 808 97 22 hvarken
406 807 38 22 vid
451 807 146 28 riksdagarna
604 807 82 22 mellan
695 808 55 21 1772
758 808 42 22 och
809 809 56 21 1800
873 808 54 22 eller

173 843 39 23 vid
226 843 73 28 Borgå
313 842 108 28 landtdag
436 843 55 20 1809
505 842 67 28 något
582 842 37 21 för
629 842 44 21 alla
684 842 94 22 stånden
791 845 137 25 gemensamt

174 878 55 22 eller
243 878 92 21 allmänt
348 876 175 22 besvärsutskott
538 884 39 14 var
586 876 85 22 tillsatt.
694 876 36 21 Då
742 877 29 28 på
782 877 72 21 denna
864 877 64 27 fråga

173 912 162 28 erkebiskopen
350 910 101 28 svarade,
467 912 33 20 att
514 911 117 27 meningen
646 917 29 15 nu
690 917 39 15 var
744 913 33 20 att
792 911 93 23 tillsätta
896 914 31 20 ett

173 946 80 23 sådant
268 946 92 22 allmänt
375 946 184 27 besvärsutskott,
576 945 115 21 anmärkte
700 944 51 29 jag,
768 948 33 19 att
811 946 67 22 ehuru
885 946 43 28 jag

150 996 2 2 -
172 981 38 22 för
224 981 66 28 ingen
306 980 36 22 del
356 980 52 22 ville
423 979 99 23 bestrida
536 979 98 22 hvarken
648 980 157 27 tillåtligheten
821 980 53 22 eller
884 980 43 22 den

172 1015 117 28 praktiska
311 1017 79 26 nyttan
410 1014 25 22 af
451 1016 31 20 ett
497 1014 91 22 allmänt
603 1014 185 28 besvärsutskott,
801 1014 42 28 jag
857 1015 71 28 ansåg

173 1050 38 21 det
221 1049 86 28 nödigt,
319 1051 33 19 att
362 1048 105 28 derjemte
477 1050 30 20 ett
518 1048 96 22 enskildt
624 1048 176 22 besvärsutskott
808 1048 36 22 för
851 1048 77 29 hvarje

173 1084 67 21 stånd
254 1083 72 22 blefve
341 1083 85 21 tillsatt.
454 1082 276 22 Talemanskonferensens
744 1082 88 28 förslag
846 1090 35 14 om
897 1085 31 20 ett

172 1118 94 22 allmänt
281 1116 176 24 besvärsutskott
471 1116 130 28 godkändes
617 1116 106 28 enhälligt
734 1116 24 22 af
766 1116 97 28 ståndet;
878 1124 51 16 men

171 1152 90 22 ståndet
276 1151 73 22 beslöt
364 1150 105 29 derjemte
485 1150 106 28 enhälligt
605 1152 34 20 att
653 1150 69 22 också
736 1152 32 20 ett
781 1150 96 22 enskildt
890 1152 37 22 be-

172 1185 149 23 svärsutskott
336 1184 72 23 skulle
424 1185 113 28 tillsättas,
556 1184 40 22 och
614 1184 38 22 vid
667 1185 28 21 de
710 1184 70 23 sedan
794 1185 59 21 inom
868 1186 59 21 stån-

172 1220 39 22 det
231 1219 112 23 anställda
362 1219 162 23 utskottsvalen
543 1218 65 23 valde
627 1219 87 23 ståndet
728 1219 123 23 ledamöter
865 1220 63 22 såväl

173 1255 34 21 till
223 1256 31 20 ett
264 1254 101 27 allmänt,
381 1260 47 16 som
438 1254 33 22 till
483 1256 30 20 ett
529 1252 97 24 enskildt
640 1253 183 23 besvärsutskott.
847 1254 31 22 Af
891 1254 37 22 det

171 1288 135 26 anförande,
329 1288 105 21 hvarmed
458 1288 160 26 erkebiskopen
643 1290 83 24 öppnat
748 1288 73 20 denna
843 1289 84 26 dagens

171 1321 100 28 plenum,
294 1320 96 27 framgår
410 1322 32 20 att
462 1320 240 22 talmanskonferensen
720 1327 91 15 numera
827 1321 101 22 öfverallt

173 1357 76 20 ämnat
268 1356 33 20 att
315 1354 85 23 föreslå
414 1354 36 23 för
465 1354 102 28 stånden,
588 1356 33 20 att
636 1354 27 22 de
678 1354 52 22 ville
744 1354 79 28 frångå
837 1355 38 22 sitt
890 1355 37 22 be-

173 1390 45 22 slut
233 1397 35 14 om
283 1389 148 22 tillsättandet
446 1389 25 22 af
484 1391 31 20 ett
530 1389 90 22 allmänt
634 1389 185 29 besvärsutskott,
840 1390 29 28 på
885 1389 43 23 den

173 1424 71 29 grund
259 1425 33 20 att
306 1423 255 23 talmanskonferensens
576 1423 86 29 förslag
676 1423 75 23 derom
766 1424 114 28 grundade
893 1425 35 28 sig

172 1459 31 28 på
219 1461 31 20 ett
259 1458 102 30 misstag,
379 1459 5 22 i
395 1459 37 22 det
446 1458 95 23 nämnde
555 1458 118 23 konferens
688 1458 57 23 hade
758 1460 52 22 trott
820 1461 33 20 att
863 1459 65 23 äfven
