1017 1748
195 152 40 20 456

167 222 85 22 senare,
269 216 71 21 säsom
356 215 39 21 här
406 216 122 26 egentligen
539 214 171 27 bestämmande,
722 214 86 27 afsetts,
820 213 24 22 sä
854 212 57 23 hade

167 250 169 27 petitionärerne
356 250 7 20 i
381 250 89 21 främsta
492 251 90 19 rummet
603 248 48 21 bort
667 248 84 28 bevisa,
772 250 31 19 att
822 248 26 21 de
864 248 47 21 frän

168 284 90 22 skolans
278 284 33 21 till
329 283 165 28 församlingens
513 283 65 27 tjenst
597 282 147 28 öfvergängne
758 282 71 22 lärare
844 282 68 22 öfver-

168 318 142 28 hufvudtaget
332 318 84 21 mindre
438 318 45 27 väl,
506 317 36 21 det
564 317 37 22 vill
622 320 54 24 säga
690 316 83 22 mindre
787 316 127 28 insigtsfullt

169 352 40 22 och
225 355 182 25 samvetsgrannt,
427 354 27 19 än
474 351 35 22 det
528 352 68 27 öfriga
611 352 168 26 presterskapet,
799 351 59 21 skött
877 351 37 21 sitt

168 387 121 21 herdakall.
319 387 34 21 En
373 386 69 22 sådan
462 386 114 28 bevisning
594 385 66 22 hafva
676 385 56 22 dock
746 385 168 28 petitionärerne

168 421 49 22 icke
232 421 88 22 förmått
336 421 157 21 åstadkomma.

236 456 64 22 Hvad
323 456 47 21 åter
392 456 68 26 angår
483 455 46 25 det,
553 456 67 26 enligt
640 454 178 28 petitionärernes
837 454 76 27 tanke,

169 490 173 28 presterskapets
358 491 43 19 rätt
413 489 152 23 förnärmande
580 490 7 20 i
602 488 36 22 det
653 488 102 28 gällande
771 488 144 28 befordrings-

170 526 114 27 systemet,
300 524 68 28 enligt
383 524 83 22 hvilket
481 524 127 28 skollärare,
625 530 45 14 som
686 523 70 21 blifvit
772 522 32 22 till
814 523 101 28 prediko-

170 558 94 22 embetet
287 558 137 28 ordinerade,
447 559 73 21 kunna
542 558 33 22 för
597 558 33 21 sin
653 558 137 21 verksamhet
810 558 8 20 i
838 558 77 22 skolan

169 593 67 22 vinna
250 592 115 22 befordran
381 593 32 21 till
429 592 205 29 prestalägenheter,
653 593 24 21 så
691 592 40 22 har
746 593 60 21 detta
822 593 32 21 sin
870 593 46 27 lag-

169 628 46 28 liga
237 627 70 28 grund
329 628 6 20 i
359 628 53 21 1686
436 628 35 21 års
493 628 108 27 kyrkolag
621 626 39 22 och
675 627 8 21 i
699 627 27 21 de
744 627 172 28 prestaståndets

170 662 128 28 rättigheter
313 662 164 22 bestämmande
490 662 152 28 privilegierna
653 661 25 21 af
686 662 23 20 år
720 662 61 21 1723.
810 662 38 21 Att
859 662 57 22 skol-

172 699 83 19 statens
266 697 155 21 ecklesiastika
432 696 186 28 befordringsrätt,
629 696 71 22 såsom
708 696 210 29 petitionsförslaget

172 738 70 22 anser,
261 732 123 27 egentligen
404 732 70 21 skulle
489 734 77 25 utgöra
582 733 30 19 ett
627 731 22 21 åt
664 731 67 27 sagde
745 733 44 20 stat
804 732 48 20 från
867 732 49 28 kyr-

171 766 45 22 kan
232 766 122 22 anordnadt
371 766 136 28 lönebidrag,
527 769 23 18 är
566 768 30 19 ett
610 766 120 27 påstående
746 772 46 15 som
807 766 31 22 uti
854 766 65 22 dessa

172 800 124 28 privilegier
311 800 46 22 lika
372 801 48 21 litet
434 808 46 14 som
494 800 7 21 i
512 800 136 29 kyrkolagen
658 800 39 21 har
707 801 67 26 något
785 800 54 22 stöd.
869 802 49 21 Den

172 838 54 19 nära
236 834 147 22 förbindelsen
394 835 80 21 mellan
484 835 86 27 kyrkan
582 834 38 22 och
632 834 86 28 skolan,
728 835 88 22 hvilken
824 836 94 22 nämnde

172 869 125 29 privilegier
312 869 50 22 med
376 869 178 28 grundlagsenlig
568 868 64 28 belgd
644 869 110 28 bekräfta,
766 872 23 19 är
799 870 120 27 ingalunda

173 905 72 26 någon
259 904 55 21 blott
329 904 159 28 aflöningssak,
499 906 52 19 utan
567 911 26 14 en
609 904 41 21 sak
665 903 25 21 af
701 906 48 19 rent
759 904 113 28 principiel
883 905 36 21 be-

172 938 130 22 skaffenhet.
331 938 114 22 Alltsedan
460 937 209 23 reformationstiden
684 938 40 21 och
742 938 57 21 ända
816 939 33 21 till
866 939 54 21 våra

173 973 69 28 dagar
254 973 50 22 "har
325 980 50 15 man
397 973 66 22 insett
485 973 40 21 och
548 973 92 22 erkännt
660 974 30 20 ett
708 973 106 21 samband
829 973 25 22 af
866 976 54 19 nära

172 1008 115 27 slägtskap
303 1008 92 21 emellan
411 1008 148 27 vetenskapen
575 1007 39 22 och
630 1007 290 28 ungdomsundervisningen

174 1043 13 20 å
208 1049 41 14 ena
272 1042 62 21 sidan
356 1042 39 21 och
414 1042 37 21 det
465 1042 89 27 andliga
568 1042 142 21 läroembetet
724 1042 8 21 i
747 1042 86 29 kyrkan
849 1043 13 21 å
878 1043 42 21 den

173 1077 75 21 andra.
264 1077 33 20 En
308 1077 115 28 öfvergång
434 1076 56 22 ifrån
500 1077 148 22 universitetet
659 1076 39 22 och
707 1077 77 21 skolan
792 1077 33 20 till
833 1077 87 28 kyrkan

173 1111 40 22 och
224 1112 93 20 tvärtom
327 1111 39 20 har
377 1111 132 28 egentligen,
523 1110 33 22 för
566 1113 32 19 att
608 1111 45 20 tala
663 1111 7 20 i
680 1111 240 28 prestaprivilegiernas

174 1145 40 21 och
230 1145 146 28 kyrkolagens
391 1145 66 27 anda,
477 1145 49 22 icke
542 1148 37 25 ägt
594 1152 56 21 rum,
670 1147 24 26 ty
710 1145 131 28 akademier,
861 1152 59 21 gym-

173 1179 74 21 nasier
262 1178 40 22 och
318 1179 73 21 skolor
404 1179 33 21 för
447 1179 80 22 allmän
538 1179 98 27 bildning
646 1179 86 21 befinna
743 1179 34 27 sig
787 1179 67 22 redan
865 1180 56 21 inom

173 1213 97 28 kyrkan,
290 1212 99 22 hvarföre
410 1213 67 21 också
496 1213 91 22 alldeles
602 1213 153 28 principenligt
769 1213 29 28 på
813 1220 27 14 en
855 1214 67 27 tjenst

174 1247 37 21 vid
233 1247 121 27 högskolan
376 1247 39 21 och
433 1247 69 21 andra
520 1247 110 22 allmänna
650 1247 272 28 undervisningsanstalter

174 1281 122 20 ordination
312 1281 83 20 kunnat
411 1281 93 21 erhållas
520 1281 40 21 och
575 1281 27 20 de
616 1281 38 21 vid
668 1281 68 20 sådan
753 1281 65 27 tjenst
832 1282 90 20 förvärf-

174 1314 57 21 vade
251 1315 24 20 år
294 1314 122 21 betraktats
435 1315 72 20 såsom
521 1315 117 26 fullgiltiga
653 1315 87 20 meriter
753 1315 37 20 vid
808 1315 115 27 presterlig

174 1347 122 23 befordran.
327 1349 37 20 Att
379 1348 60 21 detta
454 1349 134 21 förhållande
604 1348 79 22 mellan
697 1348 78 22 skolan
786 1348 40 22 och
837 1349 86 28 kyrkan

175 1382 47 22 haft
244 1383 48 21 sina
315 1382 145 29 olägenheter,
481 1383 99 22 hvarföre
598 1383 42 21 ock
659 1385 68 20 röster
744 1383 48 28 höjt
807 1383 34 28 sig
855 1386 31 19 att
902 1383 22 22 få

176 1417 121 22 detsamma
312 1417 106 28 afbrutet,
435 1417 89 22 hindrar
538 1419 19 27 ej
574 1420 32 19 att
621 1418 37 22 det
673 1418 63 22 äfven
752 1418 93 22 medfört
856 1421 68 20 större

174 1451 96 22 fördelar
290 1451 39 22 och
346 1452 36 21 det
394 1451 46 28 just
456 1452 32 22 för
503 1453 91 28 kyrkan.
624 1453 38 21 Ett
677 1455 68 20 större
761 1453 162 29 vetenskapligt

388 1523 10 12 N
