1009 1742
203 159 40 20 372

175 222 38 22 vill
233 229 50 14 man
304 222 51 27 nöja
369 222 34 26 sig
419 222 49 20 med
483 222 95 26 lindring
593 222 6 20 i
616 222 256 26 ansvarsbestämningen
887 221 37 21 vid

177 256 60 22 detta
251 256 33 21 för
297 255 144 29 prestakallet
457 256 24 21 så
492 255 133 27 heterogena
636 255 125 28 sysslomål,
773 256 91 21 emedan
874 262 51 14 man

175 290 20 27 ej
219 290 84 27 hoppas
326 291 32 20 att
377 289 65 21 vinna
459 289 122 27 fullkomlig
599 289 101 22 befrielse
715 289 34 22 för
763 289 164 28 presterskapet

176 324 101 21 derifrån.
307 325 67 20 Detta
390 326 25 19 är
425 323 68 22 också
503 323 57 22 enda
575 326 58 19 rätta
647 324 103 27 orsaken,
767 323 99 22 hvarföre
882 331 44 14 om-

175 358 127 27 röstningen
315 358 7 21 i
338 357 162 28 förmiddagens
511 359 86 26 plenum
608 357 61 22 utföll
680 358 50 21 med
741 358 25 21 så
776 358 52 21 liten
839 358 87 27 plurali-

177 394 31 19 tet
223 392 33 21 för
268 392 132 27 petitionens
416 392 131 27 antagande.

242 427 65 21 Emot
327 428 88 26 prosten
430 427 132 26 Hertzbergs
577 426 150 27 förmenande,
747 428 32 20 att
794 426 134 28 likgiltighet

177 460 33 22 för
227 461 132 27 petitionens
377 461 101 28 syftemål
497 461 70 22 skulle
583 461 55 21 varit
654 460 93 22 orsaken
764 461 32 21 till
812 460 41 21 den
869 463 59 20 stora

177 494 291 28 meningsskiljaktligheten
490 495 36 21 vid
549 494 171 28 omröstningen,
739 495 69 21 måste
823 494 41 28 jag
880 495 47 21 der-

177 531 58 19 emot
257 529 112 27 nedlägga
388 529 41 21 den
445 529 150 27 allvarligaste
610 531 88 26 protest.
730 528 67 22 Stode
812 529 50 21 hela
877 529 49 21 Fin-

177 562 65 22 lands
257 563 140 28 presterskap
413 563 38 21 här
466 563 137 27 församladt,
620 563 6 20 i
643 563 63 21 ställe
722 562 33 22 för
769 569 35 16 oss
819 563 22 21 få
856 570 72 21 repre-

178 599 112 20 sentanter
311 597 34 22 för
367 597 130 28 detsamma,
520 600 44 19 tror
579 597 42 28 jag
635 597 132 28 näppeligen
783 599 32 19 att
830 604 26 15 en
871 597 57 22 enda

178 633 45 20 röst
245 632 70 21 skulle
337 631 64 28 höjas
423 631 32 22 för
477 634 33 19 att
525 631 142 28 understödja
686 633 88 26 prosten
797 632 131 27 Hertzbergs

177 666 151 27 fullkomligen
351 665 94 28 oriktiga
464 665 119 22 förmodan.
609 666 52 27 Nej!
687 665 144 28 Likgiltighet
849 669 24 18 är
892 666 37 21 det

177 700 56 21 icke.
264 699 107 28 Fruktan,
393 699 80 21 bäfvan
489 701 32 19 att
537 707 26 14 en
579 699 24 21 så
619 698 40 29 dyr
674 699 160 28 angelägenhet
849 707 79 20 genom

178 733 151 28 oförsigtighet
351 733 74 22 kunde
445 734 28 27 gå
491 732 104 28 förlorad,
613 735 24 19 är
652 733 37 21 det
704 740 45 15 som
767 733 56 28 gjort
839 741 35 14 oss
889 734 41 21 här

178 768 133 22 församlade
326 768 106 21 målsmän
448 767 33 22 för
491 768 70 21 finska
572 767 174 28 presterskapets
757 767 97 22 innersta
864 769 64 21 önsk-

178 803 78 26 ningar
278 802 25 21 så
324 801 79 22 delade
422 801 6 22 i
449 801 76 28 frågan
546 808 33 15 om
600 801 72 22 denna
686 802 103 27 petitions
805 802 122 22 ändamåls-

179 836 73 28 enliga
268 835 166 22 framhållande.

247 871 43 26 Jag
304 870 40 22 har
358 870 50 21 med
424 870 61 28 djupt
501 870 133 27 deltagande
649 872 42 19 sett
706 871 94 27 mången
811 871 60 21 ädelt
881 873 47 20 tän-

177 905 74 21 kande
270 904 163 22 embetsbroder
448 912 69 20 rygga
532 904 93 22 tillbaka
640 904 7 21 i
663 904 72 22 denna
750 905 70 28 fråga,
833 906 41 27 jag
888 905 40 22 har

179 942 42 19 sett
237 939 64 22 äfven
316 938 67 22 bland
401 939 49 21 dem
466 946 46 14 som
526 939 55 21 först
596 938 105 22 inlemnat
715 939 78 28 sjelfva
808 940 120 28 petitionen

178 974 6 21 i
209 974 50 21 dess
280 973 45 22 ofta
344 972 142 22 omförmälda
501 974 64 27 form,
582 980 26 14 en
625 973 52 21 eller
691 980 73 14 annan
780 974 33 21 slå
827 981 43 21 om,
888 974 40 22 och

179 1008 77 22 endast
275 1008 56 28 yrka
351 1008 28 27 på
400 1008 106 28 ,lndring
521 1009 9 20 i
544 1008 123 26 ansvaret,"
682 1008 40 21 och
734 1008 42 28 jag
790 1008 138 28 respekterar

179 1050 67 20 gerna
269 1042 64 22 deras
355 1042 46 21 inre
421 1042 223 28 bevekelsegrunder;
665 1049 49 14 men
732 1042 66 28 ingen
817 1043 56 21 skall
891 1044 37 20 nå-

178 1077 77 27 gonsin
279 1076 114 28 öfvertyga
413 1076 44 27 mig
477 1079 31 19 att
524 1076 27 22 de
566 1076 85 21 kallnat
666 1076 33 22 för
713 1076 42 22 den
771 1077 50 28 sak,
837 1077 27 21 de
879 1078 50 21 kort

178 1110 57 23 förut
252 1111 7 21 i
279 1111 37 21 sitt
337 1110 39 21 och
392 1110 49 22 sina
455 1110 174 22 kommittenters
644 1118 64 14 namn
725 1111 24 21 så
763 1111 110 22 bestämdt
888 1112 40 21 och

177 1144 148 29 uttryckligen
348 1144 127 28 framhållit,
498 1145 54 21 intet
575 1145 57 21 skall
652 1144 69 22 heller
739 1146 106 27 någonsin
860 1146 70 22 förmå

178 1180 45 26 mig
243 1180 33 20 att
295 1179 123 21 misströsta
436 1178 6 21 i
459 1185 26 15 en
501 1179 50 26 sak,
568 1186 46 14 som
630 1181 24 19 är
668 1179 47 21 lika
729 1186 39 14 ren
783 1186 46 15 som
844 1181 84 21 rättvis.

246 1213 121 27 Sluteligen
387 1213 34 21 må
436 1212 37 22 det
488 1213 82 21 tillåtas
585 1213 54 27 mig,
656 1215 32 19 att
703 1213 31 21 till
749 1216 88 25 prosten
852 1214 77 22 Hertz-

178 1248 53 26 berg
253 1247 40 21 och
313 1246 59 28 dem,
392 1253 45 15 som
452 1247 103 27 möjligen
569 1246 50 22 med
635 1246 77 22 honom
728 1254 53 15 anse
797 1247 132 28 afvittrings-

177 1280 169 21 underskrifters
361 1280 135 27 ransakning
505 1281 54 20 höra
569 1281 32 19 till
612 1281 111 26 pastorala
733 1281 132 27 åligganden
877 1282 53 20 eller

179 1314 129 20 åtminstone
331 1314 77 26 utgöra
430 1315 30 19 ett
481 1314 99 27 lämpligt
599 1313 90 21 föremål
707 1314 34 20 för
755 1315 174 27 presterskapets

178 1346 115 28 kristeliga
313 1346 155 29 hjelpsamhet,
493 1346 70 22 vända
582 1347 45 27 mig
641 1348 50 21 med
705 1348 42 21 den
763 1348 109 28 lugnande
888 1348 41 22 för-

179 1382 90 28 säkran,
285 1383 32 19 att
332 1381 121 28 petitionen
466 1389 34 14 om
513 1381 175 29 presterskapets
698 1382 101 22 befrielse
810 1382 47 23 från
868 1383 61 23 detta

178 1418 48 20 rent
249 1416 65 22 civila
337 1416 52 22 eller
408 1418 81 19 rättare
504 1416 107 28 judieiela
629 1417 115 27 sysslomål
759 1417 120 28 ingalunda
893 1418 36 22 be-

179 1450 75 22 höfver
276 1450 99 21 sträckas
399 1449 90 29 derhän,
513 1453 32 19 att
567 1450 36 22 det
625 1451 71 22 blefve
719 1452 71 27 någon
819 1454 110 26 prestman
