1023 1745
193 142 43 21 470

168 203 47 22 dec.
231 203 61 28 1714,
310 205 110 22 allmänna
435 205 65 27 lagen
516 205 24 21 af
553 205 55 21 1734
618 205 27 22 M.
656 205 24 21 B.
691 205 52 27 kap.
754 205 20 27 3,
785 204 74 27 kongl.
870 211 48 15 var-

167 238 80 27 ningen
270 239 25 21 af
314 239 42 22 den
378 240 27 21 28
428 239 42 28 maj
496 240 61 27 1746,
573 239 229 28 prestaprivilegierna
822 239 25 21 af
864 239 54 21 1723

167 273 13 26 $
203 273 36 28 23,
260 273 74 28 kongl.
352 273 180 28 förordningarne
547 273 25 22 af
585 273 42 22 den
643 274 26 21 10
685 280 58 15 mars
759 274 63 27 1719,
839 274 28 21 20
882 280 36 15 no-

167 307 87 22 vember
272 308 64 28 1723,
352 309 27 21 23
395 308 42 28 maj
455 309 40 21 och
510 310 14 19 4
535 308 49 29 juni
600 309 64 27 1722,
681 308 27 21 23
723 307 115 22 december
854 309 64 27 1747,

167 342 14 21 4
196 343 117 20 november
327 343 63 28 1754,
408 344 25 20 12
446 343 88 27 januari
551 343 54 20 1757
622 343 40 21 och
677 343 27 21 24
713 342 91 28 januari
820 343 62 20 1771.

235 376 65 23 Hvad
310 377 48 22 åter
366 377 26 22 de
401 377 176 28 betänkligheter
585 377 75 27 angår,
669 383 45 16 som
723 377 49 21 herr
781 377 138 27 domprosten

168 411 92 22 Renvall
277 411 71 22 anfört
364 414 56 19 emot
436 412 182 27 sabbatslagarne
633 411 40 22 och
689 411 64 22 deras
768 411 129 27 behörighet
912 411 8 21 i

168 445 130 28 allmänhet,
321 446 25 22 så
370 448 36 20 äro
430 445 66 23 dessa
518 446 175 27 betänkligheter
713 446 111 27 grundligt
844 445 75 22 veder-

167 479 81 28 laggde
271 481 8 21 i
298 480 50 22 herr
366 481 109 28 professor
493 480 110 22 Granfelts
619 480 118 28 skriftliga,
753 481 38 20 vid
806 481 55 21 sista
876 480 44 28 ple-

168 521 51 14 num
229 515 102 28 upplästa
346 515 40 21 och
400 515 26 22 af
438 515 61 22 detta
514 514 137 29 högvördiga
666 515 65 22 stånd
746 515 33 21 till
795 514 125 23 diskussion

168 549 119 28 godkända
309 549 152 28 andragande;
483 550 89 21 hvartill
587 549 42 28 jag
649 549 66 29 dock,
733 549 161 22 instämmande
913 549 7 21 i

168 583 58 22 hvad
248 584 44 21 min
310 584 80 22 broder
407 584 7 21 i
430 585 61 21 detta
506 583 104 24 afseende
625 584 90 28 nyligen
731 584 81 28 anfört,
828 584 33 22 för
877 584 43 21 min

170 618 36 21 del
228 618 51 22 ville
297 619 67 28 lägga
381 618 59 22 hvad
452 619 41 28 jag
508 619 7 21 i
531 619 120 27 anledning
665 619 26 21 af
702 625 26 15 en
743 625 73 15 annan
832 618 89 29 kyrklig

168 652 63 27 fråga
245 652 140 23 härförinnan
398 653 115 28 förklarat,
525 656 32 19 att
568 653 37 22 det
615 653 110 28 nemligen
736 653 72 22 tillhör
819 660 27 15 en
856 653 65 22 krist-

169 687 31 27 lig
222 686 106 30 öfverhet,
350 687 21 21 d.
388 694 20 15 v.
424 695 17 14 s.
462 687 69 28 enligt
545 688 48 21 vårt
608 687 169 22 samhällsskick
793 694 26 15 en
834 687 88 28 kristlig

168 722 54 26 stat,
238 723 33 20 att
286 728 78 21 genom
380 722 188 27 ändamålsenliga
583 722 68 27 lagar,
668 722 32 21 till
717 722 39 21 och
767 721 50 22 med
828 722 93 27 sådane,

170 762 46 15 som
230 756 51 21 med
296 763 80 15 ansvar
390 756 52 22 hota
458 756 63 22 deras
538 756 156 28 öfverträdare,
710 757 50 21 icke
778 757 93 21 allenast
884 763 37 15 un-

170 790 108 28 danrödja
292 790 91 22 hindren
398 790 39 29 för,
454 793 52 19 utan
522 791 42 21 ock
579 791 74 27 nödga
669 791 48 21 sina
731 791 143 22 medlemmar
888 791 33 21 till

169 824 123 23 afhörande
307 825 25 22 af
344 825 36 22 det
396 825 48 28 ord,
458 825 65 22 hvars
539 825 61 22 makt
615 825 78 22 endast
708 825 45 22 kan
769 825 153 22 åstadkomma

170 865 27 16 en
220 866 55 15 sann
297 859 145 28 gudsfruktan
464 860 41 21 och
524 859 64 22 deraf
603 859 84 22 verkad
702 860 118 28 sedlighet,
837 860 40 21 och
893 861 29 20 då

171 893 65 22 dessa
249 893 63 28 lagar
326 894 60 21 hålla
400 894 30 28 på
444 896 32 20 att
491 894 68 22 blifva
574 894 125 22 föråldrade
715 894 40 22 och
770 894 109 29 förgätne,
893 895 29 21 ef-

170 930 33 19 ter
225 928 225 28 omständigheternes
470 928 53 22 kraf
538 928 78 29 förnya
635 928 39 22 och
689 929 99 27 upplifva
803 928 118 23 desamma.

169 962 50 22 Den
234 962 103 29 sanning,
353 965 32 19 att
400 962 131 23 menniskan
547 963 44 22 ofta
606 962 40 23 har
661 962 68 23 behof
741 964 25 21 af
775 964 148 28 påminnelser

170 1003 34 16 om
218 997 50 21 sina
281 997 81 28 pligter
376 999 46 20 mot
437 997 59 28 Gud,
512 997 48 22 sina
575 997 176 22 medmenniskor
765 998 40 21 och
817 998 34 27 sig
862 998 59 27 sjelf,

169 1031 70 22 måste
261 1031 36 21 väl
317 1031 26 21 af
362 1038 27 15 en
411 1031 54 22 hvar
487 1031 68 22 bland
577 1039 36 14 oss
632 1039 53 14 vara
700 1032 60 21 känd
775 1032 40 22 och
831 1032 90 22 erkänd.

170 1064 47 23 Och
228 1065 42 28 jag
284 1065 70 22 måste
369 1066 111 28 bekänna,
501 1068 32 19 att
545 1066 42 28 jag
599 1066 50 21 icke
664 1067 85 27 förstår,
770 1067 57 21 hvad
842 1067 80 28 yrkan-

170 1099 38 22 det
221 1100 29 27 på
265 1099 68 22 ordets
348 1101 58 20 makt
420 1099 99 29 betyder,
535 1107 34 15 om
585 1107 50 14 man
651 1101 48 21 icke
715 1103 24 18 är
753 1101 123 27 angelägen
890 1103 32 19 att

170 1133 61 22 detta
249 1133 40 22 ord
305 1133 43 22 blir
365 1134 103 28 brukadt,
485 1135 52 21 eller
553 1135 49 21 icke
617 1135 68 27 vågar
700 1135 74 27 nödga
789 1135 27 22 de
833 1135 89 28 ovillige

170 1169 33 20 att
217 1167 54 22 höra
286 1167 128 23 detsamma.
443 1168 135 29 Visserligen
593 1169 45 21 står
653 1169 7 21 i
675 1169 38 22 det
729 1169 24 21 af
763 1169 51 22 herr
824 1169 99 29 dompro-

170 1203 48 20 sten
241 1201 96 23 citerade
360 1202 73 23 stället
455 1203 25 21 af
500 1203 60 22 Guds
581 1203 48 27 ord,
648 1204 110 27 nemligen
774 1205 12 20 2
803 1204 54 21 Tim.
874 1205 19 20 4:
910 1205 12 20 2

170 1235 101 22 skrifvet:
296 1236 105 29 ,predika
424 1236 71 29 ordet,
519 1237 45 21 håll
586 1237 29 28 på
634 1237 7 21 i
662 1237 32 22 tid
709 1237 40 22 och
765 1238 55 27 otid,
836 1239 86 27 straffa,

170 1272 72 25 truga,
257 1270 100 21 förmana
372 1271 50 21 med
437 1271 30 22 all
482 1271 163 26 saktmodighet
660 1271 40 22 och
716 1271 104 22 lärdom."
850 1273 51 21 Men
915 1273 8 20 i

170 1309 83 15 samma
274 1303 60 21 Guds
358 1304 38 21 ord
416 1305 45 20 står
480 1304 52 26 ock,
549 1306 32 19 att
596 1303 136 29 öfverheten,
749 1305 20 21 d.
784 1312 20 14 v.
820 1312 18 14 s.
854 1305 69 27 enligt

169 1337 53 21 våra
241 1336 152 29 institutioner,
414 1337 146 22 statsmakten
579 1338 40 21 bör
634 1338 107 28 befrämja
757 1338 165 28 gudstjenstens

169 1373 63 27 nytta
247 1371 46 29 (Es.
308 1372 35 21 49:
358 1372 34 21 23.
417 1372 12 21 1
444 1372 56 22 Kon.
516 1373 20 21 2:
552 1372 70 29 1—4),
639 1372 94 22 afskaffa
747 1373 30 21 all
788 1372 58 23 falsk
857 1373 65 28 guds-

169 1406 67 28 tjenst
256 1405 22 30 (1
297 1406 56 22 Kon.
370 1406 32 22 15:
420 1407 25 21 11
462 1408 40 21 ete.
533 1408 13 20 2
562 1407 66 22 Krön.
646 1408 32 20 14:
694 1408 13 21 3
723 1407 51 29 etc.)
790 1407 60 23 hålla
863 1408 60 22 hand

170 1440 60 24 öfver
244 1443 44 20 rätt
303 1441 40 23 och
358 1441 92 23 rättvisa
465 1443 20 26 (1
501 1442 56 22 Kon.
573 1442 33 22 10:
621 1442 18 22 9.
663 1442 43 22 Jer.
723 1443 34 22 22:
768 1444 13 20 2
793 1444 40 21 etc.
856 1443 66 23 Amos
