1020 1750
791 132 26 20 27

168 196 91 24 Prosten
280 196 122 24 Saxbäck
423 197 53 23 sade
497 197 33 29 sig
550 197 65 23 hafva
636 198 47 22 hört
704 197 91 23 omtalas
816 200 32 20 att

101 237 49 16 man
170 239 51 15 vore
241 233 91 21 betänkt
347 234 29 26 på
391 233 123 22 inrättande
530 233 24 21 af
567 240 26 15 en
609 233 96 22 särskild
720 233 127 27 landtdags-

101 265 93 28 tidning,
210 266 38 22 der
263 267 105 21 ståndens
379 267 114 27 justerade
508 268 133 27 protokoller
651 267 86 21 komme
747 269 32 19 att
790 267 58 27 ingå,

100 302 56 19 samt
176 301 33 19 att
229 300 42 21 den
290 300 168 28 ifrågavarande
474 301 206 21 censurskrifvelsen
696 301 31 21 till
743 301 105 27 tidnings-

100 334 169 22 redaktionerna
290 334 63 22 äfven
374 335 92 27 medgaf
483 336 69 27 öfriga
571 335 111 27 tidningar
700 335 103 27 rättighet
817 337 32 19 att

100 368 71 22 införa
185 368 105 21 referater
303 369 25 21 af
344 369 321 28 landtdagsförhandlingarna,
687 376 48 15 men
749 371 53 20 utan
817 371 32 19 att

101 402 76 22 dervid
193 402 68 28 några
276 403 129 22 reflexioner
419 403 57 28 finge
490 404 92 27 bifogas.

168 436 209 30 Kontraktsprosten
393 438 132 22 Stenbäck
540 439 55 22 utlät
606 438 34 28 sig
656 445 47 15 som
712 438 72 28 följer:
800 437 50 22 Med

101 472 50 21 herr
163 474 88 25 prosten
266 473 79 21 Heikel
360 472 86 23 förenar
457 473 41 28 jag
513 473 45 28 mig
572 474 8 21 i
595 474 40 21 allt
650 473 40 22 och
705 473 98 22 anhåller
814 480 36 14 en-

102 506 49 22 dast
167 507 125 28 ödmjukast
306 509 33 20 att
354 507 22 22 få
386 508 101 27 tillägga:
502 510 32 20 att
544 508 71 22 finska
625 508 69 21 folket
705 508 83 27 åligger
799 502 52 33 taga

102 541 57 22 fasta
169 542 29 28 pä
208 542 61 22 Hans
284 542 123 29 Majestäts,
423 543 39 21 vär
486 543 76 28 Nädiga
578 543 128 22 Storfurstes
718 541 37 23 ord
766 543 37 21 vid
814 542 37 21 det

103 577 40 27 tal,
163 577 61 21 Hans
242 577 103 28 Majestät
364 577 44 23 höll
424 577 32 22 till
471 578 117 22 ständerna
603 577 37 22 vid
654 577 130 28 riksdagens
799 580 51 25 öpp-

103 611 81 22 nande:
197 629 8 9 ,
210 612 68 27 Ingen
291 612 106 28 handling
409 612 47 22 från
467 613 43 21 min
520 612 48 22 sida
575 613 44 21 kan
627 613 66 21 hafva
702 615 53 19 stört
763 612 37 22 det
808 612 42 21 för-

103 646 98 27 troende,
218 653 46 15 som
279 647 39 21 bör
328 649 43 25 äga
382 654 45 14 rum
438 648 94 21 emellan
543 649 76 25 regent
630 647 39 21 och
680 647 67 21 folk”.
771 646 79 27 ,Måtte

103 680 61 22 detta
183 680 124 22 förtroende
327 682 92 20 emellan
438 682 44 27 mig
501 682 39 21 och
556 682 37 21 det
608 682 93 21 redbara
716 682 41 20 och
773 683 78 25 trogna

103 714 70 22 finska
196 714 77 29 folket,
294 715 117 22 framdeles
433 716 71 22 såsom
523 716 86 28 hittills,
630 718 77 25 utgöra
727 716 42 21 den
785 715 66 21 säkra

103 749 192 28 föreningslänken
314 750 93 22 emellan
427 753 55 19 oss".
512 751 70 21 Hvem
602 750 71 22 tviflar
689 751 27 27 pä
732 750 119 29 uppriktig-

104 784 64 22 heten
179 784 6 22 i
197 784 66 22 dessa
277 785 61 21 Hans
348 785 114 27 Majestäts
472 785 105 28 herrliga,
593 784 195 29 behjertansvärda
798 785 55 21 ord?

104 819 81 28 Hvarje
198 819 71 27 redlig
280 819 56 22 finne
349 822 29 26 är,
395 820 72 21 såsom
478 822 42 26 jag
534 820 93 28 hoppas,
644 820 128 27 öfvertygad
782 822 32 19 att
825 819 27 22 de

105 853 110 23 uttalades
234 854 48 21 frän
302 853 91 28 hjertats
414 854 52 28 djup
486 855 28 27 pä
532 854 49 22 fullt
596 854 75 22 allvar.
702 855 59 21 Huru
777 857 24 19 är
816 854 37 22 det

105 888 29 22 dä
149 888 85 28 möjligt
250 891 32 19 att
299 889 61 21 Hans
375 889 103 28 Majestät
494 889 70 22 skulle
580 891 69 20 straxt
665 889 93 22 derefter
773 889 80 21 bifallit

105 923 33 21 till
159 923 76 28 skärpt
254 930 77 15 censur
351 924 13 20 &
379 923 307 28 riksdagsförhandlingarnes
707 924 41 20 fria
769 923 84 22 diskus-

107 957 46 22 sion
168 957 8 21 i
191 957 148 27 tidningarne!
355 958 43 20 Det
414 960 23 19 är
452 965 45 14 mer
512 960 28 19 än
556 957 67 28 klart,
643 960 32 18 att
691 958 71 21 denna
778 958 76 21 befall-

106 992 53 27 ning
173 992 82 22 väcker
270 994 115 20 smärtsam
400 999 36 15 oro
453 992 40 22 och
508 992 81 22 tvekan
600 992 5 21 i
617 992 75 27 hvarje
703 992 70 27 redlig
785 993 68 21 finnes

106 1027 59 21 bröst
188 1026 40 22 och
251 1027 68 21 mäste
340 1028 58 20 störa
419 1026 36 22 det
470 1027 134 28 förtroende,
626 1034 45 14 som
691 1034 29 14 nu
741 1029 52 25 äger
807 1034 47 14 rum

108 1061 92 21 emellan
216 1062 38 20 vär
269 1061 52 27 högt
337 1060 101 28 älskade,
455 1061 160 27 Allernädigste
631 1061 117 22 Storfurste
761 1062 40 21 och
812 1068 43 15 oss.

107 1096 66 21 Detta
194 1096 44 20 kan
257 1096 87 21 säledes
364 1096 116 27 omöjligen
495 1096 135 21 annorlunda
645 1096 116 27 förklaras,
779 1099 27 18 än
823 1098 32 19 att

108 1131 60 20 Hans
183 1130 102 28 Majestät
298 1132 24 20 är
332 1130 47 21 förd
390 1130 79 21 bakom
480 1131 64 27 ljuset
556 1130 40 22 och
606 1130 116 28 vilseledd,
733 1130 25 21 af
765 1130 89 22 hvem?!

110 1165 42 21 Vär
167 1164 117 22 Storfurste
300 1165 107 22 erkänner
422 1172 35 15 oss
472 1165 33 22 för
515 1165 85 22 redbart
613 1166 36 20 och
660 1169 64 25 troget
734 1164 55 25 folk,
805 1172 50 15 men

109 1200 52 21 vära
179 1207 56 20 egna
255 1202 51 19 män
325 1199 53 28 vilja
394 1199 48 22 icke
458 1207 57 14 unna
530 1199 37 22 det
582 1200 71 21 finska
668 1200 68 21 folket
752 1199 41 22 den
809 1200 46 27 glä-

109 1233 50 28 djen
175 1236 32 19 att
222 1234 92 21 faktiskt
328 1233 138 28 ädagalägga
478 1235 36 20 det
525 1234 27 21 fri
568 1234 124 21 diskussion
708 1234 24 21 af
744 1234 111 27 riksdags-

109 1268 191 27 förhandlingarne
319 1267 57 23 bäde
397 1268 95 22 befäster
512 1269 105 21 kärleken
633 1269 32 20 till
680 1269 119 20 Monarken
815 1268 40 21 och

109 1303 113 21 utvecklar
237 1303 217 21 Storfurstendömets
469 1302 91 22 välfärd.
590 1303 49 21 Den
653 1303 67 27 fläck,
740 1309 45 15 som
801 1303 55 21 säle-

110 1337 39 21 des
170 1337 71 21 blifvit
262 1338 56 20 inför
341 1338 75 20 tronen
435 1338 79 21 kastad
533 1338 28 27 pä
581 1337 37 22 det
638 1337 71 21 finska
729 1336 68 22 folket
816 1337 40 21 och

110 1372 50 20 dess
176 1371 204 27 tidningslitteratur
396 1372 82 26 äligger
494 1372 53 20 efter
562 1371 44 21 min
622 1371 153 27 oförgripeliga
788 1371 68 21 tanke

111 1404 50 22 dess
180 1404 174 22 förtroendemän
375 1405 28 27 pä
424 1404 72 22 denna
515 1404 90 27 riksdag
625 1404 60 22 aftvä
703 1404 28 27 pä
749 1406 43 20 sätt
807 1404 49 22 herr

111 1441 87 26 prosten
213 1439 78 22 Heikel
307 1439 119 28 föreslagit.
