1009 1742
774 160 40 20 387

94 222 25 20 är
134 220 125 23 ändamålet
275 221 103 21 dermed?
395 221 24 22 så
435 222 76 21 blifver
527 225 82 18 svaret:
625 222 137 28 uppfostrans
779 224 65 27 syfte-

93 256 44 20 mål
151 258 24 18 är
189 257 32 19 att
236 255 85 21 utbilda
336 255 81 21 barnen
433 255 32 21 till
481 256 71 26 sedlig
567 256 136 28 myndighet,
716 257 33 21 till
760 259 31 19 ett
801 257 42 21 till-

92 288 75 28 stånd,
185 288 38 22 der
239 288 26 22 de
281 289 72 21 såsom
369 289 42 20 fria
426 288 117 28 förnuftiga
559 296 102 21 personer
676 297 25 13 ur
716 290 34 27 sig
765 290 78 28 sjelfva

93 322 22 21 få
131 322 40 21 och
187 322 73 21 kunna
276 322 45 21 fritt
336 322 120 22 bestämma
472 322 35 28 sig
520 324 7 20 i
543 324 39 20 allt
597 324 38 21 sitt
649 324 96 27 görande
761 324 41 21 och
812 325 31 21 lå-

92 356 77 27 tande;
192 356 123 22 hvarunder
337 356 79 28 tillika,
438 356 7 22 i
466 357 49 21 mån
536 357 25 21 af
576 357 41 22 den
633 358 100 22 vexande
747 358 96 28 insigten

93 390 29 22 uti
140 390 37 21 det
192 389 118 29 förnuftiga
324 391 8 20 i
344 390 146 22 föräldrarnes
502 391 61 28 vilja,
579 391 42 22 den
631 391 68 23 första
710 392 75 22 blinda
795 393 47 27 lyd-

92 424 71 22 naden
188 424 113 22 efterband
323 424 96 28 förbyter
441 425 33 27 sig
497 425 33 21 till
548 425 99 22 vördnad
662 426 40 21 och
718 428 31 20 ett
764 426 78 22 förhål-

92 458 65 22 lande
180 458 25 21 af
224 458 102 22 inbördes
348 458 129 22 förtroende.
509 459 75 22 Skulle
607 460 36 21 väl
665 460 36 21 det
724 467 29 14 nu
773 461 70 27 sagda

92 492 60 28 gälla
175 492 55 22 blott
252 492 108 22 individer
382 492 25 22 af
427 493 37 21 det
486 493 96 27 manliga
604 494 75 27 könet,
701 494 48 21 icke
769 494 25 22 af
806 495 38 21 det

92 526 108 28 qvinliga,
216 527 55 21 blott
286 530 70 25 söner,
371 527 50 21 icke
436 527 47 21 lika
498 527 87 28 mycket
601 527 82 22 döttrar
698 528 7 20 i
719 535 82 15 samma
811 529 31 22 fa-

93 561 61 27 milj?
169 561 50 21 Man
233 561 40 21 har
287 562 74 27 länge,
378 561 77 21 endast
472 562 72 21 alltför
559 562 74 27 länge,
653 562 84 22 förfarit
752 562 91 23 alldeles

93 602 45 15 som
155 602 35 14 om
206 595 24 21 så
245 595 70 21 skulle
329 595 92 21 förhålla
437 596 43 27 sig,
496 602 49 15 men
561 602 34 15 om
609 597 29 26 på
652 596 70 27 grund
733 596 25 22 af
766 597 78 27 giltiga

93 630 49 21 skäl
158 632 24 18 är
197 636 26 15 en
239 636 72 15 annan
327 629 39 21 och
381 637 29 20 ny
425 630 72 28 fråga,
517 636 46 15 som
579 630 70 22 skulle
664 630 73 22 fordra
752 638 26 14 en
794 631 49 28 dju-

94 671 52 21 pare
169 664 168 26 undersökning.
367 663 49 22 Med
439 664 48 21 fullt
510 664 141 22 erkännande
673 664 26 22 af
718 665 42 21 den
782 665 60 22 olika

93 698 106 27 ställning
218 698 6 21 i
245 697 124 29 samhället,
384 705 46 14 som
446 698 95 27 gvinnan
556 698 7 25 j
579 698 54 28 följd
647 698 26 22 af
685 699 33 21 sin
733 700 111 21 särskilda

93 732 119 27 begäfning
227 732 40 21 och
282 732 153 22 bestämmelse
450 733 40 21 bör
505 733 83 27 intaga,
607 733 77 21 tvekar
695 733 42 27 jag
751 733 33 21 för
799 734 44 21 min

94 766 35 22 del
145 766 68 21 likväl
229 766 91 22 allsicke
339 769 31 19 att
385 766 83 22 hennes
483 766 133 28 behandling
632 768 30 20 uti
675 766 168 28 ifrågavarande

94 800 94 22 likasom
205 800 141 22 öfverhufvud
361 801 7 21 i
383 800 44 22 alla
443 800 69 22 andra
526 800 119 22 afseenden
655 800 69 22 sedan
734 802 109 22 urminnes

94 835 63 27 tider,
175 834 51 22 vida
243 842 60 14 mera
319 835 106 21 dikterats
441 835 25 21 af
478 841 105 15 mannens
597 834 85 28 fysiska
697 834 146 28 öfverlägsen-

94 869 37 22 het
149 868 131 29 förknippad
300 868 50 23 med
365 869 75 26 andlig
454 869 63 22 råhet
532 868 41 22 och
587 868 120 29 öfvermod,
724 870 28 19 än
768 869 25 21 af
805 869 39 22 bil-

94 903 69 28 lighet
185 903 41 21 och
248 903 97 21 rättvisa.
376 903 33 28 Ty
431 905 33 18 att
483 903 93 21 förneka
593 902 95 27 gvinnan
708 903 29 21 all
753 905 43 19 rätt
811 903 33 22 till

94 937 128 28 myndighet
244 937 6 20 i
274 944 52 20 nyss
349 937 76 21 anförd
446 937 88 27 mening
549 939 24 19 är
587 937 7 20 i
610 936 97 27 grunden
723 937 121 22 detsamma

96 978 44 14 som
157 973 32 19 att
204 970 96 22 förklara
315 971 70 21 henne
400 971 50 21 kort
466 978 33 14 om
515 970 52 28 godt
583 969 124 28 oförmögen
720 973 32 19 att
763 971 81 27 någon-

95 1005 33 20 sin
144 1005 73 27 uppnå
231 1004 161 27 ståndpunkten
408 1005 25 20 af
445 1004 71 27 sedlig
531 1004 115 27 mogenhet
661 1004 39 21 och
711 1005 73 27 frihet;
796 1012 49 15 men

95 1039 62 21 detta
172 1039 46 21 åter
228 1045 51 15 vore
290 1041 31 18 att
332 1039 122 20 frånkänna
465 1039 69 21 henne
541 1038 48 27 just
599 1038 42 21 den
652 1039 192 28 grundegenskap,

96 1079 46 15 som
161 1073 147 21 konstituerar
325 1073 141 21 menniskans
482 1073 111 26 egentliga
608 1072 105 28 väsende,
729 1073 41 21 och
785 1073 59 22 inné-

96 1108 53 21 bure
165 1106 137 29 följaktligen
318 1107 37 21 det
368 1107 101 28 djupaste
479 1106 145 23 nedsättande
635 1106 25 22 af
666 1107 83 21 hennes
759 1107 86 22 mensk-

96 1142 46 27 liga
161 1141 72 21 värde.
263 1141 44 21 Det
325 1144 24 18 är
364 1141 162 21 kristendomen
543 1147 45 15 som
603 1140 148 28 proklamerat
764 1141 82 21 menni-

97 1176 68 21 skans
180 1175 41 21 fria
235 1175 148 28 personlighet
398 1175 7 21 i
416 1174 188 28 religiöst-sedligt
614 1175 134 27 hänseende,
761 1176 18 25 ej
791 1175 55 21 blott

97 1216 106 15 mannens
218 1211 51 19 utan
285 1208 64 22 äfven
365 1209 117 27 qvinnans,
498 1209 40 21 och
555 1215 26 14 en
596 1209 129 21 återverkan
740 1208 66 21 häraf
817 1209 29 27 på

98 1243 36 21 det
150 1243 110 21 allmänna
275 1242 209 22 rättsmedvetandet
499 1242 40 21 har
552 1242 42 28 röjt
605 1242 33 27 sig
649 1242 55 28 deri,
715 1244 32 19 att
757 1249 90 14 numera

98 1277 26 22 så
139 1277 53 27 godt
207 1283 46 16 som
269 1277 44 21 alla
328 1277 130 28 europeiska
472 1277 87 22 länders
573 1271 137 33 lagstiftning
720 1276 127 21 tillerkännt

98 1311 96 28 gvinnan
211 1311 41 21 den
268 1311 24 21 sä
307 1311 84 27 vigtiga
405 1311 175 28 medborgerliga
590 1310 103 28 rättighet
703 1312 32 19 att
745 1310 54 27 sjelf
805 1309 41 22 för-

100 1345 50 27 foga
172 1345 59 21 öfver
249 1345 60 21 såväl
329 1345 33 21 sin
377 1351 78 22 person
472 1352 45 14 som
533 1345 34 22 sin
582 1344 113 28 egendom.
724 1343 123 22 Väsendtli-

100 1386 41 19 gen
158 1379 6 20 i
179 1385 83 14 samma
277 1378 58 21 anda
351 1379 38 20 har
405 1379 64 20 äfven
485 1379 41 20 den
542 1378 119 27 kejserliga
675 1377 173 28 propositionen,

101 1412 115 22 hvaröfver
229 1411 105 22 Finlands
349 1413 89 20 ständer
451 1419 28 14 nu
496 1415 43 24 äga
553 1414 32 19 att
600 1413 58 26 yttra
674 1412 42 26 sig,
733 1411 71 20 blifvit
818 1411 31 20 af-

100 1446 79 22 fattad.
209 1446 42 21 För
274 1447 43 20 alla
340 1446 58 28 dem,
422 1453 46 14 som
488 1447 97 20 erkänna
603 1444 126 29 hbilligheten
745 1445 7 21 i
769 1444 36 22 det
819 1444 30 22 af:
