1045 1745
802 149 40 24 527

132 218 38 22 bör
186 225 26 14 en
232 219 59 27 prest
311 217 82 29 aldrig,
412 216 29 30 pä
456 217 58 29 skäl,
530 216 47 24 dem
593 216 201 29 kontraktsprosten
810 218 61 21 Sten-

131 253 57 21 bäck
202 252 40 21 och
256 253 135 27 vicepastorn
406 259 42 15 von
463 253 69 21 Essen
548 255 99 24 nogsamt
661 252 76 22 anfört.

199 287 206 28 Kontraktsprosten
421 287 74 22 Sirén
510 287 57 22 hade
581 287 67 21 redan
663 287 57 21 förut
735 287 92 28 afstyrkt
837 293 35 22 pe-

132 322 98 27 titionen,
251 329 49 14 men
320 322 52 21 ville
391 328 28 15 nu
435 321 99 29 tillägga,
551 323 31 20 att
597 321 211 28 kontraktsprosten,
824 321 49 22 med

133 355 117 28 anledning
270 355 24 22 af
310 355 202 28 kontraktsprosten
533 356 120 21 Stenbäcks
673 355 148 28 välerundade
837 363 36 14 an-

132 391 139 27 märkningar
291 393 56 20 samt
365 391 28 21 dä
408 390 202 29 kontraktsprosten
625 391 7 21 i
647 390 68 22 likhet
730 391 49 21 med
795 397 26 15 en
837 398 36 14 an-

131 432 43 14 nan
197 426 69 21 talare
289 426 68 27 ansåg
379 426 36 21 det
437 426 125 21 nuvarande
584 426 175 27 uppbördssättet
777 432 58 21 vara
848 432 26 15 en

132 459 154 28 patriarkalisk
308 460 130 27 institution,
462 463 57 18 ännu
538 467 58 15 mera
615 460 81 22 stärkts
711 460 7 21 i
734 460 32 21 sin
783 459 91 29 ofverty-

131 495 60 27 gelse
207 501 33 15 om
256 495 129 27 petitionens
401 494 146 28 olämplighet.
577 495 206 28 Kontraktsprosten
802 495 72 21 kunde

131 529 49 22 icke
196 529 117 28 godkänna
328 529 192 22 utarrenderandet
536 529 24 21 af
572 529 237 28 prestarättigheterna,
825 536 50 15 men

133 563 76 22 trodde
224 563 75 22 tvister
315 564 48 21 bäst
378 563 116 29 undvikas,
511 570 33 15 om
560 563 137 29 uppbördens
714 563 161 22 verkställande

133 599 101 21 Ofverläts
249 599 23 21 ät
287 606 26 14 en
329 605 72 15 annan
416 605 84 22 person.
526 599 74 22 Skulle
611 599 71 27 någon
693 599 75 22 förlust
778 599 32 21 till
821 598 54 28 följd

133 633 64 22 deraf
213 633 140 28 uppkomma,
375 634 24 21 sä
418 633 67 22 borde
503 640 49 15 man
564 633 25 28 ju
605 633 66 21 hellre
687 633 92 22 uthärda
794 633 81 28 denna,

134 670 27 19 än
182 667 104 22 inblanda
307 668 34 27 sig
359 667 7 21 i
384 668 129 27 obehagliga
527 668 146 27 rättegångar.
704 667 106 28 Föröfrigt
824 674 51 15 vore

133 701 84 29 möjligt
237 704 31 19 att
287 702 119 28 petitionen
426 702 70 22 blefve
512 703 103 27 afslagen.
646 702 130 27 Derigenom
790 703 85 20 komme

133 743 50 15 man
206 737 32 21 till
258 738 30 20 ett
307 737 130 27 fullkomligt
452 739 88 20 motsatt
555 737 90 22 resultat
660 739 27 19 än
703 737 57 21 hvad
775 743 28 15 nu
819 736 56 29 äsyf-

134 773 52 26 tats;
210 773 22 26 ty
255 771 28 21 dä
303 771 72 21 denna
392 771 103 28 rättighet
510 772 48 21 icke
574 771 71 22 direkt
660 777 39 15 var
713 771 121 28 förbjuden,
851 771 24 21 sä

133 805 73 22 kunde
222 805 42 22 den
279 812 28 15 nu
322 805 37 22 vid
373 805 113 22 ömmande
497 806 183 27 omständigheter
690 806 86 21 komma
776 801 13 37 i
803 805 72 28 fräga,

133 840 111 22 hvaremot
258 839 38 22 vid
311 842 30 19 ett
357 839 70 29 afslag
441 839 25 22 af
478 841 118 27 petitionen
611 840 78 22 sädant
703 840 63 22 äfven
776 840 8 21 i
794 840 81 21 undan-

135 874 87 29 tagsfall
237 875 49 21 icke
302 874 74 22 vidare
391 874 57 29 finge
463 877 42 26 äga
519 883 53 14 rum.

201 911 144 27 Domprosten
364 910 72 27 Borg
455 910 51 21 fann
524 911 65 27 ingen
609 909 87 22 skilnad
714 910 7 21 i
735 909 42 22 den
792 909 24 22 af
828 916 47 22 pro-

135 948 47 19 sten
200 944 79 22 Heikel
297 944 77 28 gjorda
389 944 155 23 distinktionen
559 945 92 22 emellan
667 946 31 20 att
713 945 164 21 bortarrendera

135 980 40 21 och
198 979 104 22 ofverläta
324 979 125 28 uppbörden
472 979 24 22 af
510 982 71 25 prests
596 979 123 22 inkomster.
750 979 73 22 Saken
839 984 44 24 var

135 1014 135 28 densamma,
294 1014 65 21 ehuru
381 1014 113 28 uttrycken
516 1021 51 16 voro
590 1014 65 21 olika.
689 1014 110 22 Utskottet
820 1014 57 21 hade

136 1049 108 22 dessutom
264 1049 48 21 icke
331 1048 112 28 föreslagit
460 1049 219 22 bortarrenderandet
693 1049 25 21 af
729 1049 148 22 inkomsterna

135 1084 33 21 till
183 1084 41 21 den
240 1083 165 28 mestbjudande,
424 1083 78 22 liksom
517 1084 105 21 utskottet
637 1083 48 22 icke
701 1083 67 22 heller
782 1083 96 22 förordat

135 1117 193 22 utarrenderandet
350 1117 140 23 öfverhufvud
513 1119 71 22 såsom
602 1118 69 28 regel,
687 1120 51 19 utan
754 1117 76 22 endast
845 1117 32 22 för

137 1153 149 28 exceptionela
300 1152 45 23 fall.

203 1188 89 21 Prosten
309 1187 20 22 J.
347 1187 16 22 I.
381 1186 84 29 Bergh
482 1187 57 23 hade
554 1194 28 15 nu
597 1187 53 22 först
665 1187 73 22 erfarit
753 1189 32 20 att
800 1194 26 14 en
843 1186 34 22 del

136 1222 215 22 ståndsmedlemmar
367 1222 97 22 önskade
477 1223 86 21 behålla
573 1222 124 29 uppbörden
708 1222 33 21 för
751 1222 33 27 sig
795 1221 83 28 sjelfve.

136 1257 50 21 Man
205 1257 50 21 ville
274 1257 48 21 icke
341 1256 56 22 afstå
413 1257 11 22 8
441 1257 13 21 å
470 1258 25 21 10
510 1259 89 26 procent
614 1257 24 20 af
651 1257 33 21 sin
699 1257 100 21 inkomst.
829 1256 49 21 Men

136 1297 38 15 var
196 1293 86 25 presten
305 1291 122 27 angelägen
446 1293 33 19 att
496 1291 82 22 ostördt
595 1291 73 21 kunna
683 1290 100 22 använda
799 1289 32 23 sin
847 1289 31 21 tid

137 1325 33 21 för
188 1326 37 20 sitt
240 1325 81 28 vigtiga
336 1325 55 28 kall,
408 1324 40 23 och
462 1325 98 23 önskade
576 1325 42 21 han
634 1324 103 28 derjemte
752 1326 31 19 att
797 1324 81 21 befrias

137 1360 47 21 från
200 1359 81 28 otaliga
296 1359 182 28 obehagligheter,
490 1361 24 21 så
524 1360 66 22 borde
600 1360 43 21 han
655 1360 62 21 äfven
729 1359 24 20 af
760 1358 39 21 allt
809 1359 70 27 hjerta

137 1393 54 22 söka
207 1395 31 19 att
253 1393 80 22 befrias
347 1393 55 21 ifrån
418 1393 71 22 denna
504 1393 103 28 uppbörd.
635 1393 90 21 Prosten
741 1392 50 21 ville
806 1393 72 20 lemna

138 1427 26 22 de
184 1427 149 29 filantropiska
351 1427 107 22 tankarna
477 1427 7 20 i
503 1427 37 22 sitt
560 1427 75 28 värde,
655 1433 48 15 men
719 1425 76 22 trodde
811 1427 31 20 att
857 1425 22 21 få

137 1469 51 16 voro
211 1463 137 30 synnerligen
371 1463 122 28 angelägna
516 1469 33 16 om
572 1463 31 20 att
622 1461 113 22 bortkasta
755 1460 57 23 hvad
830 1460 49 23 dem
