1009 1742
205 162 40 21 324

178 234 33 14 om
227 224 104 23 särskildt
346 224 56 27 ting;
419 224 25 21 då
462 224 35 20 mä
512 223 171 27 häradshöfding
694 223 36 21 det
744 223 41 21 ock
797 222 65 22 hålla.
890 222 35 21 Då

176 259 172 27 häradshöfding
361 258 7 21 i
384 258 65 22 dessa
465 258 37 21 fall
518 257 104 22 särskildt
642 258 46 26 ting
707 259 101 26 utsätter,
827 257 99 27 kungöre

176 295 37 21 det
236 295 77 27 genast
335 292 107 22 hofrätten
462 292 39 21 och
516 292 129 26 konungens
660 290 263 28 befallningshafvande."

244 327 209 27 Kontraktsprosten
477 326 75 22 Sirén
574 325 52 22 ville
649 325 33 21 till
701 326 37 21 sitt
757 325 78 21 förut
832 321 14 37 i
852 326 72 20 ämnet

176 362 84 28 afgifna
274 360 102 30 yttrande
392 360 77 21 endast
486 360 100 27 tillägga,
606 361 41 26 att,
662 359 70 28 jemte
750 359 36 21 det
800 359 127 21 kontrakts-

176 398 87 27 prosten
286 395 7 21 i
315 394 124 22 hufvudsak
459 393 107 22 instämde
586 393 7 21 i
612 393 204 27 kontraktsprosten
834 393 91 21 Helléns

176 430 112 29 yttrande,
304 428 204 28 kontraktsprosten
524 428 49 21 icke
588 427 107 27 någonsin
710 427 74 21 kunde
800 427 124 28 öfvertygas

177 465 83 27 derom,
280 465 32 19 att
331 462 151 22 diskussionen
499 468 34 15 om
548 464 88 25 prosten
651 461 91 21 Heikels
756 461 168 27 ifrågavarande

175 498 83 27 förslag
272 496 75 22 kunde
361 496 51 21 leda
428 496 32 21 till
476 495 96 29 åsyftadt
587 495 50 21 mål.
667 495 209 27 Kontraktsprosten
888 502 35 14 an-

176 533 41 27 såg
234 532 106 26 förslaget
357 530 49 22 icke
422 537 38 14 ens
477 530 73 21 kunna
565 529 51 21 med
630 529 37 27 fog
683 529 133 28 diskuteras,
833 529 92 21 emedan

176 567 122 21 detsamma
316 564 57 22 både
388 564 33 21 till
436 564 69 27 grund
520 563 39 22 och
575 563 88 27 omfång
678 570 51 14 vore
744 563 7 21 i
767 563 42 28 den
824 563 54 27 grad
894 563 30 21 af-

176 600 96 22 vikande
288 599 47 21 från
350 598 120 28 kejserliga
484 598 173 28 propositionen,
672 600 32 18 att
720 597 37 22 det
771 598 73 21 kunde
860 604 65 15 anses

176 635 33 21 för
231 642 27 14 en
280 633 132 27 fullkomligt
435 640 29 20 ny
483 633 87 21 motion.
603 632 76 21 Såsom
695 632 79 21 sådant
789 632 55 23 hade
861 632 63 21 äfven

176 668 152 28 andragandet
347 667 47 21 från
415 666 68 22 första
501 666 66 22 stund
582 666 24 21 af
618 666 205 28 kontraktsprosten
837 666 87 21 betrak-

176 705 54 26 tats,
253 703 8 20 i
283 702 89 21 hvilken
394 701 144 28 öfvertygelse
560 700 205 28 kontraktsprosten
786 703 58 19 ännu
864 707 60 15 mera

176 737 82 22 stärkts
274 735 74 29 genom
367 736 94 20 beslutet
476 742 34 14 om
526 735 50 21 dess
592 734 166 28 bordläggning.

245 771 51 21 Som
311 770 66 26 ingen
393 770 69 20 talare
477 769 76 21 vidare
570 768 101 22 anmälde
686 768 44 28 sig,
745 768 147 22 framställdes
902 768 26 22 af

176 806 139 21 talemannen
330 803 96 28 följande
442 803 142 28 proposition:

243 839 95 28 Antager
360 838 92 26 ståndet,
473 838 33 20 uti
522 837 146 29 förevarande
682 837 78 28 fråga,
780 838 145 27 lagutskottets

176 873 131 22 betänkande
322 873 9 20 i
345 872 45 21 dess
406 872 66 21 helhet
486 872 49 21 eller
550 872 57 21 icke?

243 906 138 22 Besvarades
401 906 50 21 med
472 907 25 20 19
508 907 29 28 ja
553 907 57 20 emot
625 906 25 21 11
666 907 42 27 nej.
739 905 46 22 Och
801 906 47 21 blef
860 906 66 22 alltså

176 942 155 27 lagutskottets
346 940 140 22 betänkande
502 942 89 25 antaget
607 936 25 25 af
644 939 96 28 ståndet;
756 939 89 22 hvarom
862 947 63 21 expe-

176 975 188 23 ditionsutskottet
386 981 78 21 genom
486 977 118 19 transsumt
622 974 25 21 af
661 974 131 28 protokollet
811 975 40 21 och
866 975 59 21 med-

177 1010 92 22 stånden
285 1016 78 21 genom
379 1009 133 27 deputerade
528 1011 56 19 samt
602 1008 116 22 enahanda
734 1009 191 27 protokollstrans-

176 1046 56 20 sumt
246 1043 71 22 skulle
333 1043 143 21 underrättas.

243 1112 114 26 Emottogs
373 1118 26 14 en
414 1111 127 28 deputation
551 1110 47 22 från
608 1111 136 21 hedervärda
754 1111 170 28 bondeståndet,

176 1146 68 22 under
267 1145 119 21 anförande
410 1145 24 21 af
453 1145 86 21 bonden
558 1145 96 27 Brusila,
670 1151 47 15 som
732 1145 149 28 tillkännagaf
894 1148 32 19 att

176 1179 160 22 bondeståndet
352 1179 112 26 godkännt
478 1179 255 28 expeditionsutskottets
743 1179 83 28 förslag
840 1180 33 21 till
888 1187 38 14 un-

176 1213 107 28 derdånig
298 1213 123 27 ansökning
436 1220 34 15 om
484 1213 147 27 landtdagens
646 1213 140 28 förlängning
796 1215 56 20 samt
863 1214 62 21 skrif-

176 1248 59 21 velse
258 1247 33 21 till
310 1247 20 21 h.
351 1254 45 14 exe.
416 1247 224 27 generalguvernören
660 1253 34 15 om
714 1247 42 22 den
776 1247 151 28 underdåniga

176 1281 162 26 ansökningens
353 1281 180 26 öfverbringande
548 1281 32 20 till
595 1281 182 27 högvederbörlig
792 1284 39 18 ort.

245 1347 136 28 Föredrogos
403 1347 56 22 ifrän
482 1347 101 22 enskilda
604 1347 198 22 besvärsutskottet
824 1348 102 22 inkomne

177 1382 166 27 betänkanden,
359 1382 7 21 i
380 1382 117 27 anledning
513 1382 25 21 af
548 1382 125 27 petitioner:

245 1416 22 29 a)
291 1416 115 27 angäende
424 1416 255 28 tingspredikningarne,
700 1417 25 21 sä
740 1416 106 29 lydande:
870 1418 56 25 ,Det

176 1451 48 22 frän
246 1457 64 16 norra
334 1450 95 22 Savolax
452 1451 90 27 prosteri
562 1451 33 21 till
615 1451 135 28 högvördiga
765 1452 162 27 prestaständet
