1025 1745
196 145 26 19 22

166 209 25 20 16
208 211 43 24 äga
266 208 13 21 å
294 208 99 22 ständets
413 210 83 25 vägnar
517 209 113 21 öfvervara
646 208 191 21 sammanträdena
851 209 8 20 i
877 207 40 22 tal-

164 243 199 27 manskonklaven,
385 244 56 20 samt
460 243 37 21 två
516 243 140 28 suppleanter
669 249 47 14 som
732 243 37 21 vid
784 242 131 22 inträffande

165 277 77 21 hinder
262 277 33 22 för
315 277 109 21 ordinarie
444 276 170 23 medlemmarna
631 277 67 21 borde
714 277 91 28 fungera
819 277 32 21 uti
866 276 50 21 ifrå-

166 311 126 28 gavarande
308 310 113 29 afseende;
437 311 40 21 och
493 311 153 22 öfverenskom
662 311 87 22 ståndet
765 313 32 20 att
812 311 45 21 alla
869 311 48 28 fyra

166 346 71 21 skulle
257 346 71 27 väljas
349 345 28 28 på
397 352 27 15 en
440 346 59 27 gång
514 346 40 21 och
570 345 26 22 de
613 345 45 27 två,
675 352 46 15 som
737 346 85 21 komme
839 347 31 19 att
886 352 31 14 er-

166 380 60 21 hålla
245 380 79 27 högsta
344 379 128 28 röstetalen,
493 387 53 14 vara
566 379 108 22 ordinarie
693 380 109 27 bisittare,
819 381 56 20 samt
891 379 28 22 de

166 415 47 27 två,
230 421 45 15 som
292 414 89 21 dernäst
392 414 109 21 innehade
513 415 64 21 flesta
590 416 107 25 rösterna,
715 414 145 27 suppleanter.
876 413 43 21 Vid

167 448 126 28 öppnandet
312 447 25 22 af
354 447 139 22 valsedlarna
513 448 67 21 erfors
602 449 31 19 att
648 447 79 28 högsta
742 447 118 22 röstetalen
876 447 41 22 till-

167 482 56 22 fallit
239 482 139 28 domprosten
400 482 92 22 Renvall
514 482 50 22 med
584 481 101 28 aderton,
707 482 139 28 domprosten
861 482 58 28 Borg

168 517 50 21 med
233 519 87 25 sexton,
336 516 123 28 professorn
477 517 123 21 Schauman
616 517 49 21 med
681 516 42 21 tolf
736 519 55 19 samt
805 518 114 26 prostarne

168 552 70 22 Julius
259 551 119 22 Immanuel
398 551 71 28 Bergh
485 551 40 22 och
544 551 106 22 Borenius
664 551 50 21 med
729 551 36 21 nio
780 551 117 28 hvardera;
913 551 6 21 i

167 586 55 28 följd
244 585 78 22 hvaraf
339 585 66 22 alltså
423 586 164 28 domprostarne
602 585 93 22 Renvall
711 585 40 22 och
766 586 58 27 Borg
839 585 80 22 förkla-

168 621 65 21 rades
256 620 64 21 valde
344 620 33 21 till
403 620 169 27 ifrågavarande
594 620 99 21 funktion
718 622 57 19 samt
796 621 124 27 professorn

169 655 124 22 Schauman
316 654 40 21 och
377 657 88 26 prosten
485 655 71 22 Julius
575 655 119 21 Immanuel
714 655 81 28 Bergh,
813 655 41 21 den
871 655 48 22 sist-

169 689 94 22 nämnde
280 689 55 21 efter
349 689 94 28 lottning
457 689 81 22 mellan
553 689 78 22 honom
648 689 40 21 och
701 691 88 26 prosten
804 689 115 28 Borenius,

169 724 33 21 till
218 724 147 27 suppleanter.

238 758 42 21 Vid
295 759 66 20 väckt
376 758 62 28 fräga
453 758 54 21 huru
524 758 26 21 de
566 758 152 28 deputationer
734 757 67 23 borde
816 758 105 28 utväljas,

170 793 76 22 hvilka
266 793 86 22 komme
370 795 32 20 att
419 793 32 22 till
468 793 26 22 de
510 793 68 28 öfrige
594 793 104 22 ständens
713 793 124 22 kännedom
854 793 68 22 öfver-

170 829 78 26 bringa
268 828 174 27 prestaständets
462 828 80 28 beslut,
564 830 56 19 samt
635 829 112 26 emottaga
763 827 160 22 ankommande

172 862 152 28 deputationer
339 862 48 21 frän
403 862 27 21 de
446 862 69 27 öfriga
529 862 102 27 ständen,
648 862 82 21 beslöts
743 864 32 19 att
789 862 134 28 deputerade

172 897 71 22 skulle
258 900 64 24 tagas
337 897 8 21 i
361 896 41 22 den
419 896 93 28 ordniag
528 896 248 23 ständsmedlemmarna
791 896 52 22 sitta
857 897 6 21 i
878 897 45 27 ple-

172 939 60 20 num,
251 931 146 29 begynnande
418 931 47 21 frän
481 931 49 21 herr
546 931 91 22 doktorn
655 930 40 22 och
713 930 104 29 biskopen
834 931 89 22 Ottelin.

240 1000 120 22 Anmäldes
375 1000 39 21 och
434 1002 106 25 emottogs
558 1007 26 15 en
600 1000 128 27 deputation
743 1000 48 21 frän
805 1000 120 27 höglofliga

173 1034 153 28 ridderskapet
353 1034 39 22 och
419 1034 73 29 adeln,
522 1034 76 22 anförd
622 1034 25 21 af
666 1034 49 22 herr
737 1034 187 28 generalmajoren

174 1069 73 28 grefve
263 1069 96 21 Aminoff
372 1069 39 21 och
423 1068 90 22 hvilken
525 1068 98 22 önskade
635 1068 83 22 erhälla
729 1068 124 22 kännedom
862 1068 63 22 huru-

174 1103 52 22 vida
245 1104 162 28 prestaständet
427 1104 52 21 ville
497 1104 76 21 förena
592 1103 33 27 sig
640 1103 49 21 med
701 1103 31 21 de
748 1103 69 27 öfriga
832 1103 93 21 stånden

174 1145 34 14 om
232 1140 135 26 gemensamt
390 1138 152 28 samlingsrum
564 1138 29 28 pä
612 1137 101 21 aftnarna
733 1138 53 20 eller
805 1138 24 20 sä
849 1137 76 21 kallad

175 1172 73 22 klubb,
279 1172 150 22 Talemannen
451 1172 87 28 yttrade
557 1172 33 22 till
610 1172 165 28 deputationen,
793 1173 31 19 att
838 1171 88 21 ståndet

175 1207 71 22 skulle
261 1207 29 27 pä
306 1206 124 28 sedvanligt
445 1208 45 20 sätt
504 1207 60 27 gifva
580 1206 153 27 ridderskapet
749 1206 39 21 och
805 1205 64 22 adeln
884 1206 41 21 till-

175 1241 74 22 känna
270 1240 50 22 dess
335 1241 88 27 mening
437 1242 8 21 i
460 1241 72 21 denna
550 1241 72 27 fråga,
642 1240 110 21 hvarefter
771 1240 155 28 deputationen

176 1275 109 27 afträdde,
302 1275 136 27 beledsagad
453 1276 72 20 säsom
541 1275 37 21 vid
593 1275 136 21 ankomsten.

244 1307 98 21 Emedan
357 1308 86 20 ständet
458 1308 51 20 fann
525 1308 33 25 sig
572 1308 53 19 böra
640 1307 50 20 med
703 1306 50 27 nöje
765 1306 76 21 bifalla
853 1306 73 21 ofvan-

176 1341 92 21 stäende
276 1341 83 27 förslag
373 1348 32 14 om
419 1347 126 21 gemensam
557 1340 196 27 landtdagsklubb,
769 1339 90 22 afsände
869 1340 58 21 stän-

176 1375 38 22 det
229 1375 136 22 omedelbart
379 1375 95 22 härefter
489 1382 27 15 en
533 1375 136 28 deputation,
685 1374 120 22 bestäende
818 1375 25 21 af
855 1375 72 21 bisko-

177 1417 41 22 pen
232 1409 79 22 doktor
332 1410 82 22 Ottelin
429 1412 56 19 samt
499 1412 113 25 prostarne
631 1409 105 22 Borenius
753 1409 40 22 och
812 1409 115 28 Hackzell,

178 1445 40 25 och
233 1445 88 22 hvilken
338 1445 126 28 deputation
480 1445 102 22 anfördes
598 1445 24 21 af
635 1444 49 22 herr
696 1444 92 22 doktorn
802 1444 40 23 och
855 1444 72 23 bisko-
