1023 1750
203 141 26 21 28

241 206 92 20 Prosten
347 204 71 22 Julius
432 204 60 21 Inm.
508 202 93 29 Bergh:
617 203 11 22 I
642 202 152 24 hufvudsaken
809 209 52 17 ense
873 202 50 23 med

173 241 88 26 prosten
274 239 27 21 H.
310 238 77 22 Heikel
397 237 39 22 och
445 238 123 28 professorn
581 238 124 22 Schauman
713 238 136 22 beträffande
858 238 64 22 önsk-

172 274 98 27 ligheten
290 273 25 21 af
332 272 64 22 frihet
416 272 33 22 för
468 272 238 28 tidningsredaktioner
725 274 33 20 att
778 272 145 22 obehindradt

173 308 22 21 få
203 308 94 21 referera
307 307 104 22 ståndens
423 306 170 28 förhandlingar,
609 314 64 14 anser
682 306 42 28 jag
736 307 45 27 mig
791 306 68 22 likväl
869 307 54 22 böra

171 342 140 22 instämma
298 336 16 39 i
329 342 20 21 h.
367 342 50 21 herr
437 341 107 28 biskopen
564 341 93 21 Ottelins
676 341 111 29 yttrande,
809 343 32 21 att
861 340 61 23 tiden

171 377 34 22 för
220 376 42 22 den
277 376 125 27 föreslagna
417 376 129 28 petitionen,
562 375 70 22 redan
646 376 8 20 i
670 375 111 23 anseende
797 376 32 21 till
845 376 28 22 de
884 383 37 14 an-

172 411 74 22 mälda
261 410 181 22 censurhindrens
457 410 105 22 outredda
578 410 53 22 eller
646 410 131 23 åtminstone
792 410 49 22 icke
856 411 64 21 offici-

171 447 31 21 elt
217 446 75 22 kända
306 444 160 29 beskaffenhet,
483 448 57 19 ännu
556 446 49 21 icke
621 447 24 19 är
658 445 61 28 inne,
735 446 40 21 och
791 448 39 25 gör
845 446 36 22 det
897 446 25 21 så

171 480 89 29 mycket
281 480 77 28 hellre,
379 487 47 15 som
445 480 121 27 motiverna
585 480 34 22 för
638 480 97 28 besagde
754 480 77 22 binder
846 480 33 22 för
895 487 27 15 en

171 516 54 21 hvar
241 516 60 21 torde
317 521 52 15 vara
385 517 58 19 ännu
458 522 45 14 mer
518 514 95 23 okända.
637 514 74 23 Också
723 518 25 18 är
758 515 163 27 offentligheten

170 550 26 22 af
208 550 101 22 enskilda
324 556 45 15 mer
384 549 41 21 och
440 549 84 22 mindre
538 549 81 27 riktiga
635 549 53 22 eller
698 549 77 22 skefva
788 550 132 28 uppfattnin-

170 592 47 21 gar,
238 584 90 28 möjliga
343 583 170 29 misstydningar
528 585 42 21 och
584 584 153 22 vanställande
752 584 105 22 referater
871 584 50 22 med

169 619 123 28 åtföljande
311 618 130 22 reflexioner
455 619 129 27 någonting,
605 619 91 21 hvarvid
716 625 50 15 man
781 618 7 22 i
803 619 48 22 vårt
868 619 53 21 land

170 656 59 19 ännu
243 653 50 22 icke
309 652 76 23 hunnit
399 653 67 27 vänja
482 653 42 28 sig,
541 653 41 22 och
596 653 74 22 kunde
683 652 148 29 följaktligen,
848 653 72 22 såsom

169 688 8 21 i
192 695 28 15 en
239 687 151 28 fullkomligen
410 687 162 23 okontrollerad
592 694 61 21 press
672 687 143 28 oundvikliga
830 688 19 28 ej
865 688 56 22 blott

170 723 22 22 få
208 725 69 20 större
289 723 47 26 vigt
351 721 39 22 och
406 722 114 29 betydelse
530 722 8 21 i
549 722 158 22 allmänhetens
719 725 66 26 ögon,
801 725 28 19 än
841 723 26 21 de
878 723 41 22 för-

170 757 70 29 tjena,
256 759 53 19 utan
325 757 64 21 äfven
404 757 113 27 lätteligen
533 757 113 27 begagnas
661 756 33 22 för
708 757 65 28 syftet
787 759 31 20 att
828 757 92 22 influera

169 792 30 29 på
213 791 146 28 landtdagens
379 790 93 29 förlopp,
493 791 58 22 helst
565 791 93 28 mången
673 791 96 22 ledamot
783 791 25 22 af
820 792 99 22 densam-

169 833 45 21 ma,
231 833 46 15 som
292 825 69 22 under
376 825 84 22 sådana
475 825 38 22 fall
524 825 74 22 kunde
609 825 67 22 blifva
686 826 91 22 föremål
787 827 33 21 för
828 834 27 14 en
865 827 54 21 min-

170 861 39 21 dre
224 867 107 22 gynnsam
346 860 201 28 uppmärksamhet,
563 859 53 28 föga
631 860 62 22 torde
708 860 66 22 hafva
789 861 71 28 sinne,
877 861 43 22 lust

169 895 53 22 eller
240 894 33 22 tid
288 907 27 3 —
331 901 34 14 om
386 894 41 23 ock
447 894 98 28 förmåga
562 906 24 3 —
603 896 32 19 att
655 894 69 22 inlåta
742 895 33 27 sig
791 895 7 22 i
813 895 106 28 tidnings-

168 929 96 29 polemik
284 929 33 22 för
337 931 32 19 att
386 930 58 20 rätta
464 928 151 23 missförstånd
636 929 53 21 eller
702 931 14 20 t.
731 936 19 15 o.
766 937 27 14 m.
809 929 57 22 inför
881 930 38 21 all-

168 963 117 22 mänheten
306 963 130 27 rättfärdiga
455 963 40 28 sig.
525 964 11 21 I
556 963 45 22 alla
620 963 117 22 händelser
751 971 65 21 synes
832 965 45 27 mig
892 971 27 14 en

169 998 120 29 skyndsam
306 1005 34 15 om
353 998 41 21 ock
409 997 7 22 i
433 997 50 28 laga
498 997 55 23 form
569 998 133 27 arrangerad
717 999 90 27 petition
824 999 32 21 till
872 999 46 21 häf-

170 1033 71 22 vande
256 1033 24 21 af
293 1035 31 19 ett
340 1032 91 21 alldeles
446 1032 88 29 nyligen
550 1033 127 22 emaneradt
692 1033 74 28 påbud
781 1033 47 22 från
839 1033 79 28 högsta

168 1067 89 22 makten
276 1067 33 22 för
326 1067 135 27 landtdagen
481 1067 53 28 sjelf
546 1067 84 22 mindre
644 1067 99 28 lämplig,
755 1067 36 29 ja,
808 1068 110 22 måhända

168 1101 83 22 mindre
266 1101 135 22 välbetänkt.

235 1137 91 20 Prosten
348 1135 104 22 Heikel:
473 1135 26 22 Vi
519 1137 35 20 stå
573 1135 40 22 här
631 1135 56 23 inför
702 1136 147 22 allmänheten
868 1137 49 22 med

167 1172 45 20 alla
231 1170 53 22 våra
303 1170 30 21 fel
353 1169 40 21 och
413 1170 70 28 lyten,
504 1170 40 22 och
561 1170 29 22 då
605 1171 20 20 vi
641 1170 50 22 icke
707 1170 74 24 kunna
796 1171 78 21 hindra
889 1171 28 22 de

166 1207 59 26 tysta
248 1204 157 22 reflexionerna
428 1206 32 19 att
480 1211 78 21 smyga
579 1205 108 27 omkring,
709 1205 40 22 och
765 1206 86 22 således
867 1206 50 21 icke

166 1239 69 21 heller
249 1238 74 22 kunna
339 1238 92 22 besvara
447 1238 52 22 eller
514 1241 58 19 rätta
588 1239 59 27 dem,
663 1240 25 20 så
699 1239 52 22 böre
762 1240 21 21 vi
794 1240 25 21 så
829 1240 88 27 mycket

166 1273 83 21 mindre
265 1272 73 24 frukta
352 1272 33 21 för
401 1272 58 28 dem,
481 1280 46 15 som
542 1273 127 27 offentligen
683 1276 71 24 göras.
784 1274 43 21 För
842 1274 73 27 öfrigt,

166 1307 30 20 då
215 1307 77 26 frågan
312 1312 35 14 om
362 1312 117 15 censurens
494 1306 103 26 åtgärder
611 1306 77 21 härvid
703 1309 84 20 ansetts
802 1314 53 14 vara
871 1310 45 18 out-

166 1340 63 28 redd,
251 1340 25 21 så
296 1339 87 27 frångår
394 1339 43 28 jag
451 1339 50 22 hela
517 1340 62 23 detta
594 1343 121 26 argument,
737 1348 48 17 men
801 1341 116 23 vidblifver

166 1374 61 22 detta
249 1374 92 22 oaktadt
360 1374 47 22 mitt
427 1374 91 29 förslag,
540 1377 32 20 att
591 1375 136 29 underdånig
741 1376 92 28 petition
848 1376 68 22 måtte

166 1412 65 25 göras
246 1408 83 27 derom,
351 1411 32 19 att
400 1408 147 29 landtdagens
562 1409 165 29 förhandlingar
740 1411 67 22 måtte
822 1411 93 21 beredas

166 1443 30 29 all
211 1443 76 28 möjlig
303 1442 142 30 offentlighet,
467 1444 39 21 och
523 1444 108 22 förmenar
647 1444 36 22 det
699 1444 48 22 icke
764 1444 67 22 heller
846 1445 70 22 strida
