1039 1742
820 153 11 19 7

113 217 47 27 gått
180 216 135 23 notariatsed
334 217 40 22 och
393 217 92 22 sålunda
504 216 67 23 redan
586 217 140 23 härförinnan
740 216 71 23 iklädt
826 218 34 27 sig

114 259 84 14 samma
217 252 134 27 förpligtelse
372 259 44 14 som
438 259 28 14 nu
485 259 51 15 vore
551 252 6 21 i
573 252 71 28 fråga;
661 252 18 27 ej
696 252 68 21 heller
779 253 81 26 ansågs

114 286 37 21 vid
166 285 79 22 sådant
260 286 135 21 förhållande
410 286 72 27 någon
496 286 95 22 särskild
601 286 130 22 instruktion
743 286 33 21 för
787 286 72 22 sekre-

114 322 86 18 teraren
215 319 73 28 nödig.
312 320 114 21 Hvarefter
441 320 164 22 undertecknad
621 320 46 21 åter
682 319 124 23 inkallades
820 320 40 21 och

113 353 176 28 förständigades
305 356 32 19 att
351 354 36 22 det
402 354 131 28 föregående
549 354 32 22 till
597 354 131 28 protokollet
744 354 115 22 anteckna.

182 388 42 21 Till
244 388 85 22 biträde
344 388 37 22 vid
397 389 198 27 kansligöromålen
615 388 134 22 anmodades
764 389 95 21 sekrete-

113 429 63 15 raren
192 422 109 22 efterhöra
316 430 27 14 en
359 423 95 27 skicklig
468 423 130 22 biträdande
610 423 135 22 sekreterare
759 424 52 20 eller
822 430 37 14 no-

113 457 63 28 tarie,
198 457 111 22 äfvensom
330 464 27 14 en
371 458 103 28 kanslist;
495 457 159 22 ankommande
670 457 37 21 det
723 458 13 20 å
751 457 109 28 mängden

113 492 25 21 af
144 492 26 21 de
182 492 110 21 blifvande
303 492 134 28 göromälen,
450 492 103 22 huruvida
561 492 68 28 några
640 492 127 28 ytterligare
778 492 82 21 kansli-

113 526 95 27 betjente
227 525 73 22 kunde
320 526 113 22 erfordras.
463 526 85 22 Jemväl
567 526 57 28 ägde
644 526 150 22 sekreteraren
809 526 51 28 gå
849 521 14 37 i

112 560 128 28 författning
254 567 35 14 om
304 560 144 21 anskaffande
463 561 25 21 af
500 568 26 14 en
539 560 86 28 pålitlig
640 560 155 22 vaktmästare.

180 594 56 21 Herr
255 594 159 28 erkebiskopen
430 594 39 28 gaf
485 594 117 28 tillkänna,
624 594 36 22 det
680 594 61 22 Hans
756 595 102 27 Majestät

113 628 107 28 Kejsaren
235 628 49 21 låtit
296 635 78 20 genom
387 628 215 28 kammarjunkaren,
619 628 118 22 statsrådet
748 636 42 14 von
802 630 58 20 Born

112 663 82 21 befalla
209 663 161 27 prestaståndet
386 665 32 19 att
433 665 47 20 utse
497 670 25 14 en
539 663 135 29 deputation,
694 670 46 15 som
756 664 56 27 ägde
828 666 32 19 att

109 698 69 27 jemte
202 697 150 28 deputationer
372 698 47 20 från
439 698 27 21 de
486 698 68 28 öfrige
575 698 114 22 stånden
682 693 12 38 i
705 698 44 28 dag
764 698 95 22 klockan

113 732 47 21 half
178 732 31 21 till
231 732 33 28 sju
284 732 82 21 infinna
385 732 33 28 sig
433 732 7 21 i
454 733 118 27 kejserliga
587 732 104 29 palatset,
707 732 152 29 ridderskapet

113 766 40 22 och
174 766 65 22 adeln
262 766 68 22 under
350 766 119 22 anförande
489 768 26 20 af
531 767 203 21 landtmarskalken
755 770 56 18 samt
832 767 27 21 de

113 801 67 27 öfrige
192 801 91 21 stånden
296 801 89 21 anförde
397 801 25 21 af
432 802 46 21 sine
494 802 104 28 talemän,
614 801 33 22 för
663 804 31 19 att
707 802 81 28 betyga
801 804 57 19 stän-

112 836 78 21 dernes
213 835 150 27 underdåniga
382 836 136 22 tacksamhet
538 836 33 22 för
590 836 147 27 landtdagens
752 842 106 16 samman-

112 869 104 22 kallande
232 869 40 22 och
287 869 89 22 anhålla
391 869 37 22 det
442 871 61 21 Hans
517 870 104 28 Majestät
634 870 86 21 täcktes
733 870 77 27 nådigt
822 871 36 20 be-

112 906 93 19 stämma
220 903 44 28 dag
274 904 40 21 och
326 904 65 21 stund
401 903 33 22 för
444 904 146 28 landtdagens
602 904 121 28 högtidliga
736 905 122 27 öppnande.

111 938 115 21 Hvarefter
240 938 77 21 skreds
332 939 34 20 till
380 939 127 26 utväljande
522 939 25 21 af
559 939 97 27 besagde
670 939 136 28 deputation,
822 939 36 21 be-

112 973 91 21 stående
216 972 24 21 af
248 972 42 21 tolf
298 979 103 21 personer
409 975 58 18 utom
480 973 148 27 talemannen,
641 973 39 21 och
693 973 85 28 dervid,
791 973 67 28 enligt

111 1007 99 21 ståndets
230 1007 72 20 tillika
322 1007 83 21 fattade
424 1007 79 28 beslut,
523 1007 60 22 valet
598 1007 83 22 skedde
697 1007 71 22 direkt
782 1007 76 22 förme-

111 1041 57 22 delst
190 1041 134 27 omröstning
342 1041 49 21 med
407 1041 71 22 slutna
493 1041 78 28 sedlar,
588 1041 37 22 vid
640 1041 87 22 hvilkas
743 1041 114 28 öppnande

111 1075 63 22 flesta
189 1077 98 20 rösterna
302 1075 106 22 befunnos
422 1075 65 22 hafva
502 1076 79 21 utfallit
597 1075 92 22 sålunda
700 1078 32 19 att
745 1076 49 21 herr
804 1075 53 22 dok-

111 1112 47 19 torn
172 1109 40 21 och
225 1109 107 28 biskopen
345 1110 113 21 Frosterus
472 1110 67 21 erhöll
553 1111 26 20 29
589 1111 56 20 samt
655 1109 49 22 herr
713 1110 92 21 doktorn
818 1109 40 22 och

111 1143 107 28 biskopen
230 1143 82 22 Ottelin
324 1144 32 27 27,
367 1143 136 28 domprosten
511 1144 92 21 Renvall
613 1143 108 22 likaledes
730 1145 33 26 27,
776 1143 80 28 profes-

112 1185 49 14 sorn
178 1177 78 22 doktor
269 1177 123 22 Schauman
404 1178 36 27 25,
453 1177 138 29 domprosten
603 1177 78 22 doktor
691 1178 58 27 Borg
757 1179 36 26 23,
805 1178 50 21 kon-

111 1212 159 27 traktsprosten
285 1212 79 21 Hellén
372 1213 33 26 22,
417 1212 122 27 professorn
549 1212 78 21 doktor
635 1211 81 22 Geitlin
724 1213 33 26 20,
769 1214 89 25 prosten

111 1246 101 27 Alopxeus
229 1247 34 26 18,
280 1248 56 19 samt
351 1248 88 25 prosten
454 1247 112 27 Borenius,
585 1246 204 27 kontraktsprosten
804 1246 53 21 dok-

111 1282 33 19 tor
159 1280 127 27 Europeeus,
302 1279 124 28 professorn
441 1280 77 22 doktor
536 1280 99 22 Granfelt
649 1280 40 21 och
704 1282 88 25 prosten
807 1280 49 21 Hei-

111 1315 37 20 kel
163 1314 81 21 enhvar
260 1315 26 20 15
302 1316 75 19 röster.

178 1348 94 22 Ständet
287 1348 123 27 ätskiljdes.

561 1384 18 15 In
593 1383 51 16 fidem
657 1384 97 21 protocolli:

528 1417 50 18 And.
596 1417 55 18 John
670 1417 119 22 Hornborg.

30 1628 129 84 n
