1009 1742
761 146 41 20 369

146 209 144 28 Domprosten
306 210 67 26 Borg
388 207 97 29 yttrade,
500 208 37 22 det
549 207 137 29 domprosten
697 210 49 21 icke
757 210 73 22 kunde

78 246 68 18 annat
161 246 28 18 än
205 250 53 14 anse
274 242 26 22 de
316 243 75 21 herrar
406 243 168 22 ståndsbröders
590 243 66 27 åsigt,
674 243 76 22 hvilka
765 244 66 28 yrkat

78 278 29 26 på
122 277 130 28 petitionens
268 276 155 22 remitterande
440 277 32 21 till
487 277 153 27 lagutskottet,
654 277 51 27 föga
720 279 36 20 väl
766 286 63 20 grun-

78 311 51 22 dad.
160 311 83 27 Sjelfva
263 311 132 27 petitionens
416 311 65 28 syfte,
501 318 46 15 som
564 317 50 15 vore
630 313 32 19 att
674 311 48 22 från
738 315 92 24 prester-

78 346 80 27 skapet
180 345 123 28 öfverflytta
325 347 30 20 ett
378 345 32 22 för
431 345 50 22 dess
502 345 84 22 embete
602 345 150 28 fullkomligen
767 347 63 22 frem-

79 379 79 22 mande
174 379 118 28 åliggande
306 380 30 27 på
351 379 163 22 vederbörande
532 379 96 29 domare,
643 379 89 23 hvilken
748 387 27 16 ex
786 382 44 21 offi-

79 414 33 21 cio
128 414 57 21 hade
201 416 32 19 att
248 414 34 27 sig
293 414 49 21 med
353 414 212 28 bouppteckningars
576 414 40 21 och
626 414 149 29 afvittringars
788 416 42 21 till-

80 456 40 21 syn
141 448 93 28 befatta,
259 448 67 21 borde
346 448 68 21 redan
430 449 113 27 öfvertyga
558 455 26 14 en
599 448 59 28 hvar,
675 451 32 19 att
722 449 50 22 dess
788 451 42 21 lös-

80 483 53 27 ning
155 483 19 27 ej
198 489 51 15 vore
270 484 32 19 att
321 482 100 22 förvänta
436 483 6 20 i
459 482 135 22 omedelbart
608 483 159 28 sammanhang
782 485 50 22 med

80 517 150 28 kyrkolagens
245 517 144 26 stadganden.
419 517 57 21 Vore
492 517 67 21 också
575 517 84 22 derföre
670 519 31 20 ett
712 518 120 27 afgörande

80 551 92 23 resultat
187 551 7 22 i
209 551 199 28 kyrkolagsfrågan
424 551 110 27 snarligen
550 553 32 20 att
597 551 109 28 förvänta,
726 552 83 23 hvilket
825 553 6 21 i

80 586 112 22 anseende
207 586 33 21 till
256 585 81 22 sakens
353 585 135 22 omfattande
503 585 41 22 och
559 586 195 28 maktpåliggande
769 590 64 19 natut

81 621 51 27 föga
152 627 52 15 vore
222 620 94 27 möjligt,
336 620 72 21 kunde
423 621 126 21 ändamålet
564 620 50 21 med
629 621 119 28 petitionen
764 620 68 23 likväl

82 655 50 21 icke
154 655 28 27 på
205 654 72 22 denna
299 657 43 24 väg
360 654 87 28 vinnas,
464 655 39 21 och
519 654 129 23 aldraminst
664 656 24 21 så
703 655 130 28 skyndsamt

82 689 41 22 och
143 688 137 27 fullständigt
301 695 46 15 som
366 689 81 21 sakens
462 689 46 27 vigt
523 689 39 22 och
578 689 174 28 presterskapets
768 690 65 28 länge

82 723 178 28 tillbakahållna,
275 723 77 26 billiga
366 722 122 28 fordringar
503 723 37 21 det
555 723 125 28 påkallade.

151 757 167 27 Omröstningen
334 757 7 20 i
356 757 162 27 förmiddagens
541 756 87 29 plenum
646 757 58 22 hade
723 758 110 23 dessutom

82 793 30 27 på
127 793 31 20 ett
174 791 162 28 oåterkalleligt
351 793 43 19 sätt
410 791 106 22 förklarat
531 791 119 28 petitionen
661 794 69 19 såsom
741 793 93 22 ståndets

83 834 61 21 egen;
160 825 43 21 hon
218 825 73 21 kunde
307 831 89 15 numera
410 825 97 22 hvarken
518 825 146 28 supprimeras
675 826 53 21 eller
738 826 96 23 förhalas

84 867 79 21 genom
184 859 78 21 remiss
282 859 7 21 i
310 866 26 14 en
356 859 52 21 eller
424 866 72 14 annan
512 859 104 28 obehörig
630 860 103 28 riktning.
763 861 72 22 Jemte

84 895 38 21 det
136 894 139 28 domprosten
291 892 85 23 derföre
391 893 137 22 återkallade
544 894 7 20 i
566 893 82 22 minnet
662 894 86 28 gången
760 896 24 20 af
792 895 42 22 den

85 928 134 28 diskussion,
236 934 45 15 som
297 927 94 27 föregått
406 927 72 22 denna
494 928 142 27 omröstning,
648 928 79 22 hvaraf
735 932 101 24 nogsamt

85 962 73 22 kunde
174 962 68 27 inses,
263 962 116 22 huruledes
395 962 78 22 endast
488 962 136 22 misströstan
640 969 34 15 om
689 963 78 22 målets
782 970 52 22 upp-

85 996 86 22 nående
186 996 57 22 hade
257 996 88 22 förmått
360 999 59 25 män,
436 1003 46 15 som
496 996 77 28 sjelfve
588 996 118 22 framhållit
716 998 120 27 petitionen

82 1032 48 27 just
144 1031 8 21 i
168 1030 42 22 den
230 1030 101 28 tendens,
356 1037 45 15 som
420 1031 25 21 af
457 1030 196 22 besvärsutskottet
668 1032 75 20 vunnit
759 1032 76 21 erkän-

86 1065 81 28 nande,
184 1067 32 19 att
231 1071 69 21 rygga
316 1064 93 22 tillbaka
424 1065 40 21 och
479 1064 121 22 inskränka
615 1064 34 28 sig
664 1065 78 21 endast
758 1066 32 21 till
801 1066 35 22 be-

87 1103 69 25 gäran
174 1106 34 14 om
226 1099 96 27 lindring
337 1099 7 21 i
360 1099 232 21 straffbestämmelsen
607 1098 33 22 för
655 1099 70 21 sådan
741 1100 25 21 af
777 1103 60 25 prest

87 1134 125 22 uraktlåten
227 1135 49 19 rent
290 1133 52 22 civil
356 1133 164 28 undersökning
533 1133 25 21 af
566 1133 218 29 äktenskapshinder,
795 1135 41 21 för-

87 1168 93 22 klarade
206 1168 140 28 domprosten
372 1168 34 27 sig
431 1168 47 21 lika
502 1168 48 21 litet
574 1174 30 14 nu
629 1174 46 15 som
696 1167 142 23 härförinnan

87 1204 124 22 misströsta
234 1210 34 14 om
290 1202 44 28 god
356 1202 83 27 utgång
454 1202 6 22 i
476 1202 78 28 saken,
574 1204 52 19 enär
642 1201 42 22 den
699 1202 7 21 i
721 1203 70 21 sinom
806 1204 32 21 tid

88 1238 86 21 komme
190 1238 32 20 att
237 1243 78 21 genom
330 1236 140 28 regeringens
484 1235 82 29 nådiga
576 1236 130 27 tillgörande
717 1236 120 24 landtstän-

89 1272 68 22 derna
172 1271 131 27 föreläggas.

157 1306 146 27 Domprosten
318 1304 104 22 förenade
438 1305 34 27 sig
486 1304 66 23 alltså
564 1304 50 22 med
625 1304 153 29 kyrkoherden
788 1306 50 22 Hei-

89 1340 37 22 kel
141 1340 8 20 i
165 1340 43 21 den
223 1339 65 28 åsigt,
306 1341 31 20 att
352 1340 119 27 petitionen
487 1342 53 19 utan
554 1340 76 20 vidare
645 1340 67 20 borde
726 1340 72 22 såsom
809 1342 31 20 ett

90 1374 26 20 af
128 1373 174 28 prestaståndets
320 1374 101 20 enskilda
439 1374 78 20 besvär
532 1374 33 20 till
580 1374 61 19 Hans
656 1374 124 26 Kejserliga
795 1374 43 20 Ma-

86 1407 71 27 jestät
173 1406 120 22 framföras.

114 1483 56 23 Högv.
183 1483 133 17 Prestaståndets
330 1482 67 18 Protok.
752 1485 20 15 24
