1009 1739
195 151 41 21 350

234 214 63 22 Hvad
321 213 102 28 slutligen
446 214 42 21 den
508 213 102 22 befarade
627 212 121 23 kostnaden
764 213 112 28 beträffar,
892 214 26 21 så

168 248 60 22 torde
251 248 42 22 den
314 248 6 20 i
341 248 27 21 de
389 248 62 21 flesta
470 248 37 21 fall
523 248 49 21 icke
588 248 67 21 blifva
672 250 67 19 större
755 250 52 19 utan
823 248 93 27 mindre,

168 290 34 15 om
224 282 163 22 vederbörande
410 284 78 25 genast
509 284 51 19 veta
577 282 6 20 i
601 282 60 21 detta
677 282 104 21 afseende
796 282 73 22 vända
885 282 34 27 sig

167 318 33 20 till
223 317 112 26 domaren,
357 317 28 21 då
405 316 108 21 nämnden
529 316 44 21 kan
588 316 77 28 intyga
680 323 33 14 om
730 316 124 28 fattigdom,
870 316 48 21 bor-

168 358 41 20 gen
232 353 78 25 genast
333 351 43 20 kan
396 351 76 21 ställas
491 357 26 14 m.
534 358 26 14 m.
590 350 44 27 Jag
648 353 70 19 röstar
734 350 85 22 derföre
835 351 33 21 för
882 351 36 21 be-

168 385 132 22 tänkandets
316 384 130 28 antagande.

236 420 90 20 Prosten
338 419 118 27 Alopus
468 418 86 28 yttrade
564 421 39 25 att,
614 418 66 22 ehuru
688 422 87 24 prosten
784 419 48 21 icke
842 418 77 22 trodde

168 453 119 28 petitionen
303 452 87 22 komma
406 454 31 19 att
453 453 50 21 leda
519 453 31 20 till
567 452 37 22 det
617 452 99 22 önskade
727 454 122 26 resultatet,
861 459 58 15 nem-

168 488 58 26 ligen
247 487 174 27 presterskapets
441 486 101 22 befrielse
563 486 46 21 från
626 486 154 28 skyldigheten
796 489 32 19 att
843 487 76 27 pröfva

169 521 175 27 afvittringarne,
360 523 88 25 prosten
464 520 67 22 likväl
546 520 50 21 icke
612 520 72 22 kunde
700 523 68 19 annat
783 524 26 18 än
824 521 56 27 yrka
891 521 29 27 på

169 555 221 28 petitionsförslagets
406 554 124 28 antagande
547 554 24 22 af
584 554 96 28 ståndet,
697 555 92 21 emedan
804 562 26 14 en
841 555 25 21 af
874 562 46 21 pre-

170 589 123 29 sterskapet
313 589 78 21 insedd
408 589 39 21 och
462 589 66 27 länge
544 588 86 22 önskad
645 590 93 21 revision
754 590 26 20 af
792 589 128 22 hithörande

170 624 123 28 stadgande
316 624 125 26 derigenom
465 624 70 21 blefve
558 623 94 27 uttalad,
676 624 83 21 hvilket
782 624 46 21 åter
847 624 73 22 kunde

170 658 66 22 hafva
258 658 32 22 till
313 657 83 29 påföljd
416 658 176 28 framläggandet
607 657 25 22 af
644 660 30 19 ett
691 662 48 24 nytt
754 658 39 21 och
810 658 110 22 efter'för-

170 693 132 21 hållandena
322 693 72 21 bättre
415 693 97 27 lämpadt
532 692 120 27 lagförslag
666 693 7 20 i
689 694 79 19 ämnet.
798 694 43 20 För
857 693 64 27 öfrigt

170 728 77 21 trodde
266 729 87 26 prosten
369 727 118 27 petitionen
503 727 49 21 icke
567 733 53 14 vara
635 726 131 22 framkallad
782 727 25 21 af
819 727 102 27 beqväm-

171 761 67 28 lighet
253 761 13 21 å
281 761 174 28 presterskapets
470 761 48 21 sida
534 761 52 21 eller
602 761 84 21 önskan
703 763 31 19 att
751 761 73 22 kunna
839 761 82 21 undan-

172 795 68 28 draga
262 795 34 27 sig
318 796 72 26 någon
412 795 72 21 möda.
514 796 38 20 Ett
570 797 67 18 annat
653 794 48 21 skäl
717 795 77 21 funnes
809 795 33 22 för
857 797 64 20 önsk-

171 830 119 21 värdheten
309 829 25 21 af
350 837 25 13 en
392 829 127 27 förändring
534 829 140 26 härutinnan;
691 831 31 19 ett
736 830 114 21 moraliskt
866 830 56 21 skäl.

171 865 33 20 En
220 864 50 21 civil
286 864 47 27 akt,
350 863 71 22 såsom
438 864 42 21 den
496 871 28 14 nu
540 863 176 28 ifrågavarande,
729 863 73 22 kunde
813 864 108 27 nemligen

172 899 66 20 verka
262 900 31 19 ett
313 898 129 21 afhållande
461 898 47 21 från
525 897 134 28 äktenskaps
675 897 109 28 ingående
800 900 56 19 samt
871 898 51 21 leda

172 933 33 21 till
221 935 30 19 ett
267 933 7 21 i
290 932 79 27 sedligt
384 932 104 22 afseende
503 932 64 27 högst
578 932 122 27 betänkligt
711 932 145 28 förhållande,
869 932 5 21 i
887 932 36 21 det

173 974 26 14 en
215 966 67 28 fader,
303 973 46 15 som
364 966 49 22 icke
429 967 50 21 ville
495 967 67 21 tvista
577 966 49 21 med
640 967 48 20 sina
703 966 53 21 barn
773 967 6 20 i
796 973 24 15 en
837 967 85 27 lumpen

173 1001 117 27 arfsfråga,
312 1000 111 22 förleddes
446 1003 31 19 att
500 1001 57 21 lefva
577 1001 6 20 i
599 1000 142 21 konkubinat.
771 1001 67 21 Detta
854 1008 68 14 mora-

172 1035 58 22 liska
253 1035 48 22 skäl
324 1035 66 28 hade,
412 1035 67 27 enligt
499 1037 98 25 prostens
613 1035 67 27 åsigt,
697 1035 125 21 framkallat
838 1035 85 28 petitio-

173 1076 52 20 nen,
242 1069 40 21 och
298 1069 72 21 skälet
385 1076 51 14 vore
451 1069 6 21 i
473 1069 94 26 sanning
581 1069 129 24 bevekande
725 1076 44 20 nog
779 1069 33 21 för
823 1071 32 19 att
866 1069 57 22 stån-

174 1103 36 22 det
226 1103 18 27 ej
262 1103 67 21 måtte
345 1103 116 21 försumma
475 1103 75 27 något,
563 1109 45 15 som
620 1103 72 21 kunde
703 1103 113 21 föranleda
827 1103 32 21 till
871 1104 53 21 kon-

174 1137 88 22 trollens
279 1137 107 21 ställande
402 1137 28 28 på
446 1144 71 14 annan
533 1137 37 21 fot.

241 1171 91 21 Prosten
348 1170 144 27 Grönberg:
515 1170 98 21 Emedan
630 1170 163 27 granskningen
809 1171 25 20 af
847 1173 31 19 ett
893 1171 30 21 af-

174 1205 240 27 vittringsinstrument,
430 1205 67 27 enligt
510 1205 44 20 min
565 1205 66 20 tanke
642 1205 49 21 icke
702 1205 84 21 medför
797 1205 68 27 några
876 1206 49 21 svå-

175 1240 100 27 righeter,
298 1239 27 21 då
346 1239 64 27 lagen
427 1241 63 25 säger
505 1241 31 19 att
553 1239 121 21 detsamma
689 1239 50 21 icke
754 1239 104 22 behöfver
872 1247 54 14 vara

174 1273 160 22 underskrifvet
357 1274 24 20 af
401 1273 44 21 alla
467 1274 147 25 arfvingarne,
638 1276 51 17 utan
710 1273 79 21 endast
804 1276 32 18 att
851 1276 75 24 pastor

174 1309 53 24 äger
242 1306 58 21 tillse
316 1308 32 18 att
364 1306 63 21 desse
442 1307 55 20 varit
512 1306 146 27 närvarande,
674 1306 84 21 hvilket
773 1308 46 19 åter
834 1307 44 20 kan
890 1314 36 14 ses

174 1340 26 20 af
218 1340 112 27 ingressen
354 1340 32 20 till
409 1339 273 28 arfskiftesinstrumentet,
707 1340 24 22 sä
753 1340 40 21 har
806 1341 42 27 jag
868 1341 18 27 cj
904 1340 25 22 af

175 1374 60 21 detta
258 1374 49 21 skäl
330 1374 85 20 förenat
437 1374 44 26 mig
500 1374 5 20 i
527 1374 117 21 utskottets
660 1374 150 28 betänkande,
826 1381 48 15 men
890 1376 34 20 väl

174 1408 95 27 derföre,
286 1410 32 18 att
334 1407 66 21 andra
415 1408 90 21 formela
521 1408 213 28 äktenskapshinder
748 1408 80 28 finnas,
840 1408 86 23 hvilkas

175 1442 101 28 pröfning
292 1442 106 22 erfordrar
414 1449 26 15 en
455 1442 89 28 djupare
552 1442 97 28 juridisk
659 1443 76 28 insigt,
748 1443 110 22 äfvensom
870 1450 56 15 eme-
