1036 1742
202 147 24 19 2

240 210 95 26 Beslöts,
351 212 31 19 att
398 210 60 21 detta
471 210 110 21 diktamen
592 210 70 22 skulle
673 210 6 20 i
690 210 54 21 form
755 210 24 21 af
787 210 127 28 protokolls-

173 244 77 28 utdrag
264 244 132 27 bordläggas
411 244 55 21 intill
482 246 62 20 nästa
560 244 94 28 plenum.

239 278 125 22 Professorn
375 278 143 22 Schauman
529 278 99 28 uppläste
639 278 71 22 nedan
719 278 90 28 intagna
817 279 98 21 besvärs-

172 313 120 21 memorial:
310 313 73 26 ,Hans
398 312 123 28 Kejserliga
536 312 103 28 Majestät
654 313 39 21 har
696 308 9 36 i
721 313 37 21 sitt
773 314 31 20 tal
814 313 33 21 till
858 315 57 19 stän-

173 347 67 21 derna
261 347 36 22 vid
317 346 124 28 öppnandet
461 346 25 22 af
503 346 71 22 denna
591 346 106 27 landtdag
711 348 78 27 yttrat,
809 349 32 19 att
856 347 60 21 Hans

172 382 103 27 Majestät
290 381 35 21 för
340 381 151 28 afhjelpandet
507 381 23 21 af
542 380 26 22 de
582 380 84 28 brister,
686 380 74 22 hvilka
775 381 119 22 förefinnas
909 381 8 21 i

172 416 48 21 vårt
230 416 64 21 lands
305 415 138 28 grundlagar,
459 415 36 21 vill
506 416 45 20 låta
561 418 97 25 uppgöra
668 416 86 27 förslag
764 416 33 21 till
808 416 109 22 särskilda

172 450 149 28 förklaringar
336 450 40 22 och
391 450 78 27 tillägg
483 450 33 21 till
531 450 119 28 desamma,
670 452 32 20 att
717 450 128 22 ständernas
861 450 55 28 pröf-

173 485 53 27 ning
239 485 126 27 föreläggas
380 484 37 22 vid
430 487 64 19 nästa
504 484 116 28 landtdag,
636 484 88 22 hvilken
739 485 62 21 Hans
815 485 102 28 Majestät

173 519 129 22 förklarade
318 519 33 27 sig
366 519 65 21 hafva
445 518 36 22 för
491 519 65 27 afsigt
567 520 32 20 att
610 518 53 22 efter
673 521 32 19 tre
716 519 24 21 år
750 520 167 26 sammankalla,

174 556 56 20 samt
249 556 32 20 att
299 554 49 22 Han
367 560 78 21 genom
463 554 67 27 sagde
545 553 85 27 förslag
646 554 66 21 bland
727 556 67 19 annat
809 554 38 22 vill
862 554 54 22 åter-

173 588 61 28 gifva
248 589 119 21 ständerna
382 588 41 22 den
439 588 146 28 motionsrätt,
601 587 49 22 dem
664 588 24 21 af
696 588 61 22 ålder
767 588 90 30 tillhört,
873 588 45 22 för-

174 623 130 21 behållande
320 622 34 28 sig
368 623 68 21 likväl
451 622 115 22 initiativet
582 623 6 21 i
604 622 198 28 grundlagsfrågor.

241 658 72 21 Dessa
332 657 123 28 löftesrika,
475 657 82 27 nådiga
575 656 39 23 ord
634 657 63 21 skola
710 657 105 23 Finlands
830 658 89 22 ständer

174 692 74 22 städse
263 692 7 21 i
286 692 108 22 tacksamt
409 692 72 21 minne
496 692 86 22 bevara.

242 727 35 21 Då
299 727 60 21 Hans
379 727 123 27 Kejserliga
520 727 103 28 Majestät
638 728 120 22 emellertid
773 729 146 28 uttryckligen

174 762 118 27 förklarat,
314 761 37 22 det
368 761 60 22 Hans
445 761 102 28 Majestät
563 762 63 22 äfven
641 762 36 22 för
691 762 116 22 framtiden
823 764 37 21 vill
874 764 45 21 för-

174 796 88 22 behålla
277 796 34 27 sig
326 795 115 22 initiativet
459 796 3 21 i
479 796 196 28 grundlagsfrågor,
695 798 24 21 så
733 798 74 21 kunna
822 798 97 21 ständer-

174 838 40 14 nas
234 830 133 28 önskningar
384 831 50 21 med
450 830 102 22 afseende
568 831 13 21 å
596 831 93 22 nämnde
704 832 78 28 frågor,
799 832 24 22 så
836 832 84 28 vigtiga

174 865 36 21 för
221 866 31 20 ett
262 864 86 22 fortsatt
364 864 93 28 verkligt
474 864 127 28 åtnjutande
617 865 40 21 och
672 872 25 15 en
713 866 104 27 tidsenlig
831 867 89 21 utveck-

175 899 47 28 ling
233 898 25 23 af
265 899 47 21 vårt
323 899 322 22 konstitutionelt-monarkiska
660 901 178 28 samhällsskick,
855 901 65 22 hvars

176 934 146 27 grundsatser,
345 933 71 22 såsom
436 933 60 22 Hans
516 933 102 28 Majestät
636 934 52 28 sjelf
700 935 72 22 täckts
785 937 66 26 yttra,
867 943 53 20 upp-

175 968 65 21 bäras
262 967 26 22 af
303 967 71 22 finska
393 967 80 22 folkets
494 967 160 30 öfvertygelser,
670 969 77 22 endast
761 970 29 27 på
806 969 41 22 den
862 972 58 19 stän-

176 1002 68 22 derna
257 1009 28 14 nu
296 1002 66 21 redan
376 1001 186 28 grundlagsenligt
573 1003 162 21 tillkommande
746 1004 174 27 petitionsvägen

176 1037 87 22 komma
278 1036 32 22 till
325 1037 60 20 Hans
395 1036 114 27 Majestäts
519 1037 101 28 kunskap
631 1037 39 22 och
682 1037 148 28 behjertande.
847 1032 73 29 Öfver-

175 1071 69 28 tygad
258 1077 46 16 som
316 1071 41 27 jag
372 1073 29 26 är,
423 1073 32 18 att
469 1071 60 22 Hans
544 1071 102 28 Majestät
665 1072 3 21 i
682 1079 28 14 nu
725 1073 96 21 nämnda
837 1073 83 28 vigtiga

176 1105 72 28 frågor
263 1105 38 22 vill
317 1105 28 27 gå
361 1105 27 21 de
402 1105 72 21 finska
489 1106 190 22 landtständernas
693 1106 77 28 billiga
787 1107 134 28 önskningar

176 1139 41 22 och
232 1139 171 28 förhoppningar
415 1139 33 22 till
458 1141 76 26 mötes,
552 1147 63 14 anser
624 1140 40 28 jag
675 1141 36 21 det
721 1141 37 21 vid
769 1141 71 22 denna
851 1142 70 21 landt-

178 1174 43 27 dag
240 1174 121 21 tillkomma
381 1173 117 22 ständerna
517 1177 31 18 att
565 1174 36 21 för
616 1175 60 22 Hans
691 1175 104 28 Majestät
809 1178 65 27 öppet
889 1179 32 19 ut-

177 1209 46 20 tala
238 1208 65 22 dessa
318 1208 48 21 sina
381 1208 139 27 önskningar.
543 1209 49 22 Den
605 1209 130 28 förändring
745 1210 25 21 af
777 1211 52 20 våra
843 1211 78 27 grund-

176 1242 68 28 lagar,
266 1249 46 15 som
330 1241 37 22 för
382 1242 37 22 det
433 1241 25 23 af
470 1243 44 26 mig
523 1243 72 22 redan
611 1244 94 21 nämnda
721 1244 125 22 ändamålet
861 1247 24 19 är
900 1245 24 21 af

178 1277 42 21 den
235 1277 136 20 allrastörsta
385 1277 46 25 vigt
448 1276 40 21 och
503 1283 45 14 som
564 1277 87 21 derföre
667 1278 6 19 i
688 1278 90 21 främsta
794 1281 91 18 rummet
900 1279 25 20 af

177 1309 101 22 behofvet
299 1309 110 28 päkallas,
433 1313 24 18 är
477 1309 51 28 den,
550 1313 32 18 att
601 1310 7 21 i
627 1311 64 21 dessa
707 1311 133 28 grundlagar
855 1312 67 21 mätte

176 1343 53 28 ingä
244 1345 31 20 ett
289 1343 109 26 bestämdt
413 1343 122 28 stadgande
550 1344 54 22 huru
620 1344 44 21 ofta
679 1345 132 28 landtdagar
825 1347 63 21 skola
900 1346 26 21 af

177 1380 103 25 regenten
296 1378 180 27 sammankallas,
491 1378 8 21 i
513 1379 72 21 stället
600 1379 36 22 för
651 1381 31 20 att
696 1380 72 22 denna
783 1381 83 28 vigtiga
881 1381 41 22 sak

178 1413 68 27 enligt
260 1419 29 15 nu
304 1412 101 28 gällande
421 1413 107 28 grundlag
543 1413 63 22 beror
620 1414 29 28 pä
663 1417 116 25 regentens
794 1415 128 29 förgodtfin-

177 1447 78 22 nande.
278 1448 44 27 Jag
336 1447 50 22 ville
403 1447 87 23 derföre
505 1448 71 21 såsom
592 1451 30 19 ett
634 1449 163 28 önskningsmäl
814 1451 31 21 till
861 1452 61 21 Hans
