1020 1745
764 171 41 21 467

87 235 95 26 nämsta,
195 233 35 27 ja,
248 233 65 28 enda,
330 240 48 14 men
393 233 95 27 kraftiga
503 233 89 29 medlet,
609 240 46 16 som
669 235 86 27 kyrkan
771 236 64 21 äfven

87 268 7 20 i
111 267 60 21 detta
184 267 103 21 afseende
303 267 39 21 har
357 269 33 20 att
405 268 76 26 anlita,
497 271 24 18 är
536 268 133 27 sanningens
684 269 48 28 ord,
740 269 48 27 just
799 268 36 23 det

88 301 44 21 ofta
148 301 123 28 åberopade
286 317 9 12 ,
301 302 68 21 ordets
383 302 78 24 makt",
480 308 46 15 som
542 302 119 22 sekundärt
672 302 83 28 jemväl
770 303 65 22 besit-

87 338 33 19 ter
135 335 112 28 förmågan
263 337 31 20 att
310 335 63 22 äfven
389 336 39 22 hos
441 336 98 28 kyrkans
554 336 104 28 andligen
674 336 56 23 döde
745 338 91 21 lemmar

87 370 67 28 stäfja
173 370 121 28 gudlöshet,
311 370 104 28 öfverdåd
431 370 39 22 och
487 371 66 22 laster
569 373 56 20 samt
636 372 85 22 förädla
731 372 38 22 det
778 375 57 25 yttre

86 405 73 21 lifvets
175 405 69 22 seder.
275 405 49 21 Men
339 405 53 21 huru
408 405 56 22 skall
480 412 28 15 nu
524 406 61 21 detta
595 406 133 28 sanningens
739 407 38 21 ord
787 407 49 22 här-

87 439 33 22 till
136 439 73 22 kunna
225 439 100 28 bidraga,
341 439 50 22 med
406 439 84 22 mindre
505 440 37 21 det
554 440 68 25 höres,
635 440 36 21 det
682 443 29 25 är,
722 441 50 21 med
782 441 53 22 min-

88 474 37 21 dre
148 474 106 21 sabbaten
277 474 28 27 på
327 473 121 22 förberördt
466 476 44 19 sätt
525 474 83 21 ostördt
623 474 144 28 helighålles?
789 475 46 22 Och

88 508 79 21 vittnar
182 508 49 21 icke
247 508 85 21 folkens
348 508 78 27 kyrko-
442 508 41 21 och
495 508 165 22 kulturhistoria
670 511 54 19 nära
733 515 44 21 nog
787 509 48 21 allt-

88 542 67 22 sedan
178 543 66 21 Roms
265 542 109 28 lagkyrka
392 542 79 28 pälade
489 542 27 22 de
531 542 60 22 vilda
607 543 139 27 germaniska
761 550 74 15 namn-

88 577 83 21 kristna
187 577 33 21 sin
235 593 10 11 ,,
252 577 83 28 Treuga
350 576 62 29 Dei”,
428 579 32 19 att
474 577 83 27 graden
570 577 25 21 af
603 577 117 22 sabbatens
730 577 105 28 helighäl-

87 611 65 21 lande
173 611 82 27 utgjort
269 611 146 22 måttstocken
430 611 33 22 för
478 611 27 21 de
520 611 84 22 kristna
619 611 86 22 folkens
716 611 119 30 sedlighet.

88 645 43 21 Det
153 653 38 13 var
213 645 127 28 visserligen
362 645 69 22 Kristi
451 645 66 28 anda,
534 653 46 14 som
595 652 78 21 genom
687 646 72 22 ordets
775 646 61 22 makt

88 680 99 21 skaffade
202 680 132 27 hvilodagen
349 679 67 28 helgd
430 680 68 22 bland
511 680 84 28 folken,
616 687 49 15 men
681 680 67 22 sedan
765 680 72 22 denna

88 715 58 21 anda
161 715 56 28 flytt,
235 714 39 21 och
291 714 41 21 den
348 716 66 26 yttre,
429 714 75 28 heliga
520 715 91 27 formen,
627 721 46 15 mer
688 715 53 22 eller
753 715 83 22 mindre

88 749 111 27 andetom,
223 748 105 27 återstod,
352 755 39 14 var
409 748 36 21 det
464 749 48 21 icke
527 755 45 15 mer
587 749 73 22 ordets
675 749 60 22 makt
751 756 85 20 ensam,

88 786 53 18 utan
163 783 72 21 ordets
258 783 60 21 makt
337 783 7 21 i
364 783 146 22 vexelverkan
526 782 49 23 med
591 783 192 28 sabbatslagarnes
798 784 39 21 all-

88 825 45 19 var,
154 825 46 14 som
219 818 133 28 upprätthöll
367 817 117 22 sabbatens
499 818 73 27 helgd.
602 818 49 22 Men
663 818 41 28 jag
718 818 73 28 frågar
805 818 32 22 vi-

89 852 63 22 dare:
171 852 53 22 huru
241 852 39 22 och
296 852 28 27 på
340 852 87 22 bvilken
443 855 42 24 väg
499 852 39 22 har
552 852 118 22 sabbatens
685 852 152 28 vanhelgande

89 887 67 21 bland
172 887 27 21 de
214 887 84 21 kristna
313 886 74 22 folken
404 887 46 21 åter
464 887 47 21 nått
527 887 36 21 det
578 886 101 29 hejdlösa
691 886 73 29 välde,
775 886 62 23 hvar-

90 922 59 21 öfver
163 929 50 14 man
229 922 28 27 på
272 921 38 22 vår
325 921 31 22 tid
372 921 40 22 och
429 921 63 22 äfven
507 921 37 22 vid
560 921 60 22 detta
632 920 86 23 tillfälle
728 921 50 22 med
789 921 50 22 skäl

91 957 24 20 så
128 957 75 20 bittert
218 956 92 27 klagar?
329 956 43 27 Jag
387 955 98 22 anhåller
500 958 32 19 att
548 955 63 22 äfven
626 955 100 22 häröfver
736 955 22 22 få
768 956 71 22 uttala

90 991 44 22 min
154 991 93 27 mening.
277 991 167 21 Nationaliteten
459 993 24 19 är
498 997 28 16 en
540 990 122 29 gudomligt
677 992 43 20 satt
735 990 40 22 och
791 990 47 22 ord-

90 1025 44 22 nad
150 1025 185 28 egendomlighet,
352 1032 46 15 som
413 1025 99 28 åtskiljer
522 1025 81 22 folken.
627 1025 44 22 Till
682 1025 49 22 dess
742 1024 98 23 väsende

91 1060 39 21 och
145 1061 108 27 yttringar
267 1060 63 28 höra,
346 1060 69 27 enligt
429 1060 43 21 min
488 1059 146 28 uppfattning,
651 1059 63 22 äfven
724 1059 115 29 folknöjen

91 1095 40 21 och
141 1095 116 28 folkfester
272 1094 40 22 och
326 1094 34 21 för
375 1095 71 25 dessa,
460 1094 94 22 likasom
567 1093 32 22 för
609 1094 70 21 andra
689 1093 149 29 oförytterliga

90 1129 109 27 naturliga
214 1129 107 28 yttringar
336 1128 26 22 af
372 1128 118 28 folklifvet,
506 1135 46 15 som
567 1127 48 22 icke
630 1127 67 22 redan
712 1129 9 20 7
734 1128 31 29 sig
778 1127 60 22 inne-

90 1164 55 21 fatta
160 1163 67 28 något
243 1163 103 28 osedligt,
358 1162 70 29 jemte
443 1162 33 22 sin
491 1162 58 28 legio
565 1162 25 21 af
598 1163 97 20 konstens
705 1161 132 29 företeelser,

91 1197 74 22 hvilka
179 1197 44 22 den
238 1197 103 22 moderna
356 1197 60 22 tiden
432 1197 65 21 söker
511 1199 32 19 att
559 1196 126 29 idealisera,
700 1199 39 24 gör
753 1195 86 23 derföre

91 1232 201 21 folkmedvetandet
314 1231 50 22 med
386 1233 58 20 rätta
466 1231 124 22 tillochmed
611 1232 111 26 gentemot
747 1230 92 22 kristen-

92 1267 78 20 domen
190 1266 96 28 anspråk
305 1266 29 27 på
349 1265 107 28 giltighet.
486 1265 49 22 Men
550 1264 61 22 detta
625 1264 40 22 har
679 1265 47 21 från
741 1264 99 29 kyrkans

92 1301 48 21 sida
155 1300 41 21 och
211 1300 111 28 synpunkt
336 1299 51 28 föga
402 1299 56 21 varit
472 1299 81 27 insedt,
575 1299 92 21 erkändt
683 1299 52 21 eller
749 1298 90 28 medgif-

91 1336 44 20 vet.
163 1334 51 22 Med
235 1334 53 22 eller
306 1336 51 20 utan
378 1336 82 19 statens
481 1336 71 25 öppna
568 1333 53 21 eller
635 1335 59 26 tysta
708 1332 132 28 begifvande

91 1368 67 22 hafva
173 1368 97 26 besagde
284 1368 108 27 yttringar
405 1367 39 21 hos
460 1367 74 26 hvarje
550 1367 45 20 folk
611 1367 78 26 sjelfva
704 1366 55 26 tagit
772 1369 24 18 ut
807 1367 33 20 sin

92 1403 44 20 rätt
151 1400 49 28 och,
215 1401 71 21 såsom
301 1400 97 21 hörande
414 1400 32 21 till
462 1400 42 21 den
519 1400 68 20 fallna
601 1399 187 26 mensklighetens
802 1406 37 13 na-

92 1434 68 29 turlif,
177 1434 54 21 efter
246 1434 83 28 graden
344 1433 30 22 af
381 1433 89 28 folkets,
487 1433 59 22 olika
562 1433 67 22 tiders
644 1432 41 24 och
700 1432 73 23 skilda
785 1432 56 22 folk-

95 1469 96 23 klassers
215 1469 84 28 sedliga
322 1468 142 29 ståndpunkt,
487 1467 123 29 framträdt,
633 1467 122 30 stämplade
773 1467 26 22 af
814 1474 27 15 en
