1031 1725
204 144 42 20 104

175 208 86 27 nödgas
280 208 43 26 jag
343 206 121 23 inskränka
484 206 45 28 mig
549 206 34 22 till
603 208 32 18 att
653 205 79 22 endast
751 205 88 28 påpeka
858 206 73 26 några

176 241 68 22 bland
260 242 37 21 det
312 240 127 22 nuvarande
449 240 172 49 ropresentativa
631 241 117 26 systemets
758 241 56 19 mest
824 239 7 21 i
842 242 88 24 ögonen

176 275 98 22 fallande
289 275 90 21 brister:

245 308 149 22 Adelsständet
408 308 40 21 har
461 287 93 43 förlorat
569 307 132 22 karakteren
717 307 25 21 af
754 309 32 19 att
796 313 53 15 vara
859 306 69 23 rikets

177 344 93 21 främsta
285 342 72 23 stånd..
386 342 129 22 Tidsandan
535 342 75 21 ställer
625 341 43 21 den
682 348 80 22 person
776 340 85 29 främst,
882 348 47 14 som

177 378 58 27 gjort
250 378 34 27 sig
299 384 35 14 om
349 376 181 22 fäderneslandet
545 378 55 19 mest
615 375 100 28 förtjent,
733 375 43 21 han
791 376 36 20 må
841 376 88 21 tillböra

176 411 91 22 hvilken
283 410 138 22 ständsklass
435 417 47 15 som
497 410 63 22 helst.
581 410 36 21 All
632 409 185 27 sjelfskrifvenhet
827 410 29 27 på
867 416 64 14 anse-

178 445 56 22 ende
249 445 7 21 i
271 444 59 29 följd
345 444 26 22 af
386 444 55 22 börd
461 447 24 18 är
505 444 25 21 af
547 444 112 21 allmänna
677 444 136 21 tänkesättet
833 444 96 21 utdömd.

177 479 136 27 Aktningen,
335 478 120 22 anseendet
474 479 71 21 mäste
565 478 25 21 af
606 478 81 21 enhvar
702 484 78 21 genom
796 478 73 21 arbete
885 478 45 21 för-

177 512 94 22 värfvas.
294 513 70 26 Ingen
379 512 119 28 anledning
513 512 119 22 förefinnes
647 514 32 19 att
694 518 89 15 numera
797 511 134 22 tillerkänna

178 546 66 22 adeln
266 547 68 27 något
356 546 125 27 prerogativ
499 546 91 21 framför
612 545 28 21 de
663 546 70 27 öfriga
755 545 99 22 stånden.
883 546 49 20 Der

178 581 78 26 måste,
280 581 8 20 i
308 580 70 21 likhet
397 580 51 21 med
467 580 59 21 hvad
546 580 51 22 sker
611 580 8 21 i
634 580 46 21 alla
694 580 69 21 andra
779 579 74 29 stånd,
869 580 62 28 förty

178 617 60 20 utses
260 614 200 27 landtdagsombud
480 621 78 20 genom
576 614 36 21 val
631 609 61 26 inom:
705 614 96 28 ståndet,
818 614 53 21 eller
885 615 46 20 må-

177 649 74 21 hända
273 651 82 19 rättare
377 648 58 22 inom
457 649 45 20 alla
524 648 103 27 stånden,
651 651 136 24 gemensamt
807 649 36 21 val
858 649 7 20 i
880 649 52 21 hela

177 683 85 28 landet,
278 683 41 22 och
335 683 25 21 af
372 683 152 27 ifrågakomna
540 682 65 22 stånd
617 682 49 31 icke
676 683 123 28 uppställas
809 683 52 21 flere
871 683 60 22 med-

177 718 92 21 lemmar
289 720 28 19 än
339 717 56 22 ifrån
418 717 27 21 de
468 717 78 28 andra,
569 719 53 19 utan
643 717 104 22 afseende
767 718 30 27 på
811 717 43 22 den
869 717 63 22 klass

178 752 58 21 inom
252 751 89 23 ståndet
357 751 26 22 de
397 751 94 21 tillhöra.

247 785 171 22 Prestaståndets
433 785 137 28 fullmäktige
585 785 68 22 borde
667 764 72 49 väljas
755 785 60 22 öfver
824 785 51 22 hela
884 786 47 21 lan-

180 820 46 27 det,
249 820 105 27 antingen
376 819 25 21 af
419 819 164 28 prestaståndet
605 819 68 28 sjelft,
687 820 64 21 -eller
769 819 57 22 helst
847 819 25 26 af
887 820 45 21 alla

178 853 185 28 röstberättigade
378 853 58 21 inom
451 853 83 22 landet.
557 853 53 22 Icke
625 854 68 27 något
703 853 104 22 afseende
818 854 13 21 å
841 853 90 28 tjenste-

179 888 123 27 befattning
317 887 67 22 borde
398 887 87 28 hafvas,
501 888 56 21 blott
572 887 102 21 ombudet
687 888 71 21 blifvit
768 887 112 28 prestvigd
891 888 41 21 och

180 922 58 27 gjort
258 922 35 26 sig
306 922 55 20 värd
376 921 141 22 medbröders
532 922 53 21 eller
599 921 86 22 landets
700 921 134 22 förtroende.
864 922 69 21 Detta

180 956 72 22 sävidt
259 955 278 28 ständsrepresentationen
546 956 39 21 allt
593 955 133 22 fortfarande
735 956 57 21 skall
800 956 134 28 bibehållas,

179 990 85 22 hvilket
279 990 110 21 måhända
403 992 58 18 ännu
477 996 27 15 en
519 990 33 21 tid
567 990 62 21 torde
644 990 53 22 böra
712 990 80 28 fortgå,
811 990 66 22 ehuru
892 990 42 21 all-

180 1027 60 19 mänt
254 1024 238 27 landtdagsmannaval
507 1026 53 19 utan
575 1023 104 23 afseende
690 1024 14 21 å
715 1027 67 19 annat
798 1026 27 19 än
836 1024 99 28 kristligt

180 1058 109 28 sinnelag,
305 1065 62 14 varm
381 1057 211 22 fosterlandskärlek
608 1058 41 20 och
663 1058 49 21 klar
726 1058 67 28 insigt
803 1058 7 21 i
821 1058 109 22 förekom-

178 1092 80 21 mande
280 1092 93 22 ärender
394 1092 67 21 borde
483 1094 77 25 utgöra
580 1092 42 21 den
640 1092 165 22 bestämmande
819 1093 113 28 principen

179 1126 37 22 för
231 1126 127 21 erhållande
377 1126 25 21 af
413 1128 99 19 rösterna
526 1126 58 21 inom
599 1126 84 28 landet,
704 1133 52 14 vare
772 1127 42 21 den
829 1127 65 21 valde
910 1127 26 21 af

179 1160 84 21 hvilket
283 1160 66 21 stånd
364 1167 46 14 som
426 1160 63 21 helst.
520 1161 71 20 Dessa
607 1160 111 21 allmänna
733 1161 104 21 konturer
851 1161 33 21 till
901 1163 34 19 ett

179 1193 131 22 förändradt
319 1194 267 27 representationssystem
596 1194 39 21 har
640 1194 41 27 jag
689 1196 52 19 trott
749 1195 44 26 mig
803 1194 54 22 böra
867 1195 65 21 fram-

179 1227 60 22 hålla
255 1228 40 21 och
311 1227 104 22 särskildt
431 1228 173 27 prestaståndets
620 1228 137 27 ompröfning
772 1228 142 22 underställa.

178 1289 54 21 10:o.
248 1289 141 21 Prestmötens
403 1289 136 28 förändring
554 1289 33 21 till
604 1290 98 27 synodal-
718 1290 50 21 eller
786 1291 147 27 kyrkomöten,

247 1326 55 17 samt
318 1323 71 21 dessas
400 1323 125 28 periodiska
541 1324 176 21 återkommande.

247 1363 49 21 Den
306 1363 186 28 gemensamhets,
507 1363 266 29 samverksamhetsanda,
785 1371 46 15 som
841 1371 91 15 numera

179 1396 57 28 gjort
252 1397 34 27 sig
301 1397 103 27 gällande
415 1397 7 22 i
433 1397 44 22 alla
492 1397 73 22 lifvets
581 1397 163 29 förhållanden,
765 1399 57 21 talar
836 1399 96 28 mäktigt

178 1430 38 22 för
231 1431 27 22 de
273 1430 127 23 föråldrade
418 1433 160 26 prestmötenas
594 1433 170 27 omgestaltning
779 1433 33 21 till
827 1433 106 28 synodal-
