1017 1739
202 154 39 20 148

172 218 70 27 lådor;
263 218 40 22 och
318 218 134 22 fastställdes
467 218 66 28 priset
549 218 32 22 till
598 219 25 20 16
639 218 64 28 penni
723 218 36 22 för
773 219 74 27 hvarje
864 218 49 27 ark,

172 255 32 19 att
219 253 100 28 erläggas
334 252 141 22 förskottsvis
490 252 36 22 för
541 253 26 21 25
583 252 58 21 ark
635 248 12 37 i
658 252 84 22 sender.

238 287 74 22 Under
327 286 121 22 anförande
459 286 25 22 af
491 287 201 27 kontraktsprosten
704 287 78 21 doktor
796 288 118 27 Europxus

172 322 72 26 afgick
260 328 27 15 en
302 321 126 27 deputation
443 320 33 22 till
490 321 135 21 hedervärda
641 321 167 27 bondeståndet,
830 321 83 21 medfö-

171 355 67 22 rande
253 355 198 29 protokollsutdrag
467 356 59 20 öfver
540 355 173 27 prestaståndets
728 355 82 21 fattade
826 355 88 21 beslut
903 351 14 37 i

172 390 102 21 afseende
290 390 13 20 å
318 389 115 28 tryckning
449 390 24 20 af
480 390 121 20 utskottens
612 389 163 27 betänkanden,
792 391 56 20 samt
858 390 55 20 åter-

171 424 71 22 vände
258 424 53 22 efter
327 426 32 18 att
372 423 65 22 hafva
451 424 96 27 fullgjort
563 423 60 21 detta
638 424 37 21 sitt
690 424 104 28 uppdrag.

238 458 101 22 Härefter
363 457 114 29 föredrogs
502 458 36 21 det
562 458 25 21 af
608 458 202 28 kontraktsprosten
836 458 77 22 doktor

172 493 97 22 Granfelt
289 493 14 21 å
321 492 50 22 dess
393 492 171 22 kommittenters
586 494 82 25 vägnar
689 493 84 27 ingifna
796 492 39 22 och
857 492 56 22 intill

171 528 60 21 detta
244 528 87 28 plenum
345 526 137 28 bordlaggda
496 526 211 28 petitionsförslaget
720 527 113 27 angående
844 528 69 27 perio-

171 563 59 21 diskt
246 562 175 22 återkommande
436 561 131 27 landtdagar
578 561 39 21 och
629 562 128 21 oinskränkt
767 562 146 28 motionsrätt;

170 604 49 14 men
235 596 91 22 emedan
341 596 76 22 härvid
428 596 124 21 anmärktes
563 597 31 20 att
605 596 92 21 doktorn
708 596 49 21 icke
767 603 78 21 genom
856 597 57 21 före-

170 631 78 22 teende
264 630 25 22 af
300 630 167 28 valprotokollet
482 630 70 28 styrkt
567 632 32 20 att
614 630 98 28 uppdrag
726 630 74 22 härom
811 631 71 22 blifvit
892 631 25 21 af

170 666 188 21 kommittenterne
378 665 79 21 honom
476 664 133 29 meddeladt,
631 665 40 21 och
691 665 92 22 doktorn
802 666 25 21 af
844 666 68 22 sådan

170 700 118 27 anledning
309 699 108 22 förbehöll
437 699 34 28 sig
491 701 31 20 att
542 699 115 22 framdeles
678 699 6 22 i
703 700 91 21 berörde
809 700 103 22 afseende

169 735 22 21 få
213 735 94 21 inlemna
327 734 176 27 valprotokollet,
526 734 83 21 hvilket
629 741 29 14 nu
677 734 49 21 icke
746 741 38 14 var
799 735 113 28 tillhands,

170 769 80 22 beslöts
272 770 32 20 att
326 769 61 21 såväl
409 768 38 22 det
465 768 155 28 förevarande,
642 776 46 14 som
708 769 27 21 de
755 769 69 28 öfriga
842 769 33 28 sju
892 770 24 21 af

170 803 92 22 doktorn
269 803 29 28 på
306 803 200 22 kommittenternes
515 805 81 26 vägnar
603 803 84 27 ingifna
695 804 138 21 memorialen
842 804 72 21 skulle

169 837 132 22 fortfarande
324 837 113 28 qvarligga
457 838 13 20 å
489 837 76 22 bordet
584 837 107 22 intilldess
712 837 140 23 oftanämnda
867 839 45 20 val-

169 872 108 28 protokoll
292 872 71 21 blifvit
377 872 7 21 i
399 872 86 28 plenum
500 871 102 23 företedt.

237 906 79 22 Vidare
336 906 115 27 föredrogs
467 908 30 19 ett
513 907 24 21 af
549 906 78 22 doktor
647 906 98 22 Granfelt
760 908 13 20 å
789 914 56 21 egna
859 910 52 25 väg-

169 948 39 15 nar
218 941 119 22 inlemnadt
353 941 40 21 och
406 941 117 27 behörigen
534 941 115 27 bordlagdt
659 942 121 27 memorial,
796 942 84 27 intaget
890 942 21 21 in

169 978 89 19 extenso
269 975 7 22 i
286 975 134 30 protokollet
429 975 36 21 för
475 975 42 21 den
528 977 12 20 3
551 975 82 22 dennes
643 977 56 19 samt
710 975 114 28 åsyftande
835 976 76 21 under-

169 1009 67 28 dånig
245 1010 90 28 petition
347 1016 33 14 om
393 1009 128 28 förändring
532 1009 25 22 af
564 1010 249 27 representationssättet
823 1011 7 20 i
842 1011 70 21 adels-

169 1044 39 21 och
228 1043 175 29 prestastånden;
424 1043 40 22 och
482 1043 133 23 framställde
634 1044 138 21 talemannen
788 1045 76 21 härvid
879 1045 32 21 till

169 1079 98 22 ståndets
288 1078 169 29 öfvervägande,
477 1078 106 22 huruvida
602 1078 87 22 ståndet
704 1079 111 21 tilltrodde
830 1079 34 27 sig
880 1081 32 20 att

168 1116 54 25 taga
243 1113 72 28 någon
336 1113 123 28 befattning
480 1113 49 21 med
548 1113 60 21 förra
628 1112 63 22 delen
711 1113 24 21 af
753 1113 71 21 denna
838 1113 72 29 fråga,

169 1151 52 18 enär
236 1147 125 28 derigenom
379 1147 73 28 afsågs
472 1147 129 27 förändring
615 1147 25 20 af
653 1149 29 19 ett
697 1149 67 20 annat
779 1147 75 22 stånds
869 1149 42 27 pri-

168 1182 95 27 vilegier.

236 1217 144 26 Domprosten
395 1215 109 22 Renvall
519 1215 70 28 ansåg
603 1215 37 22 det
650 1215 166 28 ifrågavarande
831 1216 79 23 försla-

168 1253 38 24 get
225 1250 7 21 i
252 1250 43 21 alla
318 1249 117 22 afseenden
455 1256 52 15 vara
527 1250 25 21 så
567 1251 95 26 omoget,
683 1250 227 28 osammanhängande

169 1284 40 20 och
231 1283 152 23 omotiveradt,
405 1286 56 18 samt
481 1283 108 21 dessutom
609 1284 46 19 lida
669 1284 26 20 af
707 1284 25 20 så
747 1284 163 26 anmärknings-

168 1317 68 22 värda
255 1317 78 21 brister
347 1316 7 21 i
370 1317 85 21 formelt
474 1316 133 28 hänseende,
628 1319 32 19 att
680 1317 50 21 dess
749 1318 124 26 antagande
889 1318 27 20 af

168 1352 96 28 ståndet,
276 1351 67 27 enligt
354 1351 149 28 domprostens
514 1350 94 30 mening,
619 1351 6 21 i
635 1352 53 21 intet
697 1351 37 22 fall
743 1351 72 23 kunde
823 1352 87 22 komma

167 1387 7 21 i
190 1386 67 28 fråga.

234 1420 208 29 Kontraktsprosten
458 1421 101 28 Hellén,
576 1420 137 29 domprosten
728 1422 67 28 Borg
806 1422 40 22 och
857 1422 52 22 dok-

168 1459 33 19 tor
216 1457 138 27 Europeus
369 1456 86 28 yttrade
471 1456 34 26 sig
519 1456 56 28 hysa
590 1456 90 21 alldeles
696 1462 82 16 samma
794 1457 57 27 äsigt
864 1464 45 14 som
