1045 1745
809 149 40 22 541

187 227 141 36 Tisdagen
349 228 54 27 den
425 229 35 26 15
483 228 144 27 december
647 228 39 27 kl.
709 230 17 25 5
748 239 21 18 e.
791 239 36 17 m.

205 282 76 21 Såsom
296 283 144 21 frånvarande
456 283 146 22 antecknades
613 283 105 28 biskopen
729 283 90 28 Ottelin,
830 291 47 20 pro-

137 318 47 19 sten
204 316 110 21 Ehrström
333 317 39 21 och
391 317 152 28 kyrkoherden
556 318 24 21 A.
595 317 88 27 Heikel,
699 318 26 21 af
736 317 57 22 förut
807 319 6 20 i
829 325 48 20 pro-

136 351 91 21 tokollet
242 353 110 26 upptagna
367 351 95 28 orsaker,
478 354 56 19 samt
548 352 121 27 professorn
686 352 129 22 Schauman.

203 421 158 22 Diskussionen
384 421 59 21 öfver
464 422 206 27 petitionsförslaget
689 429 33 14 om
739 422 138 28 upphörande

135 455 24 22 af
167 456 131 21 skollärares
307 456 155 22 ecklesiastika
470 456 235 28 tjensteårsberäkning
714 459 55 19 samt
778 457 99 21 enskilda

135 490 207 22 besvärsutskottets
361 491 7 20 i
387 490 117 28 anledning
519 491 63 21 deraf
594 490 33 22 till
642 490 87 22 ståndet
744 491 83 27 afgifna
843 491 34 22 be-

135 525 111 21 tänkande
261 525 120 28 fortsattes;
397 525 40 22 och
451 525 86 28 yttrade
553 526 34 27 sig
601 525 52 22 först

203 560 90 21 Prosten
308 560 118 27 Alopeus
442 560 101 21 sålunda:
558 561 43 20 För
615 560 44 21 min
675 560 34 21 del
725 561 30 20 får
768 560 34 28 jag
815 561 6 20 i
833 561 44 21 alla

136 594 60 22 delar
211 594 86 21 förorda
312 594 61 21 bifall
383 595 33 21 till
426 595 205 21 besvärsutskottets
643 601 34 15 oss
689 601 27 15 nu
728 595 149 28 föreliggande

135 629 145 22 betänkande.
301 630 33 21 En
348 629 68 22 aktad
427 630 81 22 talares
518 630 87 28 nyligen
615 629 74 22 hållna
699 629 83 22 försvar
792 629 32 23 för
835 631 42 21 den

135 663 58 23 förra
208 664 63 22 delen
287 664 24 21 af
322 664 145 28 Björneborgs
483 664 65 22 nedre
559 665 102 28 prosteris
671 665 91 27 petition
773 665 39 22 har
822 665 55 22 blott

135 699 70 28 styrkt
220 699 45 28 mig
279 699 8 21 i
302 699 42 22 den
359 699 168 28 öfvertygelsen,
544 702 32 19 att
591 699 105 22 utskottet
711 700 7 21 i
734 699 26 22 de
777 700 47 21 skäl
841 699 36 22 det

134 734 71 22 anfört
218 735 32 20 till
261 735 37 21 sitt
308 734 142 29 afstyrkande
462 734 63 22 deraf
532 734 72 22 träffat
614 734 36 21 det
660 736 64 20 rätta.
746 735 10 20 I
767 735 43 21 alla
821 735 56 21 tider

134 769 39 22 har
189 769 36 22 det
239 769 56 22 varit
310 769 111 22 lutherska
436 769 96 28 kyrkans
548 772 46 25 ära,
609 771 32 19 att
656 769 41 22 den
713 769 66 22 fästat
795 770 24 21 så
833 772 44 19 stor

134 805 46 27 vigt
201 804 50 21 icke
271 804 93 22 allenast
382 804 36 21 vid
438 804 41 21 den
495 804 108 22 särskilda
618 804 122 28 teologiska
755 804 121 28 lärdomen,

135 841 51 19 utan
205 839 68 22 också
290 839 36 21 vid
342 839 152 28 vetenskaplig
508 839 97 28 bildning
620 839 7 20 i
643 839 123 22 allmänhet.
795 840 44 21 Det
853 842 24 19 är

134 873 33 23 för
189 873 85 29 kyrkan
296 873 141 29 välgörande,
461 876 31 19 att
513 873 41 23 den
572 874 6 21 i
594 874 34 27 sig
643 875 106 26 upptager
762 876 49 19 män
827 874 50 21 med

134 909 80 22 allmän
236 909 152 28 vetenskaplig
410 909 109 28 bildning;
547 909 36 21 det
604 911 112 25 motväger
738 909 71 21 alltför
832 911 44 20 stor

135 944 122 28 ensidighet
277 944 38 22 hos
336 944 49 22 dess
402 944 8 21 i
424 944 136 22 uteslutande
576 943 87 30 kyrklig
677 943 97 29 rigtning
789 943 88 22 bildade

135 979 105 22 arbetare.
269 973 19 27 Å
310 979 68 22 andra
400 979 63 22 sidan
486 981 24 19 är
530 979 36 21 det
584 979 46 21 åter
649 979 33 21 för
696 979 77 22 skolan
788 979 87 28 vigtigt,

135 1016 31 19 att
182 1014 41 21 den
238 1014 75 21 förblir
328 1021 26 14 en
370 1013 86 28 kristlig
471 1014 71 28 skola,
558 1015 32 20 att
605 1013 42 22 den
662 1014 85 21 arbetar
762 1013 49 22 icke
822 1013 55 22 blott

134 1049 33 21 för
177 1055 27 15 en
214 1048 103 28 verldslig
327 1048 108 28 bildning,
446 1051 62 25 utan,
520 1049 66 22 också
596 1048 50 28 den,
658 1048 33 21 för
701 1048 37 21 det
748 1048 77 27 högsta
833 1049 44 20 må-

134 1083 30 22 let
175 1096 26 3 —
213 1083 58 22 Guds
287 1083 47 21 rike
348 1083 29 28 på
388 1083 87 27 jorden.
497 1083 84 28 Begge,
592 1083 61 22 såväl
663 1083 97 28 kyrkans
771 1089 45 15 som
827 1083 49 21 sko-

134 1118 49 21 lans
193 1119 178 28 representanter,
382 1118 76 21 arbeta
465 1117 26 28 ju
501 1117 32 22 för
544 1124 81 15 samma
635 1117 52 28 mål;
699 1117 42 21 den
753 1124 41 15 ena
803 1117 74 22 sidans

134 1152 177 27 verkningskrets
328 1152 44 22 står
383 1151 27 28 ju
425 1151 42 22 den
483 1152 68 21 andra
566 1153 25 21 så
605 1155 63 24 nära,
685 1151 27 22 de
727 1151 65 22 hafva
806 1152 71 27 begge

135 1187 33 27 sig
182 1186 109 28 förelagdt
304 1188 32 20 att
351 1187 67 21 verka
433 1187 8 20 i
456 1186 94 28 enlighet
565 1186 49 22 med
628 1186 128 21 Frälsarens
772 1186 48 21 ord:
833 1186 43 25 ,lå-

135 1223 32 20 ter
183 1221 82 22 barnen
281 1221 86 22 komma
382 1221 32 21 till
429 1221 45 27 mig
489 1221 39 22 och
543 1221 106 22 förmener
664 1221 48 21 dem
728 1221 61 26 icke,
805 1222 23 26 ty
843 1221 34 20 så-

135 1255 58 22 dana
208 1255 62 22 hörer
285 1255 60 22 Guds
360 1255 46 22 rike
420 1255 52 21 till."
502 1256 50 27 Om,
565 1255 70 22 såsom
647 1254 35 22 det
693 1257 24 18 är
727 1257 32 19 att
769 1254 107 28 förmoda,

134 1290 97 28 kyrkans
249 1290 40 21 och
304 1289 88 22 skolans
409 1289 91 28 styrelse
514 1290 86 21 komma
615 1291 32 19 att
661 1289 77 27 skiljas
753 1288 47 22 från
815 1288 61 22 hvar-

135 1324 76 28 andra,
228 1324 82 22 hvilket
322 1324 40 28 jag
378 1324 56 22 dock
448 1324 33 22 för
496 1325 43 21 min
555 1324 34 22 del
600 1324 119 27 ingalunda
732 1323 37 21 vill
780 1322 96 29 förorda,

135 1359 28 21 då
177 1361 24 19 är
216 1359 36 21 det
266 1362 57 19 ännu
338 1359 107 27 vigtigare
459 1359 33 22 för
506 1359 95 28 kyrkan,
617 1359 32 21 för
665 1358 59 22 Guds
740 1358 46 21 rike
797 1358 28 27 på
831 1358 45 27 jor-

135 1391 52 29 den,
203 1394 32 19 att
247 1393 77 21 skolan
339 1391 49 23 icke
402 1392 43 21 blir
459 1392 131 22 fremmande
605 1392 34 21 för
653 1392 68 27 detta,
738 1391 33 22 för
785 1391 92 21 kristen-

135 1426 85 22 domen.
240 1421 15 38 I
275 1427 37 20 det
323 1426 41 29 jag
378 1426 98 27 föröfrigt
491 1427 7 20 i
514 1426 42 21 allo
571 1426 85 21 förenar
669 1425 44 28 mig
727 1425 49 22 med
789 1427 88 26 prosten

135 1461 113 29 Borenius,
269 1461 67 28 vågar
350 1461 41 28 jag
406 1461 133 23 fördenskull
554 1461 54 28 yrka
623 1461 28 27 på
666 1467 27 15 en
708 1459 123 29 fullkomlig
844 1466 32 16 re-
