1006 1742
204 145 40 19 296

176 211 31 18 att
229 208 104 22 Finlands
356 210 87 21 ständer
466 210 63 22 äfven
552 209 115 22 framdeles
691 209 62 21 alltid
775 209 62 22 skola
856 209 63 21 hvart

176 242 68 28 tredje
260 243 24 21 är
300 244 165 22 sammanträda.

243 278 60 21 Efter
324 278 36 21 det
381 278 139 22 förenämnde
543 278 110 21 memorial
675 278 71 21 blifvit
764 278 33 21 till
812 278 107 21 utskottet

176 311 134 22 remitteradt
325 312 39 21 har
378 313 161 27 prestaständet
554 313 46 20 frän
615 312 75 28 hvarje
707 312 24 21 af
742 312 26 21 de
780 312 69 27 öfriga
861 313 56 20 stän-

176 345 41 22 den
236 345 40 22 fätt
295 349 109 25 emottaga
422 347 207 28 protokollsutdrag,
649 347 7 20 i
671 347 75 28 hvilka
763 346 62 22 desse
841 346 76 22 under-

175 382 57 19 rätta
250 381 161 27 prestaständet
429 381 80 28 derom,
529 383 31 20 att
576 381 62 21 äfven
654 381 39 22 hos
710 381 48 21 dem
773 381 144 28 petitionsför-

176 415 48 26 slag
238 415 25 20 af
274 421 82 15 samma
367 415 104 29 innehåll,
484 423 45 14 som
540 415 36 22 det
587 415 160 22 ofvannämnda
758 415 69 22 blifvit
838 415 80 22 väckta

176 449 39 21 och
231 449 24 21 af
268 449 48 22 dem
332 452 104 26 antagna,
449 451 68 27 jemte
532 450 129 27 inbjudning
672 450 31 21 till
714 449 161 29 prestaständet
886 452 31 19 att

175 483 48 22 med
247 483 48 22 dem
318 485 31 20 uti
372 485 113 21 enahanda
507 485 90 28 petition
617 485 33 26 sig
665 484 81 22 förena.
776 485 35 21 Dä
825 484 92 22 sälunda

176 518 114 27 samteliga
305 519 91 21 ständen
411 519 88 21 beslutit
515 521 31 19 att
560 519 33 21 till
608 519 61 21 Hans
682 519 123 27 Kejserliga
815 519 102 27 Majestät

175 552 51 27 ingä
244 553 49 21 med
312 559 27 15 en
358 553 133 28 underdänig
506 554 90 27 petition
612 553 81 28 derom,
710 555 31 19 att
756 554 61 21 Hans
831 553 86 28 Kejser-

175 586 44 27 liga
237 587 102 27 Majestät
357 588 50 21 ville
422 587 33 22 för
469 588 117 25 ständerna
601 587 36 22 vid
652 587 180 22 nästkommande
847 587 70 22 landt-

175 621 43 28 dag
235 621 121 28 framlägga
370 622 82 27 förslag
467 623 32 20 till
515 622 166 28 ifrägavarande
696 622 220 27 grundlagsändring,

174 656 34 21 får
229 656 39 21 hos
290 656 140 28 högvördiga:
447 657 86 21 ståndet
555 657 105 21 utskottet
677 657 89 28 föreslå,
787 659 31 19 att
833 656 36 22 det
884 657 33 20 till

176 691 104 21 utskottet
294 691 159 22 öfverlemnade
463 691 221 28 petitionsmemorial,
696 691 50 22 med
756 691 119 28 åtföljande
885 691 32 21 bi-

176 726 65 27 lagor,
262 726 67 21 mätte
345 726 25 21 af
382 726 86 21 ständet
483 726 32 21 till
531 726 36 21 det
582 733 88 14 numera
685 725 136 28 fullständigt
836 725 81 22 konsti-

175 759 89 22 tuerade
280 760 109 21 allmänna
404 761 194 21 besvärsutskottet
613 760 150 28 öfverlemnas,
778 761 49 20 med
837 762 79 26 uttryc-

174 795 72 21 kande
269 795 25 21 af
314 795 41 21 den
377 795 84 21 önskan
482 795 47 22 frän
552 795 97 22 ständets
669 795 49 21 sida
733 797 32 19 att
781 795 41 21 den
837 795 78 26 ifräga-

174 829 78 21 komne
267 829 119 28 petitionen
400 829 47 22 frän
463 830 114 27 samteliga
593 829 92 21 ständen
700 829 66 21 mätte
783 829 24 21 sä
817 829 98 28 affattas,

174 865 31 18 att
228 863 41 21 den
292 864 83 20 anslöte
399 864 33 25 sig
450 864 32 20 till
502 864 59 20 Hans
576 863 124 27 Kejserliga
714 863 114 27 Majestäts
843 863 7 21 i
867 863 49 21 dess

174 897 79 21 tronta]
268 897 96 21 uttalade
379 898 82 27 nädiga
481 897 64 27 afsigt
563 899 40 26 att,
623 897 71 21 derest
708 897 133 22 förtroendet
852 898 63 21 emel-

174 931 35 21 lan
224 932 84 20 Honom
324 932 40 20 och
379 932 36 21 det
429 932 71 21 finska
515 932 68 21 folket
598 932 115 21 framdeles
730 932 70 21 säsom
816 932 100 22 hitintills

175 968 61 24 utgör
259 966 41 22 den
324 966 64 21 säkra
408 966 191 27 föreningslänken
623 966 49 21 dem
691 967 102 27 emellan,
809 973 106 15 samman-

174 1000 60 21 kalla
255 1000 86 22 landets
364 1001 87 21 ständer
471 1001 32 21 till
518 1000 120 28 periodiskt
653 1001 177 21 äterkommande
845 1001 71 21 landt-

174 1034 74 28 dagar,
272 1034 110 22 äfvensom
404 1038 31 18 att
454 1036 7 20 i
481 1035 124 21 densamma
621 1034 64 22 äfven
700 1035 121 28 uttrycktes
837 1042 26 14 en
879 1038 36 19 ön-

174 1069 64 27 skan,
254 1071 32 18 att
301 1069 7 21 i
324 1069 36 21 det
375 1069 25 21 af
413 1069 115 22 ständerna
544 1076 28 14 nu
586 1069 157 27 underdänigst
758 1069 25 21 af
793 1070 60 21 Hans
864 1070 51 27 Kej-

174 1103 80 27 serliga
279 1103 102 28 Majestät
403 1104 96 27 begärda
521 1104 104 27 förslaget
648 1104 32 20 till
705 1104 211 28 grundlagsändring

174 1137 63 21 äfven
260 1137 42 21 den
324 1138 163 27 bestämningen
509 1138 66 21 måtte
598 1138 60 27 ingå,
682 1140 31 19 att
730 1138 185 27 landtdagarna
899 1133 18 36 i

173 1171 93 21 Finland
285 1171 62 21 alltid
362 1172 66 20 mätte
443 1172 70 21 hällas
527 1172 7 21 i
549 1172 86 21 landets
650 1172 140 28 hufvudstad,
807 1174 58 20 utom
879 1173 37 21 vid

174 1205 26 21 de
220 1205 110 28 tillfällen,
355 1206 27 21 dä
402 1206 107 28 fiendtligt
527 1206 61 22 infall
604 1206 53 22 eller
671 1208 48 26 pest
734 1210 39 24 gör
789 1206 36 22 det
840 1207 75 28 nödigt

173 1242 31 18 att
220 1240 26 21 de
262 1240 70 21 hällas
346 1240 7 21 i
368 1240 72 28 nägon
455 1248 71 14 annan
541 1240 25 22 af
577 1240 86 22 landets
679 1240 78 22 städer.

240 1274 111 21 Utskottet
366 1274 39 20 har
420 1277 51 18 trott
487 1275 33 26 sig
534 1275 65 20 hafva
615 1275 25 20 sä
655 1274 86 28 mycket
757 1277 67 19 större
841 1276 73 20 anled-

173 1307 52 27 ning
246 1307 33 21 till
302 1307 59 21 detta
383 1307 37 21 sitt
441 1308 90 27 förslag,
555 1315 45 15 som
624 1308 63 21 äfven
705 1308 151 28 ridderskapet
875 1309 39 21 och

173 1341 73 28 adeln,
269 1342 72 21 såsom
364 1341 49 22 dess
435 1342 160 28 prestaständet
615 1341 128 23 meddelade
763 1343 152 27 protokollsut-

173 1375 54 28 drag
249 1375 25 22 af
291 1376 42 21 den
352 1376 26 21 23
393 1376 114 22 nästvikne
523 1376 90 22 oktober
629 1376 24 22 af
665 1377 33 27 sig
713 1377 67 28 visar,
796 1378 119 22 remitterat

173 1410 89 22 ärendet
284 1410 33 22 «till
340 1410 102 22 ständens
465 1411 110 21 allmänna
596 1411 182 29 besvärsutskott,
798 1412 31 21 dit
847 1412 68 23 också

172 1445 161 31 prestaständet
354 1446 164 27 ursprungligen
540 1446 138 21 remitterade
699 1446 129 29 detsamma,
848 1447 67 23 ehuru
