1031 1739
196 149 27 21 90

165 213 138 28 förtroende,
319 220 56 21 som,
391 214 69 27 enligt
474 214 61 21 Hans
550 214 114 27 Majestäts
681 220 56 21 egna
752 213 49 28 ord,
817 214 40 21 bör
871 220 43 21 ega

165 255 48 14 rum
229 248 92 22 emellan
337 248 83 27 Regent
436 248 109 27 och:folk,
562 248 40 21 och
616 247 84 22 hvilket
710 247 127 23 förtroende
851 248 62 21 Hans

165 282 104 28 Majestät
283 282 8 21 i
307 283 25 21 så
345 282 44 28 hög
404 282 54 27 grad
473 282 25 21 af
510 282 37 22 det
561 282 72 22 finska
648 282 68 22 folket
731 282 114 28 förtjenar.

233 317 146 27 Domprosten
398 316 67 28 Borg
486 317 69 27 'ansäg
575 316 151 22 diskussionen
741 316 8 22 i
765 317 71 21 denna
851 316 63 28 fråga

166 351 66 22 hafva
252 351 71 21 blifvit
342 351 61 27 långt
418 364 28 3 —
457 351 26 27 ja
501 351 75 22 alltför
590 352 61 26 långt
666 351 117 28 utsträckt,
798 358 50 15 men
862 351 52 21 ville

166 386 57 21 dock
239 388 58 19 ännu
313 386 78 21 förena
407 386 34 27 sig
451 386 50 21 med
510 386 137 28 vicepastorn
663 386 112 22 Snellman
786 386 78 27 deruti,
881 388 33 19 att

165 420 74 22 denna
253 420 91 28 petition
359 420 49 22 icke
423 420 44 21 kan
482 426 53 15 vara
551 420 40 22 och
606 420 19 28 ej
642 420 69 22 heller
722 420 115 28 rimligtvis
848 426 66 16 anses

166 454 107 22 härfluten
287 454 25 22 af
323 454 152 28 misstroende,
495 454 28 22 då
539 454 37 22 det
591 456 92 20 tvärtom
698 454 67 22 borde
780 455 36 21 för
832 454 82 22 enhvar

167 490 60 26 ligga
242 489 7 21 i
265 492 70 25 öppen
356 488 52 28 dag,
430 491 33 19 att
482 488 41 22 den
539 491 25 18 är
579 490 31 20 ett
624 488 87 28 uttryck
726 489 24 21 af
762 488 86 22 landets
865 488 49 22 obe-

163 523 112 27 gränsade
297 523 41 21 och
360 522 185 22 förtröstansfulla
567 522 51 22 tillit
637 523 33 21 till
689 522 35 23 sin
741 522 50 22 ädle
805 523 108 27 -monark,

165 558 64 21 hvars
252 557 37 22 för
309 557 36 21 det
365 557 71 21 finska
455 558 79 21 folkets
551 564 69 14 sanna
633 558 35 20 väl
684 557 41 22 och
740 557 126 27 lagbundna
880 559 33 19 ut-

165 591 103 27 veckling
283 591 115 22 ömmande
418 591 107 28 hjertelag
543 593 56 19 samt
615 591 135 27 högsinnade
767 591 38 21 ord
820 591 41 21 och
874 591 40 21 löf-

164 628 39 19 ten
217 626 67 21 väckt
300 632 26 15 en
342 626 111 27 genklang
466 626 7 21 i
489 625 76 28 hvarje
580 626 156 21 fosterländskt
750 626 66 22 bröst.

233 660 36 21 Då
283 660 66 27 ingen
365 660 69 21 talare
448 660 75 21 vidare
539 660 101 21 anmälde
656 660 41 28 sig,
714 660 135 22 framställde
860 660 54 22 tale-

165 701 94 15 mannen
273 694 34 22 till
322 694 133 27 omröstning
470 694 99 28 följande
584 694 144 28 proposition:

232 728 95 29 Antager
347 729 82 21 ståndet
446 729 124 28 professorn
593 728 131 22 Schaumans
744 729 170 29 ifrågavarande

163 764 88 28 petition
266 765 69 20 såsom
350 765 42 24 sin,
408 763 49 22 eller
471 764 33 28 ej?

232 797 137 22 Besvarades
384 797 51 22 med
450 799 27 20 24
487 799 29 27 ja
531 801 44 18 mot
591 799 11 20 7
618 799 41 27 nej.

233 832 234 27 Kontraktsprostarne
483 832 79 22 doktor
575 833 143 27 Europxus
734 832 41 21 och
790 833 75 21 Sirén
881 839 33 15 re-

163 867 119 21 serverade
305 867 34 26 sig
358 866 50 21 med
427 866 139 29 åberopande
585 867 25 21 af
627 867 47 21 sina
690 866 115 23 ofvanföre
820 867 7 21 i
842 869 72 26 proto-

164 901 69 22 kollet
249 901 92 27 intagna
355 901 135 21 utlåtanden.

233 936 31 21 På
287 935 69 28 grund
378 935 25 22 af
420 936 173 27 omröstningens
613 936 83 27 utgång
715 936 71 21 skulle
801 936 112 28 petitions-

164 969 118 29 förslaget,
307 970 70 21 såsom
401 970 107 28 ståndets,
532 970 33 21 till
587 970 110 21 allmänna
718 971 196 22 besvärsutskottet

164 1005 131 27 remitteras,
311 1004 91 27 åtföljdt
418 1004 24 21 af
454 1004 274 29 diskussionsprotokollet.

232 1073 209 28 Kontraktsprosten
463 1073 94 22 Hellén
579 1073 110 28 anmälde,
711 1073 36 22 det
766 1073 43 22 han
824 1074 36 22 för
875 1075 37 27 på-

164 1107 96 21 kommet
275 1107 131 22 illamående
422 1114 38 14 var
475 1107 116 22 nödsakad
606 1109 32 20 att
653 1107 87 28 förfoga
750 1108 35 26 sig
798 1107 58 29 hem,
873 1108 41 21 och

164 1141 129 27 aflägsnade
308 1142 34 26 sig
355 1141 48 22 från
419 1142 94 27 plenum.

232 1175 101 22 Härefter
352 1175 116 28 föredrogs
487 1176 36 21 det
539 1176 25 21 af
574 1176 100 21 bemälde
690 1176 175 29 kontraktsprost
880 1177 33 21 in-

164 1209 101 22 lemnade
274 1209 39 22 och
323 1209 117 28 behörigen
449 1210 136 27 bordlaggda
592 1210 168 28 valprotokollet
767 1211 49 21 från
823 1211 90 28 Björne-

164 1244 65 27 borgs
249 1244 68 21 nedra
336 1244 102 27 prosteri,
460 1244 45 21 deri
521 1244 189 22 kommittenterne
726 1245 88 21 förenat
828 1245 35 27 sig
878 1251 35 15 om

164 1277 100 26 följande
281 1278 195 26 besvärspunkter:
497 1280 24 23 a)
537 1278 131 27 periodiskt,
689 1281 14 18 t.
720 1285 34 14 ex.
769 1279 63 20 hvart
847 1279 66 21 femte

165 1311 23 20 år
203 1311 177 21 återkommande
395 1311 141 28 landtdagar;
553 1312 26 26 b)
589 1312 136 21 motionsrätt
738 1312 36 22 för
784 1312 129 28 ständerna;

162 1344 24 29 c)
201 1345 109 27 reglering
325 1345 25 21 af
359 1345 87 22 landets
456 1345 206 28 penningeväsende
673 1345 101 28 sålunda,
791 1349 32 18 att
834 1346 78 22 endast

164 1379 66 22 finskt
245 1379 135 28 silfvermynt
395 1379 71 22 blefve
481 1379 36 22 det
531 1379 84 29 lagliga
629 1380 205 28 betalningsmedlet
849 1381 7 21 i
866 1381 48 22 lan-

164 1413 46 29 det;
231 1415 27 26 d)
273 1416 103 20 senatens
395 1414 40 22 och
450 1414 126 29 isynnerhet
591 1414 249 29 expeditionschefernes
856 1418 57 20 samt

163 1448 324 22 referendariesekreterarenes
503 1448 125 29 skyldighet
644 1452 31 19 att
695 1450 36 22 för
751 1450 48 22 sina
819 1450 93 22 embets-
