<?xml version="1.0" encoding="UTF-8"?>
<alto xmlns="http://www.loc.gov/standards/alto/ns-v3#" xmlns:xlink="http://www.w3.org/1999/xlink" xmlns:xsi="http://www.w3.org/2001/XMLSchema-instance" xsi:schemaLocation="http://www.loc.gov/standards/alto/ns-v3# http://www.loc.gov/alto/v3/alto-3-0.xsd">
	<Description>
		<MeasurementUnit>pixel</MeasurementUnit>
		<sourceImageInformation>
			<fileName>/tmp/tess_wljjkycr_input.PNG</fileName>
		</sourceImageInformation>
		<OCRProcessing ID="OCR_0">
			<ocrProcessingStep>
				<processingSoftware>
					<softwareName>tesseract 5.3.4</softwareName>
				</processingSoftware>
			</ocrProcessingStep>
		</OCRProcessing>
	</Description>
	<Layout>
		<Page WIDTH="1092" HEIGHT="1734" PHYSICAL_IMG_NR="0" ID="page_0">
			<PrintSpace HPOS="0" VPOS="0" WIDTH="1092" HEIGHT="1734">
				<Illustration ID="cblock_0" HPOS="26" VPOS="1660" WIDTH="38" HEIGHT="48"></Illustration>
				<ComposedBlock ID="cblock_1" HPOS="868" VPOS="143" WIDTH="27" HEIGHT="20">
					<TextBlock ID="block_0" HPOS="868" VPOS="143" WIDTH="27" HEIGHT="20">
						<TextLine ID="line_0" HPOS="868" VPOS="143" WIDTH="27" HEIGHT="20">
							<String ID="string_0" HPOS="868" VPOS="143" WIDTH="27" HEIGHT="20" WC="0.95" CONTENT="99"/>
						</TextLine>
					</TextBlock>
				</ComposedBlock>
				<ComposedBlock ID="cblock_2" HPOS="171" VPOS="206" WIDTH="754" HEIGHT="131">
					<TextBlock ID="block_1" HPOS="171" VPOS="206" WIDTH="754" HEIGHT="131">
						<TextLine ID="line_1" HPOS="173" VPOS="206" WIDTH="752" HEIGHT="29">
							<String ID="string_1" HPOS="173" VPOS="206" WIDTH="88" HEIGHT="22" WC="0.96" CONTENT="således"/><SP WIDTH="14" VPOS="206" HPOS="261"/>
							<String ID="string_2" HPOS="275" VPOS="206" WIDTH="8" HEIGHT="21" WC="0.96" CONTENT="i"/><SP WIDTH="15" VPOS="206" HPOS="283"/>
							<String ID="string_3" HPOS="298" VPOS="206" WIDTH="62" HEIGHT="22" WC="0.93" CONTENT="detta"/><SP WIDTH="15" VPOS="206" HPOS="360"/>
							<String ID="string_4" HPOS="375" VPOS="206" WIDTH="104" HEIGHT="22" WC="0.93" CONTENT="afseende"/><SP WIDTH="16" VPOS="206" HPOS="479"/>
							<String ID="string_5" HPOS="495" VPOS="207" WIDTH="19" HEIGHT="27" WC="0.96" CONTENT="ej"/><SP WIDTH="17" VPOS="207" HPOS="514"/>
							<String ID="string_6" HPOS="531" VPOS="209" WIDTH="33" HEIGHT="19" WC="0.93" CONTENT="att"/><SP WIDTH="14" VPOS="209" HPOS="564"/>
							<String ID="string_7" HPOS="578" VPOS="207" WIDTH="70" HEIGHT="22" WC="0.96" CONTENT="önska"/><SP WIDTH="16" VPOS="207" HPOS="648"/>
							<String ID="string_8" HPOS="664" VPOS="209" WIDTH="77" HEIGHT="26" WC="0.96" CONTENT="annat,"/><SP WIDTH="18" VPOS="209" HPOS="741"/>
							<String ID="string_9" HPOS="759" VPOS="210" WIDTH="28" HEIGHT="19" WC="0.96" CONTENT="än"/><SP WIDTH="16" VPOS="210" HPOS="787"/>
							<String ID="string_10" HPOS="803" VPOS="209" WIDTH="32" HEIGHT="19" WC="0.96" CONTENT="att"/><SP WIDTH="15" VPOS="209" HPOS="835"/>
							<String ID="string_11" HPOS="850" VPOS="208" WIDTH="22" HEIGHT="21" WC="0.97" CONTENT="vi"/><SP WIDTH="15" VPOS="208" HPOS="872"/>
							<String ID="string_12" HPOS="887" VPOS="208" WIDTH="38" HEIGHT="22" WC="0.96" CONTENT="för"/>
						</TextLine>
						<TextLine ID="line_2" HPOS="172" VPOS="240" WIDTH="751" HEIGHT="23">
							<String ID="string_13" HPOS="172" VPOS="240" WIDTH="31" HEIGHT="22" WC="0.92" CONTENT="all"/><SP WIDTH="19" VPOS="240" HPOS="203"/>
							<String ID="string_14" HPOS="222" VPOS="240" WIDTH="89" HEIGHT="22" WC="0.92" CONTENT="framtid"/><SP WIDTH="18" VPOS="240" HPOS="311"/>
							<String ID="string_15" HPOS="329" VPOS="240" WIDTH="41" HEIGHT="21" WC="0.96" CONTENT="och"/><SP WIDTH="16" VPOS="240" HPOS="370"/>
							<String ID="string_16" HPOS="386" VPOS="240" WIDTH="69" HEIGHT="22" WC="0.96" CONTENT="under"/><SP WIDTH="15" VPOS="240" HPOS="455"/>
							<String ID="string_17" HPOS="470" VPOS="241" WIDTH="45" HEIGHT="21" WC="0.93" CONTENT="alla"/><SP WIDTH="14" VPOS="241" HPOS="515"/>
							<String ID="string_18" HPOS="529" VPOS="241" WIDTH="155" HEIGHT="21" WC="0.92" CONTENT="förhällanden"/><SP WIDTH="13" VPOS="241" HPOS="684"/>
							<String ID="string_19" HPOS="697" VPOS="242" WIDTH="68" HEIGHT="20" WC="0.92" CONTENT="mätte"/><SP WIDTH="15" VPOS="242" HPOS="765"/>
							<String ID="string_20" HPOS="780" VPOS="242" WIDTH="69" HEIGHT="20" WC="0.92" CONTENT="varda"/><SP WIDTH="14" VPOS="242" HPOS="849"/>
							<String ID="string_21" HPOS="863" VPOS="242" WIDTH="60" HEIGHT="21" WC="0.88" CONTENT="bibe-"/>
						</TextLine>
						<TextLine ID="line_3" HPOS="172" VPOS="274" WIDTH="751" HEIGHT="29">
							<String ID="string_22" HPOS="172" VPOS="274" WIDTH="74" HEIGHT="21" WC="0.84" CONTENT="hällne"/><SP WIDTH="14" VPOS="274" HPOS="246"/>
							<String ID="string_23" HPOS="260" VPOS="274" WIDTH="37" HEIGHT="21" WC="0.96" CONTENT="vid"/><SP WIDTH="16" VPOS="274" HPOS="297"/>
							<String ID="string_24" HPOS="313" VPOS="274" WIDTH="72" HEIGHT="21" WC="0.93" CONTENT="denna"/><SP WIDTH="10" VPOS="274" HPOS="385"/>
							<String ID="string_25" HPOS="395" VPOS="274" WIDTH="65" HEIGHT="28" WC="0.78" CONTENT="högst"/><SP WIDTH="10" VPOS="274" HPOS="460"/>
							<String ID="string_26" HPOS="470" VPOS="275" WIDTH="84" HEIGHT="27" WC="0.93" CONTENT="vigtiga"/><SP WIDTH="10" VPOS="275" HPOS="554"/>
							<String ID="string_27" HPOS="564" VPOS="275" WIDTH="113" HEIGHT="28" WC="0.96" CONTENT="rättighet,"/><SP WIDTH="17" VPOS="275" HPOS="677"/>
							<String ID="string_28" HPOS="694" VPOS="277" WIDTH="57" HEIGHT="20" WC="0.93" CONTENT="samt"/><SP WIDTH="8" VPOS="277" HPOS="751"/>
							<String ID="string_29" HPOS="759" VPOS="275" WIDTH="74" HEIGHT="22" WC="0.96" CONTENT="städse"/><SP WIDTH="11" VPOS="275" HPOS="833"/>
							<String ID="string_30" HPOS="844" VPOS="282" WIDTH="79" HEIGHT="20" WC="0.96" CONTENT="genom"/>
						</TextLine>
						<TextLine ID="line_4" HPOS="171" VPOS="307" WIDTH="752" HEIGHT="30">
							<String ID="string_31" HPOS="171" VPOS="308" WIDTH="49" HEIGHT="21" WC="0.95" CONTENT="vårt"/><SP WIDTH="14" VPOS="308" HPOS="220"/>
							<String ID="string_32" HPOS="234" VPOS="308" WIDTH="141" HEIGHT="21" WC="0.93" CONTENT="förhållande"/><SP WIDTH="15" VPOS="308" HPOS="375"/>
							<String ID="string_33" HPOS="390" VPOS="307" WIDTH="140" HEIGHT="29" WC="0.91" CONTENT="ädagalägga"/><SP WIDTH="16" VPOS="307" HPOS="530"/>
							<String ID="string_34" HPOS="546" VPOS="309" WIDTH="37" HEIGHT="21" WC="0.96" CONTENT="det"/><SP WIDTH="15" VPOS="309" HPOS="583"/>
							<String ID="string_35" HPOS="598" VPOS="309" WIDTH="21" HEIGHT="21" WC="0.93" CONTENT="vi"/><SP WIDTH="16" VPOS="309" HPOS="619"/>
							<String ID="string_36" HPOS="635" VPOS="311" WIDTH="37" HEIGHT="19" WC="0.96" CONTENT="äre"/><SP WIDTH="15" VPOS="311" HPOS="672"/>
							<String ID="string_37" HPOS="687" VPOS="309" WIDTH="127" HEIGHT="21" WC="0.93" CONTENT="densamma"/><SP WIDTH="11" VPOS="309" HPOS="814"/>
							<String ID="string_38" HPOS="825" VPOS="309" WIDTH="98" HEIGHT="28" WC="0.90" CONTENT="värdige."/>
						</TextLine>
					</TextBlock>
				</ComposedBlock>
				<ComposedBlock ID="cblock_3" HPOS="167" VPOS="371" WIDTH="756" HEIGHT="675">
					<TextBlock ID="block_2" HPOS="170" VPOS="371" WIDTH="751" HEIGHT="62">
						<TextLine ID="line_5" HPOS="170" VPOS="371" WIDTH="751" HEIGHT="29">
							<String ID="string_39" HPOS="170" VPOS="371" WIDTH="40" HEIGHT="21" WC="0.81" CONTENT="2:0."/><SP WIDTH="31" VPOS="371" HPOS="210"/>
							<String ID="string_40" HPOS="241" VPOS="371" WIDTH="136" HEIGHT="29" WC="0.71" CONTENT="Fullständig"/><SP WIDTH="21" VPOS="371" HPOS="377"/>
							<String ID="string_41" HPOS="398" VPOS="371" WIDTH="237" HEIGHT="29" WC="0.90" CONTENT="skattebevillningsrätt"/><SP WIDTH="22" VPOS="371" HPOS="635"/>
							<String ID="string_42" HPOS="657" VPOS="372" WIDTH="37" HEIGHT="20" WC="0.93" CONTENT="och"/><SP WIDTH="20" VPOS="372" HPOS="694"/>
							<String ID="string_43" HPOS="714" VPOS="372" WIDTH="83" HEIGHT="21" WC="0.93" CONTENT="dermed"/><SP WIDTH="19" VPOS="372" HPOS="797"/>
							<String ID="string_44" HPOS="816" VPOS="380" WIDTH="105" HEIGHT="13" WC="0.92" CONTENT="samman-"/>
						</TextLine>
						<TextLine ID="line_6" HPOS="239" VPOS="405" WIDTH="294" HEIGHT="28">
							<String ID="string_45" HPOS="239" VPOS="406" WIDTH="111" HEIGHT="27" WC="0.93" CONTENT="hängande"/><SP WIDTH="10" VPOS="406" HPOS="350"/>
							<String ID="string_46" HPOS="360" VPOS="405" WIDTH="173" HEIGHT="27" WC="0.89" CONTENT="finanskontroll."/>
						</TextLine>
					</TextBlock>
					<TextBlock ID="block_3" HPOS="167" VPOS="444" WIDTH="756" HEIGHT="602">
						<TextLine ID="line_7" HPOS="240" VPOS="444" WIDTH="683" HEIGHT="27">
							<String ID="string_47" HPOS="240" VPOS="444" WIDTH="159" HEIGHT="22" WC="0.91" CONTENT="Säbeskaffade"/><SP WIDTH="22" VPOS="444" HPOS="399"/>
							<String ID="string_48" HPOS="421" VPOS="444" WIDTH="129" HEIGHT="27" WC="0.91" CONTENT="rättigheter"/><SP WIDTH="22" VPOS="444" HPOS="550"/>
							<String ID="string_49" HPOS="572" VPOS="445" WIDTH="69" HEIGHT="21" WC="0.91" CONTENT="mäste"/><SP WIDTH="23" VPOS="445" HPOS="641"/>
							<String ID="string_50" HPOS="664" VPOS="451" WIDTH="65" HEIGHT="16" WC="0.92" CONTENT="anses"/><SP WIDTH="19" VPOS="451" HPOS="729"/>
							<String ID="string_51" HPOS="748" VPOS="445" WIDTH="123" HEIGHT="22" WC="0.91" CONTENT="tillkomma"/><SP WIDTH="20" VPOS="445" HPOS="871"/>
							<String ID="string_52" HPOS="891" VPOS="447" WIDTH="32" HEIGHT="20" WC="0.96" CONTENT="ett"/>
						</TextLine>
						<TextLine ID="line_8" HPOS="170" VPOS="478" WIDTH="752" HEIGHT="29">
							<String ID="string_53" HPOS="170" VPOS="478" WIDTH="56" HEIGHT="28" WC="0.93" CONTENT="folk,"/><SP WIDTH="16" VPOS="478" HPOS="226"/>
							<String ID="string_54" HPOS="242" VPOS="479" WIDTH="65" HEIGHT="21" WC="0.96" CONTENT="hvars"/><SP WIDTH="14" VPOS="479" HPOS="307"/>
							<String ID="string_55" HPOS="321" VPOS="478" WIDTH="115" HEIGHT="27" WC="0.93" CONTENT="allvarliga"/><SP WIDTH="16" VPOS="478" HPOS="436"/>
							<String ID="string_56" HPOS="452" VPOS="478" WIDTH="126" HEIGHT="22" WC="0.92" CONTENT="sträfvande"/><SP WIDTH="15" VPOS="478" HPOS="578"/>
							<String ID="string_57" HPOS="593" VPOS="479" WIDTH="40" HEIGHT="27" WC="0.96" CONTENT="går"/><SP WIDTH="15" VPOS="479" HPOS="633"/>
							<String ID="string_58" HPOS="648" VPOS="481" WIDTH="23" HEIGHT="19" WC="0.96" CONTENT="ut"/><SP WIDTH="10" VPOS="481" HPOS="671"/>
							<String ID="string_59" HPOS="681" VPOS="479" WIDTH="38" HEIGHT="27" WC="0.93" CONTENT="pä,"/><SP WIDTH="16" VPOS="479" HPOS="719"/>
							<String ID="string_60" HPOS="735" VPOS="481" WIDTH="32" HEIGHT="19" WC="0.57" CONTENT="att"/><SP WIDTH="10" VPOS="481" HPOS="767"/>
							<String ID="string_61" HPOS="777" VPOS="479" WIDTH="7" HEIGHT="21" WC="0.40" CONTENT="i"/><SP WIDTH="11" VPOS="479" HPOS="784"/>
							<String ID="string_62" HPOS="795" VPOS="479" WIDTH="127" HEIGHT="28" WC="0.54" CONTENT="lagbunden"/>
						</TextLine>
						<TextLine ID="line_9" HPOS="170" VPOS="512" WIDTH="752" HEIGHT="27">
							<String ID="string_63" HPOS="170" VPOS="512" WIDTH="65" HEIGHT="22" WC="0.96" CONTENT="frihet"/><SP WIDTH="15" VPOS="512" HPOS="235"/>
							<String ID="string_64" HPOS="250" VPOS="513" WIDTH="102" HEIGHT="20" WC="0.96" CONTENT="utveckla"/><SP WIDTH="16" VPOS="513" HPOS="352"/>
							<String ID="string_65" HPOS="368" VPOS="512" WIDTH="34" HEIGHT="27" WC="0.96" CONTENT="sig"/><SP WIDTH="17" VPOS="512" HPOS="402"/>
							<String ID="string_66" HPOS="419" VPOS="512" WIDTH="33" HEIGHT="21" WC="0.96" CONTENT="till"/><SP WIDTH="16" VPOS="512" HPOS="452"/>
							<String ID="string_67" HPOS="468" VPOS="512" WIDTH="58" HEIGHT="22" WC="0.93" CONTENT="klart"/><SP WIDTH="14" VPOS="512" HPOS="526"/>
							<String ID="string_68" HPOS="540" VPOS="513" WIDTH="146" HEIGHT="21" WC="0.91" CONTENT="medvetande"/><SP WIDTH="15" VPOS="513" HPOS="686"/>
							<String ID="string_69" HPOS="701" VPOS="513" WIDTH="25" HEIGHT="21" WC="0.93" CONTENT="af"/><SP WIDTH="11" VPOS="513" HPOS="726"/>
							<String ID="string_70" HPOS="737" VPOS="513" WIDTH="59" HEIGHT="21" WC="0.92" CONTENT="hvad"/><SP WIDTH="16" VPOS="513" HPOS="796"/>
							<String ID="string_71" HPOS="812" VPOS="513" WIDTH="50" HEIGHT="22" WC="0.96" CONTENT="dess"/><SP WIDTH="15" VPOS="513" HPOS="862"/>
							<String ID="string_72" HPOS="877" VPOS="515" WIDTH="45" HEIGHT="20" WC="0.96" CONTENT="rätt"/>
						</TextLine>
						<TextLine ID="line_10" HPOS="170" VPOS="546" WIDTH="751" HEIGHT="29">
							<String ID="string_73" HPOS="170" VPOS="547" WIDTH="41" HEIGHT="22" WC="0.93" CONTENT="och"/><SP WIDTH="19" VPOS="547" HPOS="211"/>
							<String ID="string_74" HPOS="230" VPOS="546" WIDTH="43" HEIGHT="22" WC="0.92" CONTENT="frid"/><SP WIDTH="19" VPOS="546" HPOS="273"/>
							<String ID="string_75" HPOS="292" VPOS="546" WIDTH="79" HEIGHT="22" WC="0.91" CONTENT="tillhör."/><SP WIDTH="30" VPOS="546" HPOS="371"/>
							<String ID="string_76" HPOS="401" VPOS="546" WIDTH="37" HEIGHT="21" WC="0.96" CONTENT="Ett"/><SP WIDTH="16" VPOS="546" HPOS="438"/>
							<String ID="string_77" HPOS="454" VPOS="549" WIDTH="74" HEIGHT="26" WC="0.93" CONTENT="öppet,"/><SP WIDTH="15" VPOS="549" HPOS="528"/>
							<String ID="string_78" HPOS="543" VPOS="547" WIDTH="66" HEIGHT="27" WC="0.92" CONTENT="ärligt"/><SP WIDTH="14" VPOS="547" HPOS="609"/>
							<String ID="string_79" HPOS="623" VPOS="546" WIDTH="146" HEIGHT="23" WC="0.92" CONTENT="meddelande"/><SP WIDTH="16" VPOS="546" HPOS="769"/>
							<String ID="string_80" HPOS="785" VPOS="548" WIDTH="93" HEIGHT="21" WC="0.92" CONTENT="emellan"/><SP WIDTH="16" VPOS="548" HPOS="878"/>
							<String ID="string_81" HPOS="894" VPOS="547" WIDTH="27" HEIGHT="22" WC="0.96" CONTENT="de"/>
						</TextLine>
						<TextLine ID="line_11" HPOS="170" VPOS="580" WIDTH="752" HEIGHT="29">
							<String ID="string_82" HPOS="170" VPOS="581" WIDTH="105" HEIGHT="28" WC="0.92" CONTENT="styrande"/><SP WIDTH="19" VPOS="581" HPOS="275"/>
							<String ID="string_83" HPOS="294" VPOS="581" WIDTH="41" HEIGHT="21" WC="0.96" CONTENT="och"/><SP WIDTH="15" VPOS="581" HPOS="335"/>
							<String ID="string_84" HPOS="350" VPOS="580" WIDTH="28" HEIGHT="21" WC="0.93" CONTENT="de"/><SP WIDTH="15" VPOS="580" HPOS="378"/>
							<String ID="string_85" HPOS="393" VPOS="580" WIDTH="76" HEIGHT="28" WC="0.92" CONTENT="styrda"/><SP WIDTH="14" VPOS="580" HPOS="469"/>
							<String ID="string_86" HPOS="483" VPOS="581" WIDTH="88" HEIGHT="27" WC="0.92" CONTENT="väcker,"/><SP WIDTH="21" VPOS="581" HPOS="571"/>
							<String ID="string_87" HPOS="592" VPOS="581" WIDTH="138" HEIGHT="21" WC="0.91" CONTENT="underhäller"/><SP WIDTH="15" VPOS="581" HPOS="730"/>
							<String ID="string_88" HPOS="745" VPOS="581" WIDTH="40" HEIGHT="21" WC="0.93" CONTENT="och"/><SP WIDTH="16" VPOS="581" HPOS="785"/>
							<String ID="string_89" HPOS="801" VPOS="581" WIDTH="121" HEIGHT="22" WC="0.90" CONTENT="stadfäster"/>
						</TextLine>
						<TextLine ID="line_12" HPOS="170" VPOS="615" WIDTH="750" HEIGHT="27">
							<String ID="string_90" HPOS="170" VPOS="615" WIDTH="37" HEIGHT="22" WC="0.96" CONTENT="det"/><SP WIDTH="19" VPOS="615" HPOS="207"/>
							<String ID="string_91" HPOS="226" VPOS="615" WIDTH="37" HEIGHT="22" WC="0.95" CONTENT="för"/><SP WIDTH="20" VPOS="615" HPOS="263"/>
							<String ID="string_92" HPOS="283" VPOS="617" WIDTH="31" HEIGHT="19" WC="0.96" CONTENT="ett"/><SP WIDTH="19" VPOS="617" HPOS="314"/>
							<String ID="string_93" HPOS="333" VPOS="616" WIDTH="44" HEIGHT="20" WC="0.93" CONTENT="rätt"/><SP WIDTH="15" VPOS="616" HPOS="377"/>
							<String ID="string_94" HPOS="392" VPOS="615" WIDTH="120" HEIGHT="21" WC="0.92" CONTENT="statsskick"/><SP WIDTH="16" VPOS="615" HPOS="512"/>
							<String ID="string_95" HPOS="528" VPOS="615" WIDTH="25" HEIGHT="22" WC="0.96" CONTENT="sä"/><SP WIDTH="15" VPOS="615" HPOS="553"/>
							<String ID="string_96" HPOS="568" VPOS="615" WIDTH="141" HEIGHT="27" WC="0.93" CONTENT="nödvändiga"/><SP WIDTH="14" VPOS="615" HPOS="709"/>
							<String ID="string_97" HPOS="723" VPOS="615" WIDTH="103" HEIGHT="22" WC="0.92" CONTENT="inbördes"/><SP WIDTH="15" VPOS="615" HPOS="826"/>
							<String ID="string_98" HPOS="841" VPOS="615" WIDTH="79" HEIGHT="22" WC="0.92" CONTENT="förtro-"/>
						</TextLine>
						<TextLine ID="line_13" HPOS="169" VPOS="648" WIDTH="751" HEIGHT="29">
							<String ID="string_99" HPOS="169" VPOS="649" WIDTH="73" HEIGHT="22" WC="0.87" CONTENT="endet."/><SP WIDTH="29" VPOS="649" HPOS="242"/>
							<String ID="string_100" HPOS="271" VPOS="649" WIDTH="51" HEIGHT="21" WC="0.96" CONTENT="Man"/><SP WIDTH="20" VPOS="649" HPOS="322"/>
							<String ID="string_101" HPOS="342" VPOS="648" WIDTH="62" HEIGHT="22" WC="0.91" CONTENT="torde"/><SP WIDTH="20" VPOS="648" HPOS="404"/>
							<String ID="string_102" HPOS="424" VPOS="649" WIDTH="19" HEIGHT="27" WC="0.96" CONTENT="ej"/><SP WIDTH="19" VPOS="649" HPOS="443"/>
							<String ID="string_103" HPOS="462" VPOS="648" WIDTH="30" HEIGHT="21" WC="0.93" CONTENT="ha"/><SP WIDTH="14" VPOS="648" HPOS="492"/>
							<String ID="string_104" HPOS="506" VPOS="649" WIDTH="121" HEIGHT="27" WC="0.96" CONTENT="anledning"/><SP WIDTH="13" VPOS="649" HPOS="627"/>
							<String ID="string_105" HPOS="640" VPOS="649" WIDTH="85" HEIGHT="28" WC="0.96" CONTENT="befara,"/><SP WIDTH="20" VPOS="649" HPOS="725"/>
							<String ID="string_106" HPOS="745" VPOS="651" WIDTH="33" HEIGHT="20" WC="0.96" CONTENT="att"/><SP WIDTH="15" VPOS="651" HPOS="778"/>
							<String ID="string_107" HPOS="793" VPOS="649" WIDTH="43" HEIGHT="22" WC="0.93" CONTENT="den"/><SP WIDTH="15" VPOS="649" HPOS="836"/>
							<String ID="string_108" HPOS="851" VPOS="650" WIDTH="69" HEIGHT="21" WC="0.93" CONTENT="skatt-"/>
						</TextLine>
						<TextLine ID="line_14" HPOS="169" VPOS="682" WIDTH="751" HEIGHT="29">
							<String ID="string_109" HPOS="169" VPOS="683" WIDTH="113" HEIGHT="28" WC="0.92" CONTENT="dragande"/><SP WIDTH="15" VPOS="683" HPOS="282"/>
							<String ID="string_110" HPOS="297" VPOS="683" WIDTH="38" HEIGHT="21" WC="0.93" CONTENT="vill"/><SP WIDTH="15" VPOS="683" HPOS="335"/>
							<String ID="string_111" HPOS="350" VPOS="682" WIDTH="144" HEIGHT="28" WC="0.92" CONTENT="undandraga"/><SP WIDTH="15" VPOS="682" HPOS="494"/>
							<String ID="string_112" HPOS="509" VPOS="683" WIDTH="35" HEIGHT="27" WC="0.93" CONTENT="sig"/><SP WIDTH="16" VPOS="683" HPOS="544"/>
							<String ID="string_113" HPOS="560" VPOS="683" WIDTH="77" HEIGHT="27" WC="0.92" CONTENT="nödigt"/><SP WIDTH="14" VPOS="683" HPOS="637"/>
							<String ID="string_114" HPOS="651" VPOS="683" WIDTH="79" HEIGHT="27" WC="0.92" CONTENT="bidrag"/><SP WIDTH="13" VPOS="683" HPOS="730"/>
							<String ID="string_115" HPOS="743" VPOS="683" WIDTH="33" HEIGHT="21" WC="0.96" CONTENT="till"/><SP WIDTH="16" VPOS="683" HPOS="776"/>
							<String ID="string_116" HPOS="792" VPOS="683" WIDTH="38" HEIGHT="22" WC="0.93" CONTENT="sitt"/><SP WIDTH="14" VPOS="683" HPOS="830"/>
							<String ID="string_117" HPOS="844" VPOS="683" WIDTH="76" HEIGHT="22" WC="0.93" CONTENT="foster-"/>
						</TextLine>
						<TextLine ID="line_15" HPOS="168" VPOS="717" WIDTH="753" HEIGHT="28">
							<String ID="string_118" HPOS="168" VPOS="717" WIDTH="65" HEIGHT="22" WC="0.92" CONTENT="lands"/><SP WIDTH="20" VPOS="717" HPOS="233"/>
							<String ID="string_119" HPOS="253" VPOS="717" WIDTH="114" HEIGHT="21" WC="0.91" CONTENT="materiela"/><SP WIDTH="18" VPOS="717" HPOS="367"/>
							<String ID="string_120" HPOS="385" VPOS="717" WIDTH="53" HEIGHT="21" WC="0.93" CONTENT="eller"/><SP WIDTH="15" VPOS="717" HPOS="438"/>
							<String ID="string_121" HPOS="453" VPOS="717" WIDTH="91" HEIGHT="28" WC="0.92" CONTENT="andliga"/><SP WIDTH="17" VPOS="717" HPOS="544"/>
							<String ID="string_122" HPOS="561" VPOS="717" WIDTH="134" HEIGHT="28" WC="0.93" CONTENT="utveckling,"/><SP WIDTH="22" VPOS="717" HPOS="695"/>
							<String ID="string_123" HPOS="717" VPOS="717" WIDTH="90" HEIGHT="22" WC="0.92" CONTENT="säframt"/><SP WIDTH="15" VPOS="717" HPOS="807"/>
							<String ID="string_124" HPOS="822" VPOS="718" WIDTH="44" HEIGHT="21" WC="0.96" CONTENT="han"/><SP WIDTH="14" VPOS="718" HPOS="866"/>
							<String ID="string_125" HPOS="880" VPOS="718" WIDTH="41" HEIGHT="21" WC="0.96" CONTENT="har"/>
						</TextLine>
						<TextLine ID="line_16" HPOS="168" VPOS="751" WIDTH="752" HEIGHT="28">
							<String ID="string_126" HPOS="168" VPOS="751" WIDTH="37" HEIGHT="22" WC="0.96" CONTENT="för"/><SP WIDTH="15" VPOS="751" HPOS="205"/>
							<String ID="string_127" HPOS="220" VPOS="751" WIDTH="34" HEIGHT="28" WC="0.96" CONTENT="sig"/><SP WIDTH="14" VPOS="751" HPOS="254"/>
							<String ID="string_128" HPOS="268" VPOS="751" WIDTH="68" HEIGHT="27" WC="0.96" CONTENT="klart,"/><SP WIDTH="16" VPOS="751" HPOS="336"/>
							<String ID="string_129" HPOS="352" VPOS="753" WIDTH="33" HEIGHT="19" WC="0.96" CONTENT="att"/><SP WIDTH="15" VPOS="753" HPOS="385"/>
							<String ID="string_130" HPOS="400" VPOS="751" WIDTH="27" HEIGHT="21" WC="0.96" CONTENT="de"/><SP WIDTH="15" VPOS="751" HPOS="427"/>
							<String ID="string_131" HPOS="442" VPOS="751" WIDTH="81" HEIGHT="28" WC="0.96" CONTENT="medel,"/><SP WIDTH="15" VPOS="751" HPOS="523"/>
							<String ID="string_132" HPOS="538" VPOS="751" WIDTH="45" HEIGHT="22" WC="0.96" CONTENT="han"/><SP WIDTH="15" VPOS="751" HPOS="583"/>
							<String ID="string_133" HPOS="598" VPOS="751" WIDTH="33" HEIGHT="22" WC="0.93" CONTENT="till"/><SP WIDTH="10" VPOS="751" HPOS="631"/>
							<String ID="string_134" HPOS="641" VPOS="751" WIDTH="194" HEIGHT="22" WC="0.92" CONTENT="fäderneslandets"/><SP WIDTH="16" VPOS="751" HPOS="835"/>
							<String ID="string_135" HPOS="851" VPOS="752" WIDTH="69" HEIGHT="22" WC="0.92" CONTENT="altare"/>
						</TextLine>
						<TextLine ID="line_17" HPOS="168" VPOS="785" WIDTH="753" HEIGHT="28">
							<String ID="string_136" HPOS="168" VPOS="785" WIDTH="102" HEIGHT="28" WC="0.92" CONTENT="frambär,"/><SP WIDTH="16" VPOS="785" HPOS="270"/>
							<String ID="string_137" HPOS="286" VPOS="785" WIDTH="114" HEIGHT="22" WC="0.96" CONTENT="användas"/><SP WIDTH="15" VPOS="785" HPOS="400"/>
							<String ID="string_138" HPOS="415" VPOS="785" WIDTH="29" HEIGHT="28" WC="0.96" CONTENT="pä"/><SP WIDTH="16" VPOS="785" HPOS="444"/>
							<String ID="string_139" HPOS="460" VPOS="787" WIDTH="30" HEIGHT="20" WC="0.96" CONTENT="ett"/><SP WIDTH="16" VPOS="787" HPOS="490"/>
							<String ID="string_140" HPOS="506" VPOS="787" WIDTH="52" HEIGHT="26" WC="0.95" CONTENT="sätt,"/><SP WIDTH="20" VPOS="787" HPOS="558"/>
							<String ID="string_141" HPOS="578" VPOS="792" WIDTH="46" HEIGHT="15" WC="0.96" CONTENT="som"/><SP WIDTH="15" VPOS="792" HPOS="624"/>
							<String ID="string_142" HPOS="639" VPOS="788" WIDTH="122" HEIGHT="19" WC="0.96" CONTENT="motsvarar"/><SP WIDTH="15" VPOS="788" HPOS="761"/>
							<String ID="string_143" HPOS="776" VPOS="786" WIDTH="37" HEIGHT="21" WC="0.93" CONTENT="det"/><SP WIDTH="14" VPOS="786" HPOS="813"/>
							<String ID="string_144" HPOS="827" VPOS="786" WIDTH="94" HEIGHT="22" WC="0.88" CONTENT="afsedda"/>
						</TextLine>
						<TextLine ID="line_18" HPOS="169" VPOS="813" WIDTH="751" HEIGHT="35">
							<String ID="string_145" HPOS="169" VPOS="819" WIDTH="132" HEIGHT="22" WC="0.91" CONTENT="ändamålet."/><SP WIDTH="30" VPOS="819" HPOS="301"/>
							<String ID="string_146" HPOS="331" VPOS="813" WIDTH="19" HEIGHT="27" WC="0.91" CONTENT="Å"/><SP WIDTH="10" VPOS="813" HPOS="350"/>
							<String ID="string_147" HPOS="360" VPOS="819" WIDTH="70" HEIGHT="22" WC="0.96" CONTENT="andra"/><SP WIDTH="15" VPOS="819" HPOS="430"/>
							<String ID="string_148" HPOS="445" VPOS="819" WIDTH="63" HEIGHT="22" WC="0.96" CONTENT="sidan"/><SP WIDTH="13" VPOS="819" HPOS="508"/>
							<String ID="string_149" HPOS="521" VPOS="820" WIDTH="68" HEIGHT="21" WC="0.95" CONTENT="borde"/><SP WIDTH="15" VPOS="820" HPOS="589"/>
							<String ID="string_150" HPOS="604" VPOS="819" WIDTH="37" HEIGHT="22" WC="0.97" CONTENT="för"/><SP WIDTH="14" VPOS="819" HPOS="641"/>
							<String ID="string_151" HPOS="655" VPOS="820" WIDTH="28" HEIGHT="21" WC="0.93" CONTENT="de"/><SP WIDTH="16" VPOS="820" HPOS="683"/>
							<String ID="string_152" HPOS="699" VPOS="820" WIDTH="103" HEIGHT="28" WC="0.96" CONTENT="styrande"/><SP WIDTH="15" VPOS="820" HPOS="802"/>
							<String ID="string_153" HPOS="817" VPOS="821" WIDTH="8" HEIGHT="20" WC="0.93" CONTENT="i"/><SP WIDTH="16" VPOS="821" HPOS="825"/>
							<String ID="string_154" HPOS="841" VPOS="821" WIDTH="79" HEIGHT="21" WC="0.96" CONTENT="sådant"/>
						</TextLine>
						<TextLine ID="line_19" HPOS="168" VPOS="853" WIDTH="752" HEIGHT="30">
							<String ID="string_155" HPOS="168" VPOS="853" WIDTH="105" HEIGHT="23" WC="0.96" CONTENT="afseende"/><SP WIDTH="20" VPOS="853" HPOS="273"/>
							<String ID="string_156" HPOS="293" VPOS="854" WIDTH="51" HEIGHT="22" WC="0.96" CONTENT="icke"/><SP WIDTH="17" VPOS="854" HPOS="344"/>
							<String ID="string_157" HPOS="361" VPOS="853" WIDTH="75" HEIGHT="23" WC="0.96" CONTENT="kunna"/><SP WIDTH="16" VPOS="853" HPOS="436"/>
							<String ID="string_158" HPOS="452" VPOS="860" WIDTH="38" HEIGHT="21" WC="0.92" CONTENT="ges"/><SP WIDTH="16" VPOS="860" HPOS="490"/>
							<String ID="string_159" HPOS="506" VPOS="854" WIDTH="72" HEIGHT="28" WC="0.96" CONTENT="någon"/><SP WIDTH="14" VPOS="854" HPOS="578"/>
							<String ID="string_160" HPOS="592" VPOS="854" WIDTH="67" HEIGHT="28" WC="0.93" CONTENT="högre"/><SP WIDTH="16" VPOS="854" HPOS="659"/>
							<String ID="string_161" HPOS="675" VPOS="854" WIDTH="199" HEIGHT="29" WC="0.85" CONTENT="tillfredsställelse,"/><SP WIDTH="17" VPOS="854" HPOS="874"/>
							<String ID="string_162" HPOS="891" VPOS="858" WIDTH="29" HEIGHT="19" WC="0.96" CONTENT="än"/>
						</TextLine>
						<TextLine ID="line_20" HPOS="168" VPOS="888" WIDTH="751" HEIGHT="28">
							<String ID="string_163" HPOS="168" VPOS="890" WIDTH="33" HEIGHT="20" WC="0.96" CONTENT="att"/><SP WIDTH="20" VPOS="890" HPOS="201"/>
							<String ID="string_164" HPOS="221" VPOS="895" WIDTH="78" HEIGHT="21" WC="0.96" CONTENT="genom"/><SP WIDTH="18" VPOS="895" HPOS="299"/>
							<String ID="string_165" HPOS="317" VPOS="888" WIDTH="129" HEIGHT="28" WC="0.93" CONTENT="fullständig"/><SP WIDTH="18" VPOS="888" HPOS="446"/>
							<String ID="string_166" HPOS="464" VPOS="888" WIDTH="141" HEIGHT="28" WC="0.96" CONTENT="redovisning"/><SP WIDTH="19" VPOS="888" HPOS="605"/>
							<String ID="string_167" HPOS="624" VPOS="888" WIDTH="37" HEIGHT="22" WC="0.93" CONTENT="för"/><SP WIDTH="15" VPOS="888" HPOS="661"/>
							<String ID="string_168" HPOS="676" VPOS="888" WIDTH="185" HEIGHT="23" WC="0.92" CONTENT="omhänderhafda"/><SP WIDTH="14" VPOS="888" HPOS="861"/>
							<String ID="string_169" HPOS="875" VPOS="896" WIDTH="44" HEIGHT="15" WC="0.92" CONTENT="me-"/>
						</TextLine>
						<TextLine ID="line_21" HPOS="168" VPOS="922" WIDTH="751" HEIGHT="28">
							<String ID="string_170" HPOS="168" VPOS="922" WIDTH="36" HEIGHT="22" WC="0.96" CONTENT="del"/><SP WIDTH="15" VPOS="922" HPOS="204"/>
							<String ID="string_171" HPOS="219" VPOS="923" WIDTH="75" HEIGHT="21" WC="0.93" CONTENT="kunna"/><SP WIDTH="15" VPOS="923" HPOS="294"/>
							<String ID="string_172" HPOS="309" VPOS="922" WIDTH="149" HEIGHT="28" WC="0.92" CONTENT="ädagalägga,"/><SP WIDTH="14" VPOS="922" HPOS="458"/>
							<String ID="string_173" HPOS="472" VPOS="922" WIDTH="38" HEIGHT="22" WC="0.97" CONTENT="det"/><SP WIDTH="13" VPOS="922" HPOS="510"/>
							<String ID="string_174" HPOS="523" VPOS="923" WIDTH="27" HEIGHT="21" WC="0.93" CONTENT="de"/><SP WIDTH="13" VPOS="923" HPOS="550"/>
							<String ID="string_175" HPOS="563" VPOS="923" WIDTH="73" HEIGHT="21" WC="0.92" CONTENT="säsom"/><SP WIDTH="10" VPOS="923" HPOS="636"/>
							<String ID="string_176" HPOS="646" VPOS="922" WIDTH="141" HEIGHT="23" WC="0.92" CONTENT="rättskaffens"/><SP WIDTH="11" VPOS="922" HPOS="787"/>
							<String ID="string_177" HPOS="798" VPOS="924" WIDTH="121" HEIGHT="21" WC="0.91" CONTENT="förvaltare"/>
						</TextLine>
						<TextLine ID="line_22" HPOS="168" VPOS="956" WIDTH="752" HEIGHT="29">
							<String ID="string_178" HPOS="168" VPOS="956" WIDTH="26" HEIGHT="22" WC="0.93" CONTENT="af"/><SP WIDTH="11" VPOS="956" HPOS="194"/>
							<String ID="string_179" HPOS="205" VPOS="956" WIDTH="124" HEIGHT="22" WC="0.92" CONTENT="anförtrodt"/><SP WIDTH="13" VPOS="956" HPOS="329"/>
							<String ID="string_180" HPOS="342" VPOS="956" WIDTH="60" HEIGHT="28" WC="0.96" CONTENT="pund"/><SP WIDTH="15" VPOS="956" HPOS="402"/>
							<String ID="string_181" HPOS="417" VPOS="956" WIDTH="97" HEIGHT="28" WC="0.96" CONTENT="fullgjort"/><SP WIDTH="14" VPOS="956" HPOS="514"/>
							<String ID="string_182" HPOS="528" VPOS="956" WIDTH="59" HEIGHT="22" WC="0.96" CONTENT="hvad"/><SP WIDTH="15" VPOS="956" HPOS="587"/>
							<String ID="string_183" HPOS="602" VPOS="957" WIDTH="50" HEIGHT="21" WC="0.93" CONTENT="dem"/><SP WIDTH="15" VPOS="957" HPOS="652"/>
							<String ID="string_184" HPOS="667" VPOS="957" WIDTH="83" HEIGHT="28" WC="0.92" CONTENT="älegat,"/><SP WIDTH="21" VPOS="957" HPOS="750"/>
							<String ID="string_185" HPOS="771" VPOS="958" WIDTH="40" HEIGHT="20" WC="0.93" CONTENT="och"/><SP WIDTH="15" VPOS="958" HPOS="811"/>
							<String ID="string_186" HPOS="826" VPOS="958" WIDTH="94" HEIGHT="21" WC="0.96" CONTENT="sålunda"/>
						</TextLine>
						<TextLine ID="line_23" HPOS="167" VPOS="990" WIDTH="752" HEIGHT="29">
							<String ID="string_187" HPOS="167" VPOS="990" WIDTH="34" HEIGHT="22" WC="0.93" CONTENT="till"/><SP WIDTH="15" VPOS="990" HPOS="201"/>
							<String ID="string_188" HPOS="216" VPOS="990" WIDTH="52" HEIGHT="22" WC="0.92" CONTENT="fullo"/><SP WIDTH="16" VPOS="990" HPOS="268"/>
							<String ID="string_189" HPOS="284" VPOS="992" WIDTH="118" HEIGHT="20" WC="0.92" CONTENT="motsvarat"/><SP WIDTH="15" VPOS="992" HPOS="402"/>
							<String ID="string_190" HPOS="417" VPOS="990" WIDTH="37" HEIGHT="22" WC="0.93" CONTENT="det"/><SP WIDTH="14" VPOS="990" HPOS="454"/>
							<String ID="string_191" HPOS="468" VPOS="990" WIDTH="137" HEIGHT="28" WC="0.92" CONTENT="förtroende,"/><SP WIDTH="15" VPOS="990" HPOS="605"/>
							<String ID="string_192" HPOS="620" VPOS="990" WIDTH="80" HEIGHT="22" WC="0.92" CONTENT="hvaraf"/><SP WIDTH="12" VPOS="990" HPOS="700"/>
							<String ID="string_193" HPOS="712" VPOS="990" WIDTH="27" HEIGHT="23" WC="0.96" CONTENT="de"/><SP WIDTH="15" VPOS="990" HPOS="739"/>
							<String ID="string_194" HPOS="754" VPOS="991" WIDTH="57" HEIGHT="21" WC="0.96" CONTENT="varit"/><SP WIDTH="14" VPOS="991" HPOS="811"/>
							<String ID="string_195" HPOS="825" VPOS="992" WIDTH="8" HEIGHT="20" WC="0.93" CONTENT="i"/><SP WIDTH="15" VPOS="992" HPOS="833"/>
							<String ID="string_196" HPOS="848" VPOS="991" WIDTH="71" HEIGHT="28" WC="0.93" CONTENT="ätnju-"/>
						</TextLine>
						<TextLine ID="line_24" HPOS="167" VPOS="1024" WIDTH="74" HEIGHT="22">
							<String ID="string_197" HPOS="167" VPOS="1024" WIDTH="74" HEIGHT="22" WC="0.92" CONTENT="tande."/>
						</TextLine>
					</TextBlock>
				</ComposedBlock>
				<ComposedBlock ID="cblock_4" HPOS="166" VPOS="1081" WIDTH="723" HEIGHT="30">
					<TextBlock ID="block_4" HPOS="166" VPOS="1081" WIDTH="723" HEIGHT="30">
						<TextLine ID="line_25" HPOS="166" VPOS="1081" WIDTH="723" HEIGHT="30">
							<String ID="string_198" HPOS="166" VPOS="1081" WIDTH="41" HEIGHT="22" WC="0.54" CONTENT="3:0."/><SP WIDTH="31" VPOS="1081" HPOS="207"/>
							<String ID="string_199" HPOS="238" VPOS="1081" WIDTH="235" HEIGHT="29" WC="0.89" CONTENT="Myntförhällandenes"/><SP WIDTH="15" VPOS="1081" HPOS="473"/>
							<String ID="string_200" HPOS="488" VPOS="1090" WIDTH="67" HEIGHT="13" WC="0.95" CONTENT="snara"/><SP WIDTH="15" VPOS="1090" HPOS="555"/>
							<String ID="string_201" HPOS="570" VPOS="1082" WIDTH="37" HEIGHT="21" WC="0.93" CONTENT="och"/><SP WIDTH="9" VPOS="1082" HPOS="607"/>
							<String ID="string_202" HPOS="616" VPOS="1082" WIDTH="149" HEIGHT="28" WC="0.96" CONTENT="fullständiga"/><SP WIDTH="14" VPOS="1082" HPOS="765"/>
							<String ID="string_203" HPOS="779" VPOS="1082" WIDTH="110" HEIGHT="29" WC="0.96" CONTENT="reglering."/>
						</TextLine>
					</TextBlock>
				</ComposedBlock>
				<ComposedBlock ID="cblock_5" HPOS="166" VPOS="1126" WIDTH="754" HEIGHT="301">
					<TextBlock ID="block_5" HPOS="166" VPOS="1126" WIDTH="754" HEIGHT="301">
						<TextLine ID="line_26" HPOS="235" VPOS="1126" WIDTH="683" HEIGHT="29">
							<String ID="string_204" HPOS="235" VPOS="1127" WIDTH="126" HEIGHT="27" WC="0.96" CONTENT="Lösningen"/><SP WIDTH="16" VPOS="1127" HPOS="361"/>
							<String ID="string_205" HPOS="377" VPOS="1126" WIDTH="25" HEIGHT="22" WC="0.96" CONTENT="af"/><SP WIDTH="12" VPOS="1126" HPOS="402"/>
							<String ID="string_206" HPOS="414" VPOS="1126" WIDTH="61" HEIGHT="22" WC="0.96" CONTENT="detta"/><SP WIDTH="10" VPOS="1126" HPOS="475"/>
							<String ID="string_207" HPOS="485" VPOS="1127" WIDTH="36" HEIGHT="21" WC="0.93" CONTENT="för"/><SP WIDTH="10" VPOS="1127" HPOS="521"/>
							<String ID="string_208" HPOS="531" VPOS="1128" WIDTH="48" HEIGHT="20" WC="0.96" CONTENT="vårt"/><SP WIDTH="10" VPOS="1128" HPOS="579"/>
							<String ID="string_209" HPOS="589" VPOS="1127" WIDTH="65" HEIGHT="22" WC="0.93" CONTENT="lands"/><SP WIDTH="11" VPOS="1127" HPOS="654"/>
							<String ID="string_210" HPOS="665" VPOS="1126" WIDTH="154" HEIGHT="29" WC="0.92" CONTENT="sjelfständiga"/><SP WIDTH="9" VPOS="1126" HPOS="819"/>
							<String ID="string_211" HPOS="828" VPOS="1128" WIDTH="90" HEIGHT="21" WC="0.85" CONTENT="utveck-"/>
						</TextLine>
						<TextLine ID="line_27" HPOS="166" VPOS="1161" WIDTH="753" HEIGHT="28">
							<String ID="string_212" HPOS="166" VPOS="1161" WIDTH="48" HEIGHT="28" WC="0.96" CONTENT="ling"/><SP WIDTH="22" VPOS="1161" HPOS="214"/>
							<String ID="string_213" HPOS="236" VPOS="1162" WIDTH="26" HEIGHT="21" WC="0.96" CONTENT="sä"/><SP WIDTH="22" VPOS="1162" HPOS="262"/>
							<String ID="string_214" HPOS="284" VPOS="1161" WIDTH="140" HEIGHT="27" WC="0.96" CONTENT="nödvändiga"/><SP WIDTH="19" VPOS="1161" HPOS="424"/>
							<String ID="string_215" HPOS="443" VPOS="1162" WIDTH="98" HEIGHT="27" WC="0.93" CONTENT="problem"/><SP WIDTH="21" VPOS="1162" HPOS="541"/>
							<String ID="string_216" HPOS="562" VPOS="1164" WIDTH="94" HEIGHT="20" WC="0.92" CONTENT="emotses"/><SP WIDTH="19" VPOS="1164" HPOS="656"/>
							<String ID="string_217" HPOS="675" VPOS="1161" WIDTH="50" HEIGHT="22" WC="0.96" CONTENT="med"/><SP WIDTH="19" VPOS="1161" HPOS="725"/>
							<String ID="string_218" HPOS="744" VPOS="1161" WIDTH="39" HEIGHT="22" WC="0.93" CONTENT="full"/><SP WIDTH="20" VPOS="1161" HPOS="783"/>
							<String ID="string_219" HPOS="803" VPOS="1162" WIDTH="116" HEIGHT="27" WC="0.89" CONTENT="tillförsigt"/>
						</TextLine>
						<TextLine ID="line_28" HPOS="166" VPOS="1195" WIDTH="753" HEIGHT="29">
							<String ID="string_220" HPOS="166" VPOS="1195" WIDTH="76" HEIGHT="21" WC="0.93" CONTENT="kunna"/><SP WIDTH="19" VPOS="1195" HPOS="242"/>
							<String ID="string_221" HPOS="261" VPOS="1195" WIDTH="101" HEIGHT="27" WC="0.92" CONTENT="försiggä"/><SP WIDTH="18" VPOS="1195" HPOS="362"/>
							<String ID="string_222" HPOS="380" VPOS="1195" WIDTH="68" HEIGHT="22" WC="0.96" CONTENT="redan"/><SP WIDTH="15" VPOS="1195" HPOS="448"/>
							<String ID="string_223" HPOS="463" VPOS="1195" WIDTH="38" HEIGHT="22" WC="0.96" CONTENT="vid"/><SP WIDTH="14" VPOS="1195" HPOS="501"/>
							<String ID="string_224" HPOS="515" VPOS="1202" WIDTH="29" HEIGHT="15" WC="0.93" CONTENT="nu"/><SP WIDTH="15" VPOS="1202" HPOS="544"/>
							<String ID="string_225" HPOS="559" VPOS="1196" WIDTH="115" HEIGHT="27" WC="0.92" CONTENT="pägäende"/><SP WIDTH="15" VPOS="1196" HPOS="674"/>
							<String ID="string_226" HPOS="689" VPOS="1195" WIDTH="116" HEIGHT="29" WC="0.89" CONTENT="landtdag,"/><SP WIDTH="20" VPOS="1195" HPOS="805"/>
							<String ID="string_227" HPOS="825" VPOS="1196" WIDTH="94" HEIGHT="21" WC="0.91" CONTENT="emedan"/>
						</TextLine>
						<TextLine ID="line_29" HPOS="166" VPOS="1229" WIDTH="753" HEIGHT="28">
							<String ID="string_228" HPOS="166" VPOS="1236" WIDTH="51" HEIGHT="14" WC="0.96" CONTENT="man"/><SP WIDTH="3" VPOS="1236" HPOS="217"/>
							<String ID="string_229" HPOS="220" VPOS="1225" WIDTH="16" HEIGHT="37" WC="0.93" CONTENT="i"/><SP WIDTH="19" VPOS="1225" HPOS="236"/>
							<String ID="string_230" HPOS="255" VPOS="1229" WIDTH="120" HEIGHT="21" WC="0.91" CONTENT="förlitande"/><SP WIDTH="19" VPOS="1229" HPOS="375"/>
							<String ID="string_231" HPOS="394" VPOS="1229" WIDTH="30" HEIGHT="28" WC="0.96" CONTENT="pä"/><SP WIDTH="17" VPOS="1229" HPOS="424"/>
							<String ID="string_232" HPOS="441" VPOS="1229" WIDTH="40" HEIGHT="21" WC="0.93" CONTENT="vär"/><SP WIDTH="15" VPOS="1229" HPOS="481"/>
							<String ID="string_233" HPOS="496" VPOS="1230" WIDTH="82" HEIGHT="27" WC="0.91" CONTENT="nädiga"/><SP WIDTH="16" VPOS="1230" HPOS="578"/>
							<String ID="string_234" HPOS="594" VPOS="1230" WIDTH="129" HEIGHT="21" WC="0.93" CONTENT="Storfurstes"/><SP WIDTH="14" VPOS="1230" HPOS="723"/>
							<String ID="string_235" HPOS="737" VPOS="1230" WIDTH="91" HEIGHT="21" WC="0.94" CONTENT="allmänt"/><SP WIDTH="15" VPOS="1230" HPOS="828"/>
							<String ID="string_236" HPOS="843" VPOS="1229" WIDTH="76" HEIGHT="22" WC="0.95" CONTENT="kända"/>
						</TextLine>
						<TextLine ID="line_30" HPOS="167" VPOS="1263" WIDTH="751" HEIGHT="29">
							<String ID="string_237" HPOS="167" VPOS="1264" WIDTH="41" HEIGHT="21" WC="0.93" CONTENT="och"/><SP WIDTH="14" VPOS="1264" HPOS="208"/>
							<String ID="string_238" HPOS="222" VPOS="1263" WIDTH="54" HEIGHT="27" WC="0.93" CONTENT="högt"/><SP WIDTH="14" VPOS="1263" HPOS="276"/>
							<String ID="string_239" HPOS="290" VPOS="1264" WIDTH="88" HEIGHT="27" WC="0.92" CONTENT="prisade"/><SP WIDTH="15" VPOS="1264" HPOS="378"/>
							<String ID="string_240" HPOS="393" VPOS="1264" WIDTH="135" HEIGHT="22" WC="0.92" CONTENT="rättskänsla"/><SP WIDTH="14" VPOS="1264" HPOS="528"/>
							<String ID="string_241" HPOS="542" VPOS="1264" WIDTH="41" HEIGHT="22" WC="0.96" CONTENT="har"/><SP WIDTH="14" VPOS="1264" HPOS="583"/>
							<String ID="string_242" HPOS="597" VPOS="1266" WIDTH="44" HEIGHT="19" WC="0.96" CONTENT="rätt"/><SP WIDTH="14" VPOS="1266" HPOS="641"/>
							<String ID="string_243" HPOS="655" VPOS="1266" WIDTH="32" HEIGHT="19" WC="0.93" CONTENT="att"/><SP WIDTH="14" VPOS="1266" HPOS="687"/>
							<String ID="string_244" HPOS="701" VPOS="1264" WIDTH="94" HEIGHT="28" WC="0.93" CONTENT="hoppas,"/><SP WIDTH="21" VPOS="1264" HPOS="795"/>
							<String ID="string_245" HPOS="816" VPOS="1264" WIDTH="37" HEIGHT="21" WC="0.96" CONTENT="det"/><SP WIDTH="14" VPOS="1264" HPOS="853"/>
							<String ID="string_246" HPOS="867" VPOS="1264" WIDTH="51" HEIGHT="21" WC="0.96" CONTENT="Han"/>
						</TextLine>
						<TextLine ID="line_31" HPOS="166" VPOS="1297" WIDTH="751" HEIGHT="28">
							<String ID="string_247" HPOS="166" VPOS="1304" WIDTH="79" HEIGHT="20" WC="0.96" CONTENT="genom"/><SP WIDTH="15" VPOS="1304" HPOS="245"/>
							<String ID="string_248" HPOS="260" VPOS="1299" WIDTH="33" HEIGHT="19" WC="0.91" CONTENT="att"/><SP WIDTH="21" VPOS="1299" HPOS="293"/>
							<String ID="string_249" HPOS="314" VPOS="1297" WIDTH="70" HEIGHT="22" WC="0.88" CONTENT="befria"/><SP WIDTH="20" VPOS="1297" HPOS="384"/>
							<String ID="string_250" HPOS="404" VPOS="1304" WIDTH="35" HEIGHT="15" WC="0.93" CONTENT="oss"/><SP WIDTH="20" VPOS="1304" HPOS="439"/>
							<String ID="string_251" HPOS="459" VPOS="1297" WIDTH="57" HEIGHT="22" WC="0.92" CONTENT="ifrän"/><SP WIDTH="14" VPOS="1297" HPOS="516"/>
							<String ID="string_252" HPOS="530" VPOS="1298" WIDTH="174" HEIGHT="27" WC="0.91" CONTENT="tvängskursens"/><SP WIDTH="14" VPOS="1298" HPOS="704"/>
							<String ID="string_253" HPOS="718" VPOS="1297" WIDTH="122" HEIGHT="28" WC="0.91" CONTENT="tryckande"/><SP WIDTH="15" VPOS="1297" HPOS="840"/>
							<String ID="string_254" HPOS="855" VPOS="1297" WIDTH="62" HEIGHT="28" WC="0.90" CONTENT="boja,"/>
						</TextLine>
						<TextLine ID="line_32" HPOS="166" VPOS="1331" WIDTH="751" HEIGHT="29">
							<String ID="string_255" HPOS="166" VPOS="1331" WIDTH="84" HEIGHT="21" WC="0.91" CONTENT="lemnar"/><SP WIDTH="20" VPOS="1331" HPOS="250"/>
							<String ID="string_256" HPOS="270" VPOS="1337" WIDTH="36" HEIGHT="16" WC="0.96" CONTENT="oss"/><SP WIDTH="16" VPOS="1337" HPOS="306"/>
							<String ID="string_257" HPOS="322" VPOS="1331" WIDTH="42" HEIGHT="22" WC="0.93" CONTENT="fria"/><SP WIDTH="14" VPOS="1331" HPOS="364"/>
							<String ID="string_258" HPOS="378" VPOS="1331" WIDTH="84" HEIGHT="22" WC="0.93" CONTENT="händer"/><SP WIDTH="15" VPOS="1331" HPOS="462"/>
							<String ID="string_259" HPOS="477" VPOS="1333" WIDTH="41" HEIGHT="27" WC="0.95" CONTENT="att,"/><SP WIDTH="20" VPOS="1333" HPOS="518"/>
							<String ID="string_260" HPOS="538" VPOS="1332" WIDTH="30" HEIGHT="28" WC="0.96" CONTENT="pä"/><SP WIDTH="15" VPOS="1332" HPOS="568"/>
							<String ID="string_261" HPOS="583" VPOS="1333" WIDTH="44" HEIGHT="20" WC="0.96" CONTENT="sätt"/><SP WIDTH="14" VPOS="1333" HPOS="627"/>
							<String ID="string_262" HPOS="641" VPOS="1331" WIDTH="37" HEIGHT="22" WC="0.93" CONTENT="för"/><SP WIDTH="13" VPOS="1331" HPOS="678"/>
							<String ID="string_263" HPOS="691" VPOS="1331" WIDTH="49" HEIGHT="22" WC="0.91" CONTENT="värt"/><SP WIDTH="14" VPOS="1331" HPOS="740"/>
							<String ID="string_264" HPOS="754" VPOS="1331" WIDTH="65" HEIGHT="22" WC="0.91" CONTENT="lands"/><SP WIDTH="14" VPOS="1331" HPOS="819"/>
							<String ID="string_265" HPOS="833" VPOS="1331" WIDTH="84" HEIGHT="22" WC="0.91" CONTENT="förhäl-"/>
						</TextLine>
						<TextLine ID="line_33" HPOS="166" VPOS="1365" WIDTH="754" HEIGHT="27">
							<String ID="string_266" HPOS="166" VPOS="1365" WIDTH="82" HEIGHT="20" WC="0.96" CONTENT="landen"/><SP WIDTH="22" VPOS="1365" HPOS="248"/>
							<String ID="string_267" HPOS="270" VPOS="1365" WIDTH="49" HEIGHT="20" WC="0.94" CONTENT="bäst"/><SP WIDTH="19" VPOS="1365" HPOS="319"/>
							<String ID="string_268" HPOS="338" VPOS="1365" WIDTH="85" HEIGHT="27" WC="0.96" CONTENT="lämpar"/><SP WIDTH="20" VPOS="1365" HPOS="423"/>
							<String ID="string_269" HPOS="443" VPOS="1365" WIDTH="42" HEIGHT="27" WC="0.96" CONTENT="sig,"/><SP WIDTH="21" VPOS="1365" HPOS="485"/>
							<String ID="string_270" HPOS="506" VPOS="1365" WIDTH="51" HEIGHT="20" WC="0.96" CONTENT="med"/><SP WIDTH="20" VPOS="1365" HPOS="557"/>
							<String ID="string_271" HPOS="577" VPOS="1372" WIDTH="57" HEIGHT="20" WC="0.93" CONTENT="egna"/><SP WIDTH="15" VPOS="1372" HPOS="634"/>
							<String ID="string_272" HPOS="649" VPOS="1365" WIDTH="83" HEIGHT="20" WC="0.96" CONTENT="krafter"/><SP WIDTH="15" VPOS="1365" HPOS="732"/>
							<String ID="string_273" HPOS="747" VPOS="1365" WIDTH="56" HEIGHT="21" WC="0.93" CONTENT="söka"/><SP WIDTH="14" VPOS="1365" HPOS="803"/>
							<String ID="string_274" HPOS="817" VPOS="1365" WIDTH="103" HEIGHT="20" WC="0.65" CONTENT="tillvinna"/>
						</TextLine>
						<TextLine ID="line_34" HPOS="166" VPOS="1398" WIDTH="680" HEIGHT="29">
							<String ID="string_275" HPOS="166" VPOS="1398" WIDTH="49" HEIGHT="22" WC="0.95" CONTENT="vårt"/><SP WIDTH="15" VPOS="1398" HPOS="215"/>
							<String ID="string_276" HPOS="230" VPOS="1401" WIDTH="50" HEIGHT="24" WC="0.93" CONTENT="eget"/><SP WIDTH="15" VPOS="1401" HPOS="280"/>
							<String ID="string_277" HPOS="295" VPOS="1401" WIDTH="61" HEIGHT="25" WC="0.96" CONTENT="mynt"/><SP WIDTH="15" VPOS="1401" HPOS="356"/>
							<String ID="string_278" HPOS="371" VPOS="1405" WIDTH="27" HEIGHT="15" WC="0.97" CONTENT="en"/><SP WIDTH="15" VPOS="1405" HPOS="398"/>
							<String ID="string_279" HPOS="413" VPOS="1398" WIDTH="52" HEIGHT="22" WC="0.93" CONTENT="kurs"/><SP WIDTH="16" VPOS="1398" HPOS="465"/>
							<String ID="string_280" HPOS="481" VPOS="1399" WIDTH="49" HEIGHT="21" WC="0.93" CONTENT="fullt"/><SP WIDTH="15" VPOS="1399" HPOS="530"/>
							<String ID="string_281" HPOS="545" VPOS="1399" WIDTH="122" HEIGHT="21" WC="0.58" CONTENT="oberoerd«"/><SP WIDTH="16" VPOS="1399" HPOS="667"/>
							<String ID="string_282" HPOS="683" VPOS="1398" WIDTH="25" HEIGHT="21" WC="0.96" CONTENT="af"/><SP WIDTH="12" VPOS="1398" HPOS="708"/>
							<String ID="string_283" HPOS="720" VPOS="1398" WIDTH="37" HEIGHT="22" WC="0.96" CONTENT="det"/><SP WIDTH="14" VPOS="1398" HPOS="757"/>
							<String ID="string_284" HPOS="771" VPOS="1398" WIDTH="75" HEIGHT="29" WC="0.84" CONTENT="ryska."/>
						</TextLine>
					</TextBlock>
				</ComposedBlock>
			</PrintSpace>
		</Page>
	</Layout>
</alto>
