1039 1745
800 166 25 20 17

176 231 22 29 5)
214 231 53 22 huru
283 231 36 21 vid
333 231 123 27 ansökning
472 238 33 15 om
521 231 79 27 lagfart
612 232 13 20 ä
636 232 44 21 fast
695 231 106 28 egendom
814 231 41 22 för-

102 265 63 22 faras
181 266 66 26 skall,
263 265 29 21 då
307 265 99 21 sökande
422 265 18 27 ej
453 265 45 21 kan
512 265 50 21 fullt
577 265 76 28 styrka
664 265 34 21 sin
709 265 147 21 företrädares

107 299 96 21 åtkomst
218 299 32 21 till
267 299 144 27 egendomen;

175 333 23 28 6)
214 333 115 28 angående
345 333 159 28 egostyckning
519 333 40 22 och
570 332 181 28 jordafsöndring
764 333 13 21 å
790 333 66 21 frälse

107 367 40 22 och
170 367 174 22 skattehemman
364 369 56 20 samt
440 366 103 28 legoaftal
564 373 33 15 om
618 367 73 28 någon
712 367 35 21 del
763 367 25 21 af
799 367 58 22 slika

106 401 137 29 lägenheter;

176 436 21 28 7)
214 436 114 28 angående
344 436 190 28 vattenledningar
549 438 57 20 samt
620 436 139 28 vattenverk;

175 470 22 29 8)
214 470 115 27 angående
344 470 110 29 uppsåtlig
469 470 159 28 misshandling
643 471 25 21 af
680 471 98 28 kreatur;

176 505 22 28 9)
214 504 115 29 angående
344 505 93 28 ändring
449 505 7 21 i
468 506 58 21 vissa
541 505 61 22 delar
616 505 26 22 af
654 506 111 21 allmänna
781 506 76 27 lagens

107 539 123 28 stadgande
245 540 7 21 i
269 541 27 20 24
311 539 93 28 kapitlet
420 540 236 29 Byggninga-Balken;

177 573 36 29 10)
229 573 115 28 angående
361 574 131 27 jordegares
512 574 126 28 skyldighet
657 577 32 19 att
708 577 57 19 emot
780 577 76 19 ersätt-

108 608 53 27 ning
175 608 92 27 upplåta
279 608 63 21 mark
357 607 33 22 för
405 608 91 21 allmänt
511 608 73 28 behof;

178 642 35 28 11)
229 641 116 28 angående
360 649 108 21 anonyma
480 643 54 21 eller
544 642 127 28 aktiebolag
683 643 40 21 och
734 645 60 26 tysta
805 643 53 21 eller

108 675 221 29 kommandit-bolag;

177 711 37 27 12)
235 711 136 22 beträffande
392 711 110 22 allmänna
524 711 94 28 grunder
640 711 32 22 för
693 719 27 14 en
743 719 28 20 ny
792 712 65 21 brott-

109 745 103 28 mälslag;

167 780 47 30 13)
231 780 114 27 angående
364 781 124 27 antagande
504 781 24 20 af
541 787 27 15 en
582 780 130 28 författning
727 788 34 15 om
777 780 81 22 afskaf-

109 815 66 21 fande
193 815 25 20 af
235 815 60 21 vissa
309 815 140 21 härförinnan
465 815 100 28 nyttjade
580 815 64 22 straff
656 815 40 22 och
712 815 64 22 deras
791 817 67 19 ersät-

109 849 66 21 tande
194 849 122 22 tillsvidare
337 856 77 20 genom
433 849 69 22 andra
521 849 125 28 straffarter,
668 852 56 19 samt
739 850 25 21 af
775 856 27 15 en
816 849 43 22 för-

108 883 94 28 ordning
217 891 34 14 om
267 883 167 28 verkställighet
449 884 25 21 af
485 884 145 28 frihetsstraff;

178 918 35 28 14)
230 918 114 27 angäende
365 917 93 28 ändring
474 919 6 20 i
496 925 28 15 nu
544 919 104 27 gällande
668 918 138 28 stadganden
824 925 34 14 om

108 952 129 28 kyrkoplikt
252 952 40 21 och
307 952 153 29 upphäfvande
478 953 24 21 af
513 953 42 22 den
565 953 33 22 för
609 953 59 22 vissa
680 953 56 22 brott
747 953 113 28 pähjudna

109 987 64 28 afgift
189 987 33 21 till
238 987 81 29 kyrka;

177 1021 38 29 15)
231 1029 33 14 om
285 1022 126 27 antagande
432 1022 25 21 af
470 1022 167 28 en*förordning
652 1023 114 30 angäende
782 1023 78 21 barna-

109 1056 61 22 mord
194 1059 56 19 samt
271 1056 79 22 fosters
373 1057 148 22 fördrifvande
541 1057 40 22 och
601 1057 127 22 utsättande
748 1057 112 22 äfvensom

110 1097 81 16 ansvar
205 1091 34 22 för
254 1091 60 22 vissa
329 1091 38 22 fall
382 1092 25 21 af
419 1091 127 29 lägersmäl;

179 1125 36 30 16)
231 1133 34 14 om
285 1127 126 26 antagande
432 1126 25 21 af
474 1133 26 15 en
518 1126 128 28 författning
666 1126 114 28 angående
796 1126 63 28 dråp,

109 1162 54 19 utan
178 1161 79 26 uppsät
272 1162 33 19 att
320 1160 67 29 döda,
402 1160 40 22 och
458 1167 72 15 annan
546 1161 133 21 misshandel
696 1161 13 21 ä
723 1167 89 21 person;

180 1194 35 28 17)
232 1201 34 14 om
285 1195 125 26 antagande
429 1194 25 22 af
470 1201 26 15 en
512 1195 128 27 författning
656 1195 114 27 angäende
786 1195 74 27 envig;

179 1228 36 28 18)
232 1235 33 14 om
286 1229 124 26 antagande
432 1228 24 22 af
474 1235 27 15 en
521 1228 127 28 förordning
666 1229 115 27 angäende
803 1229 57 21 falsk

110 1262 121 27 angifvelse
247 1263 41 21 och
304 1270 73 14 annan
390 1263 173 28 ärekränkning;

180 1296 36 28 19)
237 1297 114 27 angäend?
374 1297 101 21 behofvet
497 1297 25 21 af
540 1305 26 13 en
586 1297 224 27 fridlysningsstadga
828 1297 34 21 för

112 1330 87 22 landets
211 1330 126 29 jernvägar,
353 1331 92 21 kanaler
460 1331 40 22 och
516 1330 246 29 telegrafinrättningar;

180 1364 36 28 20)
233 1366 114 25 angäende
367 1365 239 22 häradsnämndemäns
626 1366 125 26 antagande
770 1365 40 21 och
831 1365 31 21 af-

111 1398 85 27 löning;

180 1432 37 29 21)
226 1433 115 26 angäende
353 1433 80 21 allmän
445 1433 103 26 tillätelse
560 1433 33 21 till
602 1433 138 21 anställande
752 1432 25 22 af
784 1433 79 20 urtima

114 1467 47 27 ting
177 1467 6 20 i
201 1467 64 21 civila
282 1467 94 21 ärender
389 1467 39 21 och
444 1466 83 22 mindre
543 1467 111 27 brottmål;

135 1510 54 22 Högv.
203 1510 132 17 Prestaständets
349 1510 65 17 Protok.
785 1512 8 13 2
