1014 1739
767 143 42 22 427

89 208 138 29 försäljning,
244 209 49 22 icke
308 209 47 29 lån,
366 210 25 22 af
398 210 96 22 kronans
505 209 114 28 spannmål
629 208 68 23 under
707 208 131 23 inträffande

89 243 136 28 missvextår,
243 244 112 21 äfvensom
370 246 32 20 att
417 243 146 29 penningelån
577 243 68 21 under
660 243 85 22 sådana
759 243 79 21 förhål-

90 277 81 22 landen
181 277 121 28 beviljades
313 278 22 21 åt
346 278 126 22 kommuner
482 284 49 15 men
542 278 19 27 ej
574 277 23 21 åt
606 277 133 28 importörer.
763 277 76 21 Skulle

90 311 157 27 importörerna
266 311 67 22 hafva
347 314 32 19 att
393 311 77 22 befara
485 311 37 21 det
535 311 96 21 kronans
645 310 193 29 spannmålsförrå-

91 344 38 22 der
152 345 112 28 öppnades
286 345 33 21 till
339 346 99 27 utlåning
456 346 23 21 åt
494 345 24 21 af
530 345 105 22 missvext
649 345 115 22 hemsökta
779 345 60 21 kom-

91 385 80 22 muner,
195 380 24 21 så
238 380 71 22 blefve
328 380 37 22 det
379 380 34 22 för
427 380 49 22 dem
491 379 64 22 alltid
570 379 140 29 äfventyrligt
725 381 32 20 att
771 379 69 22 inlåta

91 413 34 27 sig
145 414 6 20 i
172 416 68 20 större
260 414 169 28 spekulationer,
448 413 100 23 hvarföre
566 414 41 21 lätt
622 414 73 22 kunde
709 413 82 27 hända,
807 414 33 20 att

88 447 160 29 jemförelsevis
264 448 22 22 få
301 448 71 22 skulle
387 450 82 21 utsätta
484 448 34 28 sig
532 448 34 22 för
581 455 27 15 en
623 448 70 22 sådan
708 448 53 22 risk.
785 448 55 22 Pen-

91 482 104 28 ningelån
209 482 46 22 åter
269 483 73 22 kunde
355 484 7 20 i
378 483 44 21 alla
437 482 118 22 händelser
569 482 26 22 af
607 484 71 20 staten
688 482 50 23 icke
748 483 93 27 beviljas

92 517 23 21 åt
137 516 44 22 alla
203 517 148 28 spekulanter,
370 524 50 15 men
435 524 35 14 om
484 524 26 14 en
526 516 82 22 erhölle
623 519 31 19 ett
669 517 79 22 sådant
764 517 40 22 och
820 518 18 27 ej

93 557 27 15 en
143 557 82 22 annan,
252 552 25 20 så
303 552 70 21 skulle
395 551 164 22 konkurrensen
582 551 64 22 deraf
660 551 71 22 -hafva
753 552 88 27 olägen-

92 584 43 22 het.
166 584 82 22 Genom
264 586 210 26 tidsbestämningen
490 585 24 21 af
527 585 65 21 minst
608 585 25 21 15
650 586 24 20 år
686 586 40 21 har
736 586 106 21 utskottet

93 619 59 20 velat
166 618 67 22 hafva
248 619 23 21 åt
286 618 251 29 spannmålshandlande
551 619 141 27 garanteradt
706 621 32 19 att
748 620 93 26 regerin-

93 658 43 21 gen
155 652 49 22 icke
224 659 78 21 genom
322 653 67 28 något
409 652 136 22 oförmodadt
559 653 32 21 in-
607 652 53 22 eller
674 652 169 23 utförselförbud

94 686 53 21 eller
169 687 121 28 tullpålaga
313 687 131 22 åtminstone
461 687 70 22 under
546 687 72 21 denna
633 687 32 21 tid
680 687 71 22 skulle
766 687 77 28 bringa

93 721 73 27 någon
187 721 116 28 spekulant
323 721 7 22 i
345 721 142 28 förlägenhet.
517 721 64 22 Hvad
597 721 46 22 åter
658 721 68 22 skildt
741 721 103 22 beträffar

95 755 44 21 min
154 754 7 21 i
177 755 272 28 socknemagasinsfrågan
463 755 79 28 gjorda
556 755 143 29 reservation,
712 755 90 22 hvilken
813 756 31 21 åt-

95 789 90 28 skilliga
207 789 24 22 af
250 790 136 27 högvördiga
408 789 88 23 ståndet
515 796 66 22 synas
597 790 100 28 omfatta,
713 791 25 21 så
753 789 40 22 har
803 789 42 28 jag

91 823 48 28 just
160 823 84 22 derföre
263 824 56 21 varit
339 824 116 28 skiljaktig
469 824 47 21 från
530 823 107 22 hvardera
652 824 7 21 i
674 824 118 22 utskottets
807 824 36 21 be-

96 857 111 22 tänkande
222 858 97 21 uttalade
335 859 94 28 åsigten,
444 860 32 20 att
486 858 42 28 jag
543 858 94 28 befarat,
653 865 35 14 om
703 865 27 15 en
745 857 99 22 fullkom-

95 892 41 27 ligt
158 892 129 22 oinskränkt
309 892 104 29 rättighet
434 893 113 21 lemnades
569 892 155 22 kommunerne
741 894 32 20 att
792 895 53 24 göra

96 926 41 21 och
156 927 47 21 låta
222 927 50 21 med
287 927 234 27 socknemagasinerne
537 926 59 22 hvad
610 926 57 22 helst
681 926 48 21 dem
745 926 33 22 för
793 926 53 27 godt

97 963 85 25 syntes,
205 962 31 20 att
257 961 130 22 åtminstone
405 961 148 27 någonstädes
568 960 74 22 kunde
655 961 88 21 inträffa
757 962 32 20 att
804 959 41 22 för-

97 995 274 28 samlingsmedlemmarne
395 995 78 22 delade
496 995 133 27 magasinets
652 995 118 27 tillgångar
793 994 61 32 sins-

97 1029 104 28 emellan,
222 1029 140 28 hvarigenom
381 1029 65 22 dessa
465 1029 93 28 spårlöst
573 1029 71 22 skulle
657 1029 121 28 försvinna,
794 1031 53 19 utan

99 1065 31 20 att
153 1070 38 15 ens
213 1063 133 22 insättarene
367 1064 52 21 eller
435 1063 64 22 deras
514 1063 111 28 arfvingar
639 1063 58 28 finge
713 1063 82 22 enhvar
811 1063 35 21 de-

98 1104 36 15 ras
149 1097 127 28 rättmätiga
292 1098 75 28 andel,
383 1097 92 24 emedan
491 1097 65 22 dessa
571 1097 33 22 till
619 1099 44 20 stor
679 1097 35 22 del
730 1097 117 28 omöjligen

98 1139 61 14 mera
179 1132 72 21 kunde
269 1131 50 23 med
334 1131 102 24 säkerhet
451 1131 122 30 uppgifvas.
602 1131 31 22 Af
645 1132 69 21 sådan
730 1131 119 28 anledning

99 1167 40 20 har
149 1166 42 28 jag
207 1168 72 20 ansett
294 1167 42 20 den
351 1166 119 29 kejserliga
485 1166 171 29 propositionen,
669 1165 90 23 hvilken
774 1165 29 29 på
818 1167 31 20 ett

99 1201 129 21 välbetänkt
245 1202 44 19 sätt
307 1200 131 29 förebygger
453 1200 139 22 såbeskaffad
607 1199 150 28 eventualitet,
774 1206 53 15 vara
841 1199 8 21 i

101 1234 43 22 allo
159 1235 54 21 värd
229 1236 32 20 att
276 1235 7 20 i
299 1235 71 21 denna
385 1235 36 22 del
437 1236 92 26 antagas
545 1234 40 21 och
601 1234 136 28 godkännas.

169 1269 52 21 Som
241 1270 66 26 ingen
329 1270 70 21 talare
418 1269 77 22 vidare
515 1269 101 21 anmälde
631 1269 42 27 sig,
689 1267 160 23 öfverlemnade

101 1303 49 21 herr
165 1303 139 21 talemannen
320 1303 32 21 till
368 1302 98 23 ståndets
481 1301 164 23 bestämmande
661 1308 34 15 om
710 1301 49 22 icke
771 1302 37 21 vid
819 1301 30 21 af-

101 1336 107 28 görandet
231 1337 24 22 af
275 1337 72 22 denna
366 1337 62 28 fråga
443 1337 87 22 ståndet
545 1336 52 22 ville
612 1336 74 22 afdela
701 1336 126 22 densamma
843 1336 8 21 i

102 1373 79 19 tvänne
198 1370 66 28 delar,
283 1372 109 25 nemligen
407 1371 77 27 frågan
500 1378 34 14 om
546 1370 27 21 fri
589 1369 206 29 spannmålshandel
811 1369 40 21 och

102 1404 78 28 frågan
195 1411 35 15 om
245 1404 242 27 socknemagasinerna.
521 1404 45 22 Och
582 1410 46 15 som
643 1403 88 21 ståndet
746 1402 106 28 enhälligt

103 1438 73 23 härtill
187 1438 70 30 biföll,
267 1438 147 25 framställdes
425 1437 25 24 af
454 1438 139 24 talemannen
601 1436 98 32 följande
706 1436 144 32 proposition;
