1034 1745
195 155 41 21 542

167 219 100 28 ciprocité
284 219 91 21 emellan
391 219 97 28 kyrkans
504 219 40 21 och
560 218 88 23 skolans
663 221 59 25 män,
744 219 55 20 samt
814 219 32 20 att
859 217 49 21 icke

166 253 93 22 allenast
279 253 36 22 det
335 253 165 27 ifrågavarande
521 253 157 28 betänkandet,
695 252 6 21 i
717 252 58 22 hvad
790 251 37 22 det
842 252 68 27 angår

166 288 141 28 afstyrkande
323 288 25 21 af
359 290 31 19 att
405 288 131 21 skollärares
551 287 238 29 tjensteärsberäkning
799 287 28 28 pä
838 286 71 22 eckle-

166 323 77 22 siastik
265 325 43 24 väg
330 323 35 20 mä
386 322 105 28 upphöra,
515 322 24 21 af
559 322 86 23 ständet
668 321 63 29 gillas
752 324 51 19 utan
821 321 41 22 ock
877 323 32 19 att

166 365 26 14 en
207 357 90 28 petition
313 357 35 21 mä
363 357 96 22 beslutas
469 357 49 21 med
530 357 41 22 den
583 357 137 28 utvidgning,
732 358 32 20 att
775 363 26 15 en
811 357 98 28 kyrkans

165 393 81 26 lärare,
263 392 28 21 dä
306 391 42 22 han
363 392 36 21 vill
415 392 89 27 öfvergä
519 392 32 21 til
568 392 86 27 skolan,
670 392 38 21 der
721 391 43 21 han
775 391 71 21 dertill
858 393 51 25 äger

164 426 119 27 tillräcklig
305 426 140 27 skicklighet,
469 426 34 21 mä
526 426 21 21 få
568 426 33 27 sig
620 426 32 20 till
672 425 57 28 godo
748 426 97 21 beräkna
861 426 48 20 sina

164 460 104 28 tjensteår
283 461 58 20 inom
356 461 95 27 kyrkan,
467 461 78 20 liksom
556 467 26 14 en
594 460 108 29 skolman,
715 467 46 14 som
772 460 37 21 vill
821 459 88 28 öfvergå

164 495 33 21 till
220 495 95 28 kyrkans
339 495 74 28 tjenst,
437 495 137 26 naturligtvis
595 495 38 21 bör
652 495 47 21 visa
718 495 34 26 sig
769 501 53 15 vara
837 493 72 22 dertill

165 529 95 28 skicklig
275 529 39 22 och
330 529 95 28 lämplig.
455 529 172 22 Vidkommande
643 529 46 22 åter
704 529 131 22 skollärares
848 531 62 19 extra

166 564 185 28 ansökningsrätt,
377 565 24 21 så
417 564 33 21 får
464 564 41 28 jag
526 564 124 28 ödmjukast
664 563 88 23 förorda
767 571 26 14 en
808 563 101 29 petition,

165 601 32 19 att
219 599 48 22 icke
287 599 92 22 allenast
399 599 71 22 denna
485 601 52 19 utan
553 599 41 21 ock
610 599 29 21 all
656 601 60 20 extra
732 599 177 27 ansökningsrätt

165 634 35 21 må
214 633 103 29 upphöra.
347 634 48 21 Men
411 641 33 14 om
460 633 43 22 den
518 634 6 21 i
540 633 66 28 något
621 633 39 22 fall
675 633 57 22 skall
742 633 131 29 bibehållas,
885 634 25 21 så

164 670 36 20 må
215 669 41 22 den
272 668 120 28 medgifvas
409 668 56 28 dem,
489 675 44 15 som
552 668 37 21 vid
606 668 149 22 universitetet
772 668 75 21 vunnit
864 670 44 19 teo-

163 704 72 27 logisk
256 703 152 27 licentiatgrad
429 703 52 22 celler
499 709 77 22 genom
592 703 125 28 utgifvande
734 703 24 21 af
771 702 138 29 vidlyftigare

162 739 34 21 för
215 738 107 27 teologisk
337 737 82 22 lärdom
435 738 109 21 utmärkta
560 737 39 22 och
615 737 25 22 af
652 737 122 28 teologiska
788 737 121 22 fakulteten

163 772 124 22 vitsordade
313 773 88 21 arbeten
425 772 133 28 ådagalaggt
581 779 26 14 en
630 772 96 23 särdeles
750 772 159 28 öfvervägande

164 807 131 28 skicklighet
309 807 34 21 till
357 807 97 28 kyrkans
470 807 74 28 tjenst,
560 814 48 15 men
623 807 65 28 ingen
703 814 78 15 annan.

231 841 156 30 Kyrkoherden
410 842 162 27 Rosengren:
594 842 9 21 I
620 842 151 22 hufvudsaken
789 842 118 22 förenande

163 876 44 28 mig
228 877 29 21 uti
280 876 202 28 kontraktsprosten
501 876 89 22 Helléns
606 876 68 22 under
687 876 160 28 förmiddagens
863 876 45 28 ple-

163 919 49 14 num
236 911 82 28 afgifna
340 912 111 27 yttrande,
471 911 44 21 kan
530 912 41 27 jag
586 911 49 21 icke
650 911 117 28 godkänna
783 912 36 21 det
834 912 73 21 betän-

164 946 72 22 kande
259 946 97 22 ståndets
379 946 100 21 enskilda
501 946 172 21 besvärsutskott
688 946 7 21 i
710 946 68 22 saken
797 946 110 28 aflemnat,

163 984 52 18 utan
236 980 122 28 samtycker
378 980 32 22 till
429 987 27 14 en
470 980 91 28 petition
577 980 30 21 uti
623 980 37 22 det
674 980 57 28 syfte
746 981 161 27 presterskapet

163 1016 7 20 i
192 1016 145 26 Björneborgs
359 1014 68 22 nedra
446 1015 90 27 prosteri
556 1014 64 22 äskat
634 1017 55 19 samt
704 1015 203 27 kontraktsprosten

163 1050 77 21 Hellén
256 1049 124 22 sedermera
395 1056 77 20 genom
483 1049 50 21 dess
543 1049 119 27 petitionen
672 1048 103 28 bifogade
786 1049 121 27 skrifteliga

163 1084 77 26 tillägg
255 1086 99 18 närmare
369 1084 94 20 bestämt
479 1083 39 22 och
534 1084 119 21 motiverat.
683 1084 49 21 Men
743 1083 41 28 jag
799 1083 44 21 kan
857 1083 49 22 icke

162 1118 147 28 undertrycka
323 1118 44 20 min
382 1118 113 27 förvåning
510 1117 103 28 deröfver,
628 1120 32 18 att
675 1118 61 21 såväl
747 1118 36 21 vid
793 1117 42 22 den
845 1118 7 21 i
863 1118 44 26 dag

162 1152 156 28 försiggångna
341 1152 151 22 diskussionen
515 1159 45 15 som
580 1152 31 22 uti
630 1152 118 22 utskottets
768 1152 138 22 betänkande

164 1187 36 21 det
216 1186 171 28 allravigtigaste
403 1186 119 28 förbisctts,
538 1187 108 27 nemligen
662 1189 31 19 att
712 1186 117 22 ständerna
839 1186 67 22 redan

163 1222 68 21 under
246 1221 147 22 innevarande
407 1221 106 28 landtdag
526 1221 86 22 komma
628 1223 32 19 att
674 1223 58 26 yttra
748 1221 33 27 sig
796 1221 59 22 öfver
865 1221 41 22 för-

163 1256 71 27 slaget
256 1256 32 20 till
311 1263 29 20 ny
362 1256 116 28 kyrkolag,
501 1256 62 21 hvari
582 1256 134 21 beträffande
734 1257 172 26 presterskapets

163 1290 178 26 befordringsrätt
364 1290 91 20 föreslås
477 1292 32 18 att
530 1290 181 25 församlingarna
729 1290 35 19 må
782 1290 59 20 kalla
858 1290 47 20 sina

163 1322 139 27 själasörjare
317 1324 52 19 utan
380 1322 102 21 afseende
493 1323 13 20 å
516 1322 86 21 meriter
613 1322 40 22 och
664 1323 110 27 tjensteår,
785 1322 25 21 af
817 1321 88 22 hvilken

163 1356 127 29 anledning,
307 1356 72 21 derest
389 1355 103 28 förslaget
500 1358 102 26 antages,
616 1355 132 29 tjensteåren
758 1356 115 28 framdeles
885 1356 18 28 ej

162 1390 75 23 vidare
259 1391 86 22 komme
366 1391 8 21 i
396 1391 67 28 fråga.
493 1392 48 21 Men
561 1391 33 22 för
612 1391 42 22 den
670 1391 111 28 händelse,
799 1393 31 20 att
845 1391 60 22 detta

162 1426 82 28 förslag
258 1426 19 27 ej
294 1426 85 21 komme
395 1428 31 19 att
441 1425 67 22 blifva
522 1425 112 30 gällande,
651 1426 37 21 vill
704 1426 64 22 äfven
777 1425 42 29 jag
833 1426 6 22 i
851 1425 54 23 före-

162 1461 95 22 varande
273 1461 40 22 sak
328 1461 66 28 något
408 1464 98 19 närmare
521 1461 69 27 uttala
605 1461 43 22 min
664 1461 62 28 åsigt.
