1028 1739
199 142 40 21 118

169 206 81 22 balken
266 207 30 21 uti
310 207 59 21 hvad
389 207 38 21 der
443 206 91 28 stadgas
553 213 35 15 om
603 206 156 27 våldsgerning
774 207 13 20 å
802 207 117 26 konungen

169 240 40 22 och
225 240 37 22 det
278 241 106 27 kungliga
400 241 62 21 huset
478 243 56 19 samt
549 242 32 20 att
596 240 111 22 inkomma
721 240 51 22 med
786 240 85 27 förslag
886 239 34 22 till

168 276 32 21 ett
215 277 101 19 närmare
332 275 164 22 bestämmande
512 275 24 21 af
549 275 82 22 straffet
644 274 36 22 för
691 275 79 21 sådant
781 275 65 27 brott,
863 276 57 20 samt

169 316 35 15 om
219 309 89 28 fängars
324 309 164 22 fortskaffande.
515 309 91 27 Gången
621 309 37 21 vid
673 309 163 26 behandlingen
851 309 25 20 af
883 315 36 22 pe-

168 343 94 28 titioner,
280 343 49 22 med
344 343 105 22 särskildt
460 343 103 22 afseende
574 343 13 21 å
598 343 37 22 det
645 343 112 22 allmänna
768 343 40 21 och
819 342 101 22 enskilda

168 377 210 22 besvärsutskottets
398 377 140 22 förhällande
558 377 33 22 till
611 377 133 28 hvarandra,
765 377 67 22 borde
852 377 68 28 enligt

167 412 46 21 min
228 412 58 27 äsigt
306 412 93 21 sälunda
417 412 67 21 blifva
500 411 52 28 den,
574 413 32 20 att
621 411 28 22 dä
664 419 26 14 en
705 411 92 28 petition
811 411 25 21 af
847 411 73 28 nägon

168 446 96 22 ledamot
280 446 7 21 i
308 448 30 19 ett
362 446 65 22 ständ
450 446 90 28 väckes,
564 446 87 22 ständet
671 446 104 27 antingen
793 447 78 26 genast
886 445 34 29 (sä

167 480 85 22 skedde
268 480 38 22 vid
321 480 27 22 de
364 481 25 21 af
401 481 45 28 mig
462 481 130 22 omnämnda
608 481 144 28 petitionerna
765 480 38 21 vid
815 481 53 20 1786
880 480 40 21 och

169 516 56 20 1800
240 516 35 21 års
291 515 125 29 riksdagar)
432 516 52 21 eller
500 516 54 21 efter
575 515 37 22 det
627 515 90 22 ärendet
733 515 71 21 blifvit
814 515 6 21 i
832 514 37 22 det
884 521 36 15 en-

168 549 73 22 skilda
260 549 197 22 besvärsutskottet
476 550 121 27 förberedt,
618 549 70 22 skulle
704 549 94 27 besluta,
814 549 107 22 huruvida

169 583 121 25 detsamma
310 584 40 21 bör
369 583 50 23 med
438 584 27 21 de
485 585 69 21 andra
569 583 93 22 ständen
677 583 174 22 kommuniceras
868 583 53 22 eller

168 617 56 22 icke.
254 619 100 21 Besluter
375 619 34 27 sig
431 619 87 22 ständet
538 619 33 21 till
592 625 27 14 en
640 618 69 22 sädan
732 618 188 21 kommunikation

168 652 41 22 och
225 652 27 22 de
268 653 70 27 öfriga
356 653 93 21 ständen
469 653 79 22 förena
564 653 34 26 sig
616 652 83 28 derom,
720 653 122 21 remitteras
859 655 62 19 ären-

169 687 47 28 det,
233 694 35 14 om
280 687 29 28 pä
320 687 58 27 skäl,
392 687 41 28 jag
443 687 7 21 i
462 687 36 22 det
511 687 135 28 föregäende
657 689 84 26 nämnt,
758 693 64 16 anses
833 686 86 29 nödigt,

168 720 34 25 till
221 721 123 28 beredning
361 721 8 21 i
385 721 111 22 allmänna
516 721 206 28 besvärsutskottet,
742 721 41 22 och
803 721 116 28 inlemnas,

167 755 71 21 sedan
260 755 122 22 detsamma
404 755 70 22 blifvit
496 756 7 21 i
524 755 88 22 ståndet
633 755 127 28 ytterligare
781 755 139 28 föredraget,

168 789 73 25 såsom
262 792 30 19 ett
308 790 44 21 alla
368 789 104 22 ständens
488 790 232 27 gemensama.besvär
735 790 34 21 till
784 790 136 28 regeringen.

168 823 86 22 Förena
270 824 34 27 sig
319 824 27 21 de
362 824 68 21 andra
446 824 93 22 ständen
554 825 19 27 ej
590 825 83 27 derom,
693 824 121 22 behandlas
830 824 90 22 ärendet

169 857 28 29 pä
213 864 83 15 samma
310 860 44 19 sätt
370 865 45 15 som
430 858 36 27 de,
486 865 34 15 om
536 859 76 21 hvilka
627 858 88 21 ständet
729 859 29 27 pä
773 858 95 22 förhand
883 858 37 21 be-

168 891 70 28 slutit,
255 894 32 19 att
302 891 26 22 de
344 892 49 21 icke
409 891 71 22 skulle
496 893 50 21 med
562 893 26 21 de
604 892 70 27 öfriga
690 892 93 22 stånden
799 893 120 21 kommuni-

168 932 72 21 ceras,
257 926 20 21 d.
293 933 19 14 v.
328 933 18 15 s.
362 927 73 21 såsom
451 929 30 18 ett
496 927 98 22 ständets
610 927 85 31 besvär.

237 961 91 21 Prosten
348 961 43 21 Jul.
411 961 61 21 Imm.
491 961 84 28 Bergh
596 959 126 23 tillade/att
737 961 183 28 genomförandet

169 995 26 21 af
206 996 30 20 ett
252 995 76 20 ständs
344 995 78 21 besvär
438 995 49 21 icke
503 995 73 22 kunde
590 995 88 21 hindras
695 995 135 28 derigenom,
845 998 32 19 att
893 995 27 22 de

169 1029 70 27 öfriga
254 1029 94 21 stånden
363 1029 137 22 underkännt
512 1029 57 27 dem,
586 1029 91 22 emedan
689 1029 27 22 de
717 1025 12 36 i
745 1029 44 22 alla
800 1029 38 22 fall
849 1029 71 22 skulle

168 1063 49 25 frän
233 1063 111 21 allmänna
359 1063 198 22 besvärsutskottet
572 1064 135 21 äterkomma
718 1063 32 21 till
761 1063 96 29 ständet,
873 1071 47 15 som

168 1097 84 28 kunde,
272 1097 54 21 efter
341 1097 71 22 skedd
432 1097 121 28 beredning
568 1098 7 21 i
591 1098 98 22 ständets
705 1098 101 21 enskilda
821 1098 99 22 besvärs-

168 1132 93 27 utskott,
276 1130 49 22 dem
340 1131 32 21 till
389 1131 182 28 högvederbörlig
585 1134 32 18 ort
632 1132 108 22 befordra.

237 1166 147 27 Domprosten
399 1166 67 27 Borg
481 1166 73 21 kunde
569 1166 36 21 för
615 1166 34 21 sin
664 1166 35 21 del
713 1166 50 21 icke
773 1166 54 27 gilla
838 1166 81 28 profes-

168 1206 52 15 sorn
236 1200 136 21 Schaumans
386 1199 40 21 och
441 1203 88 24 prosten
544 1200 84 27 Berghs
643 1200 98 22 uttalade
756 1200 57 27 äsigt
828 1200 7 22 i
846 1200 74 22 denna

169 1234 69 27 fräga.
268 1234 145 27 Domprosten
436 1234 70 28 ansäg
528 1234 37 21 det
587 1241 52 14 vara
661 1234 55 28 föga
739 1234 129 22 välbetänkt
888 1237 32 19 att

169 1268 77 28 utbyta
262 1275 27 14 en
304 1267 73 27 gifven
392 1268 83 27 praxis,
494 1270 45 20 mot
554 1270 31 19 ett
600 1268 165 27 förfaringssätt
780 1275 56 20 som,
853 1269 68 27 enligt

169 1301 59 21 hvad
239 1302 139 27 domprosten
386 1301 51 21 ville
448 1302 49 20 med
509 1301 103 22 säkerhet
620 1301 69 28 draga
697 1302 34 27 sig
741 1302 34 21 till
783 1302 94 27 minnes,
890 1302 30 22 äf-

169 1342 43 14 yen
222 1335 25 21 af
254 1335 123 28 professorn
389 1334 53 28 sjelf
448 1335 72 22 blifvit
531 1334 142 23 härförinnan
684 1336 79 21 ansedt
777 1335 48 23 icke
840 1336 79 28 grund-

169 1369 99 28 lagligen
284 1370 194 22 öfverensstämma
494 1371 49 21 med
558 1370 48 22 värt
621 1371 126 21 nuvarande
763 1370 127 23 statsskick.

237 1404 127 22 Professorn
381 1404 153 23 Schauman:
551 1405 49 22 Med
615 1405 120 27 anledning
745 1406 25 21 af
781 1406 139 28 domprosten

168 1439 70 28 Borgs
260 1439 102 29 yttrande
385 1439 33 22 får
436 1440 42 27 jag
498 1443 87 26 nämna,
609 1442 32 19 att
658 1440 41 28 jag
717 1440 72 29 aldrig
809 1443 57 26 sagt,
888 1443 33 19 att
