1023 1748
792 125 26 22 23

97 199 51 23 pen,
173 192 32 23 för
227 195 31 19 att
283 192 98 22 meddela
405 191 117 29 höglofliga
543 192 152 28 ridderskapet
718 192 39 21 och
778 192 66 21 adeln

98 228 174 28 prestaståndets
288 228 147 28 nyssnämnda
449 228 77 21 beslut.

166 262 208 28 Kontraktsprosten
397 262 77 21 Hellén
497 262 97 21 återkom
617 261 6 21 i
643 261 96 28 plenum;
763 260 83 22 hvilket

98 296 156 21 antecknades.

166 330 100 22 Härefter
281 330 94 21 anlände
392 330 40 21 och
447 330 112 28 upplästes
576 336 26 15 en
619 330 41 21 den
677 331 11 19 7
701 330 46 28 (19)
764 329 82 21 dennes

98 365 92 22 daterad
210 365 114 21 skrifvelse
343 364 47 22 från
409 364 49 22 herr
478 365 226 27 generalguvernören
724 372 27 14 m.
767 372 27 14 m.
810 364 36 21 fri-

98 400 62 21 herre
174 398 164 28 Rokassowskij
356 398 32 22 till
399 399 98 22 ståndets
508 400 105 27 taleman,
630 399 40 21 och
682 400 90 21 hvilken
783 398 63 23 skrif-

98 435 59 21 velse
173 434 40 22 här
227 435 82 26 intogs,
326 434 25 21 så
365 433 106 28 lydande:

178 486 8 8 »
190 469 43 21 Till
248 468 140 22 talemannen
403 467 34 22 för
452 468 135 28 högvördiga
602 468 168 28 prestaständet.

167 503 72 21 Sedan
256 503 60 20 Hans
332 502 124 28 Kejserliga
471 503 103 27 Majestät
589 502 73 22 täckts
677 503 32 21 till
725 502 121 27 handlägg-

96 538 54 27 ning
168 538 14 21 &
202 537 42 21 den
263 537 7 21 i
286 536 40 28 går
341 537 100 27 öppnade
459 537 135 27 landtdagen
610 536 6 21 i
632 536 68 22 nåder
714 536 134 22 öfverlemna

98 572 27 22 de
140 572 7 21 i
162 572 112 21 närslutna
294 570 137 28 förteckning
451 574 110 25 upptagne
580 571 99 26 ärender,
698 571 34 21 fär
742 571 42 27 jag
798 570 48 22 här-

97 607 39 20 hos
152 606 33 21 till
200 606 49 21 herr
264 605 159 28 erkebiskopen
442 606 40 21 och
497 605 203 22 ordensledamoten
716 605 132 22 öfversända

97 641 61 22 Hans
174 641 113 27 Majestäts
303 639 80 28 nädiga
400 640 158 27 propositioner
573 639 32 22 till
621 639 179 22 landtständerne
818 639 30 22 uti

97 675 65 22 dessa
171 675 98 27 ärender,
283 673 131 28 biläggande
426 675 25 21 af
455 674 94 22 nämnde
557 675 159 28 propositioner
724 675 27 20 40
760 673 87 29 tryckta

98 710 116 27 exemplar,
231 708 65 22 deraf
307 709 27 20 35
349 709 29 28 pä
394 709 94 22 svenska
504 709 40 22 och
560 710 11 19 5
588 710 28 27 pä
631 709 78 21 finska.

167 744 94 21 General
277 743 25 22 af
313 743 128 22 Infanteriet
454 743 68 22 baron
537 743 186 28 Rokassowskij*.

166 779 48 21 Den
240 778 167 28 ifrågavarande
435 778 275 27 innehällsförteckningen
734 778 112 28 upplästes

93 813 94 28 jemväl,
207 815 55 19 samt
277 813 120 28 jemfördes
412 812 50 21 med
477 813 26 21 de
518 813 89 27 bilagde
622 812 82 27 nådiga
719 812 127 28 propositio-

96 855 76 21 nerna;
190 847 40 22 och
244 847 70 22 finnes
330 847 67 28 sagde
412 847 138 28 förteckning
563 847 112 21 allaredan
691 847 7 20 i
713 847 133 28 protokollet

96 882 32 22 för
144 882 42 22 den
204 884 25 20 18
246 882 81 22 dennes
343 882 22 21 in
381 884 89 20 extenso
485 882 95 28 intagen.

164 918 48 20 Den
228 917 33 21 till
276 916 117 28 höglofliga
408 916 152 29 ridderskapet
576 916 40 22 och
628 916 65 22 adeln
705 916 91 22 afsände
810 916 35 22 de-

96 952 127 28 putationen
239 951 125 22 ätervände.

164 986 42 22 Vid
219 986 54 22 härä
288 986 66 22 väckt
370 986 62 28 fråga
444 986 107 22 huruvida
562 986 70 28 några
642 989 99 19 närmare
752 986 93 22 bestäm-

96 1022 78 27 ningar
186 1022 8 20 i
210 1021 103 22 afseende
329 1022 13 20 ä
358 1020 204 23 diskussionssättet
574 1021 37 21 vid
622 1021 66 27 plena
700 1020 144 28 erfordrades,

96 1059 28 19 än
144 1057 32 20 att
196 1062 26 15 en
242 1056 54 21 hvar
316 1056 56 27 ägde
392 1057 58 27 yttra
469 1056 32 28 sig
520 1056 7 21 i
546 1056 42 21 den
604 1056 93 27 ordning
712 1056 42 21 han
769 1056 77 26 begärt

96 1090 71 28 ordet,
183 1090 89 22 hvilken
288 1090 96 27 begäran
398 1090 63 22 äfven
477 1090 72 22 kunde
565 1093 65 25 göras
645 1090 68 22 under
726 1090 119 21 diskussio-

95 1131 54 15 nens
169 1124 85 28 förlopp
274 1124 125 22 förmedelst
421 1124 146 28 uppstigande
590 1124 48 22 från
658 1125 79 27 stolen,
758 1124 87 28 yttrade

96 1159 139 28 domprosten
255 1160 68 26 Borg
344 1160 31 20 att
395 1162 52 18 enär
468 1159 64 21 äfven
550 1159 7 21 i
572 1159 99 27 Europas
686 1159 75 22 friaste
778 1161 67 20 stater

96 1194 37 21 det
156 1201 64 15 anses
242 1194 34 21 för
295 1193 144 28 utredningen
460 1194 25 21 af
501 1196 31 20 ett
552 1194 81 21 ärende
648 1201 54 14 vara
716 1194 129 27 tillräckligt

96 1230 32 19 att
148 1235 26 15 en
194 1228 54 22 hvar
266 1231 53 25 äger
335 1230 78 20 tvenne
429 1228 83 28 gånger
527 1228 100 22 deröfver
640 1229 70 21 utlåta
726 1228 42 28 sig,
786 1228 58 21 dom-

96 1264 87 26 prosten
195 1263 69 27 ansåg
275 1262 173 28 prestaståndets
459 1264 176 26 representanter
643 1262 37 22 vid
692 1262 70 22 denna
774 1262 71 22 landt-

96 1297 44 27 dag
159 1297 50 22 icke
227 1297 53 21 böra
295 1297 82 21 tillåtas
392 1304 45 14 mer
453 1300 27 18 än
495 1297 48 28 fyra
558 1297 82 27 gånger
654 1299 59 26 yttra
728 1297 35 27 sig
778 1297 66 27 angå-

96 1331 56 21 ende
175 1338 26 14 en
225 1331 39 21 och
284 1338 83 14 samma
384 1331 71 28 fråga,
476 1331 91 21 emedan
588 1338 80 14 annars
683 1332 93 27 mycken
792 1330 52 23 tids-

95 1365 88 26 utdrägt
194 1365 40 20 och
246 1365 81 26 onödig
338 1366 127 25 ordvexling
475 1366 33 19 till
523 1371 49 14 men
583 1365 33 21 för
630 1365 132 21 ärendernas
775 1366 69 26 möjli-

96 1399 50 25 gast
164 1397 190 27 ändamålsenliga
369 1397 134 28 behandling
518 1397 40 22 och
574 1397 134 28 skyndsama
724 1397 120 27 afgörande

96 1431 160 27 otvifvelaktigt
279 1431 70 22 skulle
372 1431 137 29 uppkomma.
541 1431 86 22 Trodde
648 1431 71 28 någon
739 1431 34 27 sig
791 1431 53 22 böra
