1014 1742
206 154 39 22 188

174 220 31 20 let
219 219 50 21 med
288 218 105 28 Kalajoki
411 218 301 28 provincialläkare-distrikt,
734 225 46 15 som
794 218 40 21 har
850 224 27 15 en
892 220 32 19 ut-

177 253 127 27 sträckning
320 253 25 21 af
357 253 57 21 circa
430 254 27 20 20
470 253 37 21 mil
517 253 7 21 i
535 252 67 28 längd
613 252 40 22 och
660 252 92 28 ungefär
763 253 11 21 6
786 252 37 22 mil
833 252 7 21 i
848 252 76 28 bredd,

177 288 119 21 bestående
312 287 25 21 af
350 288 32 25 14,
399 288 32 21 till
447 294 27 14 en
490 287 35 22 del
540 287 86 27 ganska
645 286 101 28 folkrika,
765 286 159 27 församlingar.

175 321 103 22 Läkaren
293 322 41 20 har
349 322 33 21 sin
398 322 80 21 station
494 322 37 21 vid
545 321 105 27 Kalajoki
665 321 152 27 moderkyrka,
833 320 21 22 d.
872 328 20 14 v.
907 327 17 15 s.

176 356 8 20 i
198 357 93 27 yttersta
307 355 73 21 ändan
396 355 24 22 af
432 356 38 21 sitt
486 355 94 22 distrikt.
609 355 45 21 När
669 362 29 14 nu
717 362 27 14 en
766 354 159 29 öfverbyggare

177 392 24 19 är
216 389 116 22 nödsakad
347 391 33 20 att
394 390 70 21 anlita
479 390 33 21 sin
526 389 204 29 provineialläkare,
750 389 24 21 sä
794 389 69 21 måste
881 388 44 22 han

176 431 49 15 resa
241 424 26 21 15
283 425 14 20 &
314 424 27 21 20
356 424 37 21 mil
407 424 55 21 fram
477 424 40 22 och
531 424 53 27 åter,
600 423 21 22 d.
637 431 19 14 v.
673 430 17 15 s.
706 426 53 25 göra
775 430 26 15 en
820 424 27 20 30
867 424 13 20 &
897 424 28 20 40

176 459 49 21 mils
239 465 50 15 resa
302 458 34 22 för
351 460 32 19 att
398 458 74 28 uppnä
486 458 37 22 sitt
538 458 50 21 mäl.
618 457 89 22 Samma
721 457 137 22 förhällande
872 460 53 25 äger

175 492 156 28 beklagligtvis
346 499 46 15 rum
407 492 50 22 med
473 492 27 22 de
515 492 63 22 flesta
597 492 69 28 öfriga
686 492 238 28 provincialläkare-di-

176 527 92 22 strikten
283 527 7 21 i
306 526 122 28 Uleäborgs
442 527 44 21 län.
516 527 34 21 En
565 526 185 28 genomgripande
761 526 78 22 reform
850 526 24 22 af
879 526 45 22 hel-

176 561 107 22 sovärden
298 567 52 15 vore
366 560 116 28 onekligen
498 560 24 22 af
534 560 79 28 högsta
628 560 101 22 behofvet
744 560 116 28 päkallad;
875 567 50 15 men

177 603 34 14 om
226 596 33 21 till
275 602 26 15 en
316 595 78 27 början
409 595 76 28 hvarje
500 594 197 29 provincialläkare
713 594 25 22 af
754 595 107 28 styrelsen
879 595 45 21 äla-

176 630 39 22 des
235 631 32 20 att
285 630 87 21 bosätta
388 630 34 26 sig
436 630 8 20 i
458 629 82 22 midten
556 629 25 21 af
593 629 37 21 sitt
646 629 82 28 distikt,
744 636 34 14 om
798 629 76 28 hvarje
893 629 31 21 di-

177 664 65 22 strikt
258 664 81 21 erhölle
355 664 37 21 sitt
408 663 81 28 apotek
502 664 8 20 i
525 663 105 22 närheten
642 664 25 20 af
674 664 103 21 läkarens
786 664 86 27 station,
884 664 41 20 och

176 699 37 21 sitt
236 698 110 22 särskilda
368 698 96 28 sjukhus,
488 705 34 14 om
545 698 68 22 ocksä
635 698 33 21 till
688 704 26 15 en
735 698 78 28 början
828 697 49 23 med
894 700 31 19 ett

176 732 83 22 mindre
274 732 61 22 antal
350 735 86 25 sängar,
453 732 25 22 sä
492 739 51 15 vore
558 732 90 22 härmed
664 732 42 22 den
720 732 80 28 högsta
810 732 72 22 nöden
892 739 33 15 re-

176 767 43 21 dan
235 766 111 28 afhulpen.
376 767 44 27 Jag
432 766 97 22 anhäller
544 767 8 21 i
567 767 29 21 all
612 766 133 28 ödmjukhet,
762 768 32 20 att
813 767 37 21 det
872 767 52 27 hög-

175 801 92 27 vördiga
281 800 163 29 prestaständet
459 801 51 22 ville
525 801 101 28 behjerta
636 801 72 21 denna
718 802 84 27 vigtiga
813 801 47 29 sak,
872 803 53 26 taga

175 836 43 21 den
237 835 69 22 under
326 838 99 19 närmare
442 836 130 27 bepröfning
590 836 40 22 och
650 838 98 26 upptaga
766 836 60 22 detta
846 836 78 22 andra-

176 869 71 28 gande
263 869 73 22 såsom
352 869 36 22 sitt
404 869 185 28 önskningsmäl*.

243 903 129 22 Bordlades.

241 938 92 21 Prosten
348 938 118 28 Alopeeus
480 938 90 28 frågade
585 939 107 21 huruvida
707 939 99 22 ständets
819 939 105 23 härförin-

174 979 45 15 nan
233 972 85 21 fattade
333 972 71 22 beslut
420 980 33 14 om
469 973 160 28 inskränkning
644 973 25 22 af
681 973 61 23 tiden
759 973 33 22 för
810 974 113 27 petitions-

174 1006 93 27 förslags
283 1006 139 22 inlemnande
438 1007 33 21 till
486 1014 39 15 sex
540 1007 81 22 veckor
631 1007 47 22 frän
688 1007 147 28 landtdagens
845 1009 78 27 början

174 1041 73 21 kunde
263 1047 54 15 vara
332 1041 125 28 tillämpligt
476 1043 28 27 pä
524 1042 36 22 det
582 1043 45 28 fall,
650 1045 32 19 att
705 1043 123 28 ständerna,
851 1043 72 22 derest

173 1075 27 22 de
215 1075 120 28 kejserliga
350 1075 318 30 landtdagspropositionernas
684 1077 166 28 handläggning
871 1077 50 22 icke

174 1110 71 22 skulle
260 1109 128 23 medhinnas
404 1110 68 22 under
486 1111 42 21 den
543 1111 8 21 i
562 1111 134 28 grundlagen
709 1111 131 22 föreskrifna
855 1111 67 29 tiden,

175 1144 72 21 blefve
262 1143 129 23 nödsakade
406 1147 32 19 att
453 1145 130 28 petitionera
603 1152 34 15 om
660 1145 139 28 förlängning
816 1146 25 21 af
852 1146 71 21 landt-

177 1178 82 28 dagens
275 1185 158 15 sammanvaro.

242 1212 149 22 Talemannen
407 1213 160 22 öfverlemnade
583 1213 33 21 till
631 1213 88 22 ståndet
738 1215 32 20 att
793 1213 75 22 härom
889 1214 35 27 sig

173 1248 65 27 yttra,
259 1253 50 14 men
332 1247 70 27 ansåg
424 1247 34 27 sig
480 1247 53 22 böra
555 1250 89 25 nämna,
664 1247 37 22 det
720 1247 43 22 han
782 1247 34 22 för
834 1248 33 22 sin
888 1248 35 21 del

173 1281 64 24 hyste
253 1280 42 21 den
312 1280 62 27 äsigt,
391 1283 32 18 att
434 1281 90 20 berörde
535 1281 193 27 tidsbegränsning
738 1282 49 20 icke
798 1282 73 20 kunde
889 1282 34 20 til-

173 1314 86 27 lämpas
273 1314 30 26 pä
319 1315 31 19 ett
370 1313 79 22 sådant
468 1314 39 21 fall
526 1321 45 14 som
591 1315 36 20 det
645 1315 141 28 omnämnda;
810 1315 113 21 hvarutom

175 1347 37 22 det
225 1347 36 22 väl
277 1347 7 21 i
300 1347 30 22 all
345 1347 105 22 händelse
464 1355 50 15 vore
531 1348 98 22 ständets
650 1349 104 28 rättighet
773 1351 41 26 att,
833 1349 37 22 vid
889 1349 33 22 til-

175 1382 140 27 lämpningen
331 1381 25 22 af
368 1382 37 21 sitt
419 1385 50 25 eget
482 1383 77 28 beslut,
571 1383 59 28 gifva
639 1383 121 22 detsamma
770 1383 42 22 den
823 1384 100 28 tolkning

176 1416 88 23 ständet
279 1416 66 22 funne
360 1423 52 15 vara
428 1417 42 22 den
487 1417 228 28 ändamälsenligaste.

242 1451 145 29 Domprosten
402 1452 68 28 Borg
484 1452 100 22 biträdde
600 1453 72 22 denna
687 1453 63 28 äsigt,
768 1455 56 20 samt
846 1453 77 22 tillade
