1028 1748
195 152 39 20 492

165 217 59 21 blick
237 216 87 27 förgäta
340 218 32 18 att
386 215 42 21 hon
444 215 49 20 icke
509 217 23 18 är
547 214 25 21 af
584 213 71 22 denna
671 213 88 22 verlden
775 213 39 22 och
830 212 86 23 derföre

165 251 49 21 icke
236 250 69 21 heller
327 249 68 22 lefver
417 249 24 21 af
454 249 101 27 jordiska
574 248 82 21 krafter
675 247 40 22 och
735 248 140 27 hjelpmedel;
894 247 25 21 af

167 285 65 21 dessa
250 284 68 22 lefver
336 285 81 26 staten,
438 285 23 26 ty
480 283 49 22 dess
545 283 47 21 rike
608 285 24 18 är
647 282 25 21 af
684 282 72 21 denna
771 282 89 21 verlden
876 281 39 22 och

165 319 8 21 i
189 319 72 21 denna
276 318 61 22 verld
347 317 126 22 förordnadt
484 317 26 22 af
517 317 49 22 Gud
577 317 33 21 till
620 317 138 28 herravälde,
770 323 49 15 men
829 317 87 27 kyrkan

167 353 67 22 lefver
254 353 25 22 af
296 353 48 22 Gud
360 352 40 22 och
415 351 24 22 af
452 351 37 22 det
505 352 60 21 Guds
581 351 47 28 ord,
644 358 46 15 som
706 351 147 28 evinnerligen
868 351 48 21 blif.

165 395 45 15 ver.
243 388 62 21 Detta
316 387 38 22 ord
365 389 24 19 är
398 386 82 23 hennes
491 393 80 22 vapen,
583 386 37 21 det
630 388 24 19 är
664 385 83 23 hennes
757 385 110 29 beskydd,
880 385 37 22 det

166 425 25 19 är
210 422 82 22 hennes
311 423 54 20 tröst
384 421 39 22 och
441 421 82 22 hennes
539 423 60 20 värn.
629 421 31 21 Sä
674 421 65 28 länge
756 421 84 21 derföre
856 420 61 22 detta

166 457 39 22 ord
220 457 49 22 icke
285 459 24 19 är
324 456 91 28 bundet,
431 457 25 20 så
470 457 65 26 länge
551 455 86 29 kyrkan
651 455 40 22 har
703 455 38 22 full
752 455 64 22 frihet
826 457 33 19 att
869 455 47 22 föra

165 492 34 21 sin
214 492 60 21 talan
290 491 127 27 offentligen
433 491 39 21 och
489 490 105 27 enskildt,
606 490 24 21 så
640 489 40 22 har
690 490 43 21 hon
743 490 55 21 intet
809 489 64 28 öfrigt
884 492 32 19 att

166 527 70 21 önska
250 527 8 20 i
273 526 95 27 kampen
388 527 44 20 mot
451 526 48 21 sina
514 525 153 22 vedersakare.
697 525 37 28 Ja,
750 525 63 21 äfven
829 524 29 22 då
872 525 44 21 hon

166 561 93 27 nödgats
278 560 98 21 undvara
396 560 72 21 denna
488 559 109 27 naturliga
612 559 72 28 frihet,
699 559 41 21 har
754 559 51 28 hon,
821 559 7 20 i
844 559 73 21 denna

167 595 33 22 sin
211 594 171 27 öfvergifvenhet
393 594 24 21 af
425 594 30 21 all
465 594 109 27 mensklig
584 593 68 28 hjelp,
664 593 56 21 dock
732 593 69 21 kännt
811 593 34 28 sig
856 593 60 22 stark

167 629 6 22 i
194 629 34 27 sig
246 629 40 21 och
304 629 8 20 i
329 628 118 21 förtröstan
465 629 29 27 på
513 628 36 21 det
565 628 22 21 åt
602 628 70 21 henne
688 627 141 22 anförtrodda
845 627 71 28 ordet,

165 663 94 28 hvilket,
276 670 35 14 om
326 662 38 22 det
379 662 77 22 endast
469 663 48 20 från
527 662 166 28 underjordiska
703 662 62 21 hålor
775 661 72 29 ljudit,
860 662 57 21 dock

166 697 64 28 ljudit
244 697 54 28 högt
313 703 44 22 nog
372 699 32 20 att
419 697 25 21 af
457 704 25 15 en
497 697 36 28 hel
548 697 61 22 verld
624 697 71 21 höras.
716 697 43 20 Det
770 696 39 21 har
819 697 97 21 emeller-

167 732 32 22 tid
218 732 71 21 blifvit
308 731 65 28 sagdt
387 731 25 22 af
425 738 27 15 en
467 731 70 22 talare
552 731 37 22 vid
604 731 163 27 förmiddagens
782 731 87 28 plenum
885 733 32 19 att

168 767 60 21 detta
244 766 38 21 ord
298 773 51 14 vore
362 766 147 27 vanmäktigt,
521 773 34 14 om
567 766 36 21 det
614 765 49 22 icke
673 765 158 22 understöddes
842 765 25 21 af
876 765 42 21 den

167 800 135 23 herrskande
318 801 154 27 statsmakten,
487 800 40 21 och
538 800 43 21 han
593 800 38 21 har
642 799 84 22 derföre
738 800 103 28 åberopat
851 800 66 21 histo-

167 836 58 21 riens
236 835 40 21 och
288 835 161 21 erfarenhetens
460 834 142 22 vittnesbörd.
632 835 43 20 Det
686 834 40 21 har
736 834 25 21 af
769 835 67 27 sagde
847 835 71 20 talare

167 869 71 22 blifvit
253 869 65 28 sagdt
333 871 33 19 att
379 876 34 14 om
425 869 67 21 också
502 869 163 22 kristendomen
676 868 78 22 endast
764 876 78 20 genom
853 876 64 14 evan-

167 904 52 27 gelii
234 904 59 21 kraft
307 911 58 14 vann
380 904 49 21 sina
443 903 68 22 första
527 910 75 21 segrar
617 903 39 21 och
672 903 64 21 äfven
747 903 124 22 sedermera
882 910 36 14 en-

167 938 50 21 dast
232 938 50 21 med
298 938 61 21 detta
374 944 70 22 vapen
459 938 140 27 genomförde
615 937 42 21 den
671 937 181 27 förverldsligade
868 938 50 27 kyr-

167 972 56 22 kans
245 972 149 26 reformation,
417 972 25 21 så
467 974 23 19 är
511 972 56 22 dock
582 972 146 22 förhållandet
743 979 89 14 numera
846 972 71 22 förän-

168 1006 72 28 dradt,
257 1007 68 21 sedan
339 1006 67 22 Kristi
420 1006 72 28 kyrka
507 1006 92 29 förbytts
615 1006 33 21 till
663 1013 26 14 en
703 1006 127 28 folkkyrka,
842 1013 27 15 en
880 1014 37 13 na-

167 1041 151 29 tionalkyrka;
339 1048 29 14 nu
388 1041 69 21 måste
477 1043 84 20 statens
574 1040 102 28 beskydd
692 1041 79 21 anlitas
787 1041 40 21 och
841 1041 77 21 under-

168 1075 72 29 stödja
257 1076 92 28 kyrkan.
380 1076 43 27 Jag
441 1076 80 22 förstår
541 1076 18 28 ej
581 1076 60 21 detta
659 1078 146 26 resonement,
821 1076 7 20 i
844 1075 38 21 fall
898 1076 19 27 ej

167 1110 116 27 meningen
299 1113 25 18 är
339 1112 31 19 att
385 1110 64 28 påstå
465 1112 32 20 att
513 1110 36 21 det
563 1110 125 28 gudomliga
704 1110 61 21 ordet
780 1110 90 21 förlorat
886 1110 33 22 sin

167 1144 58 22 kraft
248 1146 32 20 att
302 1144 29 28 gå
352 1144 88 27 igenom
460 1144 44 22 tills
525 1144 36 22 det
577 1144 99 28 åtskiljer
692 1144 41 28 själ
750 1144 39 21 och
805 1144 58 21 anda
877 1144 41 21 och

168 1178 92 28 upphört
283 1180 32 19 att
336 1184 54 15 vara
413 1185 26 15 en
460 1178 143 22 utransakare
626 1178 25 21 af
669 1178 78 21 tankar
766 1178 40 21 och
820 1178 98 27 hjertans

168 1213 85 28 uppsåt.
283 1212 60 21 Eller
358 1212 71 21 skulle
443 1213 36 21 väl
495 1219 89 14 numera
589 1208 13 37 i
599 1212 55 22 det
658 1213 76 28 finska
744 1212 174 28 presterskapets

167 1246 60 22 hand
240 1247 28 21 de
283 1253 80 21 vapen,
380 1253 45 15 som
441 1247 56 22 förut
511 1247 56 21 varit
582 1247 98 28 mäktiga
694 1249 32 19 att
736 1247 101 21 nederslä
847 1247 72 21 fästen

169 1281 25 20 af
206 1281 51 20 vida
273 1281 88 20 svärare
376 1283 34 18 art
424 1284 27 17 än
467 1281 27 20 de
505 1281 82 26 hinder,
599 1280 32 22 för
641 1281 87 20 hvilkas
739 1281 180 27 undanrödjande

169 1321 50 14 man
234 1321 29 14 nu
278 1313 70 22 skulle
364 1314 53 27 vilja
433 1314 68 21 anlita
515 1314 85 21 biträde
616 1314 24 21 af
652 1314 155 21 statsmaktens
822 1314 98 21 innehaf-

168 1354 62 21 vare,
253 1347 71 22 skulle
346 1348 36 21 väl
405 1355 27 14 nu
452 1347 65 23 dessa
532 1355 70 21 vapen
618 1348 66 22 hafva
698 1348 71 22 blifvit
785 1347 24 22 af
821 1350 45 20 rost
882 1355 37 14 an-

168 1382 66 21 frätta
249 1383 25 21 sä
290 1384 32 19 att
338 1382 27 22 de
380 1383 49 21 icke
444 1389 60 15 mera
519 1382 58 28 duga
592 1383 97 22 hvarken
705 1383 32 21 till
752 1382 102 23 försvars-
866 1383 54 22 eller

169 1417 167 28 anfallsvapen?
356 1417 40 22 Om
412 1417 25 22 sä
453 1420 29 26 är,
499 1417 40 22 och
555 1425 34 14 om
605 1418 42 21 den
662 1418 77 21 mörka
754 1418 104 28 teckning
873 1425 46 15 som

169 1452 7 21 i
192 1451 44 28 dag
250 1451 71 22 blifvit
336 1451 64 29 gjord
414 1451 25 22 af
452 1452 36 22 det
503 1452 144 29 sedeförderf,
659 1459 46 16 som
715 1452 64 22 räder
789 1453 7 22 i
807 1453 47 22 värt
864 1453 56 23 kära
