1031 1739
203 154 40 26 532

175 222 259 29 undsättningsätgärder,
445 221 49 22 med
505 220 91 24 statslän
606 219 132 23 understöda
746 218 101 29 antingen
856 216 59 24 kom-

174 265 111 20 munerne,
309 257 52 22 eller
382 257 162 28 importörerne,
569 256 52 21 eller
640 255 41 22 ock
696 255 70 28 begge
781 254 79 28 tillika,
877 254 39 21 allt

175 293 100 22 eftersom
297 292 127 28 regeringen
447 291 64 22 funne
533 291 52 27 godt
605 290 39 21 och
663 290 105 28 nyttigast
783 296 61 15 vara:
860 291 56 19 samt

176 329 32 20 att
228 327 86 22 ständet
331 327 84 21 förenat
432 326 34 27 sig
480 333 33 14 om
529 325 36 22 det
580 325 24 21 af
617 325 98 27 borgare-
732 324 39 21 och
786 323 130 22 bondestän-

176 361 54 22 dens
246 361 130 29 deputerade
387 361 7 21 i
404 360 104 22 utskottet
519 359 81 28 afgifna
610 359 110 28 yttrande,
734 357 113 29 angående
858 357 58 22 kom-

176 402 114 16 munernes
310 395 181 28 dispositionsrätt
509 394 59 22 öfver
582 394 143 27 tillgängarne
741 393 6 21 i
763 393 154 26 socknemaga-

176 430 63 29 siner,
254 437 46 15 som
315 429 109 28 indragas.

244 464 89 22 Hvilket
348 463 153 23 antecknades.

244 533 135 28 Föredrogos
391 533 133 22 hedervärda
535 532 169 23 bondeständets
712 530 207 30 protokollsutdrag:

178 567 24 23 af
215 566 41 24 den
270 569 12 21 8
299 568 81 22 dennes
396 568 81 28 derom,
494 570 32 19 att
540 566 86 24 ständet
641 566 78 22 hifallit
730 566 189 27 borgareständets

178 602 128 29 inbjudning
327 602 33 22 till
382 602 130 28 deltagande
535 602 5 22 i
561 601 133 27 underdänig
713 600 90 29 petition
819 608 33 14 om
868 601 52 21 tele-

179 637 204 29 grafinrättningens
403 638 7 20 i
430 637 74 21 landet
524 636 154 27 öofvertagande
697 636 24 21 af
733 636 71 21 finska
819 638 101 19 statsver-

179 672 47 28 ket,
242 674 56 20 samt
312 672 33 21 för
360 671 41 22 den
418 672 25 21 11
458 672 8 21 i
482 678 81 15 samma
578 670 79 23 mänad
673 670 24 22 af
710 670 93 22 innehäll
819 673 31 19 att
864 670 56 22 stän-

180 707 36 21 det
231 706 113 27 godkännt
354 708 156 20 sammansatta
520 706 144 26 bevillnings-,
674 704 119 22 ekonomie-
807 704 39 22 och
858 707 62 19 stats-

180 740 116 22 utskottets
313 740 82 28 förslag
410 740 112 28 angående
538 739 160 27 behandlingen
713 740 25 20 af
750 739 80 27 vädiga
845 746 76 22 propo-

180 775 92 22 sitionen
288 782 34 15 n:o
337 775 33 27 31,
387 781 33 15 om
436 776 77 26 anslag
527 775 32 21 till
575 774 125 28 folkskolor,
715 774 206 22 kommunikations-

180 810 104 23 anstalter
299 816 27 15 m.
341 817 27 14 m.

246 844 90 22 Hvilket
351 844 155 22 antecknades.

248 912 134 29 Föredrogos
403 913 40 21 och
462 913 128 28 godkändes
610 912 252 29 expeditionsutskottets
881 913 41 22 för-

181 946 49 29 slag
251 946 33 23 till
306 947 114 21 redaktion
440 948 25 20 af
480 948 20 27 ej
516 947 82 22 mindre
613 947 104 21 Finlands
733 948 98 20 ständers
846 948 76 21 under-

183 981 80 28 däniga
285 987 50 16 svar
354 981 14 22 å
387 981 80 28 nådiga
487 981 183 28 propositionerna
689 981 113 27 angående
821 982 102 27 salpeter-

183 1015 94 28 gärdens
299 1015 135 22 afskaffande
457 1018 55 19 samt
532 1017 34 20 om
584 1015 80 22 allmän
678 1015 102 22 tillåtelse
795 1015 33 22 till
844 1017 80 20 anstäl-

182 1049 66 22 lande
263 1049 25 22 af
303 1049 77 21 urtima
395 1049 46 27 ting
456 1049 6 22 i
477 1050 64 21 civila
556 1049 91 22 ärender
663 1049 38 22 och
715 1049 83 22 mindre
812 1050 111 28 brottmäl,

184 1085 28 20 än
227 1083 27 22 de
269 1083 129 28 skrifvelser,
410 1083 68 28 jemte
493 1084 75 21 hvilka
583 1083 67 28 sagde
664 1090 49 15 svar
723 1083 70 22 skulle
804 1083 32 22 till
846 1083 20 22 h.
878 1091 46 14 exe.

184 1117 25 22 hr
230 1118 222 27 generalguvernören
474 1118 58 22 öfver
553 1118 92 22 Finland
668 1118 57 27 afgä.
754 1119 94 20 Hvarom
868 1125 56 21 resp.

185 1151 142 22 medständen
349 1158 76 21 genom
448 1152 124 28 deputation
595 1152 39 21 och
654 1152 198 28 protokollsutdrag
870 1155 56 18 samt

186 1186 240 27 expeditionsutskottet
445 1186 125 23 förmedelst
587 1186 199 28 protokollsutdrag
803 1187 70 21 skulle
888 1194 37 15 un-

186 1219 127 23 derrättelse
328 1220 117 22 meddelas.

253 1253 139 23 Omedelbart
413 1255 94 22 härefter
528 1255 101 22 afsändes
652 1262 26 15 en
701 1255 133 28 deputation,
858 1256 68 21 under

186 1287 118 22 anförande
326 1287 25 21 af
369 1288 135 27 domprosten
527 1289 77 21 doktor
622 1289 66 27 Borg,
706 1289 33 22 för
754 1291 32 19 att
801 1289 125 22 underrätta

186 1321 142 22 medständen
348 1321 61 22 säväl
428 1322 82 28 härom,
530 1329 44 15 som
590 1322 64 21 äfven
669 1329 34 14 om
718 1323 37 21 det
770 1323 157 21 ofvanberörda

186 1355 92 22 beslutet
300 1355 113 28 angäende
435 1356 122 23 äterremiss
580 1357 24 22 af
618 1356 83 22 sädana
714 1357 78 28 frägor,
808 1357 38 22 der
860 1358 67 27 nödig

183 1389 115 30 jemkning
318 1390 24 22 af
360 1390 26 22 de
406 1391 108 22 särskilda
529 1391 103 23 ständens
647 1391 70 23 beslut
731 1391 139 30 päkallades;
886 1393 40 21 och

188 1425 70 22 skulle
279 1425 36 22 det
334 1425 117 28 höglofliga
469 1425 149 30 ridderskapet
637 1426 40 22 och
692 1427 74 29 adeln,
782 1434 45 15 som
844 1427 41 22 den
902 1429 24 20 11

189 1459 81 24 dennes
290 1460 18 31 ej
330 1459 46 23 haft
390 1459 95 30 plenum,
501 1461 71 22 tillika
587 1461 111 23 meddelas
713 1461 122 23 kännedom
852 1469 34 15 om
901 1462 27 23 de
