1009 1742
764 137 40 20 315

152 200 158 28 Kyrkoherden
333 200 150 28 Rosengren
507 201 69 27 ansåg
599 201 42 21 den
662 201 170 27 omständighet,

84 237 32 18 att
130 234 196 28 januariutskottet
346 234 99 22 sistlidne
461 235 24 20 år
500 234 40 22 och
556 235 100 27 samtlige
672 235 118 21 ständerna
805 242 28 14 nu

84 269 79 20 uttalat
185 268 101 22 behofvet
310 269 24 20 af
353 268 161 27 lagstadgande
536 275 34 14 om
590 268 120 27 periodiskt
727 269 106 21 återkom-

84 302 80 20 mande
179 302 138 27 landtdagar,
333 304 78 25 utgöra
426 304 31 19 ett
468 302 205 27 tillfyllestgörande
684 302 62 22 bevis
757 302 77 28 derpå,

85 338 31 19 att
129 336 36 21 det
176 336 72 21 finska
259 336 69 21 folket
336 336 64 27 länge
409 336 56 21 varit
474 336 62 28 djupt
544 336 109 21 medvetet
662 336 24 21 af
692 336 61 22 detta
761 336 70 22 behof.

152 370 145 27 Domprosten
313 370 110 21 Renvall
439 370 59 27 ville,
516 370 32 21 till
564 370 58 21 hvad
636 370 43 21 han
690 370 56 22 förut
756 373 78 25 yttrat,

85 406 58 18 ännu
158 404 102 28 tillägga,
276 406 33 19 att
325 406 31 19 ett
372 404 138 27 äberopande
526 404 25 20 af
564 404 68 21 andra
648 404 70 24 bevis,
734 407 26 18 än
777 407 57 19 stän-

86 438 78 21 dernas
188 438 94 28 önskan,
304 445 52 15 vore
378 438 19 28 ej
422 438 94 22 allenast
537 438 146 28 öfverflödigt,
703 441 51 19 utan
770 439 63 21 äfven

85 472 174 28 principvidrigt,
284 472 91 22 emedan
397 472 116 28 folkviljan
529 472 48 28 just
591 479 78 20 genom
684 472 148 22 ständsombu-

86 506 42 22 den
144 507 116 21 uttalades.

154 541 209 27 Kontraktsprosten
382 540 94 22 Hellön
491 540 95 22 invände
602 542 41 26 att,
658 541 6 21 i
680 541 106 21 händelse
800 548 35 14 ve-

86 575 136 21 derbörande
238 576 173 21 kommittenters
427 575 131 21 härutinnan
573 575 97 21 uttalade
687 575 84 21 önskan
787 575 49 21 icke

87 610 71 21 blefve
173 610 7 20 i
196 610 120 27 petitionen
336 610 103 21 särskildt
458 609 92 29 antydd,
568 609 36 21 det
619 609 73 21 kunde
708 616 66 21 synas
790 617 46 13 som

87 651 33 14 om
136 644 42 21 den
194 644 167 27 ifrågavarande
377 644 131 28 petitionens
524 643 164 28 nödvändighet
702 644 53 21 först
766 644 70 21 blifvit

86 678 78 22 insedd
188 678 24 21 af
231 678 123 28 professorn
377 678 133 28 Schauman,
531 685 45 14 som
592 678 50 21 med
656 678 83 27 förslag
754 678 30 21 uti
800 678 35 21 be-

87 712 62 22 rörde
173 712 56 28 syfte
252 712 33 22 till
306 712 86 22 ständet
412 712 124 28 inkommit,
553 712 40 22 och
609 714 32 19 att
656 712 44 21 alla
716 712 68 21 andra
801 719 35 14 en-

88 747 49 21 dast
153 746 73 22 derom
242 747 124 21 sedermera
380 746 84 22 förenat
480 746 42 28 sig,
539 746 83 21 hvilket
632 746 204 28 kontraktsprosten

87 782 69 26 ansåg
175 781 105 21 innebära
296 788 27 14 en
339 781 105 21 orättvisa
459 780 39 22 och
514 780 103 28 möjligen
633 780 75 22 kunna
722 780 39 22 hos
777 780 59 22 kom-

87 816 137 22 mittenterne
241 816 113 21 föranleda
370 816 42 21 den
426 816 77 26 tanke,
520 817 32 19 att
568 815 64 21 deras
647 815 100 28 uppdrag
762 815 74 21 härom

87 850 49 21 icke
153 850 70 21 blifvit
238 850 6 20 i
262 850 87 21 ständet
362 849 120 22 framfördt.

155 885 145 26 Domprosten
323 884 110 21 Renvall
456 883 117 28 genmälde
596 885 32 19 att
646 883 47 28 just
713 890 77 20 genom
807 886 31 19 ett

89 919 79 21 sådant
191 918 135 28 antydande,
349 925 46 14 som
415 917 205 28 kontraktsprosten
638 917 78 22 Hellen
731 917 107 28 förordat,

89 960 26 14 en
136 953 106 21 orättvisa
258 953 87 20 komme
361 954 31 19 att
407 952 133 27 tillskyndas
556 951 26 22 de
598 951 167 27 kommittenter,
782 958 56 21 som,

89 987 67 21 ehuru
172 987 63 27 lifligt
251 986 113 22 önskande
377 986 121 28 periodiskt
510 985 178 22 återkommande
698 986 139 28 landtdagar,

89 1021 67 22 likväl
180 1022 28 27 pä
230 1021 24 21 af
274 1023 30 19 ett
327 1028 39 21 par
385 1021 69 21 talare
470 1020 68 22 redan
554 1020 91 21 anförda
661 1020 48 21 skäl
725 1020 113 21 uraktlätit

89 1058 33 19 att
136 1056 72 21 lemna
224 1055 49 22 sina
288 1055 80 21 ombud
382 1054 99 28 uppdrag
496 1055 31 21 uti
542 1054 144 21 förevarande
701 1054 69 27 fräga.

157 1090 85 21 Doktor
265 1089 146 27 Hertzberg
433 1089 51 21 ville
504 1089 7 21 i
527 1088 103 22 afseende
646 1089 13 20 ä
674 1088 165 27 kontraktspro-

90 1126 48 19 sten
159 1124 89 21 Hellöns
267 1123 102 28 yttrande
385 1123 83 28 derom,
484 1125 33 19 att
531 1123 191 21 kommittenterna
736 1122 103 27 möjligen

91 1159 81 26 ansäge
189 1157 63 22 deras
267 1158 99 27 uppdrag
381 1157 18 28 ej
417 1157 65 21 hafva
498 1157 71 21 blifvit
584 1157 123 27 framfördt,
723 1156 65 21 hafva
803 1163 36 14 an-

91 1192 71 21 märkt
185 1193 31 20 att
239 1191 27 22 de
288 1198 24 15 ur
335 1191 140 28 tidningarna
497 1191 73 21 kunde
590 1191 58 20 finna
665 1193 32 18 att
713 1190 61 21 fallet
789 1190 49 21 icke

91 1225 56 22 varit
162 1225 85 22 sådant.

159 1259 209 27 Kontraktsprosten
390 1259 102 21 Hellén
516 1257 115 28 genmälde
654 1260 33 19 att
703 1255 157 24 kommitten-”

92 1295 60 20 terne
171 1293 49 21 icke
236 1293 104 21 anmodat
355 1293 47 22 sina
418 1293 79 21 ombud
514 1295 31 18 att
560 1292 121 21 framställa
697 1292 64 21 deras
777 1292 63 21 önsk-

92 1327 107 27 ningsmål
222 1326 34 22 för
278 1329 32 18 att
325 1327 6 21 i
347 1327 139 27 tidningarna
505 1329 136 24 omnämnas,
657 1328 53 19 utan
725 1325 33 22 för
773 1328 31 18 att
820 1325 25 26 af

93 1361 88 21 ståndet
196 1361 144 26 handläggas.

161 1393 126 22 Professorn
304 1394 144 21 Schauman
464 1392 118 28 godkände
597 1393 33 21 för
644 1393 34 21 sin
691 1393 35 20 del
738 1393 103 20 taleman-

93 1435 54 18 nens
162 1427 92 29 förslag,
273 1428 25 22 så
313 1428 87 28 mycket
415 1427 68 22 hellre
499 1434 47 15 som
562 1426 36 23 det
613 1426 97 22 faktiska
726 1425 117 27 förhällan:
