1017 1742
771 150 37 21 451

97 215 88 27 sådant,
201 215 38 21 och
256 215 37 21 fall
310 215 44 21 ofta
369 215 73 21 kunna
458 215 92 28 inträffa,
568 215 28 21 då
611 215 36 21 det
662 215 64 21 äfven
740 214 33 22 för
785 214 55 22 ordi-

97 250 60 20 narie
176 249 140 22 innehafvare
330 249 24 21 af
367 249 140 28 prestatjenst
522 250 44 21 kan
579 252 58 19 möta
653 249 133 27 svårigheter
801 249 38 21 och

96 283 87 26 obehag
205 285 32 19 att
257 282 53 27 sjelf
323 283 87 27 besörja
425 289 34 15 om
474 283 125 27 uppbörden
615 283 25 21 af
652 284 47 20 sina
714 282 127 22 löneförmå-

97 324 44 20 ner,
163 317 83 21 hvilket
266 317 125 28 isynnerhet
409 316 43 21 kan
474 319 41 24 äga
531 323 45 14 rum
591 316 49 22 med
656 316 131 27 ålderstigne
802 316 39 21 och

97 351 89 21 vanföre
201 353 89 25 prester,
306 353 56 19 samt
377 351 28 21 då
420 351 104 21 utskottet
537 351 33 21 för
580 351 33 21 sin
624 350 35 22 del
670 351 48 21 icke
729 351 44 21 kan
783 351 59 20 finna

98 387 32 19 att
144 385 72 27 någon
231 385 117 27 olägenhet
361 385 71 21 skulle
446 385 93 28 härflyta
554 385 69 28 deraf,
640 387 32 19 att
687 385 41 22 den
744 385 98 22 önskade

98 419 130 27 rättigheten
250 419 70 22 blefve
340 419 161 28 presterskapet
516 419 133 28 medgifven,
666 420 24 21 så
704 419 41 21 har
759 419 82 22 utskot-

98 456 31 19 tet
152 456 71 19 ansett
244 454 33 27 sig
295 454 53 21 böra
362 453 40 23 hos
417 454 37 21 det
468 453 134 28 högvördiga
616 454 86 22 ståndet
717 454 123 28 hemställa,

98 489 106 20 huruvida
226 488 50 22 icke
296 495 26 14 en
337 488 135 27 underdånig
487 488 90 29 petition
592 488 66 22 borde
674 487 25 22 af
711 488 86 22 ståndet
811 489 30 20 af-

96 522 72 28 gifvas
183 522 7 21 i
205 522 79 21 sådant
299 521 65 28 syfte,
380 524 32 19 att
428 523 42 21 den
485 522 30 21 uti
531 522 64 22 ofvan
610 523 95 21 citerade
719 523 72 27 kongl.
803 523 39 21 cir-

98 557 64 21 kulär
182 557 24 20 af
222 557 42 21 den
284 558 24 19 11
326 557 121 28 september
463 557 53 21 1800
532 557 107 28 stadgade
654 557 103 28 rättighet
770 557 72 22 blefve

98 591 108 22 utsträckt
224 591 33 21 till
278 591 44 21 alla
341 591 48 27 slag
404 591 25 21 af
442 591 26 22 de
482 591 8 21 i
506 591 48 22 stöd
569 591 25 22 af
606 591 102 28 gällande
721 591 120 22 författnin-

99 633 39 20 gar
159 625 52 22 eller
229 625 103 22 särskildt
352 625 92 21 träffade
460 626 39 21 och
514 625 117 28 behörigen
646 625 123 22 fastställda
784 627 59 21 löne-

98 660 158 21 konventioner
275 659 162 28 presterskapet
456 660 164 21 tillkommande
634 660 124 28 inkomster,
774 660 68 21 likväl

98 694 52 21 med
168 694 38 21 det
223 694 77 27 vilkor,
317 695 31 20 att
363 693 136 22 föreskriften
514 694 82 28 derom,
612 696 31 20 att
658 694 44 21 alla
717 694 127 21 kontrakter

100 728 134 22 beträffande
257 727 107 28 prestbols
387 728 183 22 utarrenderande
592 729 52 21 böra
666 728 56 23 inför
741 729 103 21 vederbö-

100 763 68 20 rande
190 762 134 28 domkapitel
346 762 79 22 företes
443 763 40 22 och
499 763 24 21 af
535 763 68 28 sagde
618 763 117 21 auktoritet
750 763 94 22 faststäl-

100 797 42 28 las,
163 796 63 22 äfven
246 797 108 27 framgent
370 797 35 21 må
420 797 59 27 tjena
494 797 32 22 till
542 797 154 28 efterrättelse,
712 798 28 27 på
756 797 36 22 det
806 798 37 21 bo-

100 831 105 22 ställenas
227 831 123 28 ordentliga
370 831 53 22 häfd
446 831 122 28 derigenom
589 832 35 21 må
638 831 74 22 kunna
727 831 117 29 behörigen

100 866 131 21 öfvervakas
246 866 40 20 och
301 865 138 28 betryggas.*

169 899 120 22 Bordlades
304 899 33 21 till
352 901 64 19 nästa
432 900 92 27 plenum.

170 968 117 28 Upplästes
303 968 101 22 enskilda
418 968 206 22 besvärsutskottets
638 967 138 23 betänkande
792 968 6 22 i
809 976 37 14 an-

104 1002 89 27 ledning
207 1002 25 21 af
244 1002 207 28 petitionsförslaget
462 1010 34 14 om
506 1002 191 28 terminsafgiftens
707 1003 140 28 upphörande

103 1037 37 21 vid
156 1036 256 28 elementarläroverken;
431 1037 81 21 hvilket
527 1036 138 22 betänkande
680 1036 56 23 hade
750 1037 97 28 följande

104 1070 94 29 lydelse:

173 1122 8 9 »
186 1105 41 21 Till
248 1104 36 22 det
303 1104 134 28 högvördiga
456 1105 160 28 prestaståndet
631 1105 39 21 bar
684 1105 162 28 kontraktspro-

104 1141 48 20 sten
168 1139 62 21 Sirén
246 1139 103 21 inlemnat
365 1142 30 18 ett
410 1139 210 28 besvärsmemorial,
641 1139 115 29 åsyftande
770 1140 77 21 under-

104 1174 67 26 dånig
186 1174 91 27 petition
292 1173 48 21 från
355 1173 37 22 det
406 1174 134 28 högvördiga
556 1174 86 22 ståndet
658 1174 82 28 derom,
758 1176 32 20 att
805 1173 42 23 den

104 1210 7 20 i
126 1208 82 27 nådiga
223 1208 143 26 kungörelsen
383 1208 25 21 af
420 1208 42 21 den
477 1209 27 21 30
514 1208 87 27 januari
613 1208 53 21 1862
677 1214 63 15 mom.
752 1209 26 19 17
789 1208 58 21 stad-

104 1242 57 28 gade
182 1241 152 28 terminsafgift
348 1241 25 21 af
385 1248 39 15 sex
438 1242 60 22 rubel
514 1242 72 22 silfver
600 1242 33 21 för
648 1241 74 28 bvarje
737 1242 37 21 vid
788 1248 60 22 gym-

105 1277 84 21 nasium
212 1276 53 21 eller
287 1276 65 27 högre
374 1276 181 22 elementarskola
576 1276 119 21 inskrifven
718 1276 58 27 elev,
802 1282 46 16 som

106 1311 49 21 icke
178 1316 77 21 genom
278 1310 163 22 vederbörande
462 1310 150 28 presterskaps
634 1310 62 28 intyg
715 1310 43 21 kan
774 1309 76 29 styrka

106 1346 33 20 att
162 1344 110 28 synnerlig
294 1344 114 28 fattigdom
431 1344 68 22 sådan
518 1344 74 28 afgifts
608 1344 132 27 erläggande
755 1344 94 27 hindrar,

107 1379 67 20 måtte
188 1378 34 20 för
234 1378 115 20 framtiden
365 1378 102 28 upphöra.

176 1412 66 20 Detta
264 1412 121 27 önskemål,
409 1418 45 15 som
476 1412 70 20 blifvit
568 1411 25 21 af
610 1411 86 21 ståndet
716 1412 71 21 såsom
801 1411 49 22 dess

109 1448 50 25 eget
179 1448 89 25 antaget
284 1447 56 20 samt
354 1446 7 21 i
377 1446 102 21 afseende
496 1446 12 21 å
523 1445 119 27 beredning
657 1445 31 22 till
704 1445 97 22 ståndets
817 1446 34 21 be-
