1025 1745
184 146 43 20 488

154 217 41 14 nes
210 211 40 20 och
265 210 66 22 hvars
345 210 107 28 yttringar
468 211 40 20 och
523 210 79 27 följder
617 210 63 22 äfven
692 210 126 21 framkallat
828 210 81 28 ifräga-

156 245 97 21 varande
266 245 192 27 petitionsförslag.
489 245 49 21 Men
552 244 94 21 likasom
659 244 60 22 Guds
730 244 47 22 rike
788 245 49 21 icke
848 245 61 21 kom-

156 285 46 15 mer
221 279 50 21 med
291 281 97 20 utvärtes
407 279 105 28 äthäfvor,
532 279 25 22 sä
571 279 139 21 framdrifves
724 279 37 21 det
776 279 49 21 ieke
841 279 70 21 heller

157 313 50 21 med
229 316 96 19 utvärtes
348 314 72 27 makt,
442 315 53 20 utan
513 314 72 21 såsom
602 313 36 21 det
654 316 24 18 är
693 313 96 22 invärtes
805 314 7 21 i
827 313 83 22 menni-

157 347 92 22 skornas
272 347 95 28 hjertan,
391 348 25 21 så
436 348 69 21 måste
525 348 36 21 det
577 348 68 21 också
659 347 115 22 befordras
788 354 79 21 genom
883 354 27 15 en

157 381 78 22 inifrån
251 382 112 22 verkande
378 382 66 28 kraft,
460 382 73 22 ordets
549 382 41 21 och
605 381 85 23 andans
706 381 64 23 kraft.
796 383 43 26 Jag
851 382 58 21 fruk-

157 418 40 25 tar,
221 418 32 20 att
275 417 21 21 vi
315 417 7 21 i
341 416 61 22 detta
418 416 103 22 afseende
537 416 52 27 föga
603 416 66 22 vinna
686 423 78 20 genom
777 418 32 20 att
824 416 86 28 petitio-

158 456 53 15 nera
226 450 39 22 hos
277 451 103 28 jordiska
394 450 85 28 herrar;
495 451 36 20 må
544 451 22 21 vi
575 450 69 21 hellre
655 450 65 27 flitigt
730 451 131 27 petitionera
871 451 40 21 hos

158 485 95 28 Honom,
277 492 45 15 som
344 488 24 19 är
385 485 67 22 Herre
467 485 7 21 i
488 485 84 21 nådens
587 485 56 27 rike,
661 485 39 21 och
716 487 72 25 troget
802 485 109 22 förkunna

159 519 56 22 både
231 519 60 22 Hans
307 519 146 28 befallningar
469 519 41 22 och
525 520 63 21 Hans
601 518 74 22 löften.
698 519 27 21 Vi
735 519 66 22 hafva
812 519 99 22 sabbats-

158 553 69 28 lagar,
251 553 37 22 det
310 556 25 19 är
353 553 26 28 ju
401 554 45 27 väl,
468 554 62 27 fråga
545 557 24 18 är
583 554 66 21 väckt
663 561 35 14 om
713 553 161 28 behöfligheten
890 553 25 22 af

159 587 64 22 deras
245 588 106 28 revision,
374 588 36 21 det
429 591 24 19 är
471 589 81 27 bättre,
570 588 38 21 och
625 588 116 27 meningen
756 588 51 21 med
823 589 49 21 dem
888 591 24 18 är

158 621 50 22 icke
229 624 32 19 att
281 623 27 21 de
327 623 64 21 skola
404 623 35 21 stå
454 623 78 21 endast
547 623 71 21 såsom
635 629 26 15 en
679 622 42 22 död
737 623 95 21 bokstaf.
862 623 50 21 Men

159 656 35 21 må
209 657 20 20 vi
245 656 72 22 lemna
332 657 82 21 vården
430 664 35 14 om
475 657 70 30 deras
559 656 170 23 handhafvande
746 657 22 21 åt
784 657 41 22 den
841 657 70 22 verld-

158 690 58 27 sliga
229 691 90 21 makten
335 691 40 22 och
388 692 29 27 på
433 691 50 22 dess
499 699 90 20 ansvar;
603 691 39 22 och
657 691 74 22 förrän
744 692 22 21 vi
782 692 89 21 utkasta
885 699 27 14 en

158 725 132 22 förebråelse
304 727 46 20 mot
364 726 127 21 densamma
501 733 34 14 om
546 725 150 28 försumlighet
707 726 6 21 i
725 726 61 21 detta
797 726 114 29 afseende,

159 759 26 21 så
199 760 36 21 må
250 759 22 22 vi
286 760 68 28 lägga
370 760 86 21 handen
472 761 28 27 på
515 761 48 20 vårt
579 762 50 25 eget
643 760 71 27 hjerta
730 760 40 21 och
784 761 128 29 eftersinna,

159 800 35 15 om
215 794 21 21 vi
259 794 47 21 häri
326 794 58 27 gjort
404 795 39 20 allt
458 794 58 22 hvad
531 795 8 20 i
554 795 39 21 vår
608 795 61 20 makt
684 795 45 21 står
745 795 40 21 och
801 795 58 22 hvad
874 796 39 21 vår

160 828 140 28 embetspligt
315 828 92 28 fordrat,
424 831 31 19 att
470 829 50 22 icke
535 835 84 15 samma
633 829 134 22 förebråelse
783 829 35 22 må
828 829 85 22 vändas

160 865 57 19 emot
236 869 35 16 oss
291 863 85 28 sjelfva.
406 864 72 21 Hafva
492 864 31 28 vi,
545 870 46 15 som
606 863 73 22 kallas
695 864 92 21 väktare
802 864 29 28 pä
846 865 67 22 Zions

159 905 78 22 murar,
259 899 58 27 gjort
339 899 58 21 hvad
419 899 21 21 vi
461 899 83 21 kunnat
559 898 33 22 för
607 898 119 22 sabbatens
741 899 68 27 helgd
823 899 41 21 och
879 899 35 22 för

160 932 60 22 Guds
235 933 60 22 rikes
310 933 85 21 tillvext
410 933 77 21 ibland
501 933 51 22 oss?
571 932 72 22 Hafva
658 933 21 21 vi
695 933 63 22 hållit
773 933 46 28 på
806 928 11 38 i
830 934 32 21 tid
873 934 40 21 och

160 967 55 28 otid,
233 967 52 28 lärt,
305 969 81 26 trugat,
406 967 122 22 förmanat?
550 967 72 22 Hafva
640 968 22 21 vi
676 969 71 26 troget
762 968 86 21 arbetat
863 968 51 21 med

160 1002 56 27 lära,
232 1002 43 21 bön
291 1002 39 21 och
347 1001 132 22 efterdöme?
498 1002 72 21 Hafva
585 1002 21 21 vi
621 1001 111 29 frimodigt
747 1002 57 22 inför
818 1002 44 28 hög
873 1003 40 21 och

159 1036 39 27 låg
213 1036 116 21 förkunnat
345 1036 95 22 Herrens
455 1036 74 27 heliga
544 1043 49 14 men
610 1036 71 21 tillika
696 1036 113 22 nådefulla
823 1037 45 21 bud
879 1044 35 15 om

161 1071 118 21 sabbatens
295 1070 66 27 helgd
376 1071 40 21 oeh
432 1071 71 28 saliga
517 1071 73 22 hvila?
610 1071 73 21 Hafva
698 1071 22 21 vi
735 1071 78 22 verkat
829 1071 85 22 derföre

160 1112 78 20 genom
261 1105 177 27 söndagsskolor,
462 1105 103 28 andeliga
587 1105 87 28 samtal,
696 1105 218 22 bönesammankom-

161 1139 59 22 ster?
242 1139 71 21 Hafva
329 1140 21 20 vi
366 1139 50 21 med
431 1139 79 22 kärlek
525 1140 94 27 uppsökt
634 1139 59 28 dem,
709 1146 46 15 som
770 1140 50 21 icke
836 1140 79 28 sjelfva

160 1174 54 27 vilja
227 1173 54 22 höra
297 1174 75 21 ordet?
393 1174 43 27 Jag
451 1176 50 25 tror,
517 1174 21 21 vi
555 1174 44 21 alla
614 1174 69 23 mäste
699 1174 112 28 bekänna,
828 1177 32 19 att
875 1175 39 21 vii

161 1208 39 21 allt
223 1207 60 22 detta
305 1208 88 28 mycket
414 1208 86 28 syndat.
531 1209 78 20 Lätom
625 1215 38 14 oss
677 1208 29 21 dä
721 1208 68 21 hellre
805 1215 109 22 uppmana

159 1242 125 21 hvarandra
299 1244 33 19 att
346 1243 54 20 först
415 1245 53 24 göra
484 1243 40 20 allt
538 1242 58 22 hvad
612 1242 6 21 i
634 1243 39 20 vär
687 1243 61 20 makt
759 1243 46 21 står
815 1243 39 22 och
865 1244 50 21 vårt

161 1277 84 21 embete
268 1276 78 27 tillhör,
367 1275 73 22 förrän
454 1277 23 20 vi
492 1277 71 21 väcka
578 1276 91 27 petition
686 1284 34 13 om
736 1277 42 20 den
794 1277 120 27 verldsliga

160 1309 101 21 maktens
277 1309 96 27 tjenares
388 1309 137 21 tillhällande
541 1311 31 19 att
587 1309 93 27 fullgöra
696 1309 48 21 sina
755 1310 158 27 skyldigheter.

161 1342 83 22 Genom
266 1343 118 21 kärlekens
407 1343 41 21 och
467 1343 85 22 andans
571 1343 61 21 makt
647 1342 76 23 vinnes
739 1344 41 21 och
796 1344 118 27 omskapas

160 1377 95 28 hjertan,
273 1377 28 21 dä
317 1377 97 22 deremot
430 1377 41 22 den
485 1379 57 26 yttre
556 1377 88 22 makten
656 1377 45 22 ofta
712 1378 81 21 väcker
803 1379 112 21 motstånd

160 1411 41 23 och
219 1412 109 21 bitterhet.
359 1413 42 26 Jag
421 1415 70 18 röstar
509 1411 34 22 för
557 1413 32 20 att
604 1411 210 29 petitionsförslaget
829 1413 86 22 lemnas

159 1450 53 22 utan
235 1446 113 29 afseende,
372 1446 40 22 och
434 1446 87 22 förenar
541 1447 44 27 mig
605 1446 87 22 således
708 1447 50 21 med
774 1447 139 28 domprosten
