1009 1748
194 155 40 20 336

233 219 90 20 Prosten
338 217 20 21 J.
373 218 15 20 I.
405 217 89 27 Bergh
511 217 98 20 erinrade
624 216 102 21 hurusom
741 219 87 25 prosten
843 218 71 26 utgått

165 253 47 21 frän
235 252 42 21 den
300 251 95 28 äsigten,
419 254 31 18 att
469 251 166 28 tingspredikan
654 253 23 19 är
693 258 26 14 en
735 251 59 28 helig
808 251 107 28 handling

164 288 34 21 för
214 289 30 19 ett
258 285 110 22 bestämdt
384 285 111 28 ändamål,
512 292 45 15 som
573 285 144 27 ovilkorligen
728 285 100 22 fordrade
840 286 74 21 veder-

164 321 108 22 börandes
288 323 102 24 närvaro,
406 320 112 21 hvaremot
534 319 41 22 den
586 319 182 28 nästföregäende
779 321 84 20 talaren
874 321 40 20 och

165 356 63 21 äfven
247 357 89 26 prosten
351 355 106 20 Hackzell
472 354 73 28 tyckts
560 361 64 14 mena
640 356 32 19 att
687 354 61 21 såväl
765 354 87 22 domare
868 362 46 14 som

165 389 81 22 nämnd
267 390 75 21 kunna
364 396 53 14 vara
439 389 151 21 frånvarande.
624 389 44 20 Det
688 391 69 18 orätta
777 389 7 21 i
803 396 26 14 en
845 389 69 22 sådan

165 424 138 28 uppfattning
325 431 51 14 vore
400 423 67 28 enligt
490 423 95 21 talarens
605 422 57 27 åsigt
674 423 41 20 lätt
729 425 31 19 att
776 423 56 27 inse;
848 425 24 26 ty
886 424 28 27 på

165 465 83 16 samma
270 458 70 27 grund
363 458 70 21 skulle
456 465 27 14 en
504 457 126 27 brudvigsel
653 457 73 21 kunna
745 457 102 22 förrättas
863 460 51 19 utan

164 493 108 22 brudfolk.
302 492 139 22 Beträffande
455 492 229 28 kontraktsprostarne
700 491 110 23 Granfelts
826 492 39 22 och
882 493 32 21 Si-

164 530 51 20 réns
230 527 83 27 förslag
328 534 32 14 om
375 526 255 28 tingspredikningarnes
640 526 102 22 hållande
753 527 29 27 på
792 527 122 28 söndagen,

164 562 74 22 kunde
260 564 88 26 prosten
370 561 33 21 för
422 562 32 20 sin
473 561 35 22 del
524 561 49 21 icke
588 560 59 22 finna
662 561 122 21 detsamma
799 561 115 28 utförbart,

164 597 50 21 med
235 596 141 22 vidhällande
399 595 25 21 af
443 596 37 20 det
501 596 96 27 begrepp
620 602 50 14 man
692 595 77 22 hittills
792 595 67 22 fästat
877 596 37 21 vid

165 631 93 21 nämnde
280 630 162 28 predikningar.
472 630 91 21 Prosten
583 629 51 21 ville
653 630 128 27 visserligen
796 630 50 22 icke
862 633 51 19 mot-

165 668 54 25 säga
239 667 78 26 nyttan
340 664 70 28 deraf,
434 666 31 19 att
487 664 144 28 predikanten
650 664 64 21 äfven
730 664 112 28 söndagen
858 664 56 22 förut

165 700 79 22 ställde
262 700 69 27 några
346 698 148 28 förmaningar
509 699 33 21 till
558 698 58 28 dem,
634 705 45 15 som
693 698 33 22 för
741 701 70 19 rätten
827 699 88 21 komma

165 735 72 27 skola,
254 741 48 14 men
318 733 60 21 detta
394 740 50 14 vore
461 733 56 22 dock
533 740 27 14 en
575 733 45 21 helt
636 740 71 14 annan
723 734 41 20 sak
775 736 56 20 samt
842 734 72 21 kunde

164 769 50 21 icke
234 771 82 19 ersätta
334 768 39 21 och
390 768 94 21 utesluta
500 768 77 27 sjelfva
592 768 172 27 tingspredikan.
794 768 120 28 Angående

164 803 204 27 kontraktsprosten
392 802 73 22 Sirens
488 802 97 28 spetsiga
608 802 153 28 anmärkning,
782 804 31 20 att
827 803 87 27 predik-

164 838 106 26 ningarne
293 836 67 22 borde
380 843 53 15 vara
449 836 81 22 sådane
547 838 31 19 att
593 836 73 28 ryktet
682 844 34 14 om
732 837 48 21 dem
796 837 118 22 tillockade

165 872 99 27 åhörare,
288 871 52 22 ville
363 873 87 26 prosten
472 870 34 23 för
528 870 64 28 öfrigt
614 871 72 22 lemna
710 871 126 22 densamma
854 872 8 21 i
877 872 38 22 sitt

164 906 76 28 värde,
263 913 49 14 men
335 905 78 22 endast
435 905 101 28 begagna
556 905 94 21 tillfället
669 908 32 19 att
716 907 59 26 prisa
790 907 124 21 kontrakts-

164 943 88 25 prosten
268 940 62 22 Sirén
345 939 84 29 lycklig
444 941 32 20 att
491 942 43 25 äga
550 946 26 15 en
591 940 25 21 så
631 939 133 23 afundsvärd
778 941 72 27 gåfva.
880 941 34 21 De

164 975 61 21 fleste
244 974 62 22 torde
325 974 57 21 dock
400 974 49 21 icke
468 982 52 14 vara
536 974 25 22 så
575 974 93 28 lyckligt
683 975 131 28 begåfvade,
830 978 32 18 att
878 976 36 20 de-

163 1017 36 14 ras
220 1010 63 28 rykte
303 1009 73 21 kunde
391 1008 68 22 förmå
473 1009 163 22 vederbörande
652 1012 31 18 att
699 1009 49 21 dem
764 1009 76 27 åhöra,
856 1010 58 28 isyn-

164 1044 76 21 nerhet
256 1050 34 15 om
306 1043 36 21 det
358 1043 62 21 stode
436 1043 44 21 fritt
496 1043 32 21 för
544 1043 88 22 domare
648 1044 39 20 och
703 1044 81 21 nämnd
800 1046 31 19 att
846 1044 68 28 tings-

165 1078 185 28 predikningarne
372 1078 80 21 bivista
472 1078 54 21 eller
540 1078 56 21 icke.
627 1078 107 27 Slutligen
750 1078 50 22 ville
815 1081 98 26 prosten,

164 1112 29 22 då
211 1112 44 22 han
268 1112 49 21 icke
333 1112 73 21 kunde
422 1112 76 27 frångå
513 1112 32 22 sin
562 1112 57 27 åsigt
634 1114 32 19 att
681 1112 167 28 tingspredikan
863 1120 51 14 vore

164 1154 27 14 en
211 1146 60 27 helig
288 1146 106 26 handling
408 1145 33 22 för
456 1148 31 19 ett
501 1146 111 22 bestämdt
627 1146 112 28 ändamål,
756 1147 32 21 till
804 1147 37 21 sitt
856 1147 58 21 förra

163 1180 102 28 yttrande
283 1180 92 26 tillägga
390 1182 32 18 att
438 1180 135 27 densamma,
589 1180 7 20 i
612 1180 105 22 händelse
733 1180 25 21 af
770 1181 143 21 vederböran-

164 1214 39 22 des
218 1214 110 27 frånvaro,
346 1213 66 22 borde
427 1214 107 22 inställas.
564 1215 42 21 För
622 1214 64 28 öfrigt
699 1222 51 14 vore
766 1214 42 22 den
822 1215 92 27 ordning

163 1248 67 27 nödig
246 1250 32 19 att
292 1248 122 28 iakttagas,
431 1250 31 19 att
478 1248 88 22 domare
580 1248 39 22 och
635 1249 81 21 nämnd
730 1248 136 28 högtidligen
882 1250 31 20 in-

163 1282 81 26 tågade
259 1282 8 20 i
282 1282 86 26 kyrkan
384 1282 40 20 och
438 1282 74 26 intogo
528 1282 27 21 de
567 1282 33 21 för
610 1282 49 21 dem
670 1283 114 20 bestämda
795 1284 117 25 platserna.

163 1315 133 27 Derigenom
318 1314 81 28 blefve,
423 1317 52 19 utan
498 1316 66 26 något
586 1315 176 27 fiskaliserande,
781 1316 33 21 för
832 1316 82 21 enhvar

165 1348 81 28 synligt
269 1348 106 22 huruvida
393 1348 27 22 de
439 1356 51 14 voro
506 1348 108 22 tillstädes
631 1349 52 21 eller
698 1349 55 22 icke.
784 1350 129 21 Kontrakts-

164 1384 88 27 prosten
268 1383 64 22 Sirén
346 1382 57 22 hade
418 1383 128 28 visserligen
561 1386 56 19 ännu
632 1384 74 21 tillåtit
722 1384 33 28 sig
771 1391 25 15 en
813 1385 100 21 anmärk-

166 1418 52 27 ning
233 1418 7 21 i
256 1417 118 28 anledning
390 1417 24 22 af
429 1420 99 25 prostens
546 1421 87 19 senaste
647 1419 109 28 yttrande,
771 1426 48 15 men
831 1419 82 22 allden-
