1006 1739
198 147 40 22 276

239 211 75 22 Skulle
339 211 33 21 till
397 211 97 22 ståndets
519 209 100 23 enskilda
646 210 174 22 besvärsutskott
845 209 70 22 remit-

170 242 64 20 teras.

236 308 122 28 Föredrogs
367 307 169 29 nedanstående,
548 308 25 21 af
579 308 106 28 biskopen
694 307 78 22 doktor
780 308 135 21 Frosterus

168 343 84 28 ingifna
262 343 197 29 petitionsförslag:
475 343 65 28 ,Som
550 343 69 22 kändt
630 345 29 26 är,
671 343 65 27 ätogo
747 343 34 28 sig
789 342 126 28 ständerne,

169 379 68 27 enligt
251 378 197 27 riksdagsbeslutet
467 377 41 23 den
524 380 11 19 7
552 377 55 29 april
628 379 63 27 1624,
714 384 26 15 en
756 378 44 22 viss
816 377 55 28 ärlig
886 377 30 22 af-

168 413 40 27 gift
224 413 32 22 till
276 413 78 27 fattige
374 413 104 28 djeknars
494 412 34 29 (af
540 412 168 27 bondeständet)
723 412 124 28 underhäll,
863 412 53 21 hvil-

168 447 43 22 ken
232 447 62 29 afgift
314 447 68 22 under
402 447 159 28 benämningen
581 447 194 29 djeknepenningar
790 447 72 22 såsom
880 447 36 22 be-

168 482 89 28 ständig
271 484 64 20 ränta
350 482 132 22 fortfarande
497 482 118 28 uppburits.
641 482 97 22 Sednare
755 482 40 22 och
806 482 28 22 dä
845 484 72 20 staten

168 516 49 22 icke
232 516 116 22 förmådde
364 517 108 22 förbättra
485 517 111 22 lärarenes
606 516 38 22 vid
657 517 102 22 skolorna
770 517 77 22 snäfva
857 517 59 21 löne-

167 551 77 29 vilkor,
264 551 48 23 blef
329 558 78 21 genom
427 552 64 22 resol.
511 552 28 28 pä
559 551 120 27 allmogens
699 552 78 22 besvär
792 552 42 22 den
849 552 13 21 3
874 551 43 28 juli

168 586 55 21 1683
239 588 13 26 &
268 588 26 20 17
310 586 119 29 bestämdt,
445 588 32 20 att
493 586 64 22 dessa
572 586 71 22 medel
657 586 66 22 borde
738 586 113 22 användas
867 586 49 22 icke

167 621 55 21 blott
244 621 33 21 till
300 621 118 23 understöd
440 622 36 21 för
499 621 26 22 de
545 621 76 28 fattige
642 621 67 22 bland
731 621 184 28 skolungdomen,

166 659 52 18 utan
234 656 64 22 äfven
314 656 32 21 till
362 656 110 22 lärarenes
488 656 102 28 aflöning.
617 656 72 21 Sedan
705 658 84 20 statens
799 656 118 28 tillgångar

166 690 95 22 omsider
274 690 115 28 medgäfvo
404 690 173 23 lärarelönernas
593 690 141 29 förbättring,
755 690 57 22 hade
828 692 36 21 väl
879 698 36 15 va-

165 725 28 21 rit
208 724 33 22 till
256 724 154 29 förmodande,
429 728 33 19 att
477 725 67 22 också
560 725 41 22 den
617 725 64 21 andel
696 726 7 20 i
719 726 65 22 dessa
798 726 72 21 medel
885 726 31 21 lä-

166 766 76 15 rarene
254 759 76 22 dittills
342 760 96 28 ätnjutit,
455 759 94 23 derefter
559 759 89 22 tillfallit
659 760 26 21 de
699 760 78 28 fattige
788 760 127 28 djeknarne.

166 794 30 21 Sä
208 794 83 22 skedde
302 794 57 22 dock
369 794 56 22 icke.
442 794 83 22 Genom
535 794 88 28 kejserl.
635 794 66 28 kung.
713 794 41 22 den
766 795 26 21 21
799 794 50 28 juni
862 795 50 21 1841

166 829 12 25 $
199 829 12 20 5
231 835 63 15 mom.
316 828 20 22 d.
357 828 71 22 blefvo
450 828 229 29 djeknepenningarne
699 830 93 21 tvärtom
814 829 33 21 till
866 829 50 22 hela

166 862 64 23 deras
249 863 80 28 belopp
350 863 39 22 och
408 865 52 20 utan
475 864 72 28 nägon
563 863 138 28 godtgörelse
721 863 36 22 för
772 864 144 22 statsverkets

165 898 95 27 räkning
275 898 151 28 disponerade.

232 933 11 21 I
263 932 118 29 anledning
401 932 65 22 häraf
483 933 40 21 och
544 933 29 21 dä
594 933 93 21 orsaken
708 933 32 21 till
759 933 42 22 den
817 933 46 22 lika
878 941 37 15 an-

164 967 198 28 märkningsvärda
376 974 46 16 som
440 967 194 29 behjertansvärda
649 968 170 28 omständighet,
841 970 32 20 att
889 969 26 22 de

165 1002 144 22 studerandes
330 1003 59 21 antal
405 1002 37 22 vid
461 1002 158 28 universitetet,
641 1002 91 22 oaktadt
747 1002 168 28 folkmängdens

164 1036 7 21 i
186 1036 76 22 landet
277 1036 76 22 starka
372 1037 94 27 tillvext,
487 1043 28 15 nu
535 1037 49 21 icke
600 1037 60 21 torde
676 1044 53 15 vara
748 1040 68 19 större
832 1040 28 19 än
880 1038 35 22 för

165 1071 27 20 40
208 1072 13 20 &
236 1071 28 21 50
280 1071 24 21 är
318 1071 78 28 sedan,
417 1073 52 19 utan
489 1071 76 22 tvifvel
584 1071 68 21 måste
672 1071 66 22 sökas
753 1072 7 20 i
777 1072 138 27 svårigheten

164 1104 37 22 för
216 1105 120 22 medellösa
355 1105 110 22 föräldrar
485 1107 32 19 att
537 1105 128 22 underhälla
683 1106 49 22 sina
750 1106 54 22 barn
819 1106 37 22 vid
872 1107 41 21 ele-

164 1139 224 28 mentarläroverken,
404 1140 33 21 fär
452 1140 33 20 till
500 1139 134 28 högvördiga
645 1140 98 22 ständets
755 1140 160 23 bedömmande

161 1173 42 28 jag
217 1173 125 28 hemställa,
359 1173 106 23 huruvida
479 1174 49 21 icke
543 1174 47 22 skäl
608 1181 50 14 vore
674 1177 32 19 att
720 1174 8 22 i
741 1175 174 28 underdänighet

165 1208 97 28 anhälla,
278 1209 37 21 det
331 1208 230 28 djeknepenningarne
576 1208 141 30 fortfarande,
738 1210 53 20 eller
805 1210 108 22 intilldess

165 1242 191 29 ofvanäberopade
381 1243 175 27 riksdagsbeslut
580 1243 7 21 i
612 1243 179 29 grundlagsenlig
821 1244 93 28 ordning

164 1276 130 28 upphäfves,
310 1277 71 21 blefve
397 1278 35 20 för
448 1277 37 21 det
499 1278 166 26 ursprungligen
681 1278 92 21 afsedda
789 1278 125 21 ändamälet

165 1310 125 22 bibehällna
310 1310 41 22 och
372 1312 119 26 ersättning
511 1310 99 22 tilldelad
629 1310 36 22 för
680 1311 43 22 den
741 1312 32 20 tid
789 1312 24 21 af
825 1320 45 14 mer
886 1315 28 18 än

165 1344 61 28 tjugu
242 1344 24 22 är
280 1344 111 23 desamma
405 1344 36 23 för
457 1345 142 22 statsverkets
615 1344 94 30 räkning
723 1346 121 29 uppburits,
861 1347 54 21 eller

166 1379 40 22 ock
222 1381 31 19 att
268 1379 153 23 motsvarande
437 1380 134 28 statsanslag
585 1380 36 22 för
633 1380 167 28 ifrågavarande
811 1381 102 23 ändamål

165 1414 139 23 anvisades*.

232 1449 157 23 Remitterades
405 1450 33 22 till
453 1450 98 23 ständets
567 1450 101 24 enskilda
683 1451 180 23 besvärsutskott.
