1025 1742
794 140 41 22 555

114 206 92 22 dottren.
236 206 49 22 Hon
300 206 40 22 bör
355 212 68 21 gerna
437 206 58 22 sluta
510 206 33 22 till
558 206 174 22 modersfamnen
748 206 58 28 dem,
818 214 47 14 som

114 240 75 21 känna
203 240 33 27 sig
251 240 72 21 dertill
339 240 91 27 dragna.
461 240 42 21 Det
517 240 39 22 vill
570 242 64 25 säga:
645 240 98 28 kyrkans
753 247 112 21 represen-

114 276 72 19 tanter
204 276 38 19 äro
259 274 145 26 ovilkorligen
419 274 101 27 skyldige
536 275 32 20 att
583 274 111 21 bibehålla
709 276 71 25 vägen
795 277 70 25 öppen

113 307 33 22 för
162 308 49 20 dem
226 307 68 22 bland
310 308 89 21 skolans
415 307 80 27 lärare,
510 308 76 21 hvilka
601 308 74 21 känna
689 308 34 27 sig
733 308 89 21 kallade
833 310 32 20 att

114 348 57 21 egna
191 342 70 21 henne
281 342 34 21 sin
330 341 77 28 tjenst;
423 341 72 21 såsom
510 341 64 22 äfven
590 340 226 29 kyrkolagsförslaget
831 349 34 21 sy-

114 382 40 16 nes
168 376 82 21 bereda
266 376 49 21 dem
330 382 28 15 en
373 375 70 22 sådan
459 377 72 26 utväg.
560 376 104 28 Kyrkans
679 375 40 22 och
735 376 89 22 skolans
835 376 30 22 lä-

114 417 49 15 rare
177 410 53 22 böra
245 410 86 22 således
347 410 31 22 uti
394 410 37 21 det
445 410 167 28 ifrågavarande
628 410 113 22 afseendet
756 410 110 22 likställas

114 444 51 22 med
180 445 134 28 hvarandra,
330 444 41 22 och
386 444 39 22 full
441 444 126 28 reciprocité
582 444 64 22 äfven
662 444 135 22 beträffande
812 445 54 27 tjen-

115 479 194 28 steärsberäkning
324 478 49 22 dem
389 479 93 21 emellan
498 482 42 24 äga
554 486 53 14 rum.
630 479 91 21 Prosten
731 479 83 28 Alopei
824 479 41 23 för-

115 514 49 27 slag
182 516 33 20 att
233 516 62 20 extra
310 514 180 27 ansökningsrätt
505 513 73 23 kunde
593 513 96 22 tilldelas
704 514 161 27 teologielicen-

115 548 71 28 tiater,
207 549 69 21 måste
292 548 42 28 jag
354 551 107 25 motsäga.
490 549 49 21 Den
558 554 42 16 ena
614 548 44 21 kan
674 555 53 15 vara
742 548 76 22 kallad
833 551 33 19 att

114 582 109 22 förvärfva
242 583 34 27 sig
295 584 70 20 större
384 582 93 28 lärdom;
497 582 42 22 den
554 582 70 22 andra
637 582 56 22 icke.
723 583 62 21 Dock
801 590 65 14 anser

112 617 41 27 jag
168 624 53 14 vara
236 617 77 28 nödigt
328 616 41 22 och
384 616 87 22 rättvist
486 619 32 19 att
532 616 52 28 den,
604 623 46 15 som
666 616 64 22 idkar
745 616 120 22 vidsträck-

116 653 46 19 tare
182 652 123 27 teologiska
324 651 89 26 studier,
433 651 34 21 får
481 651 98 21 beräkna
594 651 105 27 tjensteår
714 651 69 22 under
796 651 69 28 tiden;

116 686 72 22 såsom
202 686 41 21 ock
257 688 33 19 att
300 686 65 22 minst
375 686 38 21 två
423 686 36 21 års
469 685 100 28 praktisk
578 686 116 28 presterlig
704 686 145 28 tjenstgöring
859 686 7 21 i

116 720 75 28 hvarje
203 720 37 22 fall
249 720 36 22 må
293 720 108 22 erfordras
409 719 34 22 för
450 720 108 22 vinnande
567 720 25 21 af
596 719 117 22 befordran
721 720 33 22 till
762 722 105 26 pastorat.

184 755 209 28 Kontraktsprosten
416 754 79 22 doktor
516 755 150 27 Europxeus
689 754 96 28 yttrade:
809 754 58 22 Oak-

116 789 48 22 tadt
180 790 27 21 de
223 789 89 22 talande
327 789 59 28 skäl,
403 796 46 15 som
465 789 24 21 af
501 796 26 15 en
542 788 54 22 ärad
610 789 69 21 talare
695 788 71 22 blifvit
777 789 90 21 anförde

115 824 35 22 för
164 824 98 28 kyrkans
276 824 110 28 skiljande
402 823 55 22 ifrån
473 824 88 28 skolan,
582 823 40 21 och
638 823 67 21 ehuru
721 823 37 21 det
773 823 94 21 visserli-

117 865 43 20 gen
180 858 70 21 måste
269 858 122 27 medgifvas
407 860 33 19 att
454 858 42 21 den
509 858 167 27 vetenskapliga
691 857 112 22 lärdomen
819 858 49 21 icke

117 893 56 21 varit
196 892 161 28 öfvervägande
377 892 156 21 fruktbärande
556 891 33 22 för
607 891 37 22 det
662 891 101 28 kristliga
777 891 90 22 försam-

117 926 125 29 lingslifvet,
264 926 92 22 emedan
374 926 83 21 Herren
472 926 49 21 icke
535 925 97 22 tilldelar
647 925 84 22 andans
747 926 76 27 gåfvor
839 926 29 21 ef-

118 963 32 19 ter
170 961 77 21 måttet
267 961 25 21 af
304 960 105 27 verldslig
424 960 79 28 vishet,
519 966 65 16 anser
592 960 42 27 jag
649 960 69 21 likväl
733 959 33 22 för
779 967 89 22 synner-

118 995 58 27 ligen
200 995 129 27 önskvärdt,
353 996 32 19 att
404 994 127 28 föreningen
552 994 93 22 emellan
662 994 73 28 kyrka
750 995 40 20 och
805 995 64 21 skola

118 1030 91 27 sålänge
224 1036 46 15 som
285 1029 85 28 möjligt
385 1029 68 21 borde
468 1029 121 21 bibehållas
603 1028 41 21 och
659 1028 37 22 det
707 1029 32 21 till
750 1029 119 22 hvarderas

118 1071 58 20 gagn
192 1063 40 22 och
248 1065 71 27 nytta;
335 1063 41 22 och
391 1063 44 22 kan
447 1063 42 28 jag
503 1063 33 22 till
550 1063 55 28 följd
620 1063 65 22 häraf
697 1063 49 22 icke
760 1065 68 20 annat
841 1066 28 19 än

118 1099 7 20 i
141 1097 151 22 hufvudsaken
308 1097 119 28 godkänna
441 1097 207 22 besvärsutskottets
664 1097 7 21 i
682 1097 72 21 denna
765 1097 62 28 fråga
838 1097 31 22 af-

118 1132 62 27 gifna
201 1131 151 28 betänkande,
375 1131 57 22 helst
451 1131 28 21 då
497 1132 7 21 i
519 1132 44 21 alla
578 1131 62 28 tider,
656 1138 50 14 men
721 1131 126 28 isynnerhet
862 1132 7 21 i

119 1167 25 21 så
167 1166 80 27 rörliga
269 1165 40 22 och
328 1165 110 28 upprörda
457 1172 46 15 som
517 1166 39 21 vår
570 1165 32 21 tid
618 1168 30 25 är,
664 1165 87 28 kyrkan
766 1165 104 22 behöfver

119 1201 48 20 sina
187 1200 162 27 vetenskapligt
369 1199 88 22 bildade
478 1200 40 21 och
532 1199 63 22 lärda
610 1199 107 22 målsmän
732 1199 40 22 och
788 1199 81 22 försva-

119 1241 58 20 rare;
200 1234 57 21 dock
280 1233 98 22 önskade
397 1233 42 28 jag
460 1233 76 22 härvid
558 1233 59 22 fästa
637 1233 37 22 det
692 1233 77 28 vilkor,
785 1235 32 20 att
833 1233 36 21 vid

119 1268 177 28 prestatjensters
314 1267 131 22 besättande
460 1268 49 21 icke
524 1268 25 22 så
564 1267 163 28 öfvervägande
741 1268 47 27 vigt
803 1268 67 21 måtte

119 1303 70 21 fästas
204 1302 36 21 vid
255 1302 154 27 vetenskaplig
424 1302 83 21 lärdom
522 1301 40 22 och
578 1301 142 28 skicklighet,
732 1308 45 15 som
788 1302 83 21 härför-

120 1337 66 21 innan
203 1336 67 28 enligt
285 1336 104 28 gällande
403 1335 153 29 författningar
571 1337 38 26 ägt
624 1342 52 21 rum,
691 1337 56 20 samt
760 1335 63 22 äfven
835 1342 35 15 en-

120 1371 40 26 ligt
176 1370 37 20 det
227 1377 45 20 nya
286 1370 226 27 kyrkolagsförslaget
527 1370 61 20 torde
603 1376 54 14 vara
671 1369 72 27 fallet,
759 1370 112 20 äfvensom

121 1406 32 19 att
168 1403 28 21 de
211 1403 120 22 skollärare
346 1410 46 14 som
407 1403 7 21 i
429 1403 166 27 församlingens
610 1403 67 27 tjenst
692 1403 89 20 komma
791 1404 32 19 att
833 1409 38 14 an-

121 1437 87 28 ställas,
225 1437 68 28 enligt
307 1437 59 22 hvad
381 1436 38 23 det
433 1443 44 22 nya
487 1436 226 30 kyrkolagsförslaget
723 1436 65 23 äfven
798 1436 73 29 yrkar,
