1034 1739
196 156 29 20 34

168 220 42 22 och
229 222 59 20 utom
307 220 39 21 allt
365 219 83 27 tvifvel,
468 221 32 19 att
517 219 61 22 Hans
593 218 103 28 Majestät
711 218 113 28 verkligen
839 218 8 21 i
861 220 57 20 tron-

169 254 55 23 talet
234 254 92 22 utlofvat
336 253 121 29 periodiskt
467 253 179 23 äterkommande
655 253 139 28 landtdagar,
802 253 42 27 jag
854 253 65 22 äfven

169 296 65 15 anser
253 288 44 22 den
315 288 26 22 af
356 288 123 28 professorn
500 288 124 22 Schauman
643 287 78 28 gjorda
740 288 134 28 proposition
894 287 25 22 sä

168 323 89 29 mycket
277 330 60 14 mera
357 322 128 28 öfverflödig
504 328 47 16 som
571 322 37 22 det
627 322 50 21 icke
696 322 62 21 torde
779 322 53 21 falla
847 322 72 27 nägon

168 358 59 22 finsk
241 358 142 27 medborgare
398 357 23 21 in
436 359 31 19 att
482 357 48 21 frän
545 357 42 21 den
603 356 69 22 andra
687 356 155 27 statsmakten,
862 358 57 20 stän-

169 392 81 22 dernas
265 392 59 28 sida,
339 391 76 22 befara
433 392 67 27 nägot
517 391 111 28 ogillande
648 391 24 21 af
688 391 27 22 de
730 391 89 27 nädigst
833 390 88 23 lofvade

168 426 128 30 periodiska
315 426 170 28 landtdagarne;
506 426 40 22 och
563 426 52 21 ville
626 425 42 28 jag
683 426 88 22 derföre
787 425 60 23 fästa
862 426 58 22 stän-

170 461 49 22 dets
232 460 192 30 uppmärksamhet
437 460 107 28 deruppä,
558 462 32 20 att
603 460 37 21 det
651 460 37 22 vid
696 460 80 22 sädant
784 460 136 22 förhällande

169 496 21 28 ej
207 496 45 21 kan
269 496 82 21 återstå
366 497 66 19 annat
449 497 31 19 att
495 495 71 22 önska
581 497 28 19 än
624 495 104 28 möjligen
744 497 32 19 att
791 495 83 22 erhålla
894 502 27 14 en

169 530 49 22 lika
233 530 123 28 tryggande
371 530 139 26 bestämning
521 536 34 15 om
568 529 140 28 tidslängden
723 529 94 22 emellan
830 529 91 22 berörde

171 564 146 28 landtdagars
327 564 146 22 anställande.
496 564 36 22 Då
542 564 42 28 jag
599 564 68 22 likväl
682 566 51 26 tror,
750 566 33 20 att
797 564 124 28 professorn

171 599 138 22 Schaumans
327 599 7 21 i
353 598 72 22 denna
444 599 98 28 syftning
559 598 137 28 framlaggda
714 598 92 28 petition
824 599 98 21 kommer

170 636 34 19 att
223 634 25 22 af
260 633 88 23 ståndet
363 636 102 25 antagas,
481 640 50 15 men
546 633 43 21 den
605 632 47 22 deri
666 633 127 27 föreslagna
808 633 69 28 tiden,
893 634 29 27 på

169 670 47 21 sätt
233 668 50 22 herr
303 667 93 22 doktorn
415 667 40 22 och
470 667 107 28 biskopen
593 666 82 23 Ottelin
690 670 100 19 närmare
805 667 117 22 framställt

168 703 43 22 och
226 703 125 27 motiverat,
368 705 24 18 är
405 701 73 22 alltför
488 703 59 27 kort,
560 701 41 22 och
612 701 163 28 landtdagarna
782 702 139 28 följaktligen

170 737 69 22 blifva
257 737 141 28 betungande
419 736 72 22 derest
511 737 27 21 de
558 735 71 23 hällas
649 736 63 22 hvart
736 736 70 29 tredje
826 737 25 20 är
869 739 53 20 utan

170 771 106 23 afseende
295 771 78 28 derpä,
389 778 35 14 om
440 770 26 22 de
481 771 34 22 för
528 770 76 28 hvarje
619 771 60 27 gäng
692 771 26 21 af
729 770 102 23 behofvet
846 771 76 28 päkal-

170 806 35 23 las
224 807 54 21 eller
296 805 60 28 icke,
377 807 56 20 samt
453 808 52 20 enär
522 806 62 21 Hans
599 805 125 28 Kejserliga
738 805 105 28 Majestät
858 806 65 22 äfven

169 840 55 29 sjelf
240 841 59 27 gjort
314 840 89 22 skilnad
417 840 82 21 mellan
514 840 42 21 den
570 839 118 28 landtdag,
704 846 47 16 som
765 841 50 20 Han
830 840 93 22 utlofvat

171 875 56 22 efter
242 877 33 19 tre
290 875 32 28 är,
338 874 41 22 och
394 873 27 22 de
434 874 123 27 periodiskt
568 873 178 23 äterkommande
761 874 162 28 landtdagarna

169 909 129 27 framdeles,
322 909 25 22 sä
369 915 64 14 anser
452 909 41 27 jag
511 910 33 19 att
558 907 66 23 dessa
639 908 133 28 landtdagar
787 909 66 21 borde
870 909 54 21 efter

173 944 61 27 regel
248 943 73 22 hällas
336 943 63 21 hvart
413 942 65 23 femte
490 943 30 29 är,
534 945 56 19 samt
603 942 68 22 oftare
684 943 78 22 endast
776 943 28 21 dä
815 943 110 22 särskilda

172 978 41 22 och
232 977 140 32 synnerligen
389 977 85 28 vigtiga
492 977 186 28 omständigheter
696 977 74 22 kunde
791 977 72 22 dertill
881 978 42 21 för-

171 1012 88 21 anleda.
289 1006 71 27 Äfven
378 1011 70 22 finner
460 1012 43 27 jag
522 1011 38 22 det
577 1018 53 15 vara
645 1011 140 28 betungande
800 1011 33 22 för
848 1012 27 22 de
891 1012 33 21 af-

171 1047 104 27 lägsnare
290 1046 113 21 trakterna
421 1046 25 21 af
463 1046 73 21 landet
555 1053 35 15 om
604 1045 163 29 landtdagarna
783 1046 62 22 alltid
861 1047 62 22 skola

172 1081 72 22 hällas
264 1081 8 21 i
289 1080 146 27 Helsingfors,
457 1080 100 22 hvarföre
573 1081 42 27 jag
634 1080 34 21 för
681 1081 45 21 min
742 1081 36 21 del
791 1081 51 22 ville
857 1081 66 22 hafva

172 1115 202 27 ortbestämningen
382 1114 117 23 inskränkt
507 1115 77 22 endast
592 1115 59 21 inom
658 1115 107 22 Finlands
772 1115 151 22 landamären.

240 1149 211 28 Kontraktsprosten
474 1149 86 22 Sirén:
579 1149 36 22 Då
632 1149 61 22 Hans
713 1150 124 28 Kejserliga
857 1149 67 29 Maje-

175 1186 47 20 säts
244 1183 82 22 trontal
348 1183 111 22 bestämdt
480 1186 114 26 upptager,
614 1185 33 20 att
666 1185 62 21 Hans
746 1184 104 27 Majestät
867 1184 58 22 skall

173 1219 47 20 läta
237 1221 99 25 uppgöra
354 1217 83 28 förslag
455 1217 33 22 till
503 1218 83 21 sädane
601 1217 153 29 förändringar
768 1219 41 21 och
825 1219 78 27 tillägg
917 1219 9 21 i

174 1253 53 21 vära
245 1251 140 29 grundlagar,
405 1259 46 14 som
470 1254 38 19 äro
526 1252 141 28 nödvändiga
681 1251 34 23 för
729 1253 54 21 vära
797 1252 128 23 nuvarande

172 1286 167 27 förhållanden,
362 1285 75 21 hvilka
460 1286 61 21 Hans
544 1286 124 27 Kejserliga
688 1286 104 28 Majestät
812 1290 64 24 säger
891 1287 34 27 sig

173 1320 55 28 vilja
242 1319 131 22 ständernas
384 1319 102 27 pröfning
496 1320 114 27 förelägga
621 1320 38 21 vid
671 1322 65 19 nästa
749 1320 116 28 landtdag,
879 1327 47 15 som

174 1355 62 21 Hans
257 1353 125 29 Kejserliga
404 1353 104 29 Majestät
527 1354 39 22 har
585 1354 34 22 för
636 1354 67 29 afsigt
723 1356 33 20 att
776 1355 56 22 efter
850 1357 33 20 tre
901 1356 25 21 år

172 1388 173 29 sammankalla;
365 1388 29 22 då
408 1388 8 22 i
431 1395 83 15 samma
534 1388 82 28 nådiga
635 1390 80 21 trontal
734 1390 75 22 vidare
831 1390 94 22 utlofvas

172 1431 30 15 en
217 1423 161 23 vidsträcktare
393 1422 253 30 sjelfbeskattningsrätt
657 1426 55 20 samt
724 1424 42 23 den
779 1425 146 29 motionsrätt,

172 1466 50 15 som
244 1458 119 23 ständerne
383 1458 25 21 af
422 1458 61 22 ålder
498 1458 91 29 tillhört,
606 1459 110 22 äfvensom
732 1460 123 28 periodiskt
870 1460 56 23 åter-
