1045 1745
799 143 41 23 521

128 207 66 29 insigt
210 207 39 22 och
265 207 152 29 öfvertygelse,
432 209 97 22 hvarföre
541 209 41 28 jag
596 209 67 22 redan
679 210 25 21 af
714 210 71 21 denna
795 210 73 22 anled-

129 242 52 27 ning
203 249 67 20 gerna
290 243 52 26 säge
362 245 31 18 att
409 243 127 27 afgörandet
551 244 70 21 skulle
637 245 32 20 till
685 251 71 14 annan
771 245 31 20 tid
817 251 52 21 upp-

129 276 91 27 skjutas.
249 276 64 22 Utom
334 276 64 22 dessa
413 277 57 22 mina
486 278 100 21 enskilda
599 278 83 27 vigtiga
697 279 48 21 skäl
761 279 64 21 hafva
840 286 29 14 nu

129 310 81 22 anförts
229 311 78 26 mänga
325 311 67 21 andra
410 312 148 27 välerundade
574 313 168 27 anmärkningar
757 315 56 19 emot
827 313 41 20 frä-

128 342 54 31 gans
198 345 139 28 upptagande
352 345 32 23 till
400 345 82 28 slutligt
497 347 124 27 afgörande.
644 347 122 28 Principen,
777 348 28 27 pä
816 347 52 21 hvil-

129 381 42 20 ken
192 380 41 21 den
251 380 118 27 kejserliga
388 381 161 27 propositionen
564 381 93 28 grundat
672 382 37 22 sitt
724 381 89 28 förslag,
831 382 38 21 har

129 414 24 22 af
165 414 143 27 lagutskottet
320 415 119 22 förkastats
449 416 39 21 och
500 423 26 14 en
536 423 72 15 annan
619 416 82 27 princip
712 416 157 22 substituerats.

128 449 152 27 Anledningen
294 449 32 21 till
341 449 153 28 lagutskottets
510 450 123 22 förfarande
647 450 40 22 har
701 451 55 21 varit
772 451 50 28 den,
838 453 32 20 att

128 483 106 22 utskottet
255 484 49 21 icke
327 484 58 21 velat
407 484 58 22 stifta
484 485 36 27 lag
537 485 29 28 pä
582 491 25 15 en
622 485 161 28 förutsättning,
800 485 69 22 sädan

129 525 45 15 som
190 517 278 29 kommunalförfattningen
484 521 58 20 ännu
557 521 29 20 är.
616 520 35 21 Dä
665 519 118 22 emellertid
793 527 76 21 propo-

129 553 118 22 sitionerna
261 560 34 14 om
305 553 282 28 kommunalförvaltningen
594 554 69 27 jemte
674 554 195 22 ekonomieutskot-

129 589 41 20 tets
193 587 153 22 betänkanden
367 595 28 14 nu
413 590 59 19 snart
487 591 37 19 äro
540 590 32 19 att
586 588 131 28 införvänta,
734 589 24 21 sä
774 589 42 21 kan
828 589 42 28 jag

129 622 138 27 sannerligen
289 622 48 21 icke
359 623 56 27 inse,
436 622 98 22 hvarföre
550 623 18 27 ej
585 623 49 21 med
649 623 87 28 frågans
750 623 119 27 afgörande

128 657 73 22 kunde
224 657 63 22 anstå
308 657 71 21 denna
401 657 62 21 korta
483 657 38 22 tid.
549 658 51 21 Man
614 658 73 21 kunde
703 657 28 22 då
746 658 49 21 med
810 665 59 14 mera

128 691 102 29 trygghet
244 694 57 25 yttra
317 691 35 28 sig
366 691 81 29 derom,
464 693 67 20 sedan
547 699 49 14 man
611 692 56 21 hade
681 693 34 27 sig
725 692 80 22 bekant
816 693 54 21 huru

128 727 76 27 frågan
223 733 34 14 om
271 726 283 27 kommunalförvaltningen
568 727 71 21 blifvit
654 727 6 20 i
676 727 86 21 ståndet
777 727 92 28 afgjord.

129 762 41 27 Jag
185 761 87 22 förenar
286 761 44 28 mig
345 761 84 22 derföre
445 761 48 22 med
509 761 26 22 de
551 762 68 21 talare
635 768 45 15 som
695 761 65 29 yrkat
774 762 29 28 på
818 769 52 21 upp-

129 796 57 28 skof,
204 796 91 22 emedan
311 797 68 22 saken
395 796 123 28 derigenom
533 796 113 28 ingenting
660 797 44 20 kan
719 796 87 29 förlora,
821 803 49 15 men

128 831 108 29 betydligt
251 831 71 22 vinna.

195 866 50 21 Som
260 866 66 27 ingen
341 866 68 21 talare
425 865 74 22 vidare
515 865 100 22 anmälde
630 866 42 27 sig,
689 866 145 22 framställdes
848 866 25 22 af

128 901 49 21 herr
189 901 137 21 talemannen
341 900 96 29 följande
452 900 142 29 proposition:

195 935 69 22 Anser
278 935 82 22 ståndet
375 937 30 27 sig
416 936 73 21 kunna
498 943 30 14 nu
536 939 74 24 genast
615 935 101 28 företaga
727 935 68 22 denna
801 935 69 29 fråga

129 971 32 20 till
176 970 125 29 afgörande,
317 970 49 21 eller
380 971 57 20 icke?

194 1005 136 22 Besvarades
345 1005 49 21 med
410 1005 25 20 15
450 1006 35 28 nej
500 1006 56 21 emot
567 1005 26 21 13
603 1006 35 27 ja.
669 1004 45 23 Och
725 1005 69 21 skulle
806 1005 64 22 alltså

128 1039 77 27 frågan
220 1039 128 28 uppskjutas
363 1039 106 22 intilldess
483 1039 263 22 utskottsbetänkandena
761 1047 34 14 om
810 1040 60 21 kom-

129 1073 232 28 munalförvaltningen
376 1074 7 20 i
399 1073 101 22 städerna
516 1074 40 21 och
570 1074 14 21 å
598 1073 74 22 landet
685 1073 74 22 hunnit
770 1074 32 21 till
813 1074 56 22 stän-

130 1108 36 22 det
180 1108 61 28 ingä;
257 1108 88 22 hvarom
359 1108 142 22 medständen
516 1108 70 22 skulle
600 1108 144 22 underrättas.

195 1177 60 21 Härä
274 1177 73 27 afgick
368 1184 26 14 en
410 1177 134 28 deputation,
560 1177 67 22 under
641 1177 119 22 anförande
775 1177 24 21 af
813 1178 57 21 dom-

129 1213 87 27 prosten
238 1211 66 28 Borg,
327 1211 33 22 för
379 1213 32 19 att
431 1212 101 21 meddela
551 1211 26 22 de
595 1211 25 22 af
634 1211 151 28 medständen,
802 1219 45 14 som
863 1212 7 21 i

130 1246 43 27 dag
190 1245 56 22 hade
262 1246 95 28 plenum,
376 1245 156 22 underrättelse
547 1246 19 28 ej
582 1245 83 22 mindre
681 1253 33 14 om
727 1246 144 21 nästnämnde

128 1280 80 27 beslut,
232 1282 28 19 än
282 1282 31 19 att
336 1279 87 22 ståndet
440 1280 78 21 bifallit
532 1280 145 27 bevillnings-,
694 1280 121 21 ekonomie-
831 1280 39 21 och

130 1314 176 22 statsutskottens
325 1313 81 27 förslag
420 1314 112 26 angäende
547 1315 65 21 sättet
627 1314 32 21 för
674 1314 159 27 behandlingen
849 1314 24 20 af

129 1348 81 27 nådiga
231 1348 161 27 propositionen
413 1355 35 14 n:o
471 1349 33 20 31.
534 1348 60 21 Efter
616 1355 26 14 en
663 1348 74 21 stunds
756 1348 113 21 bortavaro

131 1382 97 21 återkom
239 1381 153 28 deputationen
403 1383 56 21 samt
469 1382 147 26 tillkännagaf
623 1383 32 20 att
665 1382 117 26 höglofliga
790 1382 81 21 ridder-

130 1416 78 28 skapet
228 1415 40 22 och
288 1415 64 22 adeln
369 1415 50 22 icke
437 1415 56 21 hade
508 1415 94 28 plenum,
619 1415 98 22 hvarföre
731 1415 140 23 underrättel-

130 1457 64 16 serna
209 1450 78 23 endast
301 1451 84 21 kunnat
399 1449 28 23 de
443 1449 66 28 öfrige
523 1449 142 23 medständen
681 1449 112 29 delgifvas,
