1031 1736
207 147 26 20 98

177 210 31 22 lif.
237 211 44 21 Det
297 210 82 22 saknas
394 210 88 22 derföre
497 210 50 22 icke
561 211 99 27 exempel
675 211 29 27 på
719 211 58 27 dem,
792 217 46 15 som
848 218 79 21 genom

178 244 85 23 sådana
281 244 74 22 färder
374 244 72 22 blifvit
465 245 68 21 redan
553 246 7 21 i
575 252 69 21 yngre
659 245 25 21 år
698 245 131 27 oförmögna
848 245 34 22 till
897 246 31 21 all

178 278 75 23 vidare
268 278 152 29 tjenstgöring.
449 279 36 21 Då
500 286 27 14 en
543 278 173 23 extraordinarie
734 281 60 26 prest
811 280 76 21 träffas
905 279 28 22 af

177 312 70 23 sådan
265 313 90 28 olycka,
375 313 40 21 har
429 313 44 22 han
488 313 36 22 för
539 313 34 22 sin
589 313 138 22 återstående
742 313 70 22 lifstid
827 315 32 20 att
874 313 52 32 hop-

176 353 41 22 pas
239 347 84 28 knappt
343 347 26 22 så
389 347 98 28 mycket,
509 354 46 15 som
575 347 33 22 till
629 347 109 22 brödföda
756 347 111 22 behöfves.
897 348 31 21 Ar

176 381 73 22 dertill
264 381 73 27 någon
352 381 117 22 helsovård
483 381 53 22 eller
552 381 95 22 särskild
662 381 84 22 skötsel
760 381 111 28 behöflig,
887 381 42 21 har

176 415 44 21 han
239 415 73 21 dertill
330 414 50 22 icke
395 414 102 28 tillgång,
517 418 24 25 ty
557 415 37 22 det
608 415 63 27 ringa
686 415 119 22 understöd
820 415 25 22 af
857 416 70 26 några

176 449 63 22 tiotal
254 449 61 21 ruhel
330 448 44 22 han
393 449 46 21 kan
459 449 84 22 erhålla
558 452 25 19 är
597 449 92 22 alldeles
704 449 150 26 otillräckligt.
884 449 45 28 Jag

176 483 69 28 vågar
260 483 88 22 derföre
363 482 126 28 ödmjukast
502 483 85 22 föreslå
597 483 37 22 det
647 483 135 28 högvördiga
792 483 134 28 prestastån-

176 517 46 28 det,
244 519 33 20 att
293 523 54 16 vara
361 517 92 22 betänkt
467 518 29 27 på
510 517 73 28 någon
597 517 91 28 lämplig
702 519 68 26 utväg
783 517 33 22 till
830 519 97 20 extraor-

177 551 84 22 dinarie
276 553 123 26 prestmäns
413 551 164 28 pensionering,
598 551 29 22 då
642 551 28 22 de
686 558 78 21 genom
780 551 102 28 sjukdom
897 551 29 22 el-

176 585 33 22 ler
228 584 195 30 olyckshändelser
442 584 69 23 blifva
530 584 149 23 urståndsatte
702 587 32 20 att
755 585 76 22 vidare
849 585 77 28 tjenst-

176 622 54 25 göra
245 620 41 21 och
301 619 56 22 söka
372 620 34 21 sin
421 619 126 29 befordran,
563 620 54 21 eller
631 619 68 23 blifva
714 620 96 28 orklöse,
826 621 54 20 utan
894 621 34 20 att

175 654 66 22 hafva
256 654 87 21 erhållit
359 653 73 28 stadig
445 653 210 28 tjenstebefattning.
684 654 50 22 Den
755 654 172 22 extraordinarie

175 690 100 25 prestens
291 688 80 21 osäkra
385 687 97 28 framtid,
499 688 7 21 i
521 688 118 28 synnerhet
649 688 8 20 i
667 688 27 21 de
705 687 25 22 af
737 688 45 27 mig
792 694 29 16 nu
831 688 96 21 nämnda

175 721 48 29 fall,
239 724 26 19 är
279 721 125 27 säkerligen
419 721 50 22 icke
484 724 53 20 utan
551 721 124 28 betydelse,
691 722 29 21 då
733 728 51 15 man
798 722 65 22 söker
873 724 55 24 göra

177 756 34 27 sig
230 755 54 23 reda
303 756 36 21 för
359 756 118 21 orsakerne
491 756 33 21 till
540 756 43 22 den
598 756 41 21 allt
652 762 46 15 mer
713 756 131 27 tilltagande
856 758 72 25 prest-

176 790 104 22 bristen".

243 824 122 22 Bordlades
379 824 32 21 till
427 824 70 22 andra
511 824 95 22 härefter
620 824 120 22 infallande
755 824 95 28 plenum.

243 859 211 28 Kontraktsprosten
469 858 79 23 doktor
563 858 121 23 Granfelt
699 860 101 27 uppläste
814 859 40 22 och
864 858 68 28 ingaf

174 892 101 29 följande
291 892 58 22 elfva
363 892 124 29 skriftligen
502 893 105 22 affattade
622 893 206 22 besvärsmotioner:

242 927 32 28 4)
303 927 58 21 Från
376 927 200 22 kommittenterne:

175 961 39 22 1:0.
244 961 151 28 Landtdagars
409 961 170 22 återkommande
592 961 53 28 efter
655 962 57 21 vissa
723 961 107 22 bestämda
841 963 85 20 kortare

241 995 140 26 mellantider,
397 999 56 17 samt
466 995 106 22 Finlands
587 995 86 22 ständer
685 995 49 22 eller
744 995 90 22 utvalda
849 995 77 21 ombud

244 1029 99 28 derjemte
365 1029 115 21 tillerkänd
496 1030 133 21 motionsrätt
643 1030 9 21 i
666 1029 45 22 alla
721 1029 153 29 fosterlandets
888 1029 40 21 väl

241 1062 91 21 rörande
347 1062 178 29 angelägenheter.

237 1096 76 28 Dessa
328 1095 152 28 underdåniga
493 1097 135 27 önskningar
642 1097 66 22 hafva
723 1097 63 21 alltid
800 1097 72 22 blifvit
887 1097 37 21 be-

174 1130 103 22 traktade
292 1131 72 21 såsom
377 1130 142 28 nödvändiga
532 1131 71 21 vilkor
617 1131 37 21 för
662 1131 143 27 möjligheten
818 1133 33 20 att
860 1131 64 22 reali-

173 1171 50 15 sera
237 1166 32 19 ett
283 1164 176 22 konstitutionelt
473 1164 177 22 samhällsskick.
678 1165 34 21 En
732 1165 93 27 sanning
840 1172 46 14 som
902 1164 27 22 af

173 1200 39 20 vär
226 1198 137 27 högsinnade
379 1198 117 21 Storfurste
507 1198 33 21 till
551 1198 50 22 dess
611 1200 59 19 rätta
680 1198 40 21 och
731 1198 68 28 djupa
809 1199 115 27 betydelse

172 1231 113 22 allaredan
300 1231 72 22 blifvit
386 1231 116 28 uppfattad
517 1231 40 22 och
572 1232 29 27 på
611 1232 53 21 våra
678 1232 156 21 förhållanden
844 1232 79 21 tilläm-

171 1266 54 27 pad,
245 1265 78 22 förrän
337 1265 22 22 vi
377 1272 38 15 ens
431 1265 78 21 hunnit
523 1267 32 19 att
570 1266 74 21 derom
659 1269 53 23 göra
727 1266 73 26 någon
816 1265 108 22 underdå-

171 1299 39 27 nig
223 1298 99 29 petition.
352 1298 58 21 Ifrån
430 1298 72 22 första
517 1298 72 27 dagen
604 1297 25 22 af
641 1298 149 22 innevarande
803 1298 120 28 landtdags

172 1332 115 29 öppnande
302 1331 67 22 hafva
383 1332 22 21 vi
419 1333 58 21 Dess
490 1332 125 28 högtidliga
628 1331 53 22 löfte
697 1339 34 15 om
748 1334 32 19 att
794 1332 66 22 dessa
869 1332 54 21 våra

171 1369 55 20 mest
245 1366 196 29 maktpåliggande
457 1367 135 27 önskningar
606 1366 37 22 för
657 1365 117 23 framtiden
788 1366 86 23 komme
890 1368 33 20 att

170 1403 29 26 gå
214 1402 7 21 i
237 1401 133 28 fullbordan,
393 1401 41 22 och
452 1402 39 21 vår
510 1401 91 22 trofasta
619 1401 138 22 tacksamhet
772 1401 58 22 skall
844 1397 79 32 utgöra

169 1436 66 23 lönen
249 1435 36 23 för
301 1436 72 22 denna
388 1435 145 29 ovärderliga,
549 1436 117 22 tillitsfulla
681 1437 72 27 gäfva.
777 1436 41 22 Oss
829 1436 95 22 återstår
