1006 1745
204 151 39 19 262

175 216 49 19 nast
244 215 28 26 på
292 214 36 21 det
348 214 77 27 högsta
445 214 112 21 invecklar
575 213 50 22 hela
640 214 47 20 vårt
706 214 80 21 skatte-
806 214 39 21 och
865 221 52 21 upp-

176 248 129 28 bördsverk,
326 253 50 16 utan
401 248 41 21 ock
464 248 90 21 innebär
579 255 26 14 en
627 250 43 19 stor
694 248 113 27 orättvisa,
831 251 24 18 är
875 249 41 20 den

176 282 71 22 finska
267 282 90 27 jordens
387 283 59 21 olika
474 282 140 27 beskattning
637 282 56 21 både
718 283 32 20 till
775 283 77 28 belopp
878 283 39 21 och

176 317 77 28 grund,
270 317 49 22 med
330 317 50 22 dess
391 317 59 22 olika
459 317 156 28 benämningar
626 317 24 22 af
660 317 78 29 krono,
755 317 81 29 skatte,
853 318 64 21 frälse

175 359 28 14 m.
219 359 26 14 m.
262 352 39 21 och
318 352 27 21 de
360 352 152 27 mängahanda
527 352 139 27 undantagen
684 352 32 21 för
732 352 41 21 den
789 359 40 14 ena
844 353 73 27 lägen-

177 386 64 22 heten
262 387 54 21 ifrån
336 388 39 26 ett,
394 386 33 22 för
443 387 40 21 den
502 387 69 21 andra
585 387 55 21 ifrån
656 390 30 18 ett
702 389 67 19 annat
784 394 61 15 onus.
875 388 44 21 Det

177 428 65 20 synes
262 421 56 21 dock
337 422 92 27 obilligt,
447 424 31 18 att
495 422 41 20 den
556 428 40 15 ena
613 421 84 21 torfvan
708 422 25 20 af
744 429 81 14 samma
843 422 74 21 foster-

175 455 51 27 jord
249 455 57 22 skall
327 455 73 22 skatta
419 455 134 22 annorlunda
574 458 27 18 än
620 455 41 22 den
679 456 74 21 andra.
785 457 33 20 En
837 457 80 20 skatte-

173 489 116 28 jemkning
303 497 51 14 vore
370 490 84 21 derföre
469 490 114 27 högeligen
599 490 25 21 af
636 490 100 21 behofvet
746 491 116 28 påkallad,
879 491 39 21 och

178 523 36 22 det
233 531 50 14 vore
301 524 84 28 nödigt,
406 527 31 19 att
456 531 25 14 en
500 525 80 21 komité
599 525 111 21 nedsattes
725 525 33 21 för
773 527 31 19 att
819 525 100 22 utarbeta

176 558 82 27 förslag
278 559 7 20 i
301 558 71 21 denna
387 559 188 28 vidtomfattande,
597 561 82 19 statens
694 559 40 21 och
750 559 41 22 den
807 560 111 21 enskildes

175 594 51 26 rätt,
248 599 48 15 men
312 593 67 21 också
397 593 89 22 allmänt
502 593 40 22 och
557 593 95 22 enskildt
667 593 35 21 väl
718 594 24 21 så
757 597 54 18 nära
826 594 93 21 rörande

175 627 166 28 angelägenhet.
371 628 131 27 Härigenom
520 628 70 21 skulle
609 628 40 21 ock
669 628 41 21 den
730 629 25 20 så
769 629 84 27 vigtiga
869 635 49 21 ego-

177 661 143 28 styckningen
341 662 39 21 och
395 662 205 28 jordafsöndringen
620 663 74 21 lättast
708 666 63 24 göras
787 663 81 28 möjlig,
888 664 31 21 in-

175 696 99 27 hysings-
296 696 38 21 och
357 697 203 27 sytningsväsendet
585 697 123 28 försvinna,
732 697 91 28 jordens
845 698 74 27 odling

176 730 39 21 och
234 731 53 20 vård
303 731 106 21 allrabäst
425 731 121 28 befordras,
563 731 41 21 den
614 730 33 22 för
658 731 81 22 skatte-
751 732 39 21 och
801 732 118 28 uppbörds-

176 765 77 20 verket
281 765 111 21 äfvensom
419 765 161 22 landtmäteriet
605 765 80 28 nödiga
710 766 209 28 tjenstepersonalen

176 799 74 21 kunna
265 799 49 21 med
330 799 129 22 åtminstone
475 800 82 21 hälften
572 800 142 28 förminskas,
731 801 49 27 och,
795 801 59 21 hvad
873 808 46 15 som

177 833 85 22 kanske
278 836 24 19 är
315 833 37 22 det
367 834 180 29 allravigtigaste,
567 841 77 21 genom
659 835 105 21 rättvisan
779 835 24 21 af
816 835 42 22 den
873 835 46 22 lika

177 867 224 28 skattefördelningen
421 871 31 19 ett
470 869 60 21 sinne
552 869 24 21 af
592 869 102 22 inbördes
717 869 76 22 kärlek
812 870 39 21 och
871 870 48 21 bro-

178 902 106 28 derlighet
299 903 78 21 verkas
392 903 92 21 emellan
499 903 100 28 samtliga
615 903 64 22 stånd
697 903 40 22 och
755 904 91 21 klasser.
877 905 43 26 Jag

177 937 67 27 vågar
259 936 84 23 derföre
355 937 88 28 föreslå,
458 939 32 19 att
505 945 26 14 en
546 937 136 28 underdånig
696 938 90 27 petition
797 945 34 14 om
842 939 78 27 åtgärd

176 971 7 21 i
198 971 60 21 detta
269 971 56 28 syfte
336 972 67 21 måtte
413 974 64 25 göras
493 972 38 21 och
546 972 27 22 de
588 972 68 27 öfriga
673 972 91 22 stånden
775 973 101 27 inbjudas
887 975 32 19 att

176 1005 47 21 häri
238 1005 109 28 deltaga".

245 1040 76 21 Skulle
338 1040 7 21 i
365 1040 103 21 afseende
487 1041 13 20 å
516 1040 119 28 beredning
652 1041 33 21 till
706 1041 97 22 ståndets
817 1041 102 22 enskilda

176 1074 174 22 besvärsutskott
365 1075 127 21 remitteras.

244 1143 121 27 Föredrogs
383 1143 40 22 och
442 1143 148 22 remitterades
605 1144 33 21 till
654 1145 97 21 ståndets
767 1145 101 21 enskilda
882 1145 36 22 be-

177 1177 144 22 svärsutskott
335 1179 30 19 ett
378 1178 25 20 af
411 1180 87 25 prosten
510 1179 25 20 H.
544 1178 93 21 Heikel
646 1179 119 21 inlemnadt
773 1179 145 28 petitionsför-

177 1211 57 28 slag,
251 1212 25 20 sä
290 1211 105 28 lydande:
415 1213 49 25 ,Ett
479 1213 58 20 svärt
552 1212 125 28 bekymmer
688 1213 6 20 i
704 1213 180 27 församlingarne
896 1217 24 18 är

177 1245 80 22 värden
274 1245 24 22 af
311 1246 26 21 de
353 1246 167 27 mängenstädes
536 1246 95 22 varande
652 1247 141 28 sinnessvaga
808 1255 109 20 personer,

177 1279 89 22 hvilken
281 1280 79 27 olycka
375 1287 26 14 en
417 1283 73 24 pastor
504 1281 109 26 knappast
630 1281 43 20 kan
692 1284 66 18 annat
774 1284 27 18 än
817 1282 100 26 beklaga,

178 1319 48 14 men
242 1312 48 21 icke
305 1312 77 22 lindra.
412 1313 94 21 Insända
525 1314 32 20 till
576 1313 139 27 profdärkurs
733 1314 154 26 undergäende
907 1316 13 19 &

178 1346 201 29 länelasaretterne,
402 1347 132 22 äterkomma
557 1347 27 22 de
607 1347 53 22 efter
683 1349 36 21 tvä
741 1348 114 29 mänader,
875 1349 45 22 ofta

178 1380 142 29 försämrade,
337 1381 31 22 till
382 1384 47 26 nytt
443 1382 40 22 och
497 1383 87 21 svärare
602 1383 126 28 bekymmer
743 1383 32 22 för
790 1386 74 26 pastor
879 1385 40 21 och

178 1416 161 28 församlingen.
369 1417 10 21 I
395 1417 26 21 de
437 1419 77 20 tvenne
528 1417 247 30 därvärdsanstalterne,
792 1425 45 16 som
848 1419 71 22 finnas

180 1451 6 22 i
202 1451 83 28 landet,
301 1451 43 22 kan
358 1451 48 22 icke
423 1454 102 26 utrymme
541 1452 32 22 för
584 1452 48 22 dem
643 1453 98 22 beredas.
772 1453 50 22 Ofta
832 1453 86 23 fästade
