1020 1739
777 136 39 20 141

93 198 90 24 landets
204 200 89 22 ständer
312 207 30 15 nu
362 200 155 22 sammanvarit
535 200 57 22 visat
608 200 42 28 sig,
672 200 74 22 hvilka
763 201 83 27 svårig-

95 234 67 28 heter,
179 236 32 20 att
226 234 49 22 icke
290 237 80 19 nämna
385 234 120 22 kostnader
519 234 36 22 för
568 234 142 27 statsverket,
726 234 120 28 språkdua-

94 268 79 21 lismen
188 268 120 27 medförer;
324 268 102 27 slutligen
443 268 28 21 då
487 268 59 21 detta
558 269 48 21 vårt
616 269 229 27 representationssätt

94 304 41 25 gör
158 302 36 21 det
217 304 57 19 ännu
296 308 45 15 mer
361 304 28 19 än
409 308 79 15 annars
507 302 145 27 nödvändigt,
668 304 33 20 att
717 302 42 22 den
775 302 71 22 finska

93 336 112 26 allmogen
220 335 105 23 försättes
340 336 7 21 i
363 336 89 21 tillfälle
468 338 32 19 att
515 336 96 21 inhemta
629 343 27 14 en
671 336 66 28 högre
753 336 55 28 grad
823 336 25 21 af

94 369 96 22 vetande
206 370 40 21 och
257 370 104 27 insigter:
382 370 25 21 så
426 376 65 21 synes
510 370 44 27 mig
569 370 25 21 af
607 370 39 21 allt
660 369 61 22 detta
737 370 108 28 klarligen

94 403 86 27 framgä
202 404 190 27 nödvändigheten
416 403 25 22 af
460 404 95 28 kraftiga
577 403 114 28 ätgärders
710 404 134 28 vidtagande

96 438 92 28 derhän,
205 440 32 19 att
248 438 112 28 möjlighet
370 438 92 22 beredes
473 438 61 22 säväl
545 438 36 22 för
591 438 27 21 de
628 438 112 22 blifvande
751 438 92 22 embets-

96 474 94 19 männen
206 474 32 19 att
256 472 110 28 grundligt
381 472 47 22 lära
442 472 34 28 sig
490 472 71 22 finska
577 472 98 28 spräket,
694 479 45 15 som
755 472 37 22 för
806 472 39 22 fol-

96 506 38 22 ket
156 506 60 28 sjelft
236 509 31 19 att
287 506 67 22 blifva
374 506 173 28 delaktiggjordt
563 506 24 22 af
600 506 119 22 samtidens
734 507 111 21 allmänna

96 540 109 28 bildning,
229 540 139 28 hvarigenom
387 540 42 22 ock
447 548 27 14 en
492 541 104 21 nationell
612 541 196 27 sammanslutning
823 541 26 21 af

96 574 28 22 de
139 574 73 22 skilda
223 575 218 22 samhällsklasserna
452 575 6 21 i
469 574 181 23 fäderneslandet
660 574 73 22 kunde
744 575 101 28 tillväga-

95 609 97 27 bringas.

164 643 68 21 Detta
247 642 44 22 kan
306 642 7 22 i
327 643 43 21 min
386 642 67 22 tanke
468 643 77 21 vinnas
561 642 78 23 endast
652 650 76 20 genom
741 650 27 15 en
779 643 66 22 ända-

95 677 117 28 mälsenlig
228 677 147 28 organisation
391 677 25 21 af
428 677 172 22 skolväsendet
589 673 12 36 i
611 678 83 27 landet,
711 678 40 21 och
763 678 34 21 fär
803 678 42 27 jag

96 712 7 20 i
119 711 79 22 sädant
221 711 103 22 afseende
344 711 134 22 underställa
493 712 37 21 det
545 711 135 28 högvördiga
696 712 97 21 ständets
810 712 35 21 be-

95 745 121 28 pröfvande
231 745 99 28 följande
346 745 95 28 förslag,
457 746 50 22 med
522 745 100 22 vördsam
637 746 103 21 anhållan
756 748 32 19 att
799 745 47 22 det-

93 787 87 15 samma
195 780 67 22 mätte
278 779 32 22 till
326 779 162 23 vederbörande
502 780 173 22 besvärsutskott
690 780 129 22 remitteras.

165 815 39 20 1:0.
235 814 10 21 I
260 814 44 21 alla
324 813 27 22 de
372 814 61 21 delar
448 814 25 21 af
484 814 85 27 landet,
585 814 88 22 hvarest
688 814 156 27 befolkningen

93 852 28 18 är
135 849 161 26 ofvervägande
311 848 66 28 finsk,
394 848 52 22 böra
460 849 43 21 alla
515 848 279 28 undervisningsanstalter,
811 849 34 21 sä-

95 883 36 22 väl
146 883 63 21 lärda
225 890 46 14 som
286 882 131 28 fackskolor,
434 883 71 21 säsom
520 883 150 27 hufvudspräk
684 882 36 22 för
732 883 113 21 undervis-

93 917 83 28 ningen
190 917 102 27 begagna
307 917 37 21 det
358 917 78 21 finska.

164 952 40 20 2:0.
227 951 11 21 I
248 951 28 21 de
286 950 36 22 för
332 950 264 28 embetsmannabildning
605 951 115 22 bestämda
731 951 112 27 skolorna,

94 985 38 21 för
147 985 25 21 sä
187 984 47 21 vidt
249 984 27 21 de
291 987 37 18 äro
339 984 83 28 finska,
438 985 39 21 bör
487 985 28 27 pä
526 985 27 21 de
564 985 66 27 högre
641 985 115 22 klasserna
766 985 77 21 under-

95 1019 115 28 visningen
220 1019 8 20 i
239 1019 68 26 nägra
322 1021 79 19 ämnen
416 1019 112 22 meddelas
538 1019 29 27 pä
578 1019 104 27 svenska,
696 1019 40 21 och
751 1021 93 19 tvärtom

94 1054 9 21 i
119 1054 45 21 alla
184 1053 33 21 till
238 1059 82 16 samma
339 1053 101 27 kategori
460 1053 96 22 hörande
574 1053 95 22 svenska
687 1053 74 22 skolor
775 1053 70 28 nägra

96 1090 79 19 ämnen
189 1087 112 27 bibringas
316 1087 29 28 pä
359 1087 72 22 finska
445 1087 94 28 spräket.

164 1122 41 21 3:0.
228 1121 42 22 Vid
288 1121 106 22 Finlands
414 1121 115 28 högskola,
550 1121 88 22 hvarest
657 1121 68 22 redan
740 1121 105 28 rättighet

93 1155 72 23 finnes
180 1155 124 28 medgifven
320 1157 32 20 att
367 1155 87 28 aflägga
470 1155 105 28 skrifprof
587 1157 56 20 samt
656 1155 83 28 utgifva
750 1155 40 22 och
800 1155 46 22 för-

93 1196 68 16 svara
177 1189 158 28 disputationer
350 1189 28 28 pä
394 1189 80 28 finska,
494 1189 54 22 böra
563 1190 6 21 i
585 1189 119 22 allmänhet
718 1189 78 22 endast
811 1190 35 21 sä-

96 1224 59 21 dana
169 1224 72 21 lärare
257 1223 115 28 anställas,
389 1230 46 15 som
451 1226 37 19 äro
504 1224 61 21 detta
580 1223 66 28 spräk
661 1224 104 27 mäktiga.

164 1259 41 20 4:0.
236 1257 161 28 Fordringarna
424 1259 27 25 pä
471 1258 61 21 såväl
553 1257 104 22 teoretisk
678 1265 45 14 som
746 1257 101 28 praktisk

95 1292 125 21 kännedom
236 1291 26 22 af
273 1291 72 22 finska
360 1292 89 28 språket
464 1292 36 21 för
516 1292 59 27 dem,
597 1299 46 14 som
658 1292 25 21 af
695 1292 151 21 universitetet

93 1326 125 22 dimitteras
234 1326 33 21 till
282 1328 83 20 statens
381 1326 53 21 eller
448 1327 98 28 kyrkans
561 1326 76 28 tjenst,
654 1326 54 21 böra
719 1326 128 28 betydligen

93 1361 117 27 skärpas".

165 1394 87 28 Frågan
266 1393 117 23 bordlades
398 1394 34 21 till
447 1394 69 21 andra
530 1394 88 28 plenum
632 1393 8 22 i
655 1395 64 20 nästa
734 1393 77 23 vecka.
