<?xml version="1.0" encoding="UTF-8"?>
<alto xmlns="http://www.loc.gov/standards/alto/ns-v3#" xmlns:xlink="http://www.w3.org/1999/xlink" xmlns:xsi="http://www.w3.org/2001/XMLSchema-instance" xsi:schemaLocation="http://www.loc.gov/standards/alto/ns-v3# http://www.loc.gov/alto/v3/alto-3-0.xsd">
	<Description>
		<MeasurementUnit>pixel</MeasurementUnit>
		<sourceImageInformation>
			<fileName>/tmp/tess_n7njam77_input.PNG</fileName>
		</sourceImageInformation>
		<OCRProcessing ID="OCR_0">
			<ocrProcessingStep>
				<processingSoftware>
					<softwareName>tesseract 5.3.4</softwareName>
				</processingSoftware>
			</ocrProcessingStep>
		</OCRProcessing>
	</Description>
	<Layout>
		<Page WIDTH="1006" HEIGHT="1748" PHYSICAL_IMG_NR="0" ID="page_0">
			<PrintSpace HPOS="0" VPOS="0" WIDTH="1006" HEIGHT="1748">
				<ComposedBlock ID="cblock_0" HPOS="213" VPOS="148" WIDTH="39" HEIGHT="21">
					<TextBlock ID="block_0" HPOS="213" VPOS="148" WIDTH="39" HEIGHT="21">
						<TextLine ID="line_0" HPOS="213" VPOS="148" WIDTH="39" HEIGHT="21">
							<String ID="string_0" HPOS="213" VPOS="148" WIDTH="39" HEIGHT="21" WC="0.95" CONTENT="258"/>
						</TextLine>
					</TextBlock>
				</ComposedBlock>
				<ComposedBlock ID="cblock_1" HPOS="182" VPOS="212" WIDTH="759" HEIGHT="1271">
					<TextBlock ID="block_1" HPOS="183" VPOS="212" WIDTH="758" HEIGHT="823">
						<TextLine ID="line_1" HPOS="184" VPOS="212" WIDTH="742" HEIGHT="30">
							<String ID="string_1" HPOS="184" VPOS="214" WIDTH="125" HEIGHT="21" WC="0.91" CONTENT="natarierna"/><SP WIDTH="21" VPOS="214" HPOS="309"/>
							<String ID="string_2" HPOS="330" VPOS="214" WIDTH="95" HEIGHT="27" WC="0.96" CONTENT="uppbära"/><SP WIDTH="21" VPOS="214" HPOS="425"/>
							<String ID="string_3" HPOS="446" VPOS="215" WIDTH="85" HEIGHT="27" WC="0.95" CONTENT="räntan,"/><SP WIDTH="22" VPOS="215" HPOS="531"/>
							<String ID="string_4" HPOS="553" VPOS="221" WIDTH="47" HEIGHT="14" WC="0.96" CONTENT="men"/><SP WIDTH="21" VPOS="221" HPOS="600"/>
							<String ID="string_5" HPOS="621" VPOS="213" WIDTH="72" HEIGHT="22" WC="0.92" CONTENT="kunde"/><SP WIDTH="16" VPOS="213" HPOS="693"/>
							<String ID="string_6" HPOS="709" VPOS="213" WIDTH="96" HEIGHT="22" WC="0.90" CONTENT="hvarken"/><SP WIDTH="16" VPOS="213" HPOS="805"/>
							<String ID="string_7" HPOS="821" VPOS="212" WIDTH="105" HEIGHT="29" WC="0.91" CONTENT="godtyck-"/>
						</TextLine>
						<TextLine ID="line_2" HPOS="184" VPOS="248" WIDTH="742" HEIGHT="28">
							<String ID="string_8" HPOS="184" VPOS="249" WIDTH="40" HEIGHT="26" WC="0.96" CONTENT="ligt"/><SP WIDTH="15" VPOS="249" HPOS="224"/>
							<String ID="string_9" HPOS="239" VPOS="248" WIDTH="85" HEIGHT="27" WC="0.96" CONTENT="förhöja"/><SP WIDTH="16" VPOS="248" HPOS="324"/>
							<String ID="string_10" HPOS="340" VPOS="248" WIDTH="125" HEIGHT="21" WC="0.96" CONTENT="densamma"/><SP WIDTH="16" VPOS="248" HPOS="465"/>
							<String ID="string_11" HPOS="481" VPOS="248" WIDTH="52" HEIGHT="21" WC="0.95" CONTENT="eller"/><SP WIDTH="15" VPOS="248" HPOS="533"/>
							<String ID="string_12" HPOS="548" VPOS="248" WIDTH="149" HEIGHT="27" WC="0.96" CONTENT="egenmäktigt"/><SP WIDTH="16" VPOS="248" HPOS="697"/>
							<String ID="string_13" HPOS="713" VPOS="248" WIDTH="64" HEIGHT="28" WC="0.93" CONTENT="skilja"/><SP WIDTH="17" VPOS="248" HPOS="777"/>
							<String ID="string_14" HPOS="794" VPOS="249" WIDTH="69" HEIGHT="21" WC="0.92" CONTENT="åboen"/><SP WIDTH="16" VPOS="249" HPOS="863"/>
							<String ID="string_15" HPOS="879" VPOS="248" WIDTH="47" HEIGHT="21" WC="0.96" CONTENT="från"/>
						</TextLine>
						<TextLine ID="line_3" HPOS="184" VPOS="282" WIDTH="742" HEIGHT="28">
							<String ID="string_16" HPOS="184" VPOS="283" WIDTH="54" HEIGHT="22" WC="0.95" CONTENT="hans"/><SP WIDTH="16" VPOS="283" HPOS="238"/>
							<String ID="string_17" HPOS="254" VPOS="283" WIDTH="110" HEIGHT="27" WC="0.96" CONTENT="hemman,"/><SP WIDTH="22" VPOS="283" HPOS="364"/>
							<String ID="string_18" HPOS="386" VPOS="285" WIDTH="23" HEIGHT="25" WC="0.96" CONTENT="ty"/><SP WIDTH="18" VPOS="285" HPOS="409"/>
							<String ID="string_19" HPOS="427" VPOS="284" WIDTH="77" HEIGHT="20" WC="0.96" CONTENT="räntan"/><SP WIDTH="16" VPOS="284" HPOS="504"/>
							<String ID="string_20" HPOS="520" VPOS="282" WIDTH="47" HEIGHT="22" WC="0.96" CONTENT="blef"/><SP WIDTH="13" VPOS="282" HPOS="567"/>
							<String ID="string_21" HPOS="580" VPOS="283" WIDTH="85" HEIGHT="27" WC="0.96" CONTENT="engång"/><SP WIDTH="15" VPOS="283" HPOS="665"/>
							<String ID="string_22" HPOS="680" VPOS="283" WIDTH="33" HEIGHT="21" WC="0.96" CONTENT="för"/><SP WIDTH="16" VPOS="283" HPOS="713"/>
							<String ID="string_23" HPOS="729" VPOS="283" WIDTH="44" HEIGHT="21" WC="0.93" CONTENT="alla"/><SP WIDTH="14" VPOS="283" HPOS="773"/>
							<String ID="string_24" HPOS="787" VPOS="283" WIDTH="139" HEIGHT="21" WC="0.89" CONTENT="oföränderli-"/>
						</TextLine>
						<TextLine ID="line_4" HPOS="184" VPOS="310" WIDTH="757" HEIGHT="35">
							<String ID="string_25" HPOS="184" VPOS="317" WIDTH="56" HEIGHT="28" WC="0.69" CONTENT="gen"/><SP WIDTH="-9" VPOS="317" HPOS="240"/>
							<String ID="string_26" HPOS="231" VPOS="306" WIDTH="11" HEIGHT="43" WC="0.69" CONTENT="i"/><SP WIDTH="6" VPOS="306" HPOS="242"/>
							<String ID="string_27" HPOS="248" VPOS="317" WIDTH="135" HEIGHT="28" WC="0.92" CONTENT="jordeboken"/><SP WIDTH="12" VPOS="317" HPOS="383"/>
							<String ID="string_28" HPOS="395" VPOS="316" WIDTH="108" HEIGHT="22" WC="0.96" CONTENT="fastställd"/><SP WIDTH="11" VPOS="316" HPOS="503"/>
							<String ID="string_29" HPOS="514" VPOS="317" WIDTH="40" HEIGHT="20" WC="0.93" CONTENT="och"/><SP WIDTH="11" VPOS="317" HPOS="554"/>
							<String ID="string_30" HPOS="565" VPOS="317" WIDTH="94" HEIGHT="20" WC="0.92" CONTENT="åboerna"/><SP WIDTH="8" VPOS="317" HPOS="659"/>
							<String ID="string_31" HPOS="667" VPOS="316" WIDTH="174" HEIGHT="22" WC="0.93" CONTENT="tillförsäkrades"/><SP WIDTH="9" VPOS="316" HPOS="841"/>
							<String ID="string_32" HPOS="850" VPOS="316" WIDTH="76" HEIGHT="22" WC="0.73" CONTENT="orubb-"/>
						</TextLine>
						<TextLine ID="line_5" HPOS="184" VPOS="351" WIDTH="743" HEIGHT="28">
							<String ID="string_33" HPOS="184" VPOS="352" WIDTH="31" HEIGHT="27" WC="0.93" CONTENT="lig"/><SP WIDTH="14" VPOS="352" HPOS="215"/>
							<String ID="string_34" HPOS="229" VPOS="351" WIDTH="173" HEIGHT="27" WC="0.91" CONTENT="besittningsrätt"/><SP WIDTH="15" VPOS="351" HPOS="402"/>
							<String ID="string_35" HPOS="417" VPOS="351" WIDTH="33" HEIGHT="20" WC="0.96" CONTENT="till"/><SP WIDTH="15" VPOS="351" HPOS="450"/>
							<String ID="string_36" HPOS="465" VPOS="351" WIDTH="47" HEIGHT="22" WC="0.96" CONTENT="sina"/><SP WIDTH="16" VPOS="351" HPOS="512"/>
							<String ID="string_37" HPOS="528" VPOS="351" WIDTH="108" HEIGHT="27" WC="0.96" CONTENT="hemman,"/><SP WIDTH="17" VPOS="351" HPOS="636"/>
							<String ID="string_38" HPOS="653" VPOS="351" WIDTH="24" HEIGHT="21" WC="0.96" CONTENT="så"/><SP WIDTH="14" VPOS="351" HPOS="677"/>
							<String ID="string_39" HPOS="691" VPOS="351" WIDTH="66" HEIGHT="27" WC="0.95" CONTENT="länge"/><SP WIDTH="11" VPOS="351" HPOS="757"/>
							<String ID="string_40" HPOS="768" VPOS="351" WIDTH="26" HEIGHT="21" WC="0.96" CONTENT="de"/><SP WIDTH="16" VPOS="351" HPOS="794"/>
							<String ID="string_41" HPOS="810" VPOS="351" WIDTH="117" HEIGHT="27" WC="0.95" CONTENT="fullgjorde"/>
						</TextLine>
						<TextLine ID="line_6" HPOS="185" VPOS="385" WIDTH="741" HEIGHT="28">
							<String ID="string_42" HPOS="185" VPOS="386" WIDTH="27" HEIGHT="21" WC="0.93" CONTENT="de"/><SP WIDTH="16" VPOS="386" HPOS="212"/>
							<String ID="string_43" HPOS="228" VPOS="385" WIDTH="94" HEIGHT="22" WC="0.91" CONTENT="derifrån"/><SP WIDTH="20" VPOS="385" HPOS="322"/>
							<String ID="string_44" HPOS="342" VPOS="385" WIDTH="108" HEIGHT="26" WC="0.93" CONTENT="utgående"/><SP WIDTH="16" VPOS="385" HPOS="450"/>
							<String ID="string_45" HPOS="466" VPOS="392" WIDTH="71" HEIGHT="14" WC="0.90" CONTENT="onera."/><SP WIDTH="30" VPOS="392" HPOS="537"/>
							<String ID="string_46" HPOS="567" VPOS="385" WIDTH="78" HEIGHT="20" WC="0.93" CONTENT="Denna"/><SP WIDTH="14" VPOS="385" HPOS="645"/>
							<String ID="string_47" HPOS="659" VPOS="385" WIDTH="114" HEIGHT="26" WC="0.92" CONTENT="orubbliga"/><SP WIDTH="15" VPOS="385" HPOS="773"/>
							<String ID="string_48" HPOS="788" VPOS="385" WIDTH="138" HEIGHT="28" WC="0.91" CONTENT="besittnings-"/>
						</TextLine>
						<TextLine ID="line_7" HPOS="184" VPOS="419" WIDTH="743" HEIGHT="28">
							<String ID="string_49" HPOS="184" VPOS="423" WIDTH="42" HEIGHT="19" WC="0.96" CONTENT="rätt"/><SP WIDTH="19" VPOS="423" HPOS="226"/>
							<String ID="string_50" HPOS="245" VPOS="420" WIDTH="32" HEIGHT="21" WC="0.96" CONTENT="till"/><SP WIDTH="20" VPOS="420" HPOS="277"/>
							<String ID="string_51" HPOS="297" VPOS="420" WIDTH="47" HEIGHT="21" WC="0.96" CONTENT="sina"/><SP WIDTH="18" VPOS="420" HPOS="344"/>
							<String ID="string_52" HPOS="362" VPOS="419" WIDTH="100" HEIGHT="22" WC="0.95" CONTENT="hemman"/><SP WIDTH="19" VPOS="419" HPOS="462"/>
							<String ID="string_53" HPOS="481" VPOS="419" WIDTH="57" HEIGHT="28" WC="0.93" CONTENT="fingo"/><SP WIDTH="21" VPOS="419" HPOS="538"/>
							<String ID="string_54" HPOS="559" VPOS="419" WIDTH="93" HEIGHT="21" WC="0.89" CONTENT="åboerne"/><SP WIDTH="15" VPOS="419" HPOS="652"/>
							<String ID="string_55" HPOS="667" VPOS="419" WIDTH="111" HEIGHT="22" WC="0.96" CONTENT="bibehålla"/><SP WIDTH="16" VPOS="419" HPOS="778"/>
							<String ID="string_56" HPOS="794" VPOS="419" WIDTH="64" HEIGHT="22" WC="0.96" CONTENT="äfven"/><SP WIDTH="16" VPOS="419" HPOS="858"/>
							<String ID="string_57" HPOS="874" VPOS="419" WIDTH="53" HEIGHT="22" WC="0.96" CONTENT="efter"/>
						</TextLine>
						<TextLine ID="line_8" HPOS="184" VPOS="454" WIDTH="743" HEIGHT="28">
							<String ID="string_58" HPOS="184" VPOS="456" WIDTH="100" HEIGHT="26" WC="0.90" CONTENT="Wiborgs"/><SP WIDTH="14" VPOS="456" HPOS="284"/>
							<String ID="string_59" HPOS="298" VPOS="455" WIDTH="49" HEIGHT="20" WC="0.96" CONTENT="läns"/><SP WIDTH="15" VPOS="455" HPOS="347"/>
							<String ID="string_60" HPOS="362" VPOS="454" WIDTH="145" HEIGHT="27" WC="0.96" CONTENT="återförening"/><SP WIDTH="15" VPOS="454" HPOS="507"/>
							<String ID="string_61" HPOS="522" VPOS="454" WIDTH="49" HEIGHT="21" WC="0.96" CONTENT="med"/><SP WIDTH="19" VPOS="454" HPOS="571"/>
							<String ID="string_62" HPOS="590" VPOS="454" WIDTH="37" HEIGHT="21" WC="0.96" CONTENT="det"/><SP WIDTH="18" VPOS="454" HPOS="627"/>
							<String ID="string_63" HPOS="645" VPOS="454" WIDTH="69" HEIGHT="27" WC="0.96" CONTENT="öfriga"/><SP WIDTH="18" VPOS="454" HPOS="714"/>
							<String ID="string_64" HPOS="732" VPOS="454" WIDTH="103" HEIGHT="27" WC="0.96" CONTENT="Finland,"/><SP WIDTH="20" VPOS="454" HPOS="835"/>
							<String ID="string_65" HPOS="855" VPOS="454" WIDTH="72" HEIGHT="22" WC="0.96" CONTENT="såsom"/>
						</TextLine>
						<TextLine ID="line_9" HPOS="184" VPOS="488" WIDTH="746" HEIGHT="28">
							<String ID="string_66" HPOS="184" VPOS="490" WIDTH="36" HEIGHT="22" WC="0.95" CONTENT="det"/><SP WIDTH="22" VPOS="490" HPOS="220"/>
							<String ID="string_67" HPOS="242" VPOS="489" WIDTH="70" HEIGHT="22" WC="0.96" CONTENT="finnes"/><SP WIDTH="22" VPOS="489" HPOS="312"/>
							<String ID="string_68" HPOS="334" VPOS="490" WIDTH="98" HEIGHT="20" WC="0.96" CONTENT="närmare"/><SP WIDTH="23" VPOS="490" HPOS="432"/>
							<String ID="string_69" HPOS="455" VPOS="488" WIDTH="108" HEIGHT="22" WC="0.96" CONTENT="bestämdt"/><SP WIDTH="19" VPOS="488" HPOS="563"/>
							<String ID="string_70" HPOS="582" VPOS="488" WIDTH="7" HEIGHT="21" WC="0.96" CONTENT="i"/><SP WIDTH="19" VPOS="488" HPOS="589"/>
							<String ID="string_71" HPOS="608" VPOS="488" WIDTH="81" HEIGHT="28" WC="0.93" CONTENT="nådiga"/><SP WIDTH="17" VPOS="488" HPOS="689"/>
							<String ID="string_72" HPOS="706" VPOS="488" WIDTH="179" HEIGHT="27" WC="0.91" CONTENT="förordningarne"/><SP WIDTH="20" VPOS="488" HPOS="885"/>
							<String ID="string_73" HPOS="905" VPOS="489" WIDTH="25" HEIGHT="21" WC="0.96" CONTENT="af"/>
						</TextLine>
						<TextLine ID="line_10" HPOS="184" VPOS="522" WIDTH="743" HEIGHT="28">
							<String ID="string_74" HPOS="184" VPOS="525" WIDTH="42" HEIGHT="21" WC="0.96" CONTENT="den"/><SP WIDTH="20" VPOS="525" HPOS="226"/>
							<String ID="string_75" HPOS="246" VPOS="525" WIDTH="26" HEIGHT="20" WC="0.96" CONTENT="31"/><SP WIDTH="22" VPOS="525" HPOS="272"/>
							<String ID="string_76" HPOS="294" VPOS="523" WIDTH="113" HEIGHT="21" WC="0.96" CONTENT="december"/><SP WIDTH="19" VPOS="523" HPOS="407"/>
							<String ID="string_77" HPOS="426" VPOS="524" WIDTH="53" HEIGHT="20" WC="0.96" CONTENT="1811"/><SP WIDTH="22" VPOS="524" HPOS="479"/>
							<String ID="string_78" HPOS="501" VPOS="523" WIDTH="39" HEIGHT="21" WC="0.96" CONTENT="och"/><SP WIDTH="21" VPOS="523" HPOS="540"/>
							<String ID="string_79" HPOS="561" VPOS="522" WIDTH="24" HEIGHT="21" WC="0.96" CONTENT="af"/><SP WIDTH="16" VPOS="522" HPOS="585"/>
							<String ID="string_80" HPOS="601" VPOS="522" WIDTH="42" HEIGHT="21" WC="0.96" CONTENT="den"/><SP WIDTH="16" VPOS="522" HPOS="643"/>
							<String ID="string_81" HPOS="659" VPOS="524" WIDTH="26" HEIGHT="19" WC="0.96" CONTENT="22"/><SP WIDTH="15" VPOS="524" HPOS="685"/>
							<String ID="string_82" HPOS="700" VPOS="523" WIDTH="89" HEIGHT="27" WC="0.96" CONTENT="januari"/><SP WIDTH="17" VPOS="523" HPOS="789"/>
							<String ID="string_83" HPOS="806" VPOS="524" WIDTH="60" HEIGHT="21" WC="0.95" CONTENT="1817."/><SP WIDTH="31" VPOS="524" HPOS="866"/>
							<String ID="string_84" HPOS="897" VPOS="523" WIDTH="30" HEIGHT="22" WC="0.94" CONTENT="Sä"/>
						</TextLine>
						<TextLine ID="line_11" HPOS="183" VPOS="557" WIDTH="743" HEIGHT="29">
							<String ID="string_85" HPOS="183" VPOS="559" WIDTH="65" HEIGHT="27" WC="0.96" CONTENT="länge"/><SP WIDTH="15" VPOS="559" HPOS="248"/>
							<String ID="string_86" HPOS="263" VPOS="565" WIDTH="28" HEIGHT="14" WC="0.96" CONTENT="nu"/><SP WIDTH="16" VPOS="565" HPOS="291"/>
							<String ID="string_87" HPOS="307" VPOS="557" WIDTH="59" HEIGHT="21" WC="0.93" CONTENT="detta"/><SP WIDTH="13" VPOS="557" HPOS="366"/>
							<String ID="string_88" HPOS="379" VPOS="557" WIDTH="191" HEIGHT="22" WC="0.91" CONTENT="rättsförhällande"/><SP WIDTH="11" VPOS="557" HPOS="570"/>
							<String ID="string_89" HPOS="581" VPOS="557" WIDTH="81" HEIGHT="28" WC="0.92" CONTENT="fortfor,"/><SP WIDTH="11" VPOS="557" HPOS="662"/>
							<String ID="string_90" HPOS="673" VPOS="557" WIDTH="73" HEIGHT="22" WC="0.92" CONTENT="kände"/><SP WIDTH="12" VPOS="557" HPOS="746"/>
							<String ID="string_91" HPOS="758" VPOS="557" WIDTH="33" HEIGHT="27" WC="0.93" CONTENT="sig"/><SP WIDTH="11" VPOS="557" HPOS="791"/>
							<String ID="string_92" HPOS="802" VPOS="557" WIDTH="124" HEIGHT="22" WC="0.92" CONTENT="donations-"/>
						</TextLine>
						<TextLine ID="line_12" HPOS="183" VPOS="591" WIDTH="744" HEIGHT="28">
							<String ID="string_93" HPOS="183" VPOS="593" WIDTH="111" HEIGHT="22" WC="0.96" CONTENT="bönderna"/><SP WIDTH="9" VPOS="593" HPOS="294"/>
							<String ID="string_94" HPOS="303" VPOS="591" WIDTH="94" HEIGHT="28" WC="0.96" CONTENT="lycklige"/><SP WIDTH="10" VPOS="591" HPOS="397"/>
							<String ID="string_95" HPOS="407" VPOS="592" WIDTH="39" HEIGHT="21" WC="0.93" CONTENT="och"/><SP WIDTH="8" VPOS="592" HPOS="446"/>
							<String ID="string_96" HPOS="454" VPOS="591" WIDTH="64" HEIGHT="28" WC="0.96" CONTENT="nöjde"/><SP WIDTH="9" VPOS="591" HPOS="518"/>
							<String ID="string_97" HPOS="527" VPOS="591" WIDTH="39" HEIGHT="21" WC="0.93" CONTENT="och"/><SP WIDTH="10" VPOS="591" HPOS="566"/>
							<String ID="string_98" HPOS="576" VPOS="591" WIDTH="65" HEIGHT="28" WC="0.96" CONTENT="högst"/><SP WIDTH="6" VPOS="591" HPOS="641"/>
							<String ID="string_99" HPOS="647" VPOS="592" WIDTH="70" HEIGHT="21" WC="0.93" CONTENT="sällan"/><SP WIDTH="8" VPOS="592" HPOS="717"/>
							<String ID="string_100" HPOS="725" VPOS="591" WIDTH="125" HEIGHT="28" WC="0.93" CONTENT="förspordes"/><SP WIDTH="8" VPOS="591" HPOS="850"/>
							<String ID="string_101" HPOS="858" VPOS="593" WIDTH="69" HEIGHT="26" WC="0.96" CONTENT="några"/>
						</TextLine>
						<TextLine ID="line_13" HPOS="183" VPOS="625" WIDTH="743" HEIGHT="28">
							<String ID="string_102" HPOS="183" VPOS="626" WIDTH="182" HEIGHT="27" WC="0.91" CONTENT="misshälligheter"/><SP WIDTH="15" VPOS="626" HPOS="365"/>
							<String ID="string_103" HPOS="380" VPOS="627" WIDTH="92" HEIGHT="20" WC="0.93" CONTENT="emellan"/><SP WIDTH="16" VPOS="627" HPOS="472"/>
							<String ID="string_104" HPOS="488" VPOS="625" WIDTH="151" HEIGHT="22" WC="0.92" CONTENT="donatarierne"/><SP WIDTH="15" VPOS="625" HPOS="639"/>
							<String ID="string_105" HPOS="654" VPOS="626" WIDTH="40" HEIGHT="21" WC="0.96" CONTENT="och"/><SP WIDTH="11" VPOS="626" HPOS="694"/>
							<String ID="string_106" HPOS="705" VPOS="626" WIDTH="64" HEIGHT="21" WC="0.93" CONTENT="deras"/><SP WIDTH="15" VPOS="626" HPOS="769"/>
							<String ID="string_107" HPOS="784" VPOS="626" WIDTH="142" HEIGHT="22" WC="0.91" CONTENT="landbönder."/>
						</TextLine>
						<TextLine ID="line_14" HPOS="183" VPOS="660" WIDTH="744" HEIGHT="27">
							<String ID="string_108" HPOS="183" VPOS="663" WIDTH="49" HEIGHT="20" WC="0.92" CONTENT="Men"/><SP WIDTH="23" VPOS="663" HPOS="232"/>
							<String ID="string_109" HPOS="255" VPOS="661" WIDTH="64" HEIGHT="21" WC="0.95" CONTENT="ofvan"/><SP WIDTH="23" VPOS="661" HPOS="319"/>
							<String ID="string_110" HPOS="342" VPOS="660" WIDTH="122" HEIGHT="27" WC="0.96" CONTENT="åberopade"/><SP WIDTH="24" VPOS="660" HPOS="464"/>
							<String ID="string_111" HPOS="488" VPOS="661" WIDTH="53" HEIGHT="20" WC="0.93" CONTENT="1826"/><SP WIDTH="23" VPOS="661" HPOS="541"/>
							<String ID="string_112" HPOS="564" VPOS="660" WIDTH="35" HEIGHT="21" WC="0.96" CONTENT="års"/><SP WIDTH="22" VPOS="660" HPOS="599"/>
							<String ID="string_113" HPOS="621" VPOS="660" WIDTH="127" HEIGHT="27" WC="0.96" CONTENT="förordning"/><SP WIDTH="21" VPOS="660" HPOS="748"/>
							<String ID="string_114" HPOS="769" VPOS="660" WIDTH="132" HEIGHT="23" WC="0.96" CONTENT="förändrade"/><SP WIDTH="19" VPOS="660" HPOS="901"/>
							<String ID="string_115" HPOS="920" VPOS="661" WIDTH="7" HEIGHT="21" WC="0.96" CONTENT="i"/>
						</TextLine>
						<TextLine ID="line_15" HPOS="183" VPOS="694" WIDTH="743" HEIGHT="29">
							<String ID="string_116" HPOS="183" VPOS="696" WIDTH="68" HEIGHT="27" WC="0.96" CONTENT="grund"/><SP WIDTH="20" VPOS="696" HPOS="251"/>
							<String ID="string_117" HPOS="271" VPOS="695" WIDTH="61" HEIGHT="21" WC="0.93" CONTENT="detta"/><SP WIDTH="17" VPOS="695" HPOS="332"/>
							<String ID="string_118" HPOS="349" VPOS="695" WIDTH="197" HEIGHT="21" WC="0.92" CONTENT="rättsförhällande."/><SP WIDTH="33" VPOS="695" HPOS="546"/>
							<String ID="string_119" HPOS="579" VPOS="695" WIDTH="10" HEIGHT="20" WC="0.82" CONTENT="TI"/><SP WIDTH="20" VPOS="695" HPOS="589"/>
							<String ID="string_120" HPOS="609" VPOS="695" WIDTH="50" HEIGHT="21" WC="0.96" CONTENT="stöd"/><SP WIDTH="15" VPOS="695" HPOS="659"/>
							<String ID="string_121" HPOS="674" VPOS="695" WIDTH="25" HEIGHT="20" WC="0.96" CONTENT="af"/><SP WIDTH="13" VPOS="695" HPOS="699"/>
							<String ID="string_122" HPOS="712" VPOS="694" WIDTH="126" HEIGHT="23" WC="0.96" CONTENT="densamma"/><SP WIDTH="15" VPOS="694" HPOS="838"/>
							<String ID="string_123" HPOS="853" VPOS="695" WIDTH="73" HEIGHT="22" WC="0.97" CONTENT="kunde"/>
						</TextLine>
						<TextLine ID="line_16" HPOS="184" VPOS="729" WIDTH="742" HEIGHT="28">
							<String ID="string_124" HPOS="184" VPOS="730" WIDTH="127" HEIGHT="22" WC="0.92" CONTENT="donatarien"/><SP WIDTH="18" VPOS="730" HPOS="311"/>
							<String ID="string_125" HPOS="329" VPOS="729" WIDTH="53" HEIGHT="22" WC="0.92" CONTENT="efter"/><SP WIDTH="17" VPOS="729" HPOS="382"/>
							<String ID="string_126" HPOS="399" VPOS="729" WIDTH="154" HEIGHT="28" WC="0.91" CONTENT="godtfinnande"/><SP WIDTH="20" VPOS="729" HPOS="553"/>
							<String ID="string_127" HPOS="573" VPOS="729" WIDTH="115" HEIGHT="28" WC="0.76" CONTENT="disponera"/><SP WIDTH="18" VPOS="729" HPOS="688"/>
							<String ID="string_128" HPOS="706" VPOS="729" WIDTH="57" HEIGHT="21" WC="0.96" CONTENT="både"/><SP WIDTH="16" VPOS="729" HPOS="763"/>
							<String ID="string_129" HPOS="779" VPOS="730" WIDTH="59" HEIGHT="21" WC="0.92" CONTENT="öfver"/><SP WIDTH="14" VPOS="730" HPOS="838"/>
							<String ID="string_130" HPOS="852" VPOS="730" WIDTH="74" HEIGHT="27" WC="0.92" CONTENT="lägen-"/>
						</TextLine>
						<TextLine ID="line_17" HPOS="183" VPOS="763" WIDTH="743" HEIGHT="28">
							<String ID="string_131" HPOS="183" VPOS="765" WIDTH="89" HEIGHT="22" WC="0.92" CONTENT="heterne"/><SP WIDTH="20" VPOS="765" HPOS="272"/>
							<String ID="string_132" HPOS="292" VPOS="764" WIDTH="40" HEIGHT="21" WC="0.96" CONTENT="och"/><SP WIDTH="19" VPOS="764" HPOS="332"/>
							<String ID="string_133" HPOS="351" VPOS="764" WIDTH="59" HEIGHT="21" WC="0.95" CONTENT="öfver"/><SP WIDTH="15" VPOS="764" HPOS="410"/>
							<String ID="string_134" HPOS="425" VPOS="764" WIDTH="42" HEIGHT="21" WC="0.93" CONTENT="den"/><SP WIDTH="19" VPOS="764" HPOS="467"/>
							<String ID="string_135" HPOS="486" VPOS="763" WIDTH="95" HEIGHT="22" WC="0.92" CONTENT="derifrån"/><SP WIDTH="15" VPOS="763" HPOS="581"/>
							<String ID="string_136" HPOS="596" VPOS="763" WIDTH="109" HEIGHT="28" WC="0.96" CONTENT="utgående"/><SP WIDTH="15" VPOS="763" HPOS="705"/>
							<String ID="string_137" HPOS="720" VPOS="766" WIDTH="84" HEIGHT="19" WC="0.95" CONTENT="räntan."/><SP WIDTH="30" VPOS="766" HPOS="804"/>
							<String ID="string_138" HPOS="834" VPOS="765" WIDTH="40" HEIGHT="20" WC="0.92" CONTENT="Väl"/><SP WIDTH="16" VPOS="765" HPOS="874"/>
							<String ID="string_139" HPOS="890" VPOS="765" WIDTH="36" HEIGHT="20" WC="0.91" CONTENT="be-"/>
						</TextLine>
						<TextLine ID="line_18" HPOS="183" VPOS="798" WIDTH="744" HEIGHT="29">
							<String ID="string_140" HPOS="183" VPOS="799" WIDTH="93" HEIGHT="28" WC="0.92" CONTENT="viljades"/><SP WIDTH="15" VPOS="799" HPOS="276"/>
							<String ID="string_141" HPOS="291" VPOS="799" WIDTH="103" HEIGHT="27" WC="0.96" CONTENT="rättighet"/><SP WIDTH="15" VPOS="799" HPOS="394"/>
							<String ID="string_142" HPOS="409" VPOS="799" WIDTH="23" HEIGHT="20" WC="0.96" CONTENT="åt"/><SP WIDTH="15" VPOS="799" HPOS="432"/>
							<String ID="string_143" HPOS="447" VPOS="798" WIDTH="26" HEIGHT="21" WC="0.93" CONTENT="de"/><SP WIDTH="16" VPOS="798" HPOS="473"/>
							<String ID="string_144" HPOS="489" VPOS="799" WIDTH="71" HEIGHT="27" WC="0.92" CONTENT="åboer,"/><SP WIDTH="17" VPOS="799" HPOS="560"/>
							<String ID="string_145" HPOS="577" VPOS="805" WIDTH="46" HEIGHT="15" WC="0.96" CONTENT="som"/><SP WIDTH="15" VPOS="805" HPOS="623"/>
							<String ID="string_146" HPOS="638" VPOS="798" WIDTH="151" HEIGHT="22" WC="0.93" CONTENT="dessförinnan"/><SP WIDTH="13" VPOS="798" HPOS="789"/>
							<String ID="string_147" HPOS="802" VPOS="799" WIDTH="66" HEIGHT="21" WC="0.90" CONTENT="inlöst"/><SP WIDTH="11" VPOS="799" HPOS="868"/>
							<String ID="string_148" HPOS="879" VPOS="799" WIDTH="48" HEIGHT="21" WC="0.94" CONTENT="sina"/>
						</TextLine>
						<TextLine ID="line_19" HPOS="183" VPOS="833" WIDTH="743" HEIGHT="28">
							<String ID="string_149" HPOS="183" VPOS="835" WIDTH="100" HEIGHT="21" WC="0.96" CONTENT="hemman"/><SP WIDTH="15" VPOS="835" HPOS="283"/>
							<String ID="string_150" HPOS="298" VPOS="834" WIDTH="33" HEIGHT="21" WC="0.96" CONTENT="till"/><SP WIDTH="16" VPOS="834" HPOS="331"/>
							<String ID="string_151" HPOS="347" VPOS="833" WIDTH="80" HEIGHT="28" WC="0.96" CONTENT="skatte,"/><SP WIDTH="17" VPOS="833" HPOS="427"/>
							<String ID="string_152" HPOS="444" VPOS="835" WIDTH="31" HEIGHT="19" WC="0.96" CONTENT="att"/><SP WIDTH="14" VPOS="835" HPOS="475"/>
							<String ID="string_153" HPOS="489" VPOS="833" WIDTH="56" HEIGHT="21" WC="0.96" CONTENT="inom"/><SP WIDTH="12" VPOS="833" HPOS="545"/>
							<String ID="string_154" HPOS="557" VPOS="835" WIDTH="78" HEIGHT="19" WC="0.96" CONTENT="tvenne"/><SP WIDTH="12" VPOS="835" HPOS="635"/>
							<String ID="string_155" HPOS="647" VPOS="833" WIDTH="23" HEIGHT="21" WC="0.93" CONTENT="år"/><SP WIDTH="11" VPOS="833" HPOS="670"/>
							<String ID="string_156" HPOS="681" VPOS="833" WIDTH="104" HEIGHT="28" WC="0.91" CONTENT="bestyrka"/><SP WIDTH="11" VPOS="833" HPOS="785"/>
							<String ID="string_157" HPOS="796" VPOS="834" WIDTH="33" HEIGHT="21" WC="0.93" CONTENT="sin"/><SP WIDTH="16" VPOS="834" HPOS="829"/>
							<String ID="string_158" HPOS="845" VPOS="834" WIDTH="81" HEIGHT="21" WC="0.91" CONTENT="skatte-"/>
						</TextLine>
						<TextLine ID="line_20" HPOS="183" VPOS="867" WIDTH="744" HEIGHT="29">
							<String ID="string_159" HPOS="183" VPOS="870" WIDTH="133" HEIGHT="26" WC="0.90" CONTENT="mannarätt,"/><SP WIDTH="16" VPOS="870" HPOS="316"/>
							<String ID="string_160" HPOS="332" VPOS="875" WIDTH="48" HEIGHT="15" WC="0.96" CONTENT="men"/><SP WIDTH="17" VPOS="875" HPOS="380"/>
							<String ID="string_161" HPOS="397" VPOS="867" WIDTH="28" HEIGHT="22" WC="0.93" CONTENT="då"/><SP WIDTH="14" VPOS="867" HPOS="425"/>
							<String ID="string_162" HPOS="439" VPOS="867" WIDTH="100" HEIGHT="29" WC="0.92" CONTENT="nöjaktig"/><SP WIDTH="15" VPOS="867" HPOS="539"/>
							<String ID="string_163" HPOS="554" VPOS="867" WIDTH="115" HEIGHT="28" WC="0.96" CONTENT="utredning"/><SP WIDTH="16" VPOS="867" HPOS="669"/>
							<String ID="string_164" HPOS="685" VPOS="867" WIDTH="64" HEIGHT="23" WC="0.96" CONTENT="deraf"/><SP WIDTH="12" VPOS="867" HPOS="749"/>
							<String ID="string_165" HPOS="761" VPOS="868" WIDTH="71" HEIGHT="22" WC="0.92" CONTENT="skulle"/><SP WIDTH="11" VPOS="868" HPOS="832"/>
							<String ID="string_166" HPOS="843" VPOS="868" WIDTH="84" HEIGHT="22" WC="0.90" CONTENT="hemtas"/>
						</TextLine>
						<TextLine ID="line_21" HPOS="183" VPOS="902" WIDTH="744" HEIGHT="30">
							<String ID="string_167" HPOS="183" VPOS="904" WIDTH="46" HEIGHT="21" WC="0.96" CONTENT="från"/><SP WIDTH="23" VPOS="904" HPOS="229"/>
							<String ID="string_168" HPOS="252" VPOS="904" WIDTH="54" HEIGHT="20" WC="0.96" CONTENT="1706"/><SP WIDTH="20" VPOS="904" HPOS="306"/>
							<String ID="string_169" HPOS="326" VPOS="904" WIDTH="34" HEIGHT="20" WC="0.96" CONTENT="års"/><SP WIDTH="15" VPOS="904" HPOS="360"/>
							<String ID="string_170" HPOS="375" VPOS="902" WIDTH="109" HEIGHT="28" WC="0.96" CONTENT="jordebok"/><SP WIDTH="21" VPOS="902" HPOS="484"/>
							<String ID="string_171" HPOS="505" VPOS="903" WIDTH="39" HEIGHT="21" WC="0.91" CONTENT="och"/><SP WIDTH="19" VPOS="903" HPOS="544"/>
							<String ID="string_172" HPOS="563" VPOS="902" WIDTH="122" HEIGHT="22" WC="0.91" CONTENT="derutöfver"/><SP WIDTH="14" VPOS="902" HPOS="685"/>
							<String ID="string_173" HPOS="699" VPOS="903" WIDTH="112" HEIGHT="22" WC="0.89" CONTENT="fordrades"/><SP WIDTH="14" VPOS="903" HPOS="811"/>
							<String ID="string_174" HPOS="825" VPOS="898" WIDTH="102" HEIGHT="38" WC="0.89" CONTENT="bestyrkt"/>
						</TextLine>
						<TextLine ID="line_22" HPOS="183" VPOS="937" WIDTH="742" HEIGHT="29">
							<String ID="string_175" HPOS="183" VPOS="939" WIDTH="79" HEIGHT="27" WC="0.96" CONTENT="utdrag"/><SP WIDTH="19" VPOS="939" HPOS="262"/>
							<String ID="string_176" HPOS="281" VPOS="946" WIDTH="24" HEIGHT="14" WC="0.93" CONTENT="ur"/><SP WIDTH="15" VPOS="946" HPOS="305"/>
							<String ID="string_177" HPOS="320" VPOS="938" WIDTH="147" HEIGHT="27" WC="0.91" CONTENT="urkunderna,"/><SP WIDTH="20" VPOS="938" HPOS="467"/>
							<String ID="string_178" HPOS="487" VPOS="944" WIDTH="45" HEIGHT="15" WC="0.96" CONTENT="som"/><SP WIDTH="21" VPOS="944" HPOS="532"/>
							<String ID="string_179" HPOS="553" VPOS="937" WIDTH="101" HEIGHT="27" WC="0.90" CONTENT="möjligen"/><SP WIDTH="21" VPOS="937" HPOS="654"/>
							<String ID="string_180" HPOS="675" VPOS="937" WIDTH="125" HEIGHT="23" WC="0.96" CONTENT="förvarades"/><SP WIDTH="20" VPOS="937" HPOS="800"/>
							<String ID="string_181" HPOS="820" VPOS="938" WIDTH="29" HEIGHT="28" WC="0.92" CONTENT="på"/><SP WIDTH="16" VPOS="938" HPOS="849"/>
							<String ID="string_182" HPOS="865" VPOS="945" WIDTH="60" HEIGHT="15" WC="0.92" CONTENT="sven-"/>
						</TextLine>
						<TextLine ID="line_23" HPOS="184" VPOS="972" WIDTH="741" HEIGHT="28">
							<String ID="string_183" HPOS="184" VPOS="974" WIDTH="40" HEIGHT="20" WC="0.93" CONTENT="ska"/><SP WIDTH="22" VPOS="974" HPOS="224"/>
							<String ID="string_184" HPOS="246" VPOS="972" WIDTH="139" HEIGHT="27" WC="0.92" CONTENT="riksarkivet,"/><SP WIDTH="23" VPOS="972" HPOS="385"/>
							<String ID="string_185" HPOS="408" VPOS="979" WIDTH="52" HEIGHT="14" WC="0.96" CONTENT="voro"/><SP WIDTH="21" VPOS="979" HPOS="460"/>
							<String ID="string_186" HPOS="481" VPOS="972" WIDTH="26" HEIGHT="21" WC="0.93" CONTENT="de"/><SP WIDTH="20" VPOS="972" HPOS="507"/>
							<String ID="string_187" HPOS="527" VPOS="972" WIDTH="65" HEIGHT="21" WC="0.92" CONTENT="åboer"/><SP WIDTH="15" VPOS="972" HPOS="592"/>
							<String ID="string_188" HPOS="607" VPOS="972" WIDTH="63" HEIGHT="26" WC="0.96" CONTENT="högst"/><SP WIDTH="20" VPOS="972" HPOS="670"/>
							<String ID="string_189" HPOS="690" VPOS="972" WIDTH="32" HEIGHT="28" WC="0.96" CONTENT="få,"/><SP WIDTH="20" VPOS="972" HPOS="722"/>
							<String ID="string_190" HPOS="742" VPOS="979" WIDTH="45" HEIGHT="15" WC="0.96" CONTENT="som"/><SP WIDTH="16" VPOS="979" HPOS="787"/>
							<String ID="string_191" HPOS="803" VPOS="972" WIDTH="72" HEIGHT="22" WC="0.93" CONTENT="kunde"/><SP WIDTH="15" VPOS="972" HPOS="875"/>
							<String ID="string_192" HPOS="890" VPOS="973" WIDTH="35" HEIGHT="21" WC="0.91" CONTENT="be-"/>
						</TextLine>
						<TextLine ID="line_24" HPOS="183" VPOS="1006" WIDTH="568" HEIGHT="29">
							<String ID="string_193" HPOS="183" VPOS="1014" WIDTH="72" HEIGHT="21" WC="0.95" CONTENT="gagna"/><SP WIDTH="16" VPOS="1014" HPOS="255"/>
							<String ID="string_194" HPOS="271" VPOS="1007" WIDTH="34" HEIGHT="27" WC="0.96" CONTENT="sig"/><SP WIDTH="15" VPOS="1007" HPOS="305"/>
							<String ID="string_195" HPOS="320" VPOS="1006" WIDTH="24" HEIGHT="22" WC="0.96" CONTENT="af"/><SP WIDTH="13" VPOS="1006" HPOS="344"/>
							<String ID="string_196" HPOS="357" VPOS="1006" WIDTH="70" HEIGHT="22" WC="0.96" CONTENT="denna"/><SP WIDTH="16" VPOS="1006" HPOS="427"/>
							<String ID="string_197" HPOS="443" VPOS="1006" WIDTH="48" HEIGHT="22" WC="0.93" CONTENT="dem"/><SP WIDTH="16" VPOS="1006" HPOS="491"/>
							<String ID="string_198" HPOS="507" VPOS="1006" WIDTH="120" HEIGHT="22" WC="0.92" CONTENT="förunnade"/><SP WIDTH="15" VPOS="1006" HPOS="627"/>
							<String ID="string_199" HPOS="642" VPOS="1006" WIDTH="109" HEIGHT="28" WC="0.96" CONTENT="rättighet."/>
						</TextLine>
					</TextBlock>
					<TextBlock ID="block_2" HPOS="182" VPOS="1040" WIDTH="743" HEIGHT="371">
						<TextLine ID="line_25" HPOS="251" VPOS="1040" WIDTH="674" HEIGHT="28">
							<String ID="string_200" HPOS="251" VPOS="1041" WIDTH="105" HEIGHT="27" WC="0.96" CONTENT="Omkring"/><SP WIDTH="20" VPOS="1041" HPOS="356"/>
							<String ID="string_201" HPOS="376" VPOS="1042" WIDTH="26" HEIGHT="20" WC="0.96" CONTENT="27"/><SP WIDTH="21" VPOS="1042" HPOS="402"/>
							<String ID="string_202" HPOS="423" VPOS="1041" WIDTH="24" HEIGHT="21" WC="0.96" CONTENT="år"/><SP WIDTH="14" VPOS="1041" HPOS="447"/>
							<String ID="string_203" HPOS="461" VPOS="1041" WIDTH="66" HEIGHT="21" WC="0.96" CONTENT="hafva"/><SP WIDTH="18" VPOS="1041" HPOS="527"/>
							<String ID="string_204" HPOS="545" VPOS="1040" WIDTH="89" HEIGHT="22" WC="0.96" CONTENT="förflutit"/><SP WIDTH="15" VPOS="1040" HPOS="634"/>
							<String ID="string_205" HPOS="649" VPOS="1040" WIDTH="68" HEIGHT="22" WC="0.96" CONTENT="sedan"/><SP WIDTH="16" VPOS="1040" HPOS="717"/>
							<String ID="string_206" HPOS="733" VPOS="1041" WIDTH="71" HEIGHT="21" WC="0.96" CONTENT="denna"/><SP WIDTH="16" VPOS="1041" HPOS="804"/>
							<String ID="string_207" HPOS="820" VPOS="1042" WIDTH="54" HEIGHT="20" WC="0.96" CONTENT="1826"/><SP WIDTH="16" VPOS="1042" HPOS="874"/>
							<String ID="string_208" HPOS="890" VPOS="1041" WIDTH="35" HEIGHT="22" WC="0.95" CONTENT="års"/>
						</TextLine>
						<TextLine ID="line_26" HPOS="183" VPOS="1075" WIDTH="741" HEIGHT="28">
							<String ID="string_209" HPOS="183" VPOS="1077" WIDTH="125" HEIGHT="26" WC="0.96" CONTENT="förordning"/><SP WIDTH="23" VPOS="1077" HPOS="308"/>
							<String ID="string_210" HPOS="331" VPOS="1078" WIDTH="67" HEIGHT="20" WC="0.96" CONTENT="sattes"/><SP WIDTH="20" VPOS="1078" HPOS="398"/>
							<String ID="string_211" HPOS="418" VPOS="1076" WIDTH="7" HEIGHT="20" WC="0.96" CONTENT="i"/><SP WIDTH="20" VPOS="1076" HPOS="425"/>
							<String ID="string_212" HPOS="445" VPOS="1076" WIDTH="165" HEIGHT="27" WC="0.96" CONTENT="verkställighet"/><SP WIDTH="23" VPOS="1076" HPOS="610"/>
							<String ID="string_213" HPOS="633" VPOS="1075" WIDTH="39" HEIGHT="21" WC="0.92" CONTENT="och"/><SP WIDTH="21" VPOS="1075" HPOS="672"/>
							<String ID="string_214" HPOS="693" VPOS="1076" WIDTH="231" HEIGHT="22" WC="0.91" CONTENT="frälselandbönderne"/>
						</TextLine>
						<TextLine ID="line_27" HPOS="182" VPOS="1110" WIDTH="743" HEIGHT="29">
							<String ID="string_215" HPOS="182" VPOS="1112" WIDTH="75" HEIGHT="22" WC="0.95" CONTENT="känna"/><SP WIDTH="21" VPOS="1112" HPOS="257"/>
							<String ID="string_216" HPOS="278" VPOS="1111" WIDTH="66" HEIGHT="22" WC="0.95" CONTENT="redan"/><SP WIDTH="22" VPOS="1111" HPOS="344"/>
							<String ID="string_217" HPOS="366" VPOS="1111" WIDTH="127" HEIGHT="27" WC="0.96" CONTENT="tillräckligt"/><SP WIDTH="22" VPOS="1111" HPOS="493"/>
							<String ID="string_218" HPOS="515" VPOS="1111" WIDTH="36" HEIGHT="21" WC="0.93" CONTENT="det"/><SP WIDTH="22" VPOS="1111" HPOS="551"/>
							<String ID="string_219" HPOS="573" VPOS="1110" WIDTH="139" HEIGHT="28" WC="0.92" CONTENT="brydsamma"/><SP WIDTH="23" VPOS="1110" HPOS="712"/>
							<String ID="string_220" HPOS="735" VPOS="1111" WIDTH="7" HEIGHT="21" WC="0.96" CONTENT="i"/><SP WIDTH="21" VPOS="1111" HPOS="742"/>
							<String ID="string_221" HPOS="763" VPOS="1111" WIDTH="32" HEIGHT="21" WC="0.96" CONTENT="sin"/><SP WIDTH="20" VPOS="1111" HPOS="795"/>
							<String ID="string_222" HPOS="815" VPOS="1111" WIDTH="110" HEIGHT="28" WC="0.96" CONTENT="ställning."/>
						</TextLine>
						<TextLine ID="line_28" HPOS="182" VPOS="1145" WIDTH="743" HEIGHT="28">
							<String ID="string_223" HPOS="182" VPOS="1147" WIDTH="50" HEIGHT="21" WC="0.95" CONTENT="Med"/><SP WIDTH="16" VPOS="1147" HPOS="232"/>
							<String ID="string_224" HPOS="248" VPOS="1146" WIDTH="32" HEIGHT="22" WC="0.95" CONTENT="sin"/><SP WIDTH="17" VPOS="1146" HPOS="280"/>
							<String ID="string_225" HPOS="297" VPOS="1145" WIDTH="146" HEIGHT="22" WC="0.95" CONTENT="traditionella"/><SP WIDTH="15" VPOS="1145" HPOS="443"/>
							<String ID="string_226" HPOS="458" VPOS="1145" WIDTH="150" HEIGHT="27" WC="0.96" CONTENT="föreställning"/><SP WIDTH="15" VPOS="1145" HPOS="608"/>
							<String ID="string_227" HPOS="623" VPOS="1152" WIDTH="34" HEIGHT="14" WC="0.96" CONTENT="om"/><SP WIDTH="16" VPOS="1152" HPOS="657"/>
							<String ID="string_228" HPOS="673" VPOS="1145" WIDTH="100" HEIGHT="27" WC="0.93" CONTENT="orubblig"/><SP WIDTH="13" VPOS="1145" HPOS="773"/>
							<String ID="string_229" HPOS="786" VPOS="1145" WIDTH="139" HEIGHT="28" WC="0.92" CONTENT="besittnings-"/>
						</TextLine>
						<TextLine ID="line_29" HPOS="182" VPOS="1180" WIDTH="743" HEIGHT="27">
							<String ID="string_230" HPOS="182" VPOS="1184" WIDTH="43" HEIGHT="19" WC="0.96" CONTENT="rätt"/><SP WIDTH="15" VPOS="1184" HPOS="225"/>
							<String ID="string_231" HPOS="240" VPOS="1181" WIDTH="33" HEIGHT="21" WC="0.96" CONTENT="till"/><SP WIDTH="16" VPOS="1181" HPOS="273"/>
							<String ID="string_232" HPOS="289" VPOS="1180" WIDTH="48" HEIGHT="22" WC="0.95" CONTENT="sina"/><SP WIDTH="15" VPOS="1180" HPOS="337"/>
							<String ID="string_233" HPOS="352" VPOS="1180" WIDTH="99" HEIGHT="20" WC="0.96" CONTENT="hemman"/><SP WIDTH="15" VPOS="1180" HPOS="451"/>
							<String ID="string_234" HPOS="466" VPOS="1182" WIDTH="33" HEIGHT="19" WC="0.96" CONTENT="tro"/><SP WIDTH="20" VPOS="1182" HPOS="499"/>
							<String ID="string_235" HPOS="519" VPOS="1180" WIDTH="27" HEIGHT="21" WC="0.96" CONTENT="de"/><SP WIDTH="15" VPOS="1180" HPOS="546"/>
							<String ID="string_236" HPOS="561" VPOS="1186" WIDTH="28" HEIGHT="14" WC="0.96" CONTENT="nu"/><SP WIDTH="16" VPOS="1186" HPOS="589"/>
							<String ID="string_237" HPOS="605" VPOS="1181" WIDTH="32" HEIGHT="19" WC="0.95" CONTENT="att"/><SP WIDTH="16" VPOS="1181" HPOS="637"/>
							<String ID="string_238" HPOS="653" VPOS="1186" WIDTH="25" HEIGHT="15" WC="0.97" CONTENT="en"/><SP WIDTH="15" VPOS="1186" HPOS="678"/>
							<String ID="string_239" HPOS="693" VPOS="1180" WIDTH="112" HEIGHT="27" WC="0.95" CONTENT="uppenbar"/><SP WIDTH="15" VPOS="1180" HPOS="805"/>
							<String ID="string_240" HPOS="820" VPOS="1180" WIDTH="105" HEIGHT="22" WC="0.96" CONTENT="orättvisa"/>
						</TextLine>
						<TextLine ID="line_30" HPOS="182" VPOS="1213" WIDTH="742" HEIGHT="29">
							<String ID="string_241" HPOS="182" VPOS="1216" WIDTH="70" HEIGHT="21" WC="0.95" CONTENT="blifvit"/><SP WIDTH="16" VPOS="1216" HPOS="252"/>
							<String ID="string_242" HPOS="268" VPOS="1217" WIDTH="44" HEIGHT="19" WC="0.96" CONTENT="mot"/><SP WIDTH="15" VPOS="1217" HPOS="312"/>
							<String ID="string_243" HPOS="327" VPOS="1214" WIDTH="48" HEIGHT="21" WC="0.93" CONTENT="dem"/><SP WIDTH="16" VPOS="1214" HPOS="375"/>
							<String ID="string_244" HPOS="391" VPOS="1214" WIDTH="122" HEIGHT="27" WC="0.91" CONTENT="begången,"/><SP WIDTH="16" VPOS="1214" HPOS="513"/>
							<String ID="string_245" HPOS="529" VPOS="1215" WIDTH="32" HEIGHT="20" WC="0.96" CONTENT="att"/><SP WIDTH="15" VPOS="1215" HPOS="561"/>
							<String ID="string_246" HPOS="576" VPOS="1213" WIDTH="26" HEIGHT="22" WC="0.96" CONTENT="de"/><SP WIDTH="13" VPOS="1213" HPOS="602"/>
							<String ID="string_247" HPOS="615" VPOS="1214" WIDTH="71" HEIGHT="21" WC="0.96" CONTENT="blifvit"/><SP WIDTH="15" VPOS="1214" HPOS="686"/>
							<String ID="string_248" HPOS="701" VPOS="1214" WIDTH="94" HEIGHT="21" WC="0.96" CONTENT="kränkta"/><SP WIDTH="11" VPOS="1214" HPOS="795"/>
							<String ID="string_249" HPOS="806" VPOS="1214" WIDTH="7" HEIGHT="21" WC="0.96" CONTENT="i"/><SP WIDTH="9" VPOS="1214" HPOS="813"/>
							<String ID="string_250" HPOS="822" VPOS="1213" WIDTH="41" HEIGHT="23" WC="0.96" CONTENT="den"/><SP WIDTH="8" VPOS="1213" HPOS="863"/>
							<String ID="string_251" HPOS="871" VPOS="1217" WIDTH="53" HEIGHT="25" WC="0.96" CONTENT="rätt,"/>
						</TextLine>
						<TextLine ID="line_31" HPOS="184" VPOS="1248" WIDTH="741" HEIGHT="28">
							<String ID="string_252" HPOS="184" VPOS="1250" WIDTH="48" HEIGHT="21" WC="0.96" CONTENT="dem"/><SP WIDTH="15" VPOS="1250" HPOS="232"/>
							<String ID="string_253" HPOS="247" VPOS="1250" WIDTH="47" HEIGHT="21" WC="0.96" CONTENT="från"/><SP WIDTH="16" VPOS="1250" HPOS="294"/>
							<String ID="string_254" HPOS="310" VPOS="1248" WIDTH="109" HEIGHT="27" WC="0.96" CONTENT="uråldriga"/><SP WIDTH="15" VPOS="1248" HPOS="419"/>
							<String ID="string_255" HPOS="434" VPOS="1249" WIDTH="56" HEIGHT="20" WC="0.96" CONTENT="tider"/><SP WIDTH="13" VPOS="1249" HPOS="490"/>
							<String ID="string_256" HPOS="503" VPOS="1255" WIDTH="38" HEIGHT="15" WC="0.93" CONTENT="var"/><SP WIDTH="10" VPOS="1255" HPOS="541"/>
							<String ID="string_257" HPOS="551" VPOS="1248" WIDTH="157" HEIGHT="28" WC="0.91" CONTENT="tillförsäkrad;"/><SP WIDTH="17" VPOS="1248" HPOS="708"/>
							<String ID="string_258" HPOS="725" VPOS="1248" WIDTH="27" HEIGHT="21" WC="0.96" CONTENT="de"/><SP WIDTH="10" VPOS="1248" HPOS="752"/>
							<String ID="string_259" HPOS="762" VPOS="1248" WIDTH="59" HEIGHT="21" WC="0.96" CONTENT="finna"/><SP WIDTH="11" VPOS="1248" HPOS="821"/>
							<String ID="string_260" HPOS="832" VPOS="1248" WIDTH="33" HEIGHT="27" WC="0.95" CONTENT="sig"/><SP WIDTH="10" VPOS="1248" HPOS="865"/>
							<String ID="string_261" HPOS="875" VPOS="1249" WIDTH="50" HEIGHT="21" WC="0.97" CONTENT="med"/>
						</TextLine>
						<TextLine ID="line_32" HPOS="184" VPOS="1282" WIDTH="740" HEIGHT="27">
							<String ID="string_262" HPOS="184" VPOS="1286" WIDTH="79" HEIGHT="19" WC="0.96" CONTENT="största"/><SP WIDTH="15" VPOS="1286" HPOS="263"/>
							<String ID="string_263" HPOS="278" VPOS="1283" WIDTH="109" HEIGHT="26" WC="0.96" CONTENT="svårighet"/><SP WIDTH="15" VPOS="1283" HPOS="387"/>
							<String ID="string_264" HPOS="402" VPOS="1283" WIDTH="6" HEIGHT="20" WC="0.96" CONTENT="i"/><SP WIDTH="17" VPOS="1283" HPOS="408"/>
							<String ID="string_265" HPOS="425" VPOS="1283" WIDTH="32" HEIGHT="20" WC="0.96" CONTENT="sin"/><SP WIDTH="16" VPOS="1283" HPOS="457"/>
							<String ID="string_266" HPOS="473" VPOS="1282" WIDTH="136" HEIGHT="21" WC="0.96" CONTENT="närvarande"/><SP WIDTH="16" VPOS="1282" HPOS="609"/>
							<String ID="string_267" HPOS="625" VPOS="1283" WIDTH="80" HEIGHT="20" WC="0.96" CONTENT="osäkra"/><SP WIDTH="16" VPOS="1283" HPOS="705"/>
							<String ID="string_268" HPOS="721" VPOS="1283" WIDTH="102" HEIGHT="25" WC="0.95" CONTENT="ställning"/><SP WIDTH="15" VPOS="1283" HPOS="823"/>
							<String ID="string_269" HPOS="838" VPOS="1283" WIDTH="39" HEIGHT="20" WC="0.93" CONTENT="och"/><SP WIDTH="12" VPOS="1283" HPOS="877"/>
							<String ID="string_270" HPOS="889" VPOS="1285" WIDTH="35" HEIGHT="18" WC="0.91" CONTENT="ön-"/>
						</TextLine>
						<TextLine ID="line_33" HPOS="183" VPOS="1315" WIDTH="741" HEIGHT="28">
							<String ID="string_271" HPOS="183" VPOS="1318" WIDTH="41" HEIGHT="21" WC="0.96" CONTENT="ska"/><SP WIDTH="15" VPOS="1318" HPOS="224"/>
							<String ID="string_272" HPOS="239" VPOS="1324" WIDTH="26" HEIGHT="14" WC="0.95" CONTENT="en"/><SP WIDTH="17" VPOS="1324" HPOS="265"/>
							<String ID="string_273" HPOS="282" VPOS="1316" WIDTH="97" HEIGHT="27" WC="0.95" CONTENT="säkrare,"/><SP WIDTH="16" VPOS="1316" HPOS="379"/>
							<String ID="string_274" HPOS="395" VPOS="1315" WIDTH="126" HEIGHT="28" WC="0.96" CONTENT="lyckligare."/><SP WIDTH="25" VPOS="1315" HPOS="521"/>
							<String ID="string_275" HPOS="546" VPOS="1316" WIDTH="69" HEIGHT="20" WC="0.96" CONTENT="Innan"/><SP WIDTH="15" VPOS="1316" HPOS="615"/>
							<String ID="string_276" HPOS="630" VPOS="1315" WIDTH="71" HEIGHT="21" WC="0.95" CONTENT="denna"/><SP WIDTH="16" VPOS="1315" HPOS="701"/>
							<String ID="string_277" HPOS="717" VPOS="1315" WIDTH="63" HEIGHT="21" WC="0.96" CONTENT="deras"/><SP WIDTH="17" VPOS="1315" HPOS="780"/>
							<String ID="string_278" HPOS="797" VPOS="1315" WIDTH="75" HEIGHT="27" WC="0.93" CONTENT="billiga"/><SP WIDTH="16" VPOS="1315" HPOS="872"/>
							<String ID="string_279" HPOS="888" VPOS="1319" WIDTH="36" HEIGHT="18" WC="0.92" CONTENT="ön-"/>
						</TextLine>
						<TextLine ID="line_34" HPOS="183" VPOS="1348" WIDTH="742" HEIGHT="30">
							<String ID="string_280" HPOS="183" VPOS="1351" WIDTH="54" HEIGHT="22" WC="0.91" CONTENT="skan"/><SP WIDTH="17" VPOS="1351" HPOS="237"/>
							<String ID="string_281" HPOS="254" VPOS="1350" WIDTH="116" HEIGHT="28" WC="0.92" CONTENT="uppfylles,"/><SP WIDTH="20" VPOS="1350" HPOS="370"/>
							<String ID="string_282" HPOS="390" VPOS="1349" WIDTH="61" HEIGHT="21" WC="0.96" CONTENT="torde"/><SP WIDTH="18" VPOS="1349" HPOS="451"/>
							<String ID="string_283" HPOS="469" VPOS="1349" WIDTH="48" HEIGHT="21" WC="0.96" CONTENT="icke"/><SP WIDTH="16" VPOS="1349" HPOS="517"/>
							<String ID="string_284" HPOS="533" VPOS="1349" WIDTH="26" HEIGHT="21" WC="0.96" CONTENT="de"/><SP WIDTH="20" VPOS="1349" HPOS="559"/>
							<String ID="string_285" HPOS="579" VPOS="1348" WIDTH="166" HEIGHT="28" WC="0.96" CONTENT="förvecklingar,"/><SP WIDTH="22" VPOS="1348" HPOS="745"/>
							<String ID="string_286" HPOS="767" VPOS="1356" WIDTH="44" HEIGHT="14" WC="0.97" CONTENT="som"/><SP WIDTH="16" VPOS="1356" HPOS="811"/>
							<String ID="string_287" HPOS="827" VPOS="1350" WIDTH="98" HEIGHT="27" WC="0.96" CONTENT="uppstått"/>
						</TextLine>
						<TextLine ID="line_35" HPOS="182" VPOS="1383" WIDTH="596" HEIGHT="28">
							<String ID="string_288" HPOS="182" VPOS="1385" WIDTH="80" HEIGHT="22" WC="0.96" CONTENT="mellan"/><SP WIDTH="16" VPOS="1385" HPOS="262"/>
							<String ID="string_289" HPOS="278" VPOS="1384" WIDTH="49" HEIGHT="21" WC="0.96" CONTENT="dem"/><SP WIDTH="15" VPOS="1384" HPOS="327"/>
							<String ID="string_290" HPOS="342" VPOS="1384" WIDTH="39" HEIGHT="21" WC="0.93" CONTENT="och"/><SP WIDTH="15" VPOS="1384" HPOS="381"/>
							<String ID="string_291" HPOS="396" VPOS="1383" WIDTH="161" HEIGHT="28" WC="0.90" CONTENT="donatarierna,"/><SP WIDTH="17" VPOS="1383" HPOS="557"/>
							<String ID="string_292" HPOS="574" VPOS="1383" WIDTH="73" HEIGHT="22" WC="0.91" CONTENT="kunna"/><SP WIDTH="14" VPOS="1383" HPOS="647"/>
							<String ID="string_293" HPOS="661" VPOS="1383" WIDTH="117" HEIGHT="28" WC="0.91" CONTENT="afhjelpas."/>
						</TextLine>
					</TextBlock>
					<TextBlock ID="block_3" HPOS="182" VPOS="1417" WIDTH="742" HEIGHT="66">
						<TextLine ID="line_36" HPOS="250" VPOS="1417" WIDTH="674" HEIGHT="30">
							<String ID="string_294" HPOS="250" VPOS="1419" WIDTH="74" HEIGHT="22" WC="0.96" CONTENT="Också"/><SP WIDTH="19" VPOS="1419" HPOS="324"/>
							<String ID="string_295" HPOS="343" VPOS="1419" WIDTH="39" HEIGHT="21" WC="0.96" CONTENT="har"/><SP WIDTH="15" VPOS="1419" HPOS="382"/>
							<String ID="string_296" HPOS="397" VPOS="1419" WIDTH="60" HEIGHT="20" WC="0.96" CONTENT="Hans"/><SP WIDTH="19" VPOS="1419" HPOS="457"/>
							<String ID="string_297" HPOS="476" VPOS="1417" WIDTH="123" HEIGHT="28" WC="0.96" CONTENT="Kejserliga"/><SP WIDTH="20" VPOS="1417" HPOS="599"/>
							<String ID="string_298" HPOS="619" VPOS="1418" WIDTH="102" HEIGHT="28" WC="0.96" CONTENT="Majestät"/><SP WIDTH="15" VPOS="1418" HPOS="721"/>
							<String ID="string_299" HPOS="736" VPOS="1417" WIDTH="43" HEIGHT="22" WC="0.96" CONTENT="fäst"/><SP WIDTH="16" VPOS="1417" HPOS="779"/>
							<String ID="string_300" HPOS="795" VPOS="1419" WIDTH="32" HEIGHT="21" WC="0.96" CONTENT="sin"/><SP WIDTH="16" VPOS="1419" HPOS="827"/>
							<String ID="string_301" HPOS="843" VPOS="1419" WIDTH="81" HEIGHT="28" WC="0.96" CONTENT="nådiga"/>
						</TextLine>
						<TextLine ID="line_37" HPOS="182" VPOS="1452" WIDTH="741" HEIGHT="31">
							<String ID="string_302" HPOS="182" VPOS="1454" WIDTH="191" HEIGHT="29" WC="0.96" CONTENT="uppmärksamhet"/><SP WIDTH="14" VPOS="1454" HPOS="373"/>
							<String ID="string_303" HPOS="387" VPOS="1453" WIDTH="37" HEIGHT="22" WC="0.96" CONTENT="vid"/><SP WIDTH="15" VPOS="1453" HPOS="424"/>
							<String ID="string_304" HPOS="439" VPOS="1453" WIDTH="65" HEIGHT="21" WC="0.96" CONTENT="dessa"/><SP WIDTH="15" VPOS="1453" HPOS="504"/>
							<String ID="string_305" HPOS="519" VPOS="1452" WIDTH="159" HEIGHT="28" WC="0.96" CONTENT="förvecklingar"/><SP WIDTH="15" VPOS="1452" HPOS="678"/>
							<String ID="string_306" HPOS="693" VPOS="1453" WIDTH="40" HEIGHT="21" WC="0.96" CONTENT="och"/><SP WIDTH="15" VPOS="1453" HPOS="733"/>
							<String ID="string_307" HPOS="748" VPOS="1453" WIDTH="48" HEIGHT="21" WC="0.95" CONTENT="låtit"/><SP WIDTH="15" VPOS="1453" HPOS="796"/>
							<String ID="string_308" HPOS="811" VPOS="1453" WIDTH="112" HEIGHT="28" WC="0.96" CONTENT="förelägga"/>
						</TextLine>
					</TextBlock>
				</ComposedBlock>
			</PrintSpace>
		</Page>
	</Layout>
</alto>
