1025 1745
811 138 39 21 135

91 217 20 16 +
126 205 139 28 visserligen,
282 207 33 20 att
329 205 202 29 domkyrkotunnor
545 205 7 22 i
567 205 75 22 stiften
657 204 24 22 af
694 204 62 22 ålder
770 204 57 21 varit
840 210 38 15 an-

126 240 79 27 slagna
220 239 36 22 för
270 239 127 22 flerehanda
412 239 113 28 ändamål,
542 240 72 21 såsom
628 237 173 30 biskopsgårdar
810 245 28 14 m.
849 245 29 14 m.

126 274 51 21 Men
197 273 37 22 det
254 275 64 25 säger
337 273 50 22 icke
406 276 33 19 att
458 273 27 22 de
500 273 168 28 ifrågavarande
684 275 109 20 tunnorna
807 271 72 22 blifvit

126 307 104 22 använda
252 307 33 21 till
308 307 84 22 sådana
412 307 103 22 ändamål
535 308 7 21 i
555 307 86 28 Kuopio
662 307 53 22 stift.
744 307 80 21 Likväl
839 305 40 22 vill

116 341 49 28 jag
185 341 19 28 ej
225 341 108 28 bestrida,
355 343 32 20 att
407 341 49 22 icke
477 343 73 20 staten
569 341 70 22 skulle
654 341 58 22 visat
728 341 34 27 sig
776 339 103 28 frikostig

126 375 65 22 äfven
206 377 45 20 mot
265 375 86 28 Kuopio
367 375 56 29 stift;
439 383 49 14 men
500 383 34 15 om
545 383 39 15 sex
600 375 161 22 mess-skrudar
773 373 104 24 förärade

126 409 33 22 till
182 409 87 29 kyrkan
291 410 7 20 i
321 410 85 27 Kuopio
430 410 63 22 skola
513 416 65 15 anses
600 410 90 27 betinga
714 416 26 14 en
765 408 113 28 evärdelig

126 443 211 27 skuldförbindelse,
354 450 34 15 om
402 443 85 28 Kuopio
502 444 157 27 församlingar
674 444 7 21 i
692 443 45 22 alla
747 443 56 21 tider
814 442 64 22 skola

121 479 58 20 utan
195 478 38 21 allt
248 477 76 22 vidare
339 477 79 28 bidrag
432 478 74 28 bygga
519 478 41 22 och
574 477 129 23 underhålla
720 477 86 28 Kuopio
820 476 58 23 stifts

121 512 137 29 domkyrka,
275 515 24 18 är
310 512 40 22 och
360 512 79 23 förblir
454 513 149 22 förhållandet
615 513 86 27 ganska
710 512 74 28 härdt,
801 511 29 22 dä
841 511 38 22 det

121 547 74 22 likväl
206 546 19 28 ej
237 547 45 21 kan
293 547 117 28 bestridas,
422 549 32 19 att
465 547 84 28 Kuopio
558 547 142 28 församlings
708 546 72 28 kyrka
789 548 24 19 är
821 545 56 22 dom-

124 581 72 29 kyrka
201 581 44 28 för
251 581 84 28 Kuopio
346 581 48 29 stift
404 581 40 22 och
452 582 72 22 säsom
535 581 70 22 sädan
616 581 7 22 i
633 581 71 28 grund
714 581 25 21 af
746 583 14 19 4
770 582 13 25 $
794 581 83 27 presta-

124 615 55 28 priv.
189 615 25 21 af
219 615 54 21 1723
282 615 125 28 berättigad
416 617 32 19 att
456 616 85 27 åtnjuta
550 615 203 28 domkyrkotionde.
767 614 111 34 Fullkom-

124 649 42 28 ligt
187 649 106 28 likgiltigt
315 649 70 22 mäste
407 656 75 22 anses,
506 657 34 14 om
559 649 231 28 domkyrkotunnorna
807 649 8 20 i
829 649 48 21 Abo

124 683 73 22 blifvit
213 683 100 22 använde
328 683 34 22 till
376 684 98 28 kyrkans
490 684 113 28 prydande
619 683 53 23 eller
687 684 34 21 till
736 682 142 28 nödvändiga

124 717 76 28 behof;
215 717 80 22 sädant
310 718 79 21 verkar
402 718 30 28 pä
444 718 137 22 närvarande
593 718 62 28 fräga
664 718 51 21 icke
726 717 37 22 det
773 717 103 28 ringaste.

124 751 120 22 Likaledes
265 754 24 19 är
305 751 36 22 det
362 752 25 21 af
398 752 55 28 föga
468 753 55 27 vigt,
544 753 76 21 hvilka
640 752 88 28 uttryck
743 752 7 21 i
764 751 113 28 petitions-

124 785 110 28 förslaget
244 786 71 21 blifvit
325 786 137 28 begagnade.
485 787 50 22 Men
546 787 42 21 den
599 787 25 21 af
632 787 139 28 domprosten
784 785 93 22 Renvall

122 821 31 28 pä
168 821 86 28 Kuopio
268 821 130 28 församling
408 822 101 21 orättvist
519 821 94 22 kastade
624 822 101 27 skuggan
736 821 25 22 af
768 820 109 23 värdslös-

123 855 39 22 het
173 855 53 21 eller
236 855 82 27 ovilja
310 851 10 37 i
328 856 138 27 fullgörande
476 856 26 21 af
510 857 33 21 sin
553 856 84 28 kyrkas
650 856 125 28 reparation
790 855 40 21 har
836 855 43 27 jag

124 890 26 22 sä
160 889 88 29 mycket
259 889 85 23 mindre
352 890 83 22 kunnat
443 890 73 22 lemna
525 890 123 28 oanmärkt,
660 897 46 15 som
715 890 51 22 dess
774 888 102 30 upphofs-

124 931 51 14 man
184 924 49 22 icke
243 924 44 21 kan
302 928 52 18 veta
364 924 58 22 hvad
432 924 159 28 församlingen
599 924 49 22 lidit
659 924 40 22 och
710 926 90 20 uträttat
808 924 71 22 under

123 959 29 21 de
160 958 37 22 nio
206 959 29 27 är,
247 965 46 15 som
301 958 94 22 förflutit
403 958 68 22 sedan
480 959 166 28 stiftsstyrelsen
654 959 34 21 till
696 961 62 19 orten
768 958 110 28 förlades,

119 992 46 22 och
188 994 31 20 att
238 992 69 22 under
324 993 179 28 hungersnödens
523 993 99 22 hårdaste
637 994 123 21 hemsökelse
775 992 103 22 behofvet

124 1027 26 22 af
167 1026 37 23 det
223 1027 133 22 omnämnda
373 1034 45 22 nya
437 1028 147 28 kyrkotakets
604 1027 151 29 anbringande
770 1027 107 29 yppades.

124 1062 42 27 Jag
182 1062 99 22 anhäller
296 1062 102 28 slutligen
414 1064 32 20 att
460 1063 120 27 petitionen
595 1063 68 21 mätte
677 1062 27 22 fä
714 1062 33 22 till
757 1062 121 28 högveder-

124 1096 72 28 Dbörlig
211 1099 34 18 ort
260 1096 80 28 åtfölja
356 1096 70 29 öfriga
445 1097 117 27 petitioner
582 1097 47 21 från
649 1097 96 27 ståndet,
762 1096 64 22 äfven
842 1103 35 15 om

124 1130 43 22 den
189 1130 49 22 icke
261 1130 26 22 af
304 1131 88 22 ståndet
414 1134 103 26 antages;
537 1134 24 25 ty
581 1131 43 22 den
644 1133 25 19 är
688 1131 49 21 icke
757 1131 54 27 min,
826 1130 51 22 icke

123 1165 87 28 Kuopio
232 1165 152 29 församlings,
407 1168 53 19 utan
483 1166 90 28 stiftets,
597 1172 79 22 genom
699 1165 179 27 domprosteriets

118 1200 108 26 samtliga
241 1200 141 28 presterskap
396 1200 139 22 framställda
550 1200 92 22 önskan.

192 1233 111 29 Biskopen
319 1234 99 22 Ottelin
433 1234 61 28 ville,
510 1234 29 22 då
554 1234 77 28 frågan
647 1234 63 22 rörde
726 1233 64 23 äfven
804 1234 73 28 Borgå

120 1267 61 28 stift,
201 1268 178 28 upplysningsvis
399 1271 79 19 nämna
497 1271 32 19 att
543 1269 73 27 Borgå
631 1268 123 28 domkyrka
770 1268 108 22 tilldelats

124 1302 26 21 72
172 1304 78 19 tunnor
270 1302 207 28 domkyrkotionde,
497 1304 12 20 2
525 1305 78 19 tunnor
618 1302 124 22 beräknadt
756 1302 29 28 på
799 1302 78 28 hvarje

121 1335 108 28 gammalt
244 1338 107 26 pastorat,
367 1336 87 23 således
469 1337 47 21 från
531 1337 128 28 Idensalmi,
673 1337 86 28 Kuopio
771 1336 40 21 och
821 1336 58 22 Rau-

123 1369 92 27 talampi
225 1369 145 22 tillsammans
382 1371 11 20 6
405 1373 87 22 tunnor;
508 1378 49 13 men
573 1371 29 20 då
617 1370 213 27 domkyrkotionden
845 1373 33 18 ut-

122 1402 42 27 går
185 1402 25 21 af
227 1402 95 21 kronans
337 1403 104 21 behållna
455 1403 84 28 tionde,
557 1403 40 21 och
612 1403 7 20 i
633 1404 96 21 Karelen
744 1403 48 21 icke
808 1403 71 21 finnes

123 1437 74 27 någon
213 1436 83 29 tionde,
313 1436 57 23 hade
384 1437 73 28 Borgå
473 1437 122 29 domkyrka
610 1437 61 28 förty
686 1437 49 22 icke
746 1437 69 22 heller
824 1437 56 22 kun-
