<?xml version="1.0" encoding="UTF-8"?>
<alto xmlns="http://www.loc.gov/standards/alto/ns-v3#" xmlns:xlink="http://www.w3.org/1999/xlink" xmlns:xsi="http://www.w3.org/2001/XMLSchema-instance" xsi:schemaLocation="http://www.loc.gov/standards/alto/ns-v3# http://www.loc.gov/alto/v3/alto-3-0.xsd">
	<Description>
		<MeasurementUnit>pixel</MeasurementUnit>
		<sourceImageInformation>
			<fileName>/tmp/tess_ievdsm7c_input.PNG</fileName>
		</sourceImageInformation>
		<OCRProcessing ID="OCR_0">
			<ocrProcessingStep>
				<processingSoftware>
					<softwareName>tesseract 5.3.4</softwareName>
				</processingSoftware>
			</ocrProcessingStep>
		</OCRProcessing>
	</Description>
	<Layout>
		<Page WIDTH="1020" HEIGHT="1748" PHYSICAL_IMG_NR="0" ID="page_0">
			<PrintSpace HPOS="0" VPOS="0" WIDTH="1020" HEIGHT="1748">
				<ComposedBlock ID="cblock_0" HPOS="802" VPOS="149" WIDTH="24" HEIGHT="20">
					<TextBlock ID="block_0" HPOS="802" VPOS="149" WIDTH="24" HEIGHT="20">
						<TextLine ID="line_0" HPOS="802" VPOS="149" WIDTH="24" HEIGHT="20">
							<String ID="string_0" HPOS="802" VPOS="149" WIDTH="24" HEIGHT="20" WC="0.96" CONTENT="31"/>
						</TextLine>
					</TextBlock>
				</ComposedBlock>
				<ComposedBlock ID="cblock_1" HPOS="104" VPOS="213" WIDTH="754" HEIGHT="1269">
					<TextBlock ID="block_1" HPOS="105" VPOS="213" WIDTH="753" HEIGHT="615">
						<TextLine ID="line_1" HPOS="111" VPOS="213" WIDTH="746" HEIGHT="29">
							<String ID="string_1" HPOS="111" VPOS="214" WIDTH="81" HEIGHT="22" WC="0.96" CONTENT="seende"/><SP WIDTH="15" VPOS="214" HPOS="192"/>
							<String ID="string_2" HPOS="207" VPOS="214" WIDTH="67" HEIGHT="22" WC="0.95" CONTENT="redan"/><SP WIDTH="12" VPOS="214" HPOS="274"/>
							<String ID="string_3" HPOS="286" VPOS="213" WIDTH="5" HEIGHT="22" WC="0.96" CONTENT="i"/><SP WIDTH="12" VPOS="213" HPOS="291"/>
							<String ID="string_4" HPOS="303" VPOS="214" WIDTH="39" HEIGHT="27" WC="0.92" CONTENT="går"/><SP WIDTH="11" VPOS="214" HPOS="342"/>
							<String ID="string_5" HPOS="353" VPOS="214" WIDTH="82" HEIGHT="27" WC="0.91" CONTENT="aflaggt"/><SP WIDTH="15" VPOS="214" HPOS="435"/>
							<String ID="string_6" HPOS="450" VPOS="214" WIDTH="67" HEIGHT="22" WC="0.96" CONTENT="besök"/><SP WIDTH="17" VPOS="214" HPOS="517"/>
							<String ID="string_7" HPOS="534" VPOS="214" WIDTH="38" HEIGHT="21" WC="0.96" CONTENT="hos"/><SP WIDTH="16" VPOS="214" HPOS="572"/>
							<String ID="string_8" HPOS="588" VPOS="215" WIDTH="24" HEIGHT="20" WC="0.93" CONTENT="hr"/><SP WIDTH="12" VPOS="215" HPOS="612"/>
							<String ID="string_9" HPOS="624" VPOS="214" WIDTH="233" HEIGHT="28" WC="0.80" CONTENT="gencralguvernören,"/>
						</TextLine>
						<TextLine ID="line_2" HPOS="109" VPOS="248" WIDTH="748" HEIGHT="28">
							<String ID="string_10" HPOS="109" VPOS="255" WIDTH="46" HEIGHT="15" WC="0.96" CONTENT="som"/><SP WIDTH="19" VPOS="255" HPOS="155"/>
							<String ID="string_11" HPOS="174" VPOS="249" WIDTH="29" HEIGHT="20" WC="0.96" CONTENT="då"/><SP WIDTH="20" VPOS="249" HPOS="203"/>
							<String ID="string_12" HPOS="223" VPOS="249" WIDTH="49" HEIGHT="20" WC="0.96" CONTENT="icke"/><SP WIDTH="18" VPOS="249" HPOS="272"/>
							<String ID="string_13" HPOS="290" VPOS="248" WIDTH="56" HEIGHT="21" WC="0.96" CONTENT="varit"/><SP WIDTH="18" VPOS="248" HPOS="346"/>
							<String ID="string_14" HPOS="364" VPOS="248" WIDTH="96" HEIGHT="24" WC="0.96" CONTENT="hemma,"/><SP WIDTH="15" VPOS="248" HPOS="460"/>
							<String ID="string_15" HPOS="475" VPOS="255" WIDTH="49" HEIGHT="14" WC="0.96" CONTENT="men"/><SP WIDTH="13" VPOS="255" HPOS="524"/>
							<String ID="string_16" HPOS="537" VPOS="248" WIDTH="38" HEIGHT="27" WC="0.75" CONTENT="vid"/><SP WIDTH="14" VPOS="248" HPOS="575"/>
							<String ID="string_17" HPOS="589" VPOS="249" WIDTH="7" HEIGHT="20" WC="0.96" CONTENT="i"/><SP WIDTH="16" VPOS="249" HPOS="596"/>
							<String ID="string_18" HPOS="612" VPOS="248" WIDTH="44" HEIGHT="27" WC="0.93" CONTENT="dag"/><SP WIDTH="15" VPOS="248" HPOS="656"/>
							<String ID="string_19" HPOS="671" VPOS="248" WIDTH="102" HEIGHT="28" WC="0.92" CONTENT="förnyadt"/><SP WIDTH="15" VPOS="248" HPOS="773"/>
							<String ID="string_20" HPOS="788" VPOS="249" WIDTH="69" HEIGHT="21" WC="0.96" CONTENT="besök"/>
						</TextLine>
						<TextLine ID="line_3" HPOS="109" VPOS="281" WIDTH="749" HEIGHT="28">
							<String ID="string_21" HPOS="109" VPOS="282" WIDTH="63" HEIGHT="27" WC="0.91" CONTENT="gifvit"/><SP WIDTH="15" VPOS="282" HPOS="172"/>
							<String ID="string_22" HPOS="187" VPOS="283" WIDTH="108" HEIGHT="20" WC="0.96" CONTENT="tillkänna"/><SP WIDTH="16" VPOS="283" HPOS="295"/>
							<String ID="string_23" HPOS="311" VPOS="283" WIDTH="32" HEIGHT="19" WC="0.96" CONTENT="att"/><SP WIDTH="15" VPOS="283" HPOS="343"/>
							<String ID="string_24" HPOS="358" VPOS="281" WIDTH="42" HEIGHT="22" WC="0.96" CONTENT="den"/><SP WIDTH="16" VPOS="281" HPOS="400"/>
							<String ID="string_25" HPOS="416" VPOS="282" WIDTH="105" HEIGHT="27" WC="0.93" CONTENT="vidtagna"/><SP WIDTH="16" VPOS="282" HPOS="521"/>
							<String ID="string_26" HPOS="537" VPOS="281" WIDTH="184" HEIGHT="28" WC="0.87" CONTENT="censurätgärden"/><SP WIDTH="12" VPOS="281" HPOS="721"/>
							<String ID="string_27" HPOS="733" VPOS="282" WIDTH="125" HEIGHT="21" WC="0.95" CONTENT="tillkommit"/>
						</TextLine>
						<TextLine ID="line_4" HPOS="109" VPOS="315" WIDTH="749" HEIGHT="28">
							<String ID="string_28" HPOS="109" VPOS="317" WIDTH="79" HEIGHT="20" WC="0.96" CONTENT="endast"/><SP WIDTH="17" VPOS="317" HPOS="188"/>
							<String ID="string_29" HPOS="205" VPOS="316" WIDTH="7" HEIGHT="21" WC="0.93" CONTENT="i"/><SP WIDTH="19" VPOS="316" HPOS="212"/>
							<String ID="string_30" HPOS="231" VPOS="315" WIDTH="66" HEIGHT="28" WC="0.92" CONTENT="afsigt"/><SP WIDTH="15" VPOS="315" HPOS="297"/>
							<String ID="string_31" HPOS="312" VPOS="317" WIDTH="32" HEIGHT="19" WC="0.96" CONTENT="att"/><SP WIDTH="18" VPOS="317" HPOS="344"/>
							<String ID="string_32" HPOS="362" VPOS="315" WIDTH="121" HEIGHT="28" WC="0.93" CONTENT="förebygga"/><SP WIDTH="18" VPOS="315" HPOS="483"/>
							<String ID="string_33" HPOS="501" VPOS="315" WIDTH="151" HEIGHT="28" WC="0.90" CONTENT="utspridandet"/><SP WIDTH="16" VPOS="315" HPOS="652"/>
							<String ID="string_34" HPOS="668" VPOS="316" WIDTH="24" HEIGHT="21" WC="0.93" CONTENT="af"/><SP WIDTH="13" VPOS="316" HPOS="692"/>
							<String ID="string_35" HPOS="705" VPOS="316" WIDTH="153" HEIGHT="27" WC="0.92" CONTENT="otillförlitliga"/>
						</TextLine>
						<TextLine ID="line_5" HPOS="109" VPOS="349" WIDTH="748" HEIGHT="28">
							<String ID="string_36" HPOS="109" VPOS="349" WIDTH="40" HEIGHT="22" WC="0.96" CONTENT="och"/><SP WIDTH="19" VPOS="349" HPOS="149"/>
							<String ID="string_37" HPOS="168" VPOS="350" WIDTH="110" HEIGHT="21" WC="0.94" CONTENT="måhända"/><SP WIDTH="15" VPOS="350" HPOS="278"/>
							<String ID="string_38" HPOS="293" VPOS="349" WIDTH="94" HEIGHT="28" WC="0.96" CONTENT="oriktiga"/><SP WIDTH="15" VPOS="349" HPOS="387"/>
							<String ID="string_39" HPOS="402" VPOS="349" WIDTH="171" HEIGHT="22" WC="0.96" CONTENT="underrättelser"/><SP WIDTH="15" VPOS="349" HPOS="573"/>
							<String ID="string_40" HPOS="588" VPOS="357" WIDTH="34" HEIGHT="14" WC="0.93" CONTENT="om"/><SP WIDTH="16" VPOS="357" HPOS="622"/>
							<String ID="string_41" HPOS="638" VPOS="350" WIDTH="219" HEIGHT="27" WC="0.89" CONTENT="landtdagsförhand-"/>
						</TextLine>
						<TextLine ID="line_6" HPOS="108" VPOS="384" WIDTH="750" HEIGHT="28">
							<String ID="string_42" HPOS="108" VPOS="385" WIDTH="101" HEIGHT="26" WC="0.96" CONTENT="lingarna"/><SP WIDTH="15" VPOS="385" HPOS="209"/>
							<String ID="string_43" HPOS="224" VPOS="387" WIDTH="56" HEIGHT="19" WC="0.93" CONTENT="samt"/><SP WIDTH="16" VPOS="387" HPOS="280"/>
							<String ID="string_44" HPOS="296" VPOS="384" WIDTH="131" HEIGHT="21" WC="0.90" CONTENT="dermedelst"/><SP WIDTH="16" VPOS="384" HPOS="427"/>
							<String ID="string_45" HPOS="443" VPOS="384" WIDTH="86" HEIGHT="28" WC="0.93" CONTENT="skydda"/><SP WIDTH="16" VPOS="384" HPOS="529"/>
							<String ID="string_46" HPOS="545" VPOS="384" WIDTH="104" HEIGHT="22" WC="0.91" CONTENT="ståndens"/><SP WIDTH="16" VPOS="384" HPOS="649"/>
							<String ID="string_47" HPOS="665" VPOS="385" WIDTH="140" HEIGHT="21" WC="0.96" CONTENT="medlemmar"/><SP WIDTH="8" VPOS="385" HPOS="805"/>
							<String ID="string_48" HPOS="813" VPOS="387" WIDTH="45" HEIGHT="19" WC="0.96" CONTENT="mot"/>
						</TextLine>
						<TextLine ID="line_7" HPOS="108" VPOS="419" WIDTH="747" HEIGHT="28">
							<String ID="string_49" HPOS="108" VPOS="419" WIDTH="118" HEIGHT="28" WC="0.92" CONTENT="obehöriga"/><SP WIDTH="20" VPOS="419" HPOS="226"/>
							<String ID="string_50" HPOS="246" VPOS="419" WIDTH="122" HEIGHT="22" WC="0.88" CONTENT="tillvitelser"/><SP WIDTH="20" VPOS="419" HPOS="368"/>
							<String ID="string_51" HPOS="388" VPOS="419" WIDTH="40" HEIGHT="21" WC="0.97" CONTENT="och"/><SP WIDTH="19" VPOS="419" HPOS="428"/>
							<String ID="string_52" HPOS="447" VPOS="419" WIDTH="94" HEIGHT="28" WC="0.80" CONTENT="obehag;"/><SP WIDTH="16" VPOS="419" HPOS="541"/>
							<String ID="string_53" HPOS="557" VPOS="419" WIDTH="94" HEIGHT="22" WC="0.92" CONTENT="hvarhos"/><SP WIDTH="15" VPOS="419" HPOS="651"/>
							<String ID="string_54" HPOS="666" VPOS="419" WIDTH="55" HEIGHT="22" WC="0.96" CONTENT="hans"/><SP WIDTH="16" VPOS="419" HPOS="721"/>
							<String ID="string_55" HPOS="737" VPOS="419" WIDTH="118" HEIGHT="28" WC="0.96" CONTENT="excellens,"/>
						</TextLine>
						<TextLine ID="line_8" HPOS="108" VPOS="453" WIDTH="749" HEIGHT="28">
							<String ID="string_56" HPOS="108" VPOS="453" WIDTH="54" HEIGHT="22" WC="0.95" CONTENT="efter"/><SP WIDTH="22" VPOS="453" HPOS="162"/>
							<String ID="string_57" HPOS="184" VPOS="457" WIDTH="33" HEIGHT="18" WC="0.96" CONTENT="att"/><SP WIDTH="21" VPOS="457" HPOS="217"/>
							<String ID="string_58" HPOS="238" VPOS="455" WIDTH="67" HEIGHT="20" WC="0.95" CONTENT="under"/><SP WIDTH="17" VPOS="455" HPOS="305"/>
							<String ID="string_59" HPOS="322" VPOS="453" WIDTH="89" HEIGHT="28" WC="0.96" CONTENT="upplyst"/><SP WIDTH="19" VPOS="453" HPOS="411"/>
							<String ID="string_60" HPOS="430" VPOS="453" WIDTH="40" HEIGHT="22" WC="0.96" CONTENT="och"/><SP WIDTH="18" VPOS="453" HPOS="470"/>
							<String ID="string_61" HPOS="488" VPOS="454" WIDTH="107" HEIGHT="27" WC="0.93" CONTENT="välvilligt"/><SP WIDTH="19" VPOS="454" HPOS="595"/>
							<String ID="string_62" HPOS="614" VPOS="453" WIDTH="161" HEIGHT="28" WC="0.91" CONTENT="öfvervägande"/><SP WIDTH="16" VPOS="453" HPOS="775"/>
							<String ID="string_63" HPOS="791" VPOS="453" WIDTH="66" HEIGHT="22" WC="0.96" CONTENT="hafva"/>
						</TextLine>
						<TextLine ID="line_9" HPOS="107" VPOS="488" WIDTH="749" HEIGHT="28">
							<String ID="string_64" HPOS="107" VPOS="489" WIDTH="56" HEIGHT="27" WC="0.92" CONTENT="tagit"/><SP WIDTH="22" VPOS="489" HPOS="163"/>
							<String ID="string_65" HPOS="185" VPOS="489" WIDTH="150" HEIGHT="21" WC="0.91" CONTENT="talemännens"/><SP WIDTH="23" VPOS="489" HPOS="335"/>
							<String ID="string_66" HPOS="358" VPOS="488" WIDTH="136" HEIGHT="21" WC="0.96" CONTENT="beträffande"/><SP WIDTH="23" VPOS="488" HPOS="494"/>
							<String ID="string_67" HPOS="517" VPOS="488" WIDTH="71" HEIGHT="22" WC="0.96" CONTENT="denna"/><SP WIDTH="21" VPOS="488" HPOS="588"/>
							<String ID="string_68" HPOS="609" VPOS="488" WIDTH="62" HEIGHT="28" WC="0.96" CONTENT="fråga"/><SP WIDTH="15" VPOS="488" HPOS="671"/>
							<String ID="string_69" HPOS="686" VPOS="488" WIDTH="78" HEIGHT="28" WC="0.91" CONTENT="gjorda"/><SP WIDTH="15" VPOS="488" HPOS="764"/>
							<String ID="string_70" HPOS="779" VPOS="488" WIDTH="77" HEIGHT="21" WC="0.90" CONTENT="andra-"/>
						</TextLine>
						<TextLine ID="line_10" HPOS="107" VPOS="522" WIDTH="748" HEIGHT="29">
							<String ID="string_71" HPOS="107" VPOS="523" WIDTH="87" HEIGHT="27" WC="0.93" CONTENT="ganden"/><SP WIDTH="14" VPOS="523" HPOS="194"/>
							<String ID="string_72" HPOS="208" VPOS="523" WIDTH="40" HEIGHT="21" WC="0.96" CONTENT="och"/><SP WIDTH="12" VPOS="523" HPOS="248"/>
							<String ID="string_73" HPOS="260" VPOS="524" WIDTH="6" HEIGHT="20" WC="0.96" CONTENT="i"/><SP WIDTH="12" VPOS="524" HPOS="266"/>
							<String ID="string_74" HPOS="278" VPOS="522" WIDTH="144" HEIGHT="22" WC="0.95" CONTENT="betraktande"/><SP WIDTH="12" VPOS="522" HPOS="422"/>
							<String ID="string_75" HPOS="434" VPOS="522" WIDTH="25" HEIGHT="21" WC="0.96" CONTENT="af"/><SP WIDTH="9" VPOS="522" HPOS="459"/>
							<String ID="string_76" HPOS="468" VPOS="522" WIDTH="128" HEIGHT="22" WC="0.96" CONTENT="ständernas"/><SP WIDTH="14" VPOS="522" HPOS="596"/>
							<String ID="string_77" HPOS="610" VPOS="530" WIDTH="28" HEIGHT="14" WC="0.95" CONTENT="nu"/><SP WIDTH="12" VPOS="530" HPOS="638"/>
							<String ID="string_78" HPOS="650" VPOS="522" WIDTH="98" HEIGHT="22" WC="0.96" CONTENT="uttalade"/><SP WIDTH="12" VPOS="522" HPOS="748"/>
							<String ID="string_79" HPOS="760" VPOS="522" WIDTH="95" HEIGHT="29" WC="0.96" CONTENT="önskan,"/>
						</TextLine>
						<TextLine ID="line_11" HPOS="107" VPOS="557" WIDTH="748" HEIGHT="27">
							<String ID="string_80" HPOS="107" VPOS="560" WIDTH="33" HEIGHT="19" WC="0.96" CONTENT="att"/><SP WIDTH="18" VPOS="560" HPOS="140"/>
							<String ID="string_81" HPOS="158" VPOS="558" WIDTH="63" HEIGHT="21" WC="0.92" CONTENT="deras"/><SP WIDTH="18" VPOS="558" HPOS="221"/>
							<String ID="string_82" HPOS="239" VPOS="557" WIDTH="145" HEIGHT="27" WC="0.91" CONTENT="tillgöranden"/><SP WIDTH="15" VPOS="557" HPOS="384"/>
							<String ID="string_83" HPOS="399" VPOS="557" WIDTH="58" HEIGHT="27" WC="0.96" CONTENT="finge"/><SP WIDTH="16" VPOS="557" HPOS="457"/>
							<String ID="string_84" HPOS="473" VPOS="557" WIDTH="29" HEIGHT="21" WC="0.96" CONTENT="uti"/><SP WIDTH="17" VPOS="557" HPOS="502"/>
							<String ID="string_85" HPOS="519" VPOS="557" WIDTH="139" HEIGHT="27" WC="0.96" CONTENT="tidningarna"/><SP WIDTH="15" VPOS="557" HPOS="658"/>
							<String ID="string_86" HPOS="673" VPOS="559" WIDTH="52" HEIGHT="19" WC="0.96" CONTENT="utan"/><SP WIDTH="16" VPOS="559" HPOS="725"/>
							<String ID="string_87" HPOS="741" VPOS="557" WIDTH="68" HEIGHT="27" WC="0.93" CONTENT="några"/><SP WIDTH="15" VPOS="557" HPOS="809"/>
							<String ID="string_88" HPOS="824" VPOS="557" WIDTH="31" HEIGHT="21" WC="0.92" CONTENT="in-"/>
						</TextLine>
						<TextLine ID="line_12" HPOS="107" VPOS="591" WIDTH="748" HEIGHT="29">
							<String ID="string_89" HPOS="107" VPOS="592" WIDTH="161" HEIGHT="27" WC="0.92" CONTENT="skränkningar"/><SP WIDTH="18" VPOS="592" HPOS="268"/>
							<String ID="string_90" HPOS="286" VPOS="592" WIDTH="45" HEIGHT="21" WC="0.95" CONTENT="fritt"/><SP WIDTH="18" VPOS="592" HPOS="331"/>
							<String ID="string_91" HPOS="349" VPOS="591" WIDTH="115" HEIGHT="28" WC="0.93" CONTENT="refereras,"/><SP WIDTH="20" VPOS="591" HPOS="464"/>
							<String ID="string_92" HPOS="484" VPOS="592" WIDTH="95" HEIGHT="27" WC="0.90" CONTENT="benäget"/><SP WIDTH="17" VPOS="592" HPOS="579"/>
							<String ID="string_93" HPOS="596" VPOS="591" WIDTH="69" HEIGHT="22" WC="0.90" CONTENT="lofvat"/><SP WIDTH="19" VPOS="591" HPOS="665"/>
							<String ID="string_94" HPOS="684" VPOS="594" WIDTH="52" HEIGHT="24" WC="0.96" CONTENT="göra"/><SP WIDTH="17" VPOS="594" HPOS="736"/>
							<String ID="string_95" HPOS="753" VPOS="592" WIDTH="58" HEIGHT="21" WC="0.96" CONTENT="hvad"/><SP WIDTH="16" VPOS="592" HPOS="811"/>
							<String ID="string_96" HPOS="827" VPOS="592" WIDTH="28" HEIGHT="28" WC="0.97" CONTENT="på"/>
						</TextLine>
						<TextLine ID="line_13" HPOS="106" VPOS="626" WIDTH="749" HEIGHT="28">
							<String ID="string_97" HPOS="106" VPOS="626" WIDTH="55" HEIGHT="22" WC="0.96" CONTENT="hans"/><SP WIDTH="21" VPOS="626" HPOS="161"/>
							<String ID="string_98" HPOS="182" VPOS="626" WIDTH="109" HEIGHT="22" WC="0.95" CONTENT="excellens"/><SP WIDTH="20" VPOS="626" HPOS="291"/>
							<String ID="string_99" HPOS="311" VPOS="626" WIDTH="73" HEIGHT="22" WC="0.96" CONTENT="kunde"/><SP WIDTH="21" VPOS="626" HPOS="384"/>
							<String ID="string_100" HPOS="405" VPOS="626" WIDTH="60" HEIGHT="25" WC="0.96" CONTENT="bero,"/><SP WIDTH="20" VPOS="626" HPOS="465"/>
							<String ID="string_101" HPOS="485" VPOS="626" WIDTH="33" HEIGHT="21" WC="0.96" CONTENT="för"/><SP WIDTH="18" VPOS="626" HPOS="518"/>
							<String ID="string_102" HPOS="536" VPOS="628" WIDTH="33" HEIGHT="19" WC="0.96" CONTENT="att"/><SP WIDTH="19" VPOS="628" HPOS="569"/>
							<String ID="string_103" HPOS="588" VPOS="626" WIDTH="92" HEIGHT="21" WC="0.93" CONTENT="utverka"/><SP WIDTH="21" VPOS="626" HPOS="680"/>
							<String ID="string_104" HPOS="701" VPOS="626" WIDTH="154" HEIGHT="28" WC="0.91" CONTENT="upphäfvande"/>
						</TextLine>
						<TextLine ID="line_14" HPOS="107" VPOS="660" WIDTH="748" HEIGHT="28">
							<String ID="string_105" HPOS="107" VPOS="662" WIDTH="25" HEIGHT="21" WC="0.93" CONTENT="af"/><SP WIDTH="12" VPOS="662" HPOS="132"/>
							<String ID="string_106" HPOS="144" VPOS="661" WIDTH="142" HEIGHT="22" WC="0.92" CONTENT="omförmälda"/><SP WIDTH="16" VPOS="661" HPOS="286"/>
							<String ID="string_107" HPOS="302" VPOS="661" WIDTH="161" HEIGHT="27" WC="0.90" CONTENT="censuråtgärd."/><SP WIDTH="30" VPOS="661" HPOS="463"/>
							<String ID="string_108" HPOS="493" VPOS="660" WIDTH="82" HEIGHT="22" WC="0.92" CONTENT="Tillika"/><SP WIDTH="14" VPOS="660" HPOS="575"/>
							<String ID="string_109" HPOS="589" VPOS="660" WIDTH="129" HEIGHT="22" WC="0.96" CONTENT="meddelade"/><SP WIDTH="17" VPOS="660" HPOS="718"/>
							<String ID="string_110" HPOS="735" VPOS="661" WIDTH="48" HEIGHT="21" WC="0.91" CONTENT="herr"/><SP WIDTH="11" VPOS="661" HPOS="783"/>
							<String ID="string_111" HPOS="794" VPOS="661" WIDTH="61" HEIGHT="21" WC="0.92" CONTENT="erke-"/>
						</TextLine>
						<TextLine ID="line_15" HPOS="106" VPOS="695" WIDTH="747" HEIGHT="29">
							<String ID="string_112" HPOS="106" VPOS="696" WIDTH="107" HEIGHT="28" WC="0.95" CONTENT="biskopen"/><SP WIDTH="21" VPOS="696" HPOS="213"/>
							<String ID="string_113" HPOS="234" VPOS="696" WIDTH="78" HEIGHT="21" WC="0.95" CONTENT="härvid"/><SP WIDTH="22" VPOS="696" HPOS="312"/>
							<String ID="string_114" HPOS="334" VPOS="696" WIDTH="88" HEIGHT="21" WC="0.96" CONTENT="ståndet"/><SP WIDTH="19" VPOS="696" HPOS="422"/>
							<String ID="string_115" HPOS="441" VPOS="695" WIDTH="124" HEIGHT="22" WC="0.96" CONTENT="kännedom"/><SP WIDTH="16" VPOS="695" HPOS="565"/>
							<String ID="string_116" HPOS="581" VPOS="696" WIDTH="83" HEIGHT="28" WC="0.96" CONTENT="derom,"/><SP WIDTH="16" VPOS="696" HPOS="664"/>
							<String ID="string_117" HPOS="680" VPOS="697" WIDTH="32" HEIGHT="19" WC="0.93" CONTENT="att"/><SP WIDTH="15" VPOS="697" HPOS="712"/>
							<String ID="string_118" HPOS="727" VPOS="695" WIDTH="126" HEIGHT="22" WC="0.92" CONTENT="erkebisko-"/>
						</TextLine>
						<TextLine ID="line_16" HPOS="105" VPOS="730" WIDTH="749" HEIGHT="29">
							<String ID="string_119" HPOS="105" VPOS="738" WIDTH="54" HEIGHT="21" WC="0.92" CONTENT="pens"/><SP WIDTH="17" VPOS="738" HPOS="159"/>
							<String ID="string_120" HPOS="176" VPOS="732" WIDTH="66" HEIGHT="26" WC="0.96" CONTENT="något"/><SP WIDTH="15" VPOS="732" HPOS="242"/>
							<String ID="string_121" HPOS="257" VPOS="730" WIDTH="109" HEIGHT="28" WC="0.96" CONTENT="fördröjda"/><SP WIDTH="16" VPOS="730" HPOS="366"/>
							<String ID="string_122" HPOS="382" VPOS="730" WIDTH="101" HEIGHT="22" WC="0.96" CONTENT="ankomst"/><SP WIDTH="14" VPOS="730" HPOS="483"/>
							<String ID="string_123" HPOS="497" VPOS="730" WIDTH="32" HEIGHT="22" WC="0.95" CONTENT="till"/><SP WIDTH="13" VPOS="730" HPOS="529"/>
							<String ID="string_124" HPOS="542" VPOS="730" WIDTH="83" HEIGHT="28" WC="0.96" CONTENT="dagens"/><SP WIDTH="11" VPOS="730" HPOS="625"/>
							<String ID="string_125" HPOS="636" VPOS="730" WIDTH="86" HEIGHT="28" WC="0.93" CONTENT="plenum"/><SP WIDTH="11" VPOS="730" HPOS="722"/>
							<String ID="string_126" HPOS="733" VPOS="730" WIDTH="121" HEIGHT="22" WC="0.91" CONTENT="föranledts"/>
						</TextLine>
						<TextLine ID="line_17" HPOS="107" VPOS="764" WIDTH="747" HEIGHT="29">
							<String ID="string_127" HPOS="107" VPOS="765" WIDTH="24" HEIGHT="22" WC="0.96" CONTENT="af"/><SP WIDTH="13" VPOS="765" HPOS="131"/>
							<String ID="string_128" HPOS="144" VPOS="765" WIDTH="36" HEIGHT="22" WC="0.96" CONTENT="det"/><SP WIDTH="14" VPOS="765" HPOS="180"/>
							<String ID="string_129" HPOS="194" VPOS="764" WIDTH="167" HEIGHT="29" WC="0.96" CONTENT="ifrågavarande"/><SP WIDTH="16" VPOS="764" HPOS="361"/>
							<String ID="string_130" HPOS="377" VPOS="764" WIDTH="91" HEIGHT="22" WC="0.96" CONTENT="besöket"/><SP WIDTH="14" VPOS="764" HPOS="468"/>
							<String ID="string_131" HPOS="482" VPOS="764" WIDTH="39" HEIGHT="22" WC="0.96" CONTENT="hos"/><SP WIDTH="12" VPOS="764" HPOS="521"/>
							<String ID="string_132" HPOS="533" VPOS="764" WIDTH="55" HEIGHT="22" WC="0.96" CONTENT="hans"/><SP WIDTH="12" VPOS="764" HPOS="588"/>
							<String ID="string_133" HPOS="600" VPOS="765" WIDTH="110" HEIGHT="21" WC="0.96" CONTENT="excellens"/><SP WIDTH="11" VPOS="765" HPOS="710"/>
							<String ID="string_134" HPOS="721" VPOS="765" WIDTH="24" HEIGHT="21" WC="0.93" CONTENT="hr"/><SP WIDTH="11" VPOS="765" HPOS="745"/>
							<String ID="string_135" HPOS="756" VPOS="764" WIDTH="98" HEIGHT="28" WC="0.90" CONTENT="general-"/>
						</TextLine>
						<TextLine ID="line_18" HPOS="106" VPOS="803" WIDTH="141" HEIGHT="25">
							<String ID="string_136" HPOS="106" VPOS="803" WIDTH="141" HEIGHT="25" WC="0.96" CONTENT="guvernören."/>
						</TextLine>
					</TextBlock>
					<TextBlock ID="block_2" HPOS="106" VPOS="834" WIDTH="749" HEIGHT="168">
						<TextLine ID="line_19" HPOS="174" VPOS="834" WIDTH="681" HEIGHT="28">
							<String ID="string_137" HPOS="174" VPOS="836" WIDTH="34" HEIGHT="20" WC="0.96" CONTENT="De"/><SP WIDTH="30" VPOS="836" HPOS="208"/>
							<String ID="string_138" HPOS="238" VPOS="834" WIDTH="24" HEIGHT="22" WC="0.95" CONTENT="af"/><SP WIDTH="26" VPOS="834" HPOS="262"/>
							<String ID="string_139" HPOS="288" VPOS="834" WIDTH="48" HEIGHT="22" WC="0.95" CONTENT="herr"/><SP WIDTH="26" VPOS="834" HPOS="336"/>
							<String ID="string_140" HPOS="362" VPOS="834" WIDTH="92" HEIGHT="22" WC="0.96" CONTENT="doktorn"/><SP WIDTH="27" VPOS="834" HPOS="454"/>
							<String ID="string_141" HPOS="481" VPOS="835" WIDTH="39" HEIGHT="21" WC="0.95" CONTENT="och"/><SP WIDTH="27" VPOS="835" HPOS="520"/>
							<String ID="string_142" HPOS="547" VPOS="834" WIDTH="106" HEIGHT="28" WC="0.91" CONTENT="biskopen"/><SP WIDTH="26" VPOS="834" HPOS="653"/>
							<String ID="string_143" HPOS="679" VPOS="835" WIDTH="112" HEIGHT="21" WC="0.91" CONTENT="Frosterus"/><SP WIDTH="26" VPOS="835" HPOS="791"/>
							<String ID="string_144" HPOS="817" VPOS="834" WIDTH="38" HEIGHT="22" WC="0.96" CONTENT="vid"/>
						</TextLine>
						<TextLine ID="line_20" HPOS="106" VPOS="869" WIDTH="748" HEIGHT="29">
							<String ID="string_145" HPOS="106" VPOS="870" WIDTH="268" HEIGHT="28" WC="0.91" CONTENT="helsningsdeputationen"/><SP WIDTH="27" VPOS="870" HPOS="374"/>
							<String ID="string_146" HPOS="401" VPOS="869" WIDTH="56" HEIGHT="22" WC="0.92" CONTENT="inför"/><SP WIDTH="28" VPOS="869" HPOS="457"/>
							<String ID="string_147" HPOS="485" VPOS="869" WIDTH="118" HEIGHT="28" WC="0.90" CONTENT="höglofliga"/><SP WIDTH="29" VPOS="869" HPOS="603"/>
							<String ID="string_148" HPOS="632" VPOS="869" WIDTH="153" HEIGHT="28" WC="0.96" CONTENT="ridderskapet"/><SP WIDTH="29" VPOS="869" HPOS="785"/>
							<String ID="string_149" HPOS="814" VPOS="870" WIDTH="40" HEIGHT="21" WC="0.96" CONTENT="och"/>
						</TextLine>
						<TextLine ID="line_21" HPOS="107" VPOS="903" WIDTH="747" HEIGHT="28">
							<String ID="string_150" HPOS="107" VPOS="905" WIDTH="65" HEIGHT="21" WC="0.96" CONTENT="adeln"/><SP WIDTH="16" VPOS="905" HPOS="172"/>
							<String ID="string_151" HPOS="188" VPOS="908" WIDTH="55" HEIGHT="18" WC="0.93" CONTENT="samt"/><SP WIDTH="15" VPOS="908" HPOS="243"/>
							<String ID="string_152" HPOS="258" VPOS="904" WIDTH="110" HEIGHT="27" WC="0.92" CONTENT="vällofliga"/><SP WIDTH="21" VPOS="904" HPOS="368"/>
							<String ID="string_153" HPOS="389" VPOS="904" WIDTH="100" HEIGHT="27" WC="0.91" CONTENT="borgare-"/><SP WIDTH="20" VPOS="904" HPOS="489"/>
							<String ID="string_154" HPOS="509" VPOS="903" WIDTH="39" HEIGHT="22" WC="0.96" CONTENT="och"/><SP WIDTH="20" VPOS="903" HPOS="548"/>
							<String ID="string_155" HPOS="568" VPOS="903" WIDTH="136" HEIGHT="22" WC="0.93" CONTENT="hedervärda"/><SP WIDTH="19" VPOS="903" HPOS="704"/>
							<String ID="string_156" HPOS="723" VPOS="904" WIDTH="131" HEIGHT="21" WC="0.91" CONTENT="bondestån-"/>
						</TextLine>
						<TextLine ID="line_22" HPOS="107" VPOS="938" WIDTH="747" HEIGHT="29">
							<String ID="string_157" HPOS="107" VPOS="939" WIDTH="41" HEIGHT="22" WC="0.96" CONTENT="den"/><SP WIDTH="20" VPOS="939" HPOS="148"/>
							<String ID="string_158" HPOS="168" VPOS="939" WIDTH="42" HEIGHT="22" WC="0.96" CONTENT="den"/><SP WIDTH="19" VPOS="939" HPOS="210"/>
							<String ID="string_159" HPOS="229" VPOS="941" WIDTH="25" HEIGHT="20" WC="0.96" CONTENT="17"/><SP WIDTH="21" VPOS="941" HPOS="254"/>
							<String ID="string_160" HPOS="275" VPOS="939" WIDTH="81" HEIGHT="21" WC="0.93" CONTENT="dennes"/><SP WIDTH="19" VPOS="939" HPOS="356"/>
							<String ID="string_161" HPOS="375" VPOS="939" WIDTH="75" HEIGHT="21" WC="0.96" CONTENT="hållna"/><SP WIDTH="17" VPOS="939" HPOS="450"/>
							<String ID="string_162" HPOS="467" VPOS="939" WIDTH="59" HEIGHT="22" WC="0.96" CONTENT="talen"/><SP WIDTH="19" VPOS="939" HPOS="526"/>
							<String ID="string_163" HPOS="545" VPOS="938" WIDTH="107" HEIGHT="28" WC="0.96" CONTENT="begärdes"/><SP WIDTH="18" VPOS="938" HPOS="652"/>
							<String ID="string_164" HPOS="670" VPOS="939" WIDTH="33" HEIGHT="21" WC="0.96" CONTENT="till"/><SP WIDTH="20" VPOS="939" HPOS="703"/>
							<String ID="string_165" HPOS="723" VPOS="939" WIDTH="131" HEIGHT="28" WC="0.96" CONTENT="protokollet"/>
						</TextLine>
						<TextLine ID="line_23" HPOS="106" VPOS="973" WIDTH="365" HEIGHT="29">
							<String ID="string_166" HPOS="106" VPOS="974" WIDTH="40" HEIGHT="22" WC="0.93" CONTENT="och"/><SP WIDTH="16" VPOS="974" HPOS="146"/>
							<String ID="string_167" HPOS="162" VPOS="974" WIDTH="86" HEIGHT="28" WC="0.92" CONTENT="intogos"/><SP WIDTH="15" VPOS="974" HPOS="248"/>
							<String ID="string_168" HPOS="263" VPOS="974" WIDTH="45" HEIGHT="28" WC="0.96" CONTENT="här,"/><SP WIDTH="17" VPOS="974" HPOS="308"/>
							<String ID="string_169" HPOS="325" VPOS="973" WIDTH="25" HEIGHT="22" WC="0.96" CONTENT="så"/><SP WIDTH="15" VPOS="973" HPOS="350"/>
							<String ID="string_170" HPOS="365" VPOS="973" WIDTH="106" HEIGHT="29" WC="0.96" CONTENT="lydande:"/>
						</TextLine>
					</TextBlock>
					<TextBlock ID="block_3" HPOS="230" VPOS="1008" WIDTH="498" HEIGHT="28">
						<TextLine ID="line_24" HPOS="230" VPOS="1008" WIDTH="498" HEIGHT="28">
							<String ID="string_171" HPOS="230" VPOS="1027" WIDTH="8" HEIGHT="9" WC="0.17" CONTENT=","/><SP WIDTH="5" VPOS="1027" HPOS="238"/>
							<String ID="string_172" HPOS="243" VPOS="1009" WIDTH="42" HEIGHT="27" WC="0.93" CONTENT="Till"/><SP WIDTH="15" VPOS="1009" HPOS="285"/>
							<String ID="string_173" HPOS="300" VPOS="1008" WIDTH="119" HEIGHT="28" WC="0.92" CONTENT="höglofliga"/><SP WIDTH="15" VPOS="1008" HPOS="419"/>
							<String ID="string_174" HPOS="434" VPOS="1008" WIDTH="152" HEIGHT="28" WC="0.96" CONTENT="ridderskapet"/><SP WIDTH="16" VPOS="1008" HPOS="586"/>
							<String ID="string_175" HPOS="602" VPOS="1008" WIDTH="39" HEIGHT="22" WC="0.96" CONTENT="och"/><SP WIDTH="16" VPOS="1008" HPOS="641"/>
							<String ID="string_176" HPOS="657" VPOS="1008" WIDTH="71" HEIGHT="22" WC="0.96" CONTENT="adeln."/>
						</TextLine>
					</TextBlock>
					<TextBlock ID="block_4" HPOS="104" VPOS="1043" WIDTH="749" HEIGHT="439">
						<TextLine ID="line_25" HPOS="173" VPOS="1043" WIDTH="680" HEIGHT="28">
							<String ID="string_177" HPOS="173" VPOS="1044" WIDTH="35" HEIGHT="21" WC="0.96" CONTENT="Då"/><SP WIDTH="18" VPOS="1044" HPOS="208"/>
							<String ID="string_178" HPOS="226" VPOS="1043" WIDTH="86" HEIGHT="22" WC="0.96" CONTENT="landets"/><SP WIDTH="20" VPOS="1043" HPOS="312"/>
							<String ID="string_179" HPOS="332" VPOS="1043" WIDTH="88" HEIGHT="21" WC="0.96" CONTENT="ständer"/><SP WIDTH="15" VPOS="1043" HPOS="420"/>
							<String ID="string_180" HPOS="435" VPOS="1050" WIDTH="28" HEIGHT="14" WC="0.93" CONTENT="nu"/><SP WIDTH="16" VPOS="1050" HPOS="463"/>
							<String ID="string_181" HPOS="479" VPOS="1043" WIDTH="186" HEIGHT="22" WC="0.92" CONTENT="sammankomma"/><SP WIDTH="14" VPOS="1043" HPOS="665"/>
							<String ID="string_182" HPOS="679" VPOS="1044" WIDTH="32" HEIGHT="20" WC="0.92" CONTENT="till"/><SP WIDTH="16" VPOS="1044" HPOS="711"/>
							<String ID="string_183" HPOS="727" VPOS="1043" WIDTH="126" HEIGHT="28" WC="0.90" CONTENT="utöfningen"/>
						</TextLine>
						<TextLine ID="line_26" HPOS="105" VPOS="1077" WIDTH="748" HEIGHT="28">
							<String ID="string_184" HPOS="105" VPOS="1078" WIDTH="26" HEIGHT="21" WC="0.96" CONTENT="af"/><SP WIDTH="18" VPOS="1078" HPOS="131"/>
							<String ID="string_185" HPOS="149" VPOS="1078" WIDTH="48" HEIGHT="22" WC="0.93" CONTENT="sina"/><SP WIDTH="26" VPOS="1078" HPOS="197"/>
							<String ID="string_186" HPOS="223" VPOS="1077" WIDTH="193" HEIGHT="28" WC="0.88" CONTENT="grundlagsenliga"/><SP WIDTH="25" VPOS="1077" HPOS="416"/>
							<String ID="string_187" HPOS="441" VPOS="1077" WIDTH="134" HEIGHT="28" WC="0.96" CONTENT="rättigheter,"/><SP WIDTH="27" VPOS="1077" HPOS="575"/>
							<String ID="string_188" HPOS="602" VPOS="1080" WIDTH="23" HEIGHT="19" WC="0.96" CONTENT="är"/><SP WIDTH="23" VPOS="1080" HPOS="625"/>
							<String ID="string_189" HPOS="648" VPOS="1078" WIDTH="37" HEIGHT="21" WC="0.96" CONTENT="det"/><SP WIDTH="23" VPOS="1078" HPOS="685"/>
							<String ID="string_190" HPOS="708" VPOS="1078" WIDTH="49" HEIGHT="21" WC="0.96" CONTENT="med"/><SP WIDTH="22" VPOS="1078" HPOS="757"/>
							<String ID="string_191" HPOS="779" VPOS="1078" WIDTH="74" HEIGHT="27" WC="0.96" CONTENT="glädje"/>
						</TextLine>
						<TextLine ID="line_27" HPOS="105" VPOS="1111" WIDTH="748" HEIGHT="29">
							<String ID="string_192" HPOS="105" VPOS="1112" WIDTH="162" HEIGHT="28" WC="0.92" CONTENT="prestaståndet"/><SP WIDTH="18" VPOS="1112" HPOS="267"/>
							<String ID="string_193" HPOS="285" VPOS="1112" WIDTH="94" HEIGHT="21" WC="0.96" CONTENT="frambär"/><SP WIDTH="20" VPOS="1112" HPOS="379"/>
							<String ID="string_194" HPOS="399" VPOS="1112" WIDTH="33" HEIGHT="21" WC="0.93" CONTENT="sin"/><SP WIDTH="19" VPOS="1112" HPOS="432"/>
							<String ID="string_195" HPOS="451" VPOS="1111" WIDTH="165" HEIGHT="23" WC="0.90" CONTENT="vördnadsfulla"/><SP WIDTH="20" VPOS="1111" HPOS="616"/>
							<String ID="string_196" HPOS="636" VPOS="1112" WIDTH="101" HEIGHT="26" WC="0.91" CONTENT="helsning"/><SP WIDTH="18" VPOS="1112" HPOS="737"/>
							<String ID="string_197" HPOS="755" VPOS="1112" WIDTH="33" HEIGHT="20" WC="0.93" CONTENT="till"/><SP WIDTH="19" VPOS="1112" HPOS="788"/>
							<String ID="string_198" HPOS="807" VPOS="1111" WIDTH="46" HEIGHT="22" WC="0.91" CONTENT="lan-"/>
						</TextLine>
						<TextLine ID="line_28" HPOS="105" VPOS="1146" WIDTH="747" HEIGHT="28">
							<String ID="string_199" HPOS="105" VPOS="1147" WIDTH="48" HEIGHT="21" WC="0.95" CONTENT="dets"/><SP WIDTH="26" VPOS="1147" HPOS="153"/>
							<String ID="string_200" HPOS="179" VPOS="1146" WIDTH="68" HEIGHT="22" WC="0.96" CONTENT="första"/><SP WIDTH="25" VPOS="1146" HPOS="247"/>
							<String ID="string_201" HPOS="272" VPOS="1146" WIDTH="64" HEIGHT="22" WC="0.95" CONTENT="stånd"/><SP WIDTH="25" VPOS="1146" HPOS="336"/>
							<String ID="string_202" HPOS="361" VPOS="1146" WIDTH="40" HEIGHT="21" WC="0.95" CONTENT="och"/><SP WIDTH="27" VPOS="1146" HPOS="401"/>
							<String ID="string_203" HPOS="428" VPOS="1146" WIDTH="31" HEIGHT="21" WC="0.93" CONTENT="sin"/><SP WIDTH="23" VPOS="1146" HPOS="459"/>
							<String ID="string_204" HPOS="482" VPOS="1146" WIDTH="138" HEIGHT="28" WC="0.92" CONTENT="lyckönskan"/><SP WIDTH="22" VPOS="1146" HPOS="620"/>
							<String ID="string_205" HPOS="642" VPOS="1146" WIDTH="33" HEIGHT="20" WC="0.94" CONTENT="till"/><SP WIDTH="24" VPOS="1146" HPOS="675"/>
							<String ID="string_206" HPOS="699" VPOS="1146" WIDTH="60" HEIGHT="21" WC="0.93" CONTENT="detta"/><SP WIDTH="23" VPOS="1146" HPOS="759"/>
							<String ID="string_207" HPOS="782" VPOS="1146" WIDTH="70" HEIGHT="21" WC="0.90" CONTENT="landt-"/>
						</TextLine>
						<TextLine ID="line_29" HPOS="105" VPOS="1180" WIDTH="748" HEIGHT="28">
							<String ID="string_208" HPOS="105" VPOS="1180" WIDTH="129" HEIGHT="22" WC="0.95" CONTENT="ständernas"/><SP WIDTH="24" VPOS="1180" HPOS="234"/>
							<String ID="string_209" HPOS="258" VPOS="1180" WIDTH="158" HEIGHT="28" WC="0.93" CONTENT="efterlängtade"/><SP WIDTH="23" VPOS="1180" HPOS="416"/>
							<String ID="string_210" HPOS="439" VPOS="1180" WIDTH="212" HEIGHT="21" WC="0.92" CONTENT="sammanträdande."/><SP WIDTH="37" VPOS="1180" HPOS="651"/>
							<String ID="string_211" HPOS="688" VPOS="1180" WIDTH="165" HEIGHT="22" WC="0.71" CONTENT="Prestaständet"/>
						</TextLine>
						<TextLine ID="line_30" HPOS="105" VPOS="1214" WIDTH="748" HEIGHT="28">
							<String ID="string_212" HPOS="105" VPOS="1215" WIDTH="119" HEIGHT="21" WC="0.95" CONTENT="återkallar"/><SP WIDTH="15" VPOS="1215" HPOS="224"/>
							<String ID="string_213" HPOS="239" VPOS="1222" WIDTH="67" HEIGHT="20" WC="0.96" CONTENT="gerna"/><SP WIDTH="13" VPOS="1222" HPOS="306"/>
							<String ID="string_214" HPOS="319" VPOS="1214" WIDTH="8" HEIGHT="22" WC="0.96" CONTENT="i"/><SP WIDTH="14" VPOS="1214" HPOS="327"/>
							<String ID="string_215" HPOS="341" VPOS="1214" WIDTH="81" HEIGHT="21" WC="0.96" CONTENT="minnet"/><SP WIDTH="16" VPOS="1214" HPOS="422"/>
							<String ID="string_216" HPOS="438" VPOS="1214" WIDTH="36" HEIGHT="22" WC="0.93" CONTENT="det"/><SP WIDTH="15" VPOS="1214" HPOS="474"/>
							<String ID="string_217" HPOS="489" VPOS="1214" WIDTH="117" HEIGHT="27" WC="0.89" CONTENT="höglofliga"/><SP WIDTH="11" VPOS="1214" HPOS="606"/>
							<String ID="string_218" HPOS="617" VPOS="1214" WIDTH="99" HEIGHT="21" WC="0.93" CONTENT="ståndets"/><SP WIDTH="12" VPOS="1214" HPOS="716"/>
							<String ID="string_219" HPOS="728" VPOS="1214" WIDTH="125" HEIGHT="27" WC="0.91" CONTENT="förtjenster"/>
						</TextLine>
						<TextLine ID="line_31" HPOS="105" VPOS="1243" WIDTH="748" HEIGHT="33">
							<String ID="string_220" HPOS="105" VPOS="1256" WIDTH="33" HEIGHT="14" WC="0.96" CONTENT="om"/><SP WIDTH="13" VPOS="1256" HPOS="138"/>
							<String ID="string_221" HPOS="151" VPOS="1249" WIDTH="148" HEIGHT="21" WC="0.93" CONTENT="fosterlandet."/><SP WIDTH="24" VPOS="1249" HPOS="299"/>
							<String ID="string_222" HPOS="323" VPOS="1243" WIDTH="143" HEIGHT="33" WC="0.92" CONTENT="Öfvertygadt"/><SP WIDTH="13" VPOS="1243" HPOS="466"/>
							<String ID="string_223" HPOS="479" VPOS="1248" WIDTH="84" HEIGHT="22" WC="0.92" CONTENT="derföre"/><SP WIDTH="12" VPOS="1248" HPOS="563"/>
							<String ID="string_224" HPOS="575" VPOS="1250" WIDTH="32" HEIGHT="19" WC="0.96" CONTENT="att"/><SP WIDTH="11" VPOS="1250" HPOS="607"/>
							<String ID="string_225" HPOS="618" VPOS="1248" WIDTH="76" HEIGHT="28" WC="0.93" CONTENT="hvarje"/><SP WIDTH="12" VPOS="1248" HPOS="694"/>
							<String ID="string_226" HPOS="706" VPOS="1248" WIDTH="147" HEIGHT="22" WC="0.96" CONTENT="fosterländsk"/>
						</TextLine>
						<TextLine ID="line_32" HPOS="105" VPOS="1282" WIDTH="747" HEIGHT="29">
							<String ID="string_227" HPOS="105" VPOS="1284" WIDTH="95" HEIGHT="21" WC="0.92" CONTENT="sträfvan"/><SP WIDTH="24" VPOS="1284" HPOS="200"/>
							<String ID="string_228" HPOS="224" VPOS="1284" WIDTH="58" HEIGHT="21" WC="0.95" CONTENT="skall"/><SP WIDTH="22" VPOS="1284" HPOS="282"/>
							<String ID="string_229" HPOS="304" VPOS="1283" WIDTH="40" HEIGHT="22" WC="0.94" CONTENT="hos"/><SP WIDTH="19" VPOS="1283" HPOS="344"/>
							<String ID="string_230" HPOS="363" VPOS="1282" WIDTH="153" HEIGHT="29" WC="0.96" CONTENT="ridderskapet"/><SP WIDTH="19" VPOS="1282" HPOS="516"/>
							<String ID="string_231" HPOS="535" VPOS="1282" WIDTH="39" HEIGHT="22" WC="0.96" CONTENT="och"/><SP WIDTH="19" VPOS="1282" HPOS="574"/>
							<String ID="string_232" HPOS="593" VPOS="1282" WIDTH="64" HEIGHT="22" WC="0.96" CONTENT="adeln"/><SP WIDTH="16" VPOS="1282" HPOS="657"/>
							<String ID="string_233" HPOS="673" VPOS="1283" WIDTH="58" HEIGHT="21" WC="0.96" CONTENT="finna"/><SP WIDTH="16" VPOS="1283" HPOS="731"/>
							<String ID="string_234" HPOS="747" VPOS="1282" WIDTH="49" HEIGHT="22" WC="0.96" CONTENT="stöd"/><SP WIDTH="16" VPOS="1282" HPOS="796"/>
							<String ID="string_235" HPOS="812" VPOS="1283" WIDTH="40" HEIGHT="21" WC="0.96" CONTENT="och"/>
						</TextLine>
						<TextLine ID="line_33" HPOS="104" VPOS="1316" WIDTH="749" HEIGHT="30">
							<String ID="string_236" HPOS="104" VPOS="1318" WIDTH="143" HEIGHT="28" WC="0.96" CONTENT="medverkan,"/><SP WIDTH="17" VPOS="1318" HPOS="247"/>
							<String ID="string_237" HPOS="264" VPOS="1318" WIDTH="39" HEIGHT="28" WC="0.93" CONTENT="går"/><SP WIDTH="9" VPOS="1318" HPOS="303"/>
							<String ID="string_238" HPOS="312" VPOS="1317" WIDTH="171" HEIGHT="29" WC="0.91" CONTENT="prestaståndet,"/><SP WIDTH="16" VPOS="1317" HPOS="483"/>
							<String ID="string_239" HPOS="499" VPOS="1317" WIDTH="49" HEIGHT="22" WC="0.96" CONTENT="fullt"/><SP WIDTH="15" VPOS="1317" HPOS="548"/>
							<String ID="string_240" HPOS="563" VPOS="1316" WIDTH="25" HEIGHT="22" WC="0.96" CONTENT="af"/><SP WIDTH="12" VPOS="1316" HPOS="588"/>
							<String ID="string_241" HPOS="600" VPOS="1317" WIDTH="57" HEIGHT="27" WC="0.95" CONTENT="hopp"/><SP WIDTH="16" VPOS="1317" HPOS="657"/>
							<String ID="string_242" HPOS="673" VPOS="1316" WIDTH="40" HEIGHT="22" WC="0.96" CONTENT="och"/><SP WIDTH="13" VPOS="1316" HPOS="713"/>
							<String ID="string_243" HPOS="726" VPOS="1316" WIDTH="127" HEIGHT="29" WC="0.95" CONTENT="förtröstan,"/>
						</TextLine>
						<TextLine ID="line_34" HPOS="105" VPOS="1352" WIDTH="748" HEIGHT="27">
							<String ID="string_244" HPOS="105" VPOS="1353" WIDTH="60" HEIGHT="22" WC="0.96" CONTENT="detta"/><SP WIDTH="17" VPOS="1353" HPOS="165"/>
							<String ID="string_245" HPOS="182" VPOS="1352" WIDTH="128" HEIGHT="22" WC="0.96" CONTENT="ständernas"/><SP WIDTH="16" VPOS="1352" HPOS="310"/>
							<String ID="string_246" HPOS="326" VPOS="1352" WIDTH="159" HEIGHT="22" WC="0.95" CONTENT="sammanträde"/><SP WIDTH="15" VPOS="1352" HPOS="485"/>
							<String ID="string_247" HPOS="500" VPOS="1352" WIDTH="33" HEIGHT="21" WC="0.96" CONTENT="till"/><SP WIDTH="16" VPOS="1352" HPOS="533"/>
							<String ID="string_248" HPOS="549" VPOS="1354" WIDTH="66" HEIGHT="25" WC="0.93" CONTENT="möte,"/><SP WIDTH="16" VPOS="1354" HPOS="615"/>
							<String ID="string_249" HPOS="631" VPOS="1352" WIDTH="148" HEIGHT="21" WC="0.91" CONTENT="nedkallande"/><SP WIDTH="14" VPOS="1352" HPOS="779"/>
							<String ID="string_250" HPOS="793" VPOS="1352" WIDTH="60" HEIGHT="21" WC="0.96" CONTENT="öfver"/>
						</TextLine>
						<TextLine ID="line_35" HPOS="105" VPOS="1385" WIDTH="747" HEIGHT="26">
							<String ID="string_251" HPOS="105" VPOS="1386" WIDTH="121" HEIGHT="21" WC="0.96" CONTENT="detsamma"/><SP WIDTH="23" VPOS="1386" HPOS="226"/>
							<String ID="string_252" HPOS="249" VPOS="1386" WIDTH="59" HEIGHT="21" WC="0.96" CONTENT="Guds"/><SP WIDTH="23" VPOS="1386" HPOS="308"/>
							<String ID="string_253" HPOS="331" VPOS="1386" WIDTH="83" HEIGHT="21" WC="0.94" CONTENT="rikaste"/><SP WIDTH="22" VPOS="1386" HPOS="414"/>
							<String ID="string_254" HPOS="436" VPOS="1385" WIDTH="138" HEIGHT="26" WC="0.93" CONTENT="välsignelse."/><SP WIDTH="33" VPOS="1385" HPOS="574"/>
							<String ID="string_255" HPOS="607" VPOS="1385" WIDTH="165" HEIGHT="22" WC="0.89" CONTENT="Prestaståndet"/><SP WIDTH="20" VPOS="1385" HPOS="772"/>
							<String ID="string_256" HPOS="792" VPOS="1386" WIDTH="60" HEIGHT="19" WC="0.93" CONTENT="inne-"/>
						</TextLine>
						<TextLine ID="line_36" HPOS="105" VPOS="1418" WIDTH="747" HEIGHT="29">
							<String ID="string_257" HPOS="105" VPOS="1421" WIDTH="66" HEIGHT="20" WC="0.96" CONTENT="sluter"/><SP WIDTH="19" VPOS="1421" HPOS="171"/>
							<String ID="string_258" HPOS="190" VPOS="1420" WIDTH="34" HEIGHT="27" WC="0.96" CONTENT="sig"/><SP WIDTH="14" VPOS="1420" HPOS="224"/>
							<String ID="string_259" HPOS="238" VPOS="1420" WIDTH="5" HEIGHT="21" WC="0.92" CONTENT="i"/><SP WIDTH="17" VPOS="1420" HPOS="243"/>
							<String ID="string_260" HPOS="260" VPOS="1419" WIDTH="118" HEIGHT="27" WC="0.91" CONTENT="höglofliga"/><SP WIDTH="15" VPOS="1419" HPOS="378"/>
							<String ID="string_261" HPOS="393" VPOS="1419" WIDTH="162" HEIGHT="28" WC="0.91" CONTENT="ridderskapets"/><SP WIDTH="16" VPOS="1419" HPOS="555"/>
							<String ID="string_262" HPOS="571" VPOS="1418" WIDTH="40" HEIGHT="21" WC="0.96" CONTENT="och"/><SP WIDTH="16" VPOS="1418" HPOS="611"/>
							<String ID="string_263" HPOS="627" VPOS="1419" WIDTH="76" HEIGHT="20" WC="0.96" CONTENT="adelns"/><SP WIDTH="15" VPOS="1419" HPOS="703"/>
							<String ID="string_264" HPOS="718" VPOS="1418" WIDTH="134" HEIGHT="21" WC="0.96" CONTENT="fortfarande"/>
						</TextLine>
						<TextLine ID="line_37" HPOS="104" VPOS="1453" WIDTH="290" HEIGHT="29">
							<String ID="string_265" HPOS="104" VPOS="1454" WIDTH="90" HEIGHT="28" WC="0.96" CONTENT="välvilja"/><SP WIDTH="16" VPOS="1454" HPOS="194"/>
							<String ID="string_266" HPOS="210" VPOS="1454" WIDTH="40" HEIGHT="21" WC="0.96" CONTENT="och"/><SP WIDTH="15" VPOS="1454" HPOS="250"/>
							<String ID="string_267" HPOS="265" VPOS="1453" WIDTH="129" HEIGHT="22" WC="0.96" CONTENT="förtroende."/>
						</TextLine>
					</TextBlock>
				</ComposedBlock>
			</PrintSpace>
		</Page>
	</Layout>
</alto>
