1020 1748
203 148 41 20 464

172 212 34 27 lig
221 214 54 20 stat"
292 219 52 14 vara
360 218 76 21 genom
452 212 137 28 åberopande
605 212 24 21 af
642 212 85 26 ,ordets
742 212 72 22 makt”
830 212 90 22 bevisad

175 247 19 27 ej
218 246 68 22 heller
305 246 101 22 behofvet
425 246 39 22 och
479 246 189 28 nödvändigheten
684 246 22 21 af
719 246 109 29 yrkandet
842 247 28 28 på
886 247 33 21 så-

174 282 43 21 dan
232 281 137 28 tillämpning
384 280 133 28 vederlagdt.
547 276 68 26 Äfven
630 280 43 28 mig
688 280 39 22 har
740 281 36 21 det
787 282 86 27 engång
883 288 36 14 va-

174 317 28 21 rit
217 316 115 22 förunnadt
348 318 30 19 att
395 316 123 26 offentligen
534 316 68 21 uttala
617 316 43 20 min
676 315 52 28 själs
740 316 101 28 djupaste
852 316 68 22 öfver-

175 351 84 28 tygelse
276 358 32 14 om
326 350 85 26 ,ordets
426 350 83 27 makt";
525 358 48 14 men
590 350 26 21 då
633 350 62 22 sökte
707 350 42 27 jag
764 350 41 22 ock
820 353 32 19 att
866 351 55 21 fatta

175 386 40 20 och
239 385 119 21 framställa
378 385 71 21 denna
471 384 60 22 makt
550 385 6 21 i
572 385 50 21 dess
638 384 69 28 grund
723 385 39 21 och
779 386 92 27 sanning
887 386 33 21 så-

176 427 45 15 som
245 426 25 14 en
294 419 83 21 andans
398 419 66 29 frukt,
481 426 26 14 en
522 419 58 22 frukt
595 419 24 21 af
633 419 41 21 den
689 420 72 26 helige
777 420 66 28 ande,
860 420 60 21 Guds

176 454 39 22 och
231 455 94 21 Herrans
341 454 51 21 Jesu
409 454 66 28 ande,
490 454 88 21 hvilken
594 454 71 21 såsom
676 454 97 28 kyrkans
784 454 137 28 väsendtliga

176 489 39 21 och
231 489 63 27 eviga
310 488 70 28 grund
396 488 79 28 skapar
490 488 33 22 sin
539 489 88 27 andliga
640 488 102 22 lekamen
758 488 53 22 efter
822 488 33 22 sin
866 496 55 20 egen

175 524 37 27 lag
235 524 40 21 och
294 523 6 21 i
320 523 71 21 denna
407 524 100 27 skapelse
523 530 77 20 genom
616 524 66 26 ordet,
699 524 71 21 såsom
786 530 83 15 samma
884 531 37 14 an-

176 558 38 22 des
237 558 128 22 vittnesbörd
385 558 39 21 hos
447 558 127 21 menniskan
598 558 77 21 verkar
693 558 41 22 den
751 558 99 28 lefvande
865 562 55 22 tron,

174 593 89 21 hvilken
283 592 110 22 förbinder
408 593 127 21 menniskan
551 594 46 20 med
614 592 48 21 Gud
678 593 40 21 och
733 593 40 21 hos
788 593 71 21 henne
875 594 46 20 åter

176 627 78 22 alstrar
269 627 37 21 det
319 627 135 20 bekännande
465 627 39 20 och
515 627 107 21 vittnande
634 627 69 28 ordet,
716 634 44 15 som
772 627 149 21 förmedlande

176 661 230 28 andesgemenskapen
427 662 79 21 mellan
527 661 113 22 menniska
657 661 39 21 och
711 662 124 27 menniska,
852 663 14 20 å
881 669 41 14 ena

176 696 62 22 sidan
262 696 80 21 uttalar
364 695 34 28 sig
417 696 7 21 i
444 696 103 28 symbolen
569 695 37 22 och
626 696 13 20 å
655 696 41 21 den
713 697 68 20 andra
796 696 7 21 i
815 697 107 28 predikan

176 731 91 28 betygar
283 730 60 21 Guds
358 730 77 21 kärlek
450 730 33 21 för
498 731 94 21 verlden.
623 730 44 21 Och
685 731 55 21 detta
756 731 39 21 ord
810 731 72 21 allena
898 734 24 18 är

176 765 47 27 det,
239 771 46 16 som
299 764 96 22 hvarken
412 764 102 21 behöfver
529 765 116 26 statslagar
661 765 38 21 och
717 765 139 28 kyrkolagar,
870 768 52 19 utan

176 801 8 20 i
206 801 31 27 sig
259 799 89 22 besitter
369 805 25 15 en
414 799 166 28 oemotståndlig
594 799 245 22 verldsöfvervinnande
855 800 66 21 makt.

176 835 49 20 Men
247 834 69 21 denna
340 851 7 8 ,
352 833 72 22 ordets
446 833 73 21 makt"
543 834 55 21 låter
617 833 33 27 sig
670 841 78 20 genom
763 835 69 21 blotta
848 835 74 21 åbero-

176 868 81 28 pande,
273 868 101 28 föresats,
386 868 61 27 lagar
458 868 52 21 eller
521 868 75 22 dessas
608 867 89 29 skärpta
708 869 138 28 tillämpning
857 869 65 28 ojem-

176 903 73 27 förligt
264 903 88 26 mindre,
369 906 27 18 än
410 903 117 21 sabbatens
536 907 53 25 yttre
600 902 171 29 helighållande,
784 904 137 21 frammanas.

178 937 45 22 Och
246 939 52 25 taga
318 937 42 21 den
380 937 115 21 andetoma
510 937 99 21 verldens
626 937 52 21 eller
694 944 25 14 en
736 938 121 28 andefattig
872 938 49 28 kyr-

177 972 41 21 kas
238 972 54 20 barn
312 971 34 27 sig
365 971 45 21 före
426 973 31 19 att
473 972 71 20 såsom
560 979 26 14 en
601 971 125 22 trollformel
741 972 68 21 anlita
825 972 97 28 besagde

179 1006 85 26 ,ordets
284 1006 80 26 makt”,
386 1006 24 21 sä
429 1006 35 20 mä
483 1006 27 20 de
526 1012 22 15 se
565 1006 40 27 till,
622 1008 32 19 att
670 1006 48 21 dem
734 1006 48 21 icke
798 1007 125 21 vederfares

178 1041 129 26 detsamma,
328 1046 45 15 som
389 1040 179 27 öfverstepresten
585 1040 84 22 Skevas
686 1043 64 19 söner
765 1040 35 22 vid
816 1040 107 28 företaget

178 1077 32 19 att
227 1074 18 27 ,i
261 1074 52 22 Jesu
328 1076 77 19 namn"
423 1074 39 22 och
478 1074 85 22 således
579 1074 50 21 med
646 1092 5 8 ,
659 1074 72 22 ordets
744 1075 72 21 makt"
829 1075 94 21 utdrifva

178 1109 57 22 onda
258 1108 74 28 andar,
356 1116 48 14 men
425 1108 75 22 dervid
519 1109 86 21 kommo
621 1110 108 26 svårligen
746 1109 31 21 till
794 1109 63 22 korta
873 1110 50 28 (Ap.

178 1151 59 20 gern.
254 1144 32 20 19:
302 1143 99 28 13—16).

245 1178 89 21 Tvänne
356 1179 56 19 stora
434 1178 39 20 och
491 1176 93 29 herrliga
600 1184 75 20 segrar
689 1178 39 21 har
744 1177 96 22 deremot
855 1178 67 22 Kristi

178 1212 72 28 kyrka
265 1219 77 21 genom
358 1212 36 21 det
409 1212 6 21 i
432 1212 82 22 andans
530 1212 57 21 kraft
602 1212 40 21 och
653 1212 113 28 bevisning
777 1212 63 22 förda
850 1213 73 21 ordets

178 1247 61 21 makt
261 1247 48 21 firat
327 1246 6 21 i
354 1246 97 22 verlden:
470 1246 66 22 första
553 1248 96 26 gängen,
667 1247 28 21 dä
710 1248 74 26 Roms,
802 1247 36 21 det
853 1247 70 27 fjerde

178 1280 108 22 hedniska
301 1280 140 21 verldsrikets
457 1281 86 26 kejsare
559 1281 76 21 tillbad
646 1281 83 27 korset,
742 1281 39 21 och
792 1281 41 21 den
845 1282 77 26 andra,

179 1313 28 21 dä
228 1314 83 21 kärnan
334 1313 25 21 af
378 1314 93 21 nordens
493 1314 93 27 folkslag
607 1321 77 19 genom
700 1315 166 21 reformationen
881 1315 42 20 lös-

178 1347 75 28 ryckte
277 1348 33 27 sig
331 1347 47 21 frän
398 1348 40 21 den
458 1348 7 21 i
480 1348 70 22 köttet
566 1348 93 27 sjunkna
674 1348 92 28 kyrkan.
796 1348 49 22 Men
859 1349 62 21 hvar-

178 1381 52 22 dera
244 1382 85 27 gängen
344 1382 168 27 uppgrumlades
528 1381 147 29 segerfröjden
691 1382 24 21 af
728 1382 36 21 det
780 1382 66 28 djupa
862 1383 59 21 miss-

177 1418 47 26 tag,
241 1418 32 19 att
287 1417 86 28 kyrkan
389 1416 95 22 ordnade
500 1417 39 21 och
556 1417 122 28 gestaltade
695 1417 33 28 sig
744 1417 70 22 säsom
830 1424 33 14 om
880 1417 41 22 den

178 1451 51 21 sista
253 1458 76 20 segern
353 1450 59 23 öfver
435 1451 86 22 verlden
544 1451 111 22 allaredan
675 1451 55 22 hade
745 1452 70 21 blifvit
830 1459 92 14 vunnen.
