1017 1728
195 159 41 21 446

167 226 102 25 närmast,
293 223 20 22 d.
337 225 19 19 ä.
379 223 26 21 af
421 223 48 21 sina
487 222 112 22 föräldrar.
629 223 49 21 Men
693 225 57 19 ännu
766 229 27 15 en
808 223 68 27 gång:
890 225 25 19 är

167 257 37 22 det
226 258 55 21 blott
304 257 42 22 den
364 257 39 22 hos
422 257 48 22 sina
484 256 107 23 föräldrar
605 256 84 22 boende
705 257 96 28 dottren,
816 264 47 15 som
878 257 36 22 be-

166 291 76 23 höfver
264 292 40 22 och
327 292 84 21 derföre
433 292 39 21 bör
490 292 95 21 inhemta
604 291 61 22 detta
680 291 47 22 sina
742 291 118 24 föräldrars
875 291 39 22 råd

166 327 40 21 och
225 327 114 21 tillstånd?
360 326 53 22 eller
433 329 24 18 är
476 326 36 21 det
527 326 55 22 blott
597 326 42 21 den
654 325 113 29 förmögna
782 326 75 22 fadren
874 326 40 22 och

166 361 89 22 modren
265 374 28 3 —
304 368 49 14 men
369 361 18 27 ej
405 360 42 22 den
463 361 87 29 fattiga,
563 360 88 22 hvilken
663 360 93 28 nödgats
767 360 45 22 låta
823 361 33 21 sin
867 361 47 22 dot-

166 398 32 20 ter
214 396 28 28 gå
257 396 8 21 i
280 396 67 28 tjenst
361 395 39 22 hos
414 396 68 21 andra
493 408 26 2 —
531 402 45 16 som
587 395 48 21 icke
647 394 32 23 för
690 395 37 21 sitt
737 395 176 22 föräldraförhäl-

165 430 75 28 lande,
256 433 52 19 utan
324 430 33 22 för
371 430 32 22 sin
418 429 149 28 förmögenhet
582 432 53 25 äger
649 432 43 19 rätt
706 430 40 21 och
759 430 55 28 pligt
830 432 31 19 att
872 430 41 21 till-

165 465 53 22 eller
238 465 77 22 afråda
336 466 33 21 sin
390 464 81 22 dotters
492 464 121 28 giftermål?
635 464 11 21 I
661 464 101 28 sanning,
780 471 26 15 en
821 464 93 28 lagstift-

165 500 53 27 ning
240 506 46 15 som
307 499 109 22 förvexlar
439 499 26 21 de
488 499 101 28 djupaste
609 498 84 28 sedliga
709 498 140 28 grundsatser
864 499 49 22 med

164 533 112 28 tillfälliga
298 533 237 28 förmögenhetsvilkor,
558 534 43 21 kan
625 533 18 27 ej
667 540 65 15 anses
752 533 36 22 väl
806 534 106 27 grundad.

164 568 49 21 Men
228 568 110 22 måhända
353 568 38 21 har
407 568 36 21 det
459 568 57 21 dock
530 568 49 21 icke
595 567 55 21 varit
665 567 98 22 ståndets
779 568 87 27 mening
882 570 31 19 att

164 602 81 28 frigöra
260 603 72 27 någon
349 602 53 28 ogift
415 602 71 22 dotter
497 602 52 22 eller
559 602 182 22 hemmavarande
752 605 63 19 söner
826 602 40 22 och
877 609 35 15 en-

164 636 40 22 kor
226 636 48 22 från
296 636 148 29 förpligtelsen
467 639 32 19 att
521 636 96 22 inhemta
637 636 167 28 ifrågavarande
819 636 39 22 råd
874 637 38 22 hos

164 671 48 22 sina
227 671 113 22 föräldrar.
370 671 84 28 Möjligt
470 672 39 21 och
525 670 96 27 önskligt
636 672 51 26 nog!
718 671 49 22 Men
782 672 50 21 med
846 671 66 22 förut-

164 706 101 21 sättande
281 706 25 21 af
319 705 71 22 denna
405 705 143 22 välbetänkta
562 705 97 28 mening,
675 712 65 15 anser
751 706 41 28 jag
808 706 36 21 det
858 706 7 21 i
879 707 33 21 så-

164 740 54 22 dant
239 740 39 22 fall
300 747 53 16 vara
376 740 142 28 ovilkorligen
541 740 134 27 nödvändigt
698 743 32 18 att
748 741 113 28 ingressen
879 741 34 21 till

164 775 99 22 ståndets
285 775 91 28 förslag,
401 775 31 21 till
454 775 139 22 undvikande
609 775 25 20 af
646 775 151 22 missförstånd
812 776 39 21 och
868 778 44 19 tve-

163 809 109 29 tydighet,
289 809 118 29 tydligare,
423 813 28 18 än
466 817 46 14 som
527 810 68 27 skett,
612 809 47 22 bort
675 810 107 28 betrygga
800 810 42 21 den
861 810 51 22 fort-

163 845 91 21 farande
273 844 129 28 giltigheten
423 845 24 20 af
465 845 11 20 1
493 845 40 21 och
549 845 11 20 2
577 845 28 26 $$
621 844 24 21 af
658 845 11 21 6
685 845 51 27 kap.
753 845 25 21 G.
793 845 25 21 B.
835 845 40 22 och
891 845 19 28 ej

164 880 25 21 så
210 879 109 29 tvetydigt
342 886 45 15 som
410 879 59 21 skett
489 879 6 21 i
516 878 118 22 allmänhet
652 879 87 22 förorda
755 879 118 28 ,ändring*
890 880 25 21 af

162 914 59 22 hvad
232 914 63 21 äfven
308 931 8 10 ,
321 913 201 28 giftermålsbalken
533 921 34 14 om
578 913 104 28 giftomän
693 913 139 22 innehåller."
855 914 57 22 Slut-

162 949 70 28 ligen,
253 948 40 22 och
314 955 45 16 som
371 948 41 28 jag
427 949 7 20 i
450 948 48 22 stöd
514 949 25 21 af
551 950 27 25 $$
593 949 27 20 41
637 949 39 21 och
691 949 27 20 42
734 949 7 20 i
758 949 54 21 1772
829 949 35 22 års
879 956 32 15 re-

163 983 142 28 geringsform
325 990 64 15 anser
410 983 129 22 ständernas
557 983 130 27 befogenhet
706 983 135 22 beträffande
856 984 55 22 före-

162 1017 81 28 laggde
259 1017 82 28 nådiga
355 1017 158 29 propositioner
527 1025 52 15 vara
589 1018 123 26 begränsad
723 1018 24 21 af
755 1017 43 22 den
808 1018 102 28 gällande

162 1052 165 28 lagstiftningen
351 1052 71 22 såsom
445 1052 103 22 terminus
571 1059 13 14 a
607 1058 41 21 quo
669 1052 40 22 och
725 1052 42 22 den
783 1052 127 28 förelaggda

162 1087 162 28 propositionen
347 1087 71 22 såsom
441 1087 101 22 terminus
563 1087 28 21 ad
607 1093 71 22 quem,
695 1087 44 21 kan
751 1086 41 29 jag
808 1087 18 28 ej
844 1089 67 20 annat

163 1123 28 19 än
210 1127 52 16 anse
281 1121 86 22 ståndet
382 1121 66 21 hafva
463 1121 139 22 öfverskridit
617 1121 97 27 besagde
729 1121 130 28 befogenhet
874 1128 36 21 ge-

162 1162 50 15 nom
234 1155 156 22 utsträckande
413 1155 25 22 af
454 1156 37 21 sitt
509 1155 82 28 förslag
606 1155 51 22 vida
672 1155 84 22 utöfver
772 1155 42 22 den
829 1156 82 27 nådiga

162 1189 171 29 propositionen,
350 1189 39 22 och
405 1189 84 28 hoppas
503 1189 58 29 förty
571 1191 32 20 att
613 1190 126 21 densamma
750 1190 57 21 skall
818 1189 24 22 af
850 1190 60 22 Hans

162 1224 125 28 Kejserliga
302 1224 101 27 Majestät
417 1224 6 21 i
440 1224 67 21 nåder
521 1223 130 23 förkastas."

230 1291 108 23 Afsändes
361 1298 26 15 en
411 1275 124 50 deputation
558 1291 69 22 under
646 1291 119 23 anförande
786 1292 24 21 af
822 1295 88 26 prosten

162 1326 121 29 Grönberg,
306 1325 34 23 för
362 1328 31 19 att
416 1327 32 20 till
468 1326 144 22 medstånden
627 1326 138 29 öfverbringa
780 1327 128 28 protokolls-

161 1361 88 28 utdrag,
271 1361 126 27 angående:
421 1361 21 28 1)
458 1360 134 28 antagandet
610 1361 25 22 af
650 1361 68 23 första
733 1362 139 22 alternativet
888 1362 25 21 af

161 1395 156 28 lagutskottets
333 1395 139 22 betänkande
487 1396 8 20 i
511 1396 119 27 anledning
645 1396 24 21 af
681 1396 119 28 kejserliga
813 1397 95 27 proposi-

161 1430 74 22 tionen
251 1436 34 16 om
301 1429 54 29 ogift
370 1430 91 28 qvinnas
477 1430 134 29 myndighet,
628 1430 49 22 med
693 1431 27 21 de
733 1430 177 23 modifikationer

161 1472 46 16 som
222 1465 8 22 i
244 1465 131 29 protokollet
390 1464 71 24 finnas
475 1467 119 27 upptagne,
610 1465 22 29 2)
644 1465 134 29 antagandet
793 1465 25 23 af
828 1466 80 22 ekono-
