1017 1739
208 148 39 20 156

246 213 145 26 Domprosten
406 212 67 26 Borg
487 212 97 27 yttrade:
601 212 42 20 Det
658 215 23 18 är
693 213 48 26 eget
753 217 51 21 nog,
816 213 32 20 att
859 211 63 21 desse

180 247 25 20 af
220 247 88 27 prosten
329 245 110 22 Stenbäck
459 245 46 22 lika
525 248 64 19 sannt
603 252 46 15 som
665 246 90 27 sorgligt
771 245 108 22 tecknade
894 245 28 21 zi-

179 287 89 22 genare,
284 281 50 20 med
349 280 39 21 allt
399 280 69 28 detta,
485 283 36 19 äro
532 281 7 20 i
550 281 47 21 vårt
607 280 51 21 land
669 280 129 29 frikyrkans
814 279 108 22 måhända

180 315 56 21 enda
258 315 99 27 verkliga
376 316 178 26 representanter.
584 315 43 21 Det
647 317 24 19 är
685 315 47 21 lika
747 316 59 26 eget,
828 316 31 19 att
873 321 49 14 man

179 349 7 21 i
202 357 26 14 en
243 349 40 28 tid,
300 356 46 14 som
361 349 70 27 aldrig
445 356 44 20 nog
503 349 43 21 kan
561 356 54 21 ropa
629 349 37 21 sitt
676 357 24 14 ve
711 349 60 21 öfver
781 349 142 28 statskyrkan

179 384 39 21 och
234 383 50 22 dess
299 383 154 28 funktionärer,
468 386 53 19 nära
536 391 43 20 nog
594 383 59 22 torde
669 383 84 28 nödgas
769 383 110 28 bekänna,
891 385 32 19 att

180 425 35 13 om
230 417 36 22 för
282 417 65 21 dessa
360 417 124 29 frikyrkans
499 420 50 18 män
565 418 57 22 skall
636 417 70 22 finnas
723 425 27 13 en
765 417 117 28 räddning,
899 417 24 21 så

179 455 26 18 är
226 452 38 22 det
281 452 48 27 just
354 458 78 20 genom
453 452 72 21 denna
546 452 135 28 statskyrka,
707 452 53 21 eller
783 454 80 19 rättare
886 458 36 20 ge-

180 493 49 15 nom
252 488 83 20 statens
354 486 40 20 och
411 486 98 28 kyrkans
525 492 138 21 gemensama
678 486 158 22 bemödanden.
866 486 57 20 Lika

178 522 42 20 lätt
238 527 46 15 som
303 527 50 14 man
367 520 8 20 i
390 520 135 22 närvarande
543 520 37 22 fall
596 520 39 21 har
650 522 32 20 att
697 520 115 22 framhålla
828 520 36 22 det
880 523 42 18 öm-

180 555 126 22 kansvärda
321 555 8 21 i
344 554 140 28 zigenarenes
498 555 136 27 lefnadsläge
650 556 41 20 så
682 550 12 37 i
703 555 77 21 socialt
796 562 45 14 som
857 554 65 28 kyrk-

178 589 40 27 ligt
232 589 135 28 hänseende,
383 589 46 21 lika
443 590 59 21 svårt
516 590 39 21 har
570 596 50 15 man
631 592 32 18 att
672 590 94 27 föreslå,
782 589 141 28 hvarigenom

178 624 41 21 och
238 624 30 28 på
285 623 89 22 hvilken
394 626 43 25 väg
451 630 50 15 man
516 624 37 22 vill
569 624 86 22 komma
670 624 33 21 till
719 626 30 19 ett
765 624 77 21 bättre.
872 624 51 21 Man

178 658 110 28 klandrar,
309 658 40 21 och
364 658 59 22 detta
438 658 51 21 med
503 660 68 27 rätta,
593 658 41 22 den
650 658 115 22 såkallade
780 659 142 26 tvångsabso-

178 692 106 25 lutionen,
305 692 67 22 ehuru
391 692 101 22 klandret
512 693 61 22 torde
592 694 87 20 komma
697 693 67 27 något
783 692 95 29 sentida,
895 693 28 21 dä

179 727 42 21 den
244 726 126 29 uppenbara
392 726 153 29 kyrkoplikten
566 728 45 21 står
629 727 75 28 färdig
724 729 31 19 att
771 727 115 22 försvinna
902 728 18 27 ej

178 761 55 21 blott
248 761 35 21 för
302 761 138 27 zigenarene,
463 764 52 18 utan
534 762 35 21 för
592 762 75 28 hvarje
689 762 234 28 evangelisk-luthersk

177 795 84 22 kristen
278 795 7 21 i
303 795 200 22 storfurstendömet
520 796 102 28 Finland;
643 796 40 22 och
703 804 51 14 man
770 796 106 22 betänker
891 797 30 27 ej,

177 830 54 21 huru
253 830 88 28 mycket
362 830 63 21 äfven
447 830 68 21 under
538 830 225 28 absolutionstvänget
785 831 83 21 kunnat
890 834 31 18 ut-

178 866 69 20 rättas
263 864 32 22 till
311 864 40 22 och
367 864 49 21 med
430 864 35 22 för
479 865 112 26 zigenares
606 872 69 15 sanna
689 866 46 27 väl,
747 872 35 15 om
792 866 21 21 vi
824 866 98 28 kyrkans

178 898 83 28 tjenare
278 898 49 22 icke
343 898 49 21 låtit
407 898 130 22 föreskrifva
553 906 36 15 oss
604 899 31 21 tid
650 899 39 22 och
705 900 85 21 timmar
805 900 36 21 vid
857 900 65 22 dessa

178 934 112 27 zigenares
305 933 113 21 beredelse
433 933 34 22 till
481 934 153 27 undergäende
649 934 23 21 af
684 935 157 21 absolutionen.

244 967 50 22 Men
317 967 73 21 derom
412 968 35 21 mä
465 967 42 29 jag
529 975 87 14 numera
638 968 49 21 icke
710 969 45 21 tala
778 969 80 27 mänga
876 969 45 21 ord.

179 1001 149 22 Underbarare
339 1008 65 21 synes
415 1002 37 21 det
462 1002 55 27 mig,
529 1005 31 18 att
566 1002 47 27 just
625 1002 28 21 dä
663 1009 48 14 man
723 1003 104 20 klandrar
838 1005 83 26 tvänys-

178 1036 153 26 absolutionen,
351 1043 50 14 man
420 1043 65 21 synes
504 1043 52 15 vara
574 1037 28 27 pä
618 1039 43 24 väg
675 1038 33 20 att
722 1037 56 28 yrka
793 1037 29 28 pä
838 1039 83 27 tvängs-

177 1071 151 27 undervisning
341 1069 46 28 just
402 1070 50 21 med
468 1070 64 22 dessa
547 1071 107 27 zigenare.
684 1071 60 22 Eller
759 1073 91 20 rättare:
870 1079 51 13 man

177 1107 25 18 är
219 1104 131 27 fallkomligt
366 1103 71 28 färdig
454 1106 31 19 att
504 1105 60 21 kalla
583 1107 44 19 stat
642 1105 38 21 och
696 1105 72 28 kyrka
784 1105 32 22 till
831 1112 90 15 ansvars

175 1138 35 21 för
230 1138 140 27 zigenarenes
391 1139 116 27 opolitiska
523 1139 39 21 och
578 1139 113 28 okristliga
707 1139 143 28 behandling,
871 1147 49 14 men

176 1179 51 14 man
246 1171 59 22 veti
319 1179 83 14 samma
420 1172 65 22 stund
505 1176 57 19 ännu
581 1173 58 28 icke,
661 1173 53 22 huru
733 1181 51 14 man
803 1174 38 21 vill
856 1174 65 21 hafva

178 1207 46 28 det;
238 1219 28 3 —
281 1206 59 21 hvad
360 1206 48 21 med
429 1206 65 22 dessa
514 1207 100 28 zigenare
635 1207 47 22 från
702 1210 84 19 statens
807 1208 52 21 eller
874 1208 46 21 från

176 1241 98 27 kyrkans
289 1240 50 22 sida
353 1240 137 28 egenteligen
505 1249 50 14 vore
571 1243 31 20 att
617 1245 71 24 göras.

244 1275 43 26 Jag
313 1274 104 21 klandrar
443 1275 18 26 ej
488 1277 87 25 prosten
597 1275 122 22 Stenbäcks
741 1276 150 27 uppträdande
914 1277 6 20 i

176 1309 72 20 denna
263 1307 68 28 fräga.
358 1308 49 21 Han
423 1308 40 21 har
477 1309 7 20 i
499 1309 184 26 mensklighetens
698 1316 65 15 namn
779 1311 55 20 talat
848 1311 72 20 säsom

176 1349 26 15 en
224 1344 110 25 prestman
357 1348 66 21 egnar
445 1343 40 20 och
505 1343 82 28 anstär;
609 1343 44 21 han
673 1343 38 22 har
731 1344 7 21 i
754 1344 74 21 starka
849 1344 72 27 färger

176 1376 118 22 framhällit
316 1383 27 14 en
364 1376 51 22 tafla
437 1376 47 22 frän
507 1377 71 22 lifvets
598 1378 128 27 verklighet.
755 1379 50 21 Men
822 1379 41 28 jag
883 1379 37 21 vill

176 1412 61 21 fästa
252 1411 99 22 ständets
367 1411 190 28 uppmärksamhet
572 1412 75 29 derpä,
664 1413 52 22 huru
732 1413 87 28 mycket
830 1414 90 28 djupare

176 1446 49 28 och,
246 1447 32 20 att
292 1445 42 28 jag
349 1446 24 21 sä
389 1447 34 20 mä
439 1449 62 26 säga,
521 1447 166 28 omsigtsfullare
703 1448 133 28 behandling
852 1449 67 22 saken
