1700 1895
1148 233 41 20 589

475 296 94 23 nämnde
583 296 8 22 i
606 296 109 23 anseende
726 297 32 22 till
772 296 129 24 illamående
912 299 56 20 samt
979 298 27 21 de
1015 297 57 22 förre
1083 297 24 22 af
1114 297 104 22 härförin-

475 339 42 13 nan
533 331 33 21 till
579 332 132 27 protokollet
725 332 108 21 tecknade
849 333 88 21 orsaker
952 331 105 22 frånvoro.

542 366 42 21 Till
603 365 109 28 justering
733 367 111 27 upplästes
865 367 130 27 protokollet
1010 366 32 21 för
1057 367 42 20 den
1115 367 25 20 11
1159 367 59 20 inne-

474 400 96 21 varande
586 400 119 29 december,
722 403 56 19 samt
793 400 24 21 af
828 401 130 27 protokollet
973 401 32 21 för
1020 401 42 21 den
1079 401 24 20 15
1119 401 6 20 i
1137 401 82 21 samma

473 434 80 22 månad
577 434 56 21 intill
659 434 151 22 diskussionen
837 442 32 14 om
896 435 145 21 skolestatens
1064 435 155 21 ecklesiastika

474 468 105 27 tjensteår
594 469 40 21 och
650 471 61 19 extra
721 469 177 27 ansökningsrätt
908 469 33 21 till
951 469 112 28 imperiela
1073 469 146 28 kyrkoherde-

474 503 133 27 lägenheter.

541 572 136 28 Föredrogos
693 573 40 21 och
748 572 115 23 bordlades
878 573 56 22 intill
947 573 146 22 nästskeende
1103 573 116 28 plenisam-

474 607 113 21 manträde
603 609 31 19 tre
649 606 48 23 från
708 607 97 22 ståndets
817 607 99 22 enskilda
927 607 172 22 besvärsutskott
1109 608 111 27 ingångna

474 641 164 28 betänkanden,
655 642 117 27 nemligen:

543 675 21 29 1)
581 676 114 27 angående
711 677 136 28 vicepastorn
863 684 48 15 von
926 677 97 21 Essens
1034 676 186 29 petitionsförslag

475 717 34 15 om
520 710 255 29 undervisningsspräket
786 712 7 21 i
804 712 85 21 landets
900 711 79 28 skolor,
988 711 83 22 hvilket
1081 711 139 22 betänkande

475 753 39 14 var
528 745 26 22 så
568 745 105 28 lydande:

544 797 8 9 n
556 779 78 23 Ibland
649 781 27 21 de
691 780 194 29 petitionsförslag,
901 780 74 22 hvilka
991 780 24 21 af
1027 780 135 27 högvördiga
1172 787 47 21 pre-

475 815 122 22 staständet
612 815 71 21 blifvit
697 815 32 21 till
743 815 50 22 dess
805 815 99 22 enskilda
914 815 174 22 besvärsutskott
1098 815 8 21 i
1117 815 103 21 afseende

475 851 13 20 3
503 850 120 27 beredning
637 849 147 28 remitterade,
800 849 114 23 förefinnes
930 850 63 21 äfven
1009 851 30 20 ett
1050 849 24 22 af
1084 849 136 28 vicepastorn

475 892 42 14 von
539 885 79 27 Essen,
639 884 83 22 hvilket
739 884 70 22 blifvit
825 885 25 21 af
862 885 86 21 ständet
964 884 104 27 enhälligt
1083 884 72 21 säsom
1171 883 49 22 dess

476 921 50 25 eget
548 921 89 25 antaget
657 919 40 21 och
714 918 60 22 hvari
792 919 91 22 föresläs
899 918 184 28 omorganisering
1098 918 25 21 af
1135 918 85 21 skolvä-

476 952 76 23 sendet
567 954 6 20 i
589 952 75 22 landet
678 952 101 22 sälunda:

544 989 33 20 1:o
603 989 32 19 att
649 987 7 21 i
672 987 27 21 de
715 987 60 21 delar
791 988 24 21 af
827 987 83 29 landet,
926 987 87 21 hvarest
1028 986 155 28 befolkningen
1198 989 23 18 är

476 1021 160 28 ofvervägande
652 1021 65 29 finsk,
734 1022 44 20 alla
791 1021 277 28 undervisningsanstalter,
1088 1022 60 20 såväl
1159 1020 62 22 lärda

476 1064 46 14 som
537 1056 130 28 fackskolor,
678 1056 67 21 borde
756 1058 72 20 säsom
838 1056 148 28 hufvudspräk
996 1056 32 22 för
1038 1056 182 27 undervisningen

476 1092 101 26 begagna
593 1090 36 22 det
644 1090 71 22 finska
730 1091 98 28 spräket;

544 1127 33 20 2:0
598 1127 32 19 att
648 1125 7 21 i
675 1124 26 22 de
716 1125 34 22 för
765 1125 262 27 embetsmannabildning
1042 1125 114 21 bestämda
1172 1124 48 22 sko-

476 1160 70 27 lorna,
569 1159 106 22 försävidt
694 1159 26 22 de
737 1162 37 18 äro
790 1160 79 27 finska,
885 1160 30 28 pä
930 1159 27 22 de
972 1160 66 26 högre
1054 1160 114 20 klasserna
1184 1166 36 14 un-

477 1194 152 27 dervisningen
648 1194 7 21 i
674 1194 68 28 nägra
761 1196 78 20 ämnen
860 1194 67 22 borde
945 1194 111 21 meddelas
1071 1194 30 28 pä
1116 1193 104 28 svenska,

477 1228 40 22 och
539 1230 92 20 tvärtom
651 1228 7 21 i
679 1229 43 21 alla
742 1228 32 22 till
793 1236 81 14 samma
893 1228 99 28 kategori
1010 1228 96 22 hörande
1127 1228 95 22 svenska

476 1263 74 22 skolor
565 1263 68 27 några
649 1265 77 19 ämnen
740 1263 111 28 bibringas
866 1264 29 27 pä
909 1263 71 22 finska
995 1263 98 27 språket;

544 1298 33 21 3:o
594 1300 31 19 att
640 1297 37 22 vid
692 1297 103 23 Finlands
811 1298 116 27 högskola,
942 1298 88 21 hvarest
1040 1297 67 21 redan
1118 1297 103 27 rättighet

477 1332 68 22 finnes
560 1331 124 29 medgifven
699 1334 32 19 att
747 1332 86 28 aflägga
849 1332 103 28 skrifprof
965 1334 55 19 samt
1035 1331 84 28 utgifva
1129 1331 40 21 och
1179 1332 41 21 för-

478 1374 64 15 svara
561 1366 158 28 disputationer
738 1367 29 27 pä
786 1366 79 29 finska,
886 1366 6 22 i
909 1366 117 22 allmänhet
1045 1366 78 22 endast
1138 1365 82 22 sädane

477 1402 71 21 lärare
567 1401 67 21 borde
654 1401 114 28 anställas,
788 1408 45 14 som
848 1404 36 18 äro
901 1400 60 22 detta
976 1401 67 27 spräk
1057 1400 107 27 mäktiga,
1181 1400 40 21 och

545 1436 34 21 4:0
602 1437 32 19 att
655 1435 150 28 fordringarna
823 1435 28 28 pä
867 1435 61 21 såväl
942 1435 104 21 teoretisk
1060 1441 45 15 som
1120 1434 100 28 praktisk

477 1468 124 22 kännedom
621 1469 24 20 af
662 1469 70 20 finska
751 1469 88 27 språket
854 1469 33 21 för
902 1469 58 25 dem,
977 1475 45 14 som
1038 1468 24 21 af
1073 1468 149 21 universitetet

478 1503 120 22 dimitteras
613 1503 33 20 till
662 1504 82 20 statens
760 1503 53 21 eller
825 1502 96 28 kyrkans
931 1502 76 28 tjenst,
1019 1501 66 22 borde
1095 1501 126 28 betydligen

478 1538 99 28 skärpas.
