1014 1750
779 142 41 21 431

100 203 108 22 föräldrar
223 204 77 22 endast
315 204 7 22 i
338 204 36 22 det
389 204 48 29 fall,
455 207 45 24 ,att
514 204 43 23 hon
572 205 8 22 i
595 205 64 23 deras
674 206 40 22 hus
730 207 68 22 vistas
808 208 41 21 och

100 238 55 22 bröd
170 239 64 21 deras
248 241 66 26 äter",
331 239 70 22 måste
412 239 42 28 jag
469 239 131 24 härmedelst
613 239 111 24 reservera
734 241 44 22 min
789 241 59 28 skilj-

100 273 77 27 aktiga
192 273 64 27 åsigt.

166 307 74 21 Ehuru
262 307 42 21 den
326 307 124 28 borgerliga
469 308 64 27 lagen
553 308 50 21 icke
617 311 24 18 är
656 315 27 15 en
698 309 47 21 lära
761 316 34 14 om
810 309 38 22 det

98 343 68 26 rätta,
190 341 71 22 såsom
283 344 88 25 prosten
390 342 19 21 J.
425 342 17 21 I.
457 342 72 28 Bergh
543 343 69 21 under
626 343 222 28 förmiddagsdiskus-

99 375 76 22 sionen
198 375 114 28 angående
335 375 41 22 den
399 376 68 27 ogifta
485 377 106 27 qvinnans
610 377 128 28 myndighet
752 377 38 22 vid
804 378 44 21 viss

99 410 61 21 ålder
180 410 31 21 uti
226 410 36 21 det
277 410 68 22 första
360 411 25 20 af
398 411 48 21 sina
461 411 157 28 andraganden
633 412 76 27 riktigt
725 412 122 29 anmärkte,

99 445 25 21 så
146 445 39 21 bör
201 445 26 27 ju
243 445 57 21 dock
315 445 69 27 sagde
399 445 46 28 lag,
462 453 33 14 om
511 446 42 21 den
568 453 80 15 annars
663 446 38 22 vill
716 453 53 15 vara
784 447 64 22 krist-

98 479 40 28 lig,
163 479 30 21 uti
216 479 44 22 alla
280 479 48 22 sina
348 479 139 28 stadganden
501 481 78 21 basera
595 481 34 27 sig
643 481 29 28 på
685 481 62 21 läran
763 488 34 15 om
812 481 36 22 det

98 515 66 26 rätta,
182 513 40 22 och
238 513 86 22 således
340 513 41 22 ock
396 515 29 26 på
441 515 83 21 sådana
539 515 114 28 principer,
669 522 46 15 som
730 517 79 26 ytterst
819 515 29 21 ha

98 548 34 22 sin
147 548 70 27 grund
231 548 8 21 i
254 549 33 20 De
304 549 38 20 Tio
357 549 125 21 Budordens
497 549 56 29 Lag:
573 552 24 25 ty
613 549 71 22 denna
698 549 46 28 lag,
760 549 87 22 betrak-

98 583 39 21 tad
160 582 39 22 och
222 582 112 28 förnuftigt
356 583 115 28 uppfattad
491 583 7 21 i
513 583 50 22 hela
577 583 37 22 det
630 584 70 28 öfriga
714 584 133 22 bibelordets

97 618 53 27 ljus,
174 617 126 28 innehåller,
324 617 67 27 enligt
413 618 44 20 min
480 618 155 28 öfvertygelse,
656 618 154 28 grunddragen
826 618 25 22 af

99 652 60 21 Guds
175 652 33 21 för
221 652 154 21 menniskorna
390 652 155 27 uppenbarade
561 652 52 27 vilja
624 652 50 22 icke
685 653 94 22 allenast
789 652 58 23 hvad

98 685 64 22 deras
176 686 56 26 inre,
248 685 94 29 sedliga,
358 687 52 20 utan
426 686 41 21 ock
482 686 58 22 hvad
555 686 64 22 deras
632 689 66 26 yttre,
710 687 137 28 medborger-

97 721 46 26 liga
158 720 27 21 lif
197 720 113 22 beträffar:
326 720 40 21 och
382 721 93 21 sålunda
490 721 64 22 äfven
567 721 40 21 den
621 721 54 22 enda
686 722 103 28 osvikliga
799 728 48 15 nor-

97 761 50 15 men
162 754 33 22 för
209 754 75 28 hvarje
300 757 43 19 rätt
358 755 144 28 lagstiftning.

166 790 35 21 Då
220 789 68 22 likväl
306 789 50 22 icke
370 789 55 22 blott
442 791 10 20 1
469 790 40 21 och
525 791 12 20 2
553 791 28 26 $$
597 790 24 21 af
635 791 11 20 1
662 790 58 29 kap.,
736 793 52 19 utan
804 791 42 21 ock

99 825 10 20 1
132 825 12 25 8
165 824 25 21 af
208 825 10 20 6
237 824 50 27 kap.
307 823 211 29 giftermälsbalken,
540 825 72 21 sävidt
627 825 29 28 på
670 825 138 27 pluraliteten
824 825 26 21 af

98 858 37 21 det
157 858 135 27 högvördiga
314 858 87 21 ständet
424 859 89 27 ankom,
536 865 78 21 genom
633 859 51 21 dess
703 859 143 22 ofvanomför-

97 893 74 20 mälda
191 893 79 27 beslut,
292 892 109 21 mähända
416 895 51 19 utan
483 893 118 27 tillräcklig
615 893 119 28 anledning
749 893 25 21 af
786 894 60 21 Hans

97 926 124 28 Kejserliga
242 927 114 27 Majestäts
378 927 82 27 nädiga
481 927 134 28 proposition
637 927 7 21 i
664 927 100 28 ärendet,
786 934 59 15 num-

97 968 60 15 mern
174 962 18 27 1,
216 961 108 22 ändrades
340 961 91 28 derhän,
455 963 32 20 att
501 965 44 24 mö,
569 968 46 15 som
631 962 91 27 uppnått
738 961 41 22 den
794 962 52 21 fixe-

97 995 53 22 rade
166 995 84 28 äldern,
266 995 78 22 endast
358 995 8 21 i
383 995 36 21 det
434 995 38 22 fall
487 1003 51 14 vore
553 996 78 27 pligtig
646 998 32 19 att
692 996 91 21 utverka
799 996 48 21 sina

96 1029 118 22 föräldrars
234 1029 112 28 samtycke
365 1029 33 21 till
417 1029 108 28 ingående
540 1030 7 21 i
561 1029 135 29 äktenskap,
721 1032 45 24 ,att
781 1030 42 21 hon
839 1030 7 21 i

97 1064 64 22 deras
177 1064 39 21 hus
231 1064 68 21 vistas
315 1064 39 21 och
370 1064 55 21 bröd
440 1064 63 22 deras
519 1065 66 27 äter*,
602 1064 40 21 och
658 1071 46 14 som
718 1064 63 21 deraf
789 1065 57 20 klar-

96 1098 59 28 ligen
178 1098 68 28 följer,
270 1100 32 19 att
325 1104 83 16 samma
430 1101 43 25 mö,
493 1099 85 21 säsnart
597 1098 43 22 hon
655 1098 54 22 blott
725 1098 121 28 bortflyttat

97 1132 47 22 från
167 1132 198 28 föräldrahemmet,
394 1132 71 22 blefve
487 1133 90 29 lagligen
600 1132 91 28 frigjord
714 1132 48 22 från
784 1140 61 20 nyss-

97 1167 94 22 nämnde
212 1167 64 28 pligt,
300 1166 39 22 och
360 1166 87 23 således
466 1168 51 27 ock,
534 1174 37 21 per
586 1167 187 28 consequentiam,
789 1167 56 21 ifrån

97 1202 29 21 all
142 1202 55 27 pligt
213 1203 31 20 att
259 1208 77 21 genom
352 1201 77 22 kärlek
447 1202 39 21 och
501 1201 82 29 lydnad
599 1201 68 22 hedra
678 1201 62 21 fader
750 1201 40 22 och
801 1208 43 14 mo-

97 1235 48 28 der;
168 1236 26 21 så
215 1235 100 28 framgår,
337 1235 68 28 enligt
420 1235 43 22 min
480 1236 135 27 tankegång,
631 1242 25 14 ur
670 1235 98 28 antydda
784 1236 61 21 miss-

96 1269 136 22 förbållande
248 1270 41 21 den
306 1270 62 21 klara
384 1270 147 27 konseqvens,
547 1272 36 26 att
594 1269 37 22 vid
646 1270 93 21 beslutet
755 1277 34 14 om
803 1269 43 22 den

96 1304 127 27 förändring
245 1304 25 21 af
289 1303 162 22 ofvanciterade
473 1305 92 27 lagrum,
589 1310 46 15 som
653 1310 78 21 genom
747 1303 98 22 ståndets

96 1338 111 27 pluralitet
222 1339 74 27 bragts
312 1339 14 21 å
341 1339 65 27 bane,
423 1338 41 21 den
479 1339 97 21 innersta
591 1338 85 22 kärnan
690 1337 26 23 af
727 1337 69 28 fjerde
807 1338 37 21 bu-

97 1372 37 20 det
149 1372 7 20 i
171 1372 59 21 Guds
246 1373 37 26 lag
298 1373 70 20 blifvit
384 1373 117 21 förbisedd.

165 1405 42 21 För
222 1405 43 21 min
281 1405 62 27 ringa
358 1405 36 21 del
410 1405 96 22 deremot
521 1405 44 21 kan
576 1405 42 27 jag
633 1405 36 22 väl
684 1405 56 21 fatta
755 1404 45 28 det,
812 1406 32 19 att

96 1446 78 23 genom
195 1439 97 22 dottrens
310 1439 102 28 flyttning
433 1439 46 22 från
494 1439 81 23 hennes
591 1439 40 22 och
646 1439 147 23 föräldrarnes
808 1445 36 23 ge-
