1109 1761
393 116 219 33 Landtdagsbeslutet.
878 117 38 22 187

90 193 76 21 främst
187 193 22 20 af
231 193 104 21 allmänna
357 192 165 22 militiefondens
537 191 125 29 tillgångar;
677 192 58 21 hvad
749 192 123 21 derutöfver
887 199 32 14 er-

91 221 88 26 fordras,
202 221 99 21 betäckes
321 221 34 21 till
377 221 41 21 den
437 221 41 27 del,
493 228 45 13 som
554 221 18 20 ej
589 221 43 20 kan
647 220 46 21 från
709 220 139 22 statsverkets
863 220 55 21 ordi-

91 251 58 20 narie
164 250 115 21 inkomster
293 249 110 28 bestridas,
419 250 48 21 med
482 250 27 21 de
524 224 76 56 medel,
615 256 46 14 som
673 249 34 20 för
717 249 121 21 ändamålet
848 249 71 21 blifvit

91 279 24 21 af
130 278 117 21 Ständerna
262 278 105 21 anvisade.

467 331 12 27 s
496 331 47 21 123.

160 375 76 22 Under
261 375 89 29 krigstid
372 375 107 21 användas
501 376 27 21 de
551 375 71 21 finska
637 378 116 26 trupperna
768 374 150 21 företrädesvis

92 404 38 21 vid
152 404 191 27 försvarsåtgärder
364 405 7 20 i
390 404 97 26 Finland,
503 412 48 13 men
567 404 76 25 kunna,
658 404 8 20 i
681 404 41 20 den
737 402 47 22 mån
801 402 73 29 dylika
888 402 31 22 åt-

92 432 76 29 gärder
182 432 48 21 icke
245 432 84 29 påkalla
343 435 98 26 truppers
457 432 152 22 kvarhållande
624 433 7 20 i
647 432 78 25 landet,
741 431 66 22 kallas
822 434 32 18 att
868 431 51 28 jem-

92 461 35 22 väl
149 464 58 18 utom
230 461 72 21 landet
323 461 116 21 medverka
460 461 37 22 vid
520 461 66 21 rikets
605 461 88 21 försvar.
723 460 63 21 Dock
802 459 34 22 må
850 459 69 22 landt-

92 492 151 26 värnstrupper
257 489 47 21 icke
319 489 56 22 föras
390 492 58 19 utom
463 489 92 22 Finland
570 491 7 20 i
593 492 64 19 annat
672 489 44 26 fall,
731 491 25 18 än
771 491 33 19 att
815 489 105 20 försvaret

94 518 23 22 af
131 518 174 21 Kejsaredömets
320 518 130 21 hufvudstad
465 518 76 21 sådant
556 518 89 21 fordrar.

161 527 36 40 Då
219 547 26 20 de
268 547 72 21 aktiva
361 550 114 25 trupperna
496 547 73 21 ställas
588 547 28 28 på
636 546 92 29 krigsfot
742 546 40 21 och
797 545 71 22 dertill
883 545 37 22 be-

92 575 69 28 höflig
183 575 34 21 del
240 575 23 21 af
284 583 97 13 reserven
403 575 88 21 inkallas
507 577 8 19 i
530 576 40 20 den
587 575 88 28 ordning
691 576 12 26 $
719 576 26 20 13
761 574 91 28 stadgar,
867 581 53 21 upp-

93 606 66 19 sättas
175 604 22 20 af
212 603 41 21 den
268 604 131 20 återstående
414 611 97 14 reserven
527 605 8 20 i
550 604 49 20 mån
614 604 23 21 af
651 603 102 22 behofvet
767 603 153 28 depottrupper

93 632 50 21 med
163 632 147 21 bestämmelse
329 635 31 18 att
375 632 52 28 fylla
442 632 27 21 de
484 632 80 27 luckor,
579 640 44 14 som
639 632 67 21 under
721 632 199 28 krigsoperationer-

93 668 37 14 nas
153 661 50 28 lopp
224 661 76 28 uppstå
320 662 7 20 i
347 660 26 22 de
389 661 72 21 aktiva
476 665 126 25 truppernas
617 661 64 21 leder.
711 660 60 21 Huru
796 660 124 21 landtvärns-

92 692 87 26 trupper
202 690 115 28 uppställas
337 690 40 20 och
398 690 7 20 i
425 690 74 21 hvilka
520 690 38 20 fall
577 692 114 19 värnemän
706 689 34 21 må
762 688 68 22 såsom
849 695 71 14 reserv

93 718 82 26 anlitas,
190 720 23 19 är
228 718 61 28 sagdt
304 719 7 20 i
326 719 11 27 &
353 719 33 21 20.

162 798 13 21 I
189 798 139 21 betraktande
351 798 61 21 deraf
434 801 31 19 att
483 798 157 21 ofvannämnda
659 798 122 28 förordning
799 797 66 29 enligt
879 796 40 22 den

93 828 9 20 i
117 826 213 22 Storfurstendömets
345 827 127 28 grundlagar
487 827 103 27 stadgade
605 826 89 28 ordning
709 826 34 21 för
756 826 164 28 lagstiftningen,

93 855 42 21 kan
157 855 114 21 stadfästas
289 855 39 21 och
343 855 95 21 utfärdas
454 856 75 21 endast
546 856 8 20 i
569 855 118 28 ordagrann
702 854 218 22 öfverensstämmelse

94 883 50 22 med
158 883 41 22 den
215 883 22 22 af
252 883 41 22 Oss
309 887 90 24 antagna
414 884 115 28 lagtexten,
544 883 66 22 hafva
625 884 31 21 Vi
671 884 8 20 i
693 883 47 21 Vår
754 883 90 21 berörda
857 882 63 21 skrif-

94 912 58 21 velse
175 925 27 3 —
224 913 63 27 jemte
305 912 37 21 det
357 913 30 21 Vi
402 915 70 18 ansett
487 920 34 13 oss
536 912 53 22 böra
603 913 8 20 i
625 911 170 29 underdånighet
809 911 111 22 framhålla

93 943 33 19 att
149 942 55 20 1878
223 941 32 21 års
271 941 173 28 Värnepligtslag
459 941 113 21 förblifver
587 941 37 21 vid
639 940 98 29 gällande
752 940 58 21 kraft
823 940 34 21 till
872 939 48 22 dess

93 969 124 22 densamma
238 969 73 22 blifvit
332 971 99 27 antingen
447 973 66 18 ersatt
528 970 52 20 eller
595 969 80 22 ändrad
690 977 75 20 genom
780 977 26 13 en
821 969 7 20 i
858 968 62 21 grund-

92 998 103 28 lagsenlig
209 998 94 29 ordning,
318 998 80 21 medels
413 998 61 21 Hans
488 999 121 28 Kejserliga
619 998 112 28 Majestäts
741 997 40 22 och
791 972 129 57 Btänderdas

94 1027 226 21 sammanstämmande
338 1027 75 26 beslut,
433 1027 77 21 stiftad
528 1035 28 20 ny
571 1027 34 28 lag
620 1026 108 29 angående
743 1026 60 21 detta
817 1028 60 19 ämne
892 1039 28 2 —

94 1058 53 19 trott
161 1055 43 22 Oss
219 1055 52 21 böra
285 1055 116 27 hemställa,
417 1059 32 18 att
463 1055 35 21 för
513 1055 40 22 den
569 1055 101 22 händelse
685 1055 41 21 den
741 1055 22 21 af
776 1055 42 21 Oss
829 1057 91 24 antagna

93 1083 153 29 författningen
262 1085 7 20 i
284 1087 31 18 ett
329 1084 52 21 eller
395 1087 64 18 annat
474 1084 101 21 afseende
590 1084 47 21 icke
651 1091 69 14 vunne
731 1083 60 22 Hans
800 1083 120 28 Kejserliga

93 1112 112 28 Majestäts
227 1113 78 28 nådiga
320 1113 160 28 godkännande,
502 1113 62 21 Hans
586 1113 121 28 Kejserliga
721 1112 102 28 Majestät
837 1111 83 21 täcktes

93 1141 49 25 låta,
157 1142 7 20 i
180 1141 99 21 afseende
295 1141 12 21 å
321 1141 171 28 grundlagsenlig
507 1141 134 28 behandling,
657 1143 95 26 uppgöra
767 1141 39 20 och
821 1140 34 21 till
869 1139 51 22 Fin-

93 1169 61 21 lands
169 1169 91 22 Ständer
275 1170 129 21 öfverlemna
419 1177 27 21 ny
461 1170 65 28 nädig
540 1171 131 27 proposition
686 1169 108 28 angående
809 1169 78 21 reform
898 1168 22 21 af

93 1198 41 21 den
149 1198 72 21 finska
235 1198 280 28 värnepligtsinstitutionen.

162 1226 109 29 Derjemte
287 1226 64 22 hafva
365 1226 32 22 Vi
411 1228 8 20 i
433 1226 48 22 Vår
495 1226 145 28 underdäniga
654 1226 171 22 svarsskrifvelse
836 1225 84 26 anmält,

93 1258 33 18 att
146 1254 37 27 Vi,
201 1257 50 19 enär
269 1255 26 21 de
313 1255 22 21 af
349 1255 43 21 Oss
407 1258 92 26 antagna
514 1255 175 28 förändringarna
703 1256 7 20 i
725 1254 97 29 gällande
837 1254 83 21 Värne-

92 1283 103 29 pligtslag
215 1284 86 28 päkalla
322 1284 173 28 omformulering
517 1284 22 21 af
554 1285 27 27 $$
597 1285 12 19 5
625 1284 40 20 och
684 1285 25 19 14
725 1284 7 20 i
747 1283 76 27 nädiga
839 1282 81 21 förord-

93 1312 77 28 ningen
193 1312 22 21 af
237 1312 41 21 den
301 1313 26 21 29
349 1312 122 22 December
495 1314 61 25 1885,
579 1312 109 28 angäende
706 1312 105 21 lättnader
825 1312 7 20 i
847 1313 73 19 värne-

92 1340 93 28 pligtens
207 1340 132 28 fullgörande
354 1340 34 22 för
403 1341 70 21 finske
489 1341 143 28 medborgare,
647 1348 44 14 som
707 1341 64 20 vistas
786 1341 8 20 i
809 1339 111 29 Ryssland,

93 1370 83 26 antagit
198 1372 31 18 ett
250 1369 79 29 förslag
351 1369 33 21 till
407 1370 123 28 förordning
552 1370 8 20 i
578 1372 71 18 ämnet
667 1369 22 21 af
704 1369 41 21 den
760 1368 80 29 lydelse
855 1367 66 29 sagda

93 1397 112 22 skrifvelse
220 1398 120 21 innehäller.

163 1426 40 22 Uti
218 1426 136 21 förenämnda
370 1426 112 22 skrifvelse
496 1426 66 22 hafva
571 1426 31 22 Vi
613 1426 76 21 derhos
700 1425 67 22 säsom
778 1425 142 28 underdäniga

94 1454 157 29 Onskningsmäl
266 1455 83 21 uttalat:

165 1486 33 18 att
219 1483 61 21 Hans
302 1483 121 28 Kejserliga
443 1483 109 28 Majestät,
575 1482 70 22 derest
667 1483 39 21 den
729 1482 23 21 af
772 1482 42 21 Oss
829 1485 91 25 antagna

93 1510 125 29 förordning
241 1511 107 28 angående
371 1511 89 28 ändring
483 1511 23 21 af
528 1511 104 21 särskilda
656 1511 130 28 stadganden
808 1511 7 20 i
838 1510 82 21 Värne-
