1109 1745
406 106 218 21 Värnepligtsfrågan.
884 100 40 21 139

167 173 47 22 Vid
236 173 73 22 härom
333 173 82 22 anstäld
438 173 70 22 sluten
524 175 134 26 omröstning
673 173 77 22 utföllo
765 175 96 20 rösterna
876 173 48 22 med

96 203 28 20 44
146 202 21 28 ja
190 202 41 21 och
255 203 26 20 72
299 203 41 27 nej,
355 202 32 21 till
403 202 54 28 följd
472 202 77 21 hvaraf
563 202 26 21 R.
605 210 18 13 o.
638 203 27 20 A.
680 202 97 28 godkänt
792 202 95 28 följande
902 202 24 21 af

96 230 58 21 Frih.
170 230 25 21 R.
211 232 25 19 A.
253 230 80 22 Wrede
348 231 122 28 föreslagna
485 231 82 28 lydelse
583 231 34 21 för
633 232 10 20 1
661 232 21 26 S:

168 259 56 21 »För
245 262 94 23 tronens,
362 259 185 22 fäderneslandets
571 259 40 22 och
632 259 67 21 rikets
715 259 84 22 försvar
814 261 23 19 är
852 259 73 28 hvarje

97 287 55 22 finsk
168 287 139 28 medborgare
323 288 144 29 värnepligtig
482 288 66 28 enligt
563 288 27 21 de
605 288 100 28 grunder,
721 295 45 14 som
782 289 5 20 i
805 287 71 22 denna
890 287 36 28 lag

96 315 107 29 stadgas>,

166 373 41 22 och
223 373 192 22 äterremitterades
431 373 71 22 denna
510 369 13 37 $
546 374 33 21 till
595 373 249 29 Värnepligtsutskottet
855 374 32 20 för
894 376 32 18 att

97 401 28 29 pä
141 402 76 28 antydt
232 404 42 19 sätt
289 403 167 20 omformuleras.

166 459 32 21 Pä
213 459 92 28 begäran
321 459 108 22 lemnades
445 459 52 22 härä
512 459 62 22 ordet
589 460 22 21 ät

166 517 59 21 Frih.
248 524 54 13 von
325 517 79 26 Born,
426 524 46 13 som
487 517 94 28 yttrade:
597 517 42 26 Jag
655 516 96 22 anhåller
766 516 76 21 endast
857 519 30 18 att
903 515 22 22 få

97 546 33 21 till
146 545 131 29 protokollet
291 545 136 26 antecknadt,
442 549 33 17 att
489 547 35 26 jag
539 545 48 22 icke
603 545 90 28 deltagit
708 546 6 20 i
731 545 40 21 den
787 548 85 18 senaste
888 552 38 13 vo-

97 575 104 27 teringen,
217 574 66 27 enligt
299 573 41 22 den
355 574 35 21 för
405 575 57 20 vissa
477 574 39 21 fall
531 574 127 29 tillämpliga
674 574 79 28 regeln,
768 577 31 18 att
810 581 48 14 man
869 573 57 21 inför

97 603 38 21 tvä
150 603 57 21 onda
222 603 46 27 ting
283 603 67 28 väljer
365 603 110 21 intetdera.

166 659 58 22 Frih.
240 659 65 22 Carl
322 660 109 27 August
445 659 242 29 Standertskjöld
703 659 71 22 anhöll
790 662 31 19 att
836 659 22 21 fä
873 660 52 27 göra

96 696 81 13 samma
193 689 103 20 anmälan.

166 745 35 21 Dä
217 745 94 22 derefter
325 745 113 28 föredrogs
455 746 12 27 $
484 747 19 25 2,
518 745 85 29 yttrade

166 802 58 22 Frih.
240 810 51 14 von
307 803 85 21 Born:
409 802 42 29 Jag
465 803 54 21 skall
528 803 48 21 icke
585 803 61 27 länge
655 806 94 25 upptaga
757 802 37 21 det
803 802 123 28 Höglofliga

98 831 102 22 Ständets
216 831 188 28 uppmärksamhet
420 831 49 21 med
485 831 116 28 anledning
617 831 21 21 af
655 833 12 26 $
683 833 20 24 2,
718 839 47 13 men
780 832 36 27 jag
831 831 95 20 anhåller

97 863 32 17 att
150 859 24 21 fä
196 860 67 20 uttala
286 863 31 17 att
339 861 36 27 jag
392 860 69 20 under
476 860 133 21 närvarande
624 860 31 20 tid
672 860 23 20 af
709 867 37 13 oro
762 860 41 20 och
818 859 108 27 rubbning

97 888 48 21 icke
160 888 67 21 finner
242 889 43 27 mig
300 888 72 21 kunna
387 888 116 21 medverka
519 888 31 21 till
567 892 30 17 att
608 888 92 22 afskaffa
711 888 83 21 landets
803 888 69 28 gamla
881 888 45 27 lag-

98 917 56 27 ligen
175 916 116 22 bestäende
306 917 182 27 indelningsverk.
518 917 42 28 Jag
575 917 124 27 föredrager
715 918 12 26 $
742 918 13 20 2
770 917 6 20 i
794 916 48 22 dess
859 923 67 14 nuva-

97 945 66 22 rande
179 945 87 28 lydelse.

166 1002 70 28 Ingen
251 1010 70 13 annan
338 1003 22 20 af
375 1002 103 22 Ständets
494 1003 138 20 medlemmar
647 1003 95 20 önskade
759 1003 5 20 i
781 1002 76 27 frågan
869 1004 57 26 yttra

98 1031 38 28 sig,
151 1034 52 18 utan
219 1031 45 21 blef
279 1032 12 26 $
307 1033 12 19 2
336 1031 51 21 härä
403 1031 27 28 pä
446 1031 34 21 Hr
495 1031 219 22 Landtmarskalkens
729 1031 159 27 framställning
904 1030 22 21 af

97 1059 26 22 R.
138 1067 19 13 0.
174 1061 26 20 A.
215 1059 106 28 godkänd.

167 1115 11 22 I
193 1116 102 21 afseende
311 1117 12 20 å
339 1117 12 26 $
368 1118 12 20 3
396 1116 72 21 anhöll

166 1173 58 21 Frih.
261 1181 31 13 von
308 1173 75 22 Born
399 1181 34 14 om
442 1173 62 21 ordet
513 1173 40 22 och
561 1173 94 28 yttrade:
667 1173 74 22 Också
750 1173 132 22 beträffande
892 1173 12 27 $
913 1173 11 20 3

98 1202 38 21 ber
146 1202 35 28 jag
192 1202 23 21 få
226 1202 88 26 anmäla,
325 1205 32 18 att
369 1203 34 28 jag
413 1202 48 21 icke
470 1202 66 21 finner
544 1202 129 28 tillräckliga
680 1202 46 21 skäl
735 1209 50 14 vara
793 1201 90 22 anförda
892 1202 34 20 för

98 1230 135 21 afskaffande
244 1231 23 20 af
277 1231 41 20 den
331 1231 202 26 reservinstitution,
543 1231 87 20 hvilken
641 1231 65 20 redan
720 1231 82 27 ganska
812 1231 62 26 länge
885 1229 41 22 och

98 1259 71 21 såsom
185 1260 43 27 mig
243 1267 63 20 synes
323 1259 48 21 med
387 1259 113 28 framgång
515 1259 106 28 fungerat.
642 1259 112 22 Utskottet
764 1261 62 26 säger
837 1260 53 20 visst
899 1258 27 28 på

98 1287 40 21 sid.
150 1289 19 25 7,
179 1290 44 18 »att
231 1287 37 22 det
276 1287 123 22 nuvarande
408 1290 104 25 systemet
520 1288 47 21 icke
575 1287 141 22 tillförsäkrar
724 1291 116 25 trupperna
848 1295 26 13 en
883 1287 43 21 lika

99 1316 134 28 krigsduglig
245 1316 172 28 komplettering,
428 1323 47 14 som
486 1316 37 21 det
533 1316 63 28 ryska
608 1319 107 25 systemet.
740 1316 114 21 Utskottet
864 1323 62 13 anser

99 1344 37 21 det
151 1344 74 21 derför
240 1352 50 13 vara
306 1352 25 13 en
348 1344 23 21 af
387 1344 104 22 behofvet
506 1344 99 29 päkallad
621 1344 86 26 reform,
722 1347 31 18 att
768 1344 158 21 reservinstitu-

99 1374 73 20 tionen
197 1373 104 21 ombildas
323 1373 67 28 enligt
400 1373 112 21 enahanda
527 1373 94 28 grunder
635 1380 46 14 som
697 1373 27 21 de
739 1374 7 20 i
762 1372 164 29 Kejsaredömet

100 1401 120 28 gällande».
247 1401 42 28 Jag
304 1402 68 20 finner
382 1402 87 27 logiken
480 1402 38 20 här
531 1409 50 14 vara
592 1402 77 20 tvifvel
681 1400 150 22 underkastad.
852 1400 74 22 Afven

100 1437 35 13 om
154 1430 42 20 den
213 1430 68 21 första
295 1431 119 27 premissen
430 1438 52 13 vore
497 1430 72 28 riktig,
585 1430 51 21 eller
651 1432 32 19 att
698 1430 41 21 den
755 1430 171 27 komplettering,

100 1465 45 14 som
162 1466 27 13 nu
205 1458 100 28 gällande
321 1458 168 28 värnepligtslag
499 1459 95 25 innebär,
605 1459 47 21 icke
663 1458 68 22 skulle
743 1466 50 13 vara
813 1458 34 21 lika
858 1458 68 27 krigs-

100 1486 75 29 duglig
197 1495 46 13 som
266 1486 37 22 det
319 1495 28 13 nu
363 1487 99 28 gällande
478 1487 64 28 ryska
557 1490 109 25 systemet,
681 1487 24 21 sä
717 1487 62 28 följer
795 1486 61 22 deraf
871 1486 54 27 icke,
