1109 1775
377 101 217 21 Värnepligtsfrågan.
866 96 39 21 111

79 169 150 29 Lagutskottet
243 169 110 21 föreslagit
367 170 8 20 i
389 170 38 20 sitt
441 169 134 22 betänkande
591 170 40 21 N:o
647 171 12 20 2
675 170 134 21 beträffande
825 170 27 21 de
866 178 41 20 nya

78 198 181 28 propositionerna
273 206 34 13 om
338 206 25 13 den
378 198 118 28 personella
506 198 41 21 och
558 198 119 22 finansiella
687 199 219 28 värnepligtstungans

79 226 139 28 utjemnande.
247 226 76 22 Denna
338 227 100 21 situation
452 227 39 21 har
506 226 127 22 åtminstone
648 227 95 21 fördelen
759 230 32 18 att
806 235 51 13 vara
872 234 35 14 en-

79 255 35 21 kel
136 255 40 21 och
194 255 77 28 gifven.
301 255 52 22 Men
369 255 113 22 invecklad
497 255 40 22 och
552 256 76 21 osäker
643 255 40 22 blir
698 255 129 22 Ständernas
842 256 64 21 situa-

78 285 45 20 tion
137 284 67 21 under
219 284 130 21 manifestets
365 284 132 21 fortbestånd
512 285 8 20 i
534 285 43 20 alla
591 285 28 20 de
635 285 43 26 fall,
693 285 28 20 då
731 284 135 22 beträffande
876 287 32 18 ett

80 313 219 28 lagstiftningsärende
315 313 44 21 kan
374 313 130 26 förutsättas,
514 316 32 18 att
561 313 132 21 manifestets
708 313 198 28 grundstadganden

79 341 66 26 skola,
159 343 114 19 tvärtemot
287 341 172 26 konstitutionen,
473 341 28 29 på
516 341 119 22 detsamma
649 342 112 28 tillämpas.
783 342 44 21 Det
842 341 66 28 gäller

80 369 27 22 då
129 369 67 28 enligt
217 371 43 20 min
282 370 64 21 tanke
369 373 32 18 att
415 377 24 14 ur
454 370 153 27 handlingarna
622 371 53 20 söka
690 372 74 19 utröna
779 370 128 21 Monarkens

80 398 88 28 afsigter
190 398 39 21 och
252 399 48 20 med
323 399 86 28 ledning
431 398 62 21 häraf
508 399 92 21 beräkna
617 399 119 21 chancerna
750 399 34 21 för
796 399 40 21 och
851 401 57 19 emot

80 427 97 21 ärendets
192 427 132 28 fullföljande
339 428 7 20 i
361 427 171 29 grundlagsenlig
546 427 96 29 ordning.
671 427 61 22 Inför
747 427 114 22 ettsådant
870 427 37 21 fall

80 455 34 22 stå
134 457 73 27 tyvärr
229 455 100 22 Finlands
352 455 92 22 Ständer
461 464 34 18 nu,
510 457 7 20 i
532 456 61 29 fråga
607 464 34 13 om
657 457 203 28 värnepligtslagens
875 463 32 14 re-

81 491 72 14 vision.

151 513 41 21 För
207 513 42 20 min
265 513 59 28 ringa
338 513 35 20 del
388 513 67 20 håller
469 513 35 28 jag
519 513 46 21 före
581 516 32 19 att
623 513 42 21 den
675 513 115 28 möjlighet,
799 521 44 13 som
851 513 55 27 Lag-

81 541 103 22 utskottet
205 542 8 20 i
237 543 31 20 sin
288 541 41 21 den
344 542 26 20 21
387 541 102 22 Februari
505 541 127 29 föredragna
647 542 39 21 och
701 541 23 22 af
739 542 118 21 Ständerna
872 549 35 13 en-

80 570 75 29 hälligt
177 570 116 21 omfattade
314 570 112 21 skrifvelse
449 570 50 21 fann
521 571 214 28 grundstadgandena
749 571 64 28 jemte
828 571 79 27 ingres-

80 607 60 13 serna
162 599 32 21 till
218 599 26 21 de
266 599 47 21 nåd.
328 607 99 21 prop:rna
441 599 106 21 innehålla
562 600 34 20 för
612 607 25 13 en
653 600 128 28 behandling
796 599 23 21 af
834 601 72 19 värne-

80 628 139 28 pligtsfrågan
242 628 65 28 enligt
331 628 127 27 manifestet,
473 628 65 21 sedan
554 628 49 21 dess
617 636 76 20 genom
709 628 64 22 verba
788 628 97 21 formalia
900 628 7 20 i

80 656 27 21 de
130 664 41 20 nya
193 657 180 28 propositionerna
394 657 61 20 vuxit
469 657 33 21 till
518 664 26 14 en
559 656 139 27 sannolikhet,
713 664 44 14 som
773 659 86 25 gränsar
873 656 31 21 till

80 684 86 22 visshet.
195 685 242 28 Värnepligtsutskottet
452 685 39 21 har
506 686 125 27 visserligen
645 686 62 27 ingen
715 686 80 28 hänsyn
802 685 32 21 till
846 685 61 21 dessa

80 721 41 21 nya
142 714 153 28 propositioner
317 714 75 20 behöft
414 717 55 24 taga,
489 714 45 21 dels
550 714 89 21 emedan
654 714 253 28 Värnepligtsutskottets

80 742 135 21 betänkande
235 742 92 21 daterats
343 742 40 21 den
399 743 13 20 2
428 743 48 27 maj,
491 743 51 21 eller
557 743 70 27 dagen
641 743 46 21 före
703 743 118 21 desammas
836 742 70 21 öfver-

80 770 111 21 lemmande
213 771 32 21 till
268 770 124 25 Ständerna,
414 770 46 22 dels
483 772 41 20 ock
539 771 78 27 derför,
632 774 32 18 att
679 772 62 20 dessa
755 772 153 28 propositioner

80 799 126 28 hänskjutits
221 799 54 22 blott
289 800 33 21 till
337 799 156 28 Lagutskottet.
516 800 51 21 Men
584 800 126 21 Ständerna
725 808 61 20 synas
802 801 42 27 mig
852 798 55 23 dock

80 829 7 19 i
110 828 99 21 sakernas
231 829 120 20 nuvarande
369 829 46 27 läge
435 828 53 21 böra
503 829 98 26 erkänna,
612 832 32 18 att
658 829 202 28 förutsättningarna
875 828 33 21 för

80 857 40 20 den
144 857 22 20 af
188 857 241 28 Värneplietsutskottet
451 857 121 27 föreslagna
591 857 156 27 behandlingen
762 857 22 22 af
799 857 26 22 de
841 857 67 20 första

80 885 47 21 näd.
146 893 98 20 prop:rna
281 887 48 26 högst
352 886 118 27 betänkligt
492 886 87 21 rubbats
602 894 75 20 genom
699 886 62 21 dessa
776 893 72 14 senare
864 885 43 21 till-

80 913 69 22 stälda
172 915 157 27 propositioner.
359 914 48 21 Och
423 914 63 21 äfven
501 915 244 28 Värnepligtsutskottet
759 915 39 21 har
812 914 37 21 vid
864 913 42 22 tid-

80 942 94 28 punkten
196 943 34 20 för
245 943 47 21 dess
307 943 145 21 betänkandes
467 943 116 21 daterande
599 943 48 22 bort
661 944 66 21 sakna
742 943 113 28 anledning
870 945 37 23 att,

80 971 68 20 såsom
171 971 103 21 utskottet
296 974 60 25 säger
371 971 28 28 pä
413 971 39 22 sid.
469 972 47 25 161,
533 975 44 18 »tro
593 973 32 27 sig
641 973 18 27 ej
676 972 51 21 böra
741 972 67 21 såsom
825 971 83 28 möjligt

80 1002 82 25 antaga,
185 1003 32 18 att
239 1000 67 27 någon
329 1000 220 29 lagstiftningsätgärd
571 1001 8 20 i
601 1001 60 20 detta
682 1003 60 18 ämne
758 1001 67 20 skulle
841 1007 66 14 varda

80 1027 100 29 vidtagen
195 1029 7 20 i
210 1037 67 12 annan
285 1029 94 28 ordning,
395 1031 26 18 än
431 1029 102 21 Finlands
543 1029 128 28 grundlagar
679 1029 95 28 stadga»,
782 1029 27 21 dä
815 1031 91 19 tvärtom

80 1056 160 28 Lagutskottets
255 1057 22 21 af
292 1057 119 21 Ständerna
425 1057 113 28 godkända
553 1058 112 21 skrifvelse
681 1058 22 21 af
713 1058 40 21 den
765 1059 25 20 21
800 1057 107 25 Februari,

80 1085 66 21 säsom
168 1085 65 22 redan
251 1085 132 27 framhällits,
397 1086 143 28 uttryckligen
557 1087 102 20 erkänner
675 1094 25 13 en
712 1087 65 21 sädan
792 1085 115 29 möjlighet.

148 1113 36 22 Dä
197 1115 36 27 jag
247 1115 47 20 icke
310 1115 59 20 delar
383 1115 255 28 Värnepligtsutskottets
653 1116 107 20 optimism
771 1116 6 20 i
787 1115 61 21 detta
856 1114 51 21 hän-

80 1142 82 26 seende,
185 1146 50 17 utan
257 1143 87 21 fastmer
358 1143 83 21 fruktar
456 1146 31 18 ett
502 1143 105 22 missbruk
623 1143 23 22 af
677 1144 112 21 Ständernas
804 1151 54 19 svar,
873 1150 34 13 om

80 1171 119 21 Ständerna
213 1179 27 14 nu
255 1171 48 29 ingä
318 1173 7 19 i
341 1179 25 14 en
381 1172 72 28 vanlig
468 1172 130 28 behandling
613 1172 23 22 af
651 1172 26 22 de
693 1172 46 22 näd.
754 1180 104 21 prop:rna,
868 1171 39 21 och

80 1200 27 20 dä
128 1200 36 28 jag
185 1200 106 22 dessutom
313 1208 60 14 anser
398 1204 32 18 att
452 1200 130 22 Ständernas
605 1201 182 29 grundlagsenliga
801 1204 44 18 rätt
860 1201 48 21 bäst

78 1228 76 21 häfdas
177 1229 40 21 och
239 1230 114 27 sanningen
375 1229 80 21 klarast
476 1230 95 21 kommer
585 1233 32 17 att
632 1230 89 21 framstä
735 1230 34 21 för
783 1230 61 21 Hans
860 1229 47 21 Ma-

78 1258 70 27 jestät,
171 1265 33 13 om
227 1258 118 21 Ständerna
367 1258 34 20 för
416 1258 69 21 denna
499 1258 57 28 gäng
571 1258 73 28 afböja
659 1266 26 13 en
700 1258 128 28 behandling
842 1258 24 21 af
880 1258 27 21 de

78 1285 47 21 nåd.
140 1294 104 20 prop:rna,
259 1286 23 21 sä
296 1286 33 21 får
343 1288 41 26 jag,
399 1286 49 22 med
463 1287 120 28 anslutning
598 1288 7 20 i
621 1287 66 28 öfrigt
700 1287 32 21 till
745 1286 162 29 förslagsställa-

78 1322 48 13 rens
142 1316 71 25 motiv,
229 1315 83 21 biträda
326 1315 58 21 Frih.
399 1323 40 13 von
455 1316 69 21 Borns
539 1316 86 27 förslag.

146 1372 35 21 Hr
193 1372 25 21 L.
230 1373 24 20 L.
266 1373 131 21 Lindelöf:
413 1373 74 27 Några
495 1373 23 21 af
526 1373 26 21 de
567 1376 83 18 senaste
662 1373 63 21 ärade
737 1373 93 21 talarene
841 1373 65 21 hafva

78 1401 66 20 under
158 1401 133 28 äberopande
306 1401 23 21 af
344 1402 56 21 vissa
415 1401 97 29 rättsliga
526 1401 41 22 och
582 1401 179 22 konstitutionella
776 1401 131 29 synpunkter

78 1429 76 21 uttalat
169 1429 40 21 den
225 1429 86 28 äsigten,
327 1433 32 18 att
373 1429 120 22 Ständerna
507 1430 66 21 borde
587 1430 46 21 helt
647 1430 72 21 enkelt
733 1431 72 27 afböja
815 1433 32 18 att
858 1429 50 28 ingä

77 1458 7 19 i
106 1457 100 29 pröfning
227 1458 23 21 af
272 1458 26 21 de
321 1458 56 21 båda
399 1458 68 21 första
488 1459 34 20 till
544 1458 120 22 Ständerna
685 1459 158 21 öfverlemnade
859 1458 47 21 nåd.

77 1493 104 21 prop:rna,
203 1486 76 22 hvaraf
301 1487 34 21 väl
357 1487 68 20 skulle
448 1487 59 28 följa,
522 1490 33 18 att
578 1487 69 28 någon
673 1487 193 28 detaljeranskning
884 1487 23 21 af
