1111 1761
377 102 218 33 Värnepligtsfrågan.
858 104 40 21 155

142 178 164 28 Propositionen
330 177 129 22 besvarades
481 177 48 22 med
552 177 161 28 öfvervägande
732 179 40 27 nej,
788 178 40 21 och
843 177 54 22 hade

73 207 26 22 R.
114 214 19 14 o.
149 207 26 20 A.
189 206 135 29 följaktligen
340 206 88 21 beslutit
442 207 31 20 till
490 214 27 13 en
532 206 121 22 återremiss
669 206 23 21 af
707 207 12 26 $
735 207 27 21 90
778 207 6 20 i
800 214 50 21 nyss
861 214 36 13 an-

72 235 68 29 tydda
155 234 62 29 syfte.

142 292 24 28 88
182 293 84 20 91—93
281 291 125 29 godkändes
422 294 50 18 utan
488 292 146 28 anmärkning.

142 348 137 22 Beträffande
295 349 12 27 $
323 350 27 20 94
365 348 85 30 yttrade

142 405 58 22 Frih.
223 413 49 13 von
294 406 126 21 Alfthan:
450 406 42 27 Jag
514 406 69 22 skulle
603 406 26 21 be
651 409 31 18 att
700 406 23 21 få
737 406 35 21 för
787 406 36 21 det
838 406 61 28 Hög-

73 434 72 28 lofliga
169 434 91 22 Ständet
281 434 118 27 framhälla,
422 434 100 22 hurusom
546 434 35 22 vid
598 435 27 21 de
641 435 68 21 finska
732 434 166 28 bataljonerna
886 430 16 37 i

73 462 138 29 Helsingfors
227 462 55 22 ända
297 463 66 21 sedan
379 464 206 28 värnepligtslagens
601 463 119 27 införande,
735 463 72 21 sävidt
816 464 35 28 jag
861 463 39 21 har

74 492 44 28 mig
134 492 78 20 bekant
227 495 51 17 utan
294 492 115 28 undantag,
425 492 41 21 den
481 492 73 28 regeln
569 492 117 28 tillämpats
702 495 31 18 att
749 492 150 21 medicinestu-

74 520 93 22 derande
188 520 77 28 jemväl
288 520 116 22 öfverförts
425 520 33 22 till
480 520 242 22 fältskärskommandot
744 520 40 22 och
810 520 89 22 sälunda

74 549 73 21 blifvit
167 549 36 21 vid
227 552 91 25 truppen
342 549 99 21 använda
457 550 6 20 i
480 549 223 21 öfverensstämmelse
726 549 48 21 med
797 550 37 20 sitt
851 549 48 21 kall.

74 577 43 21 Det
139 577 110 21 förefaller
271 585 45 13 som
340 585 34 13 om
397 578 262 28 militärmyndigheterna,
679 578 73 21 hvilka
770 578 48 21 icke
833 578 65 20 hafva

74 605 70 28 någon
160 605 128 28 öfverflödig
302 606 74 28 tillgång
407 605 28 29 pä
450 607 133 21 medicinska
599 606 86 26 krafter,
701 607 68 20 skulle
780 614 51 13 anse
840 606 59 21 detta

73 634 185 28 tillgodogörande
274 634 22 21 af
311 636 62 19 nämnda
422 635 103 28 frivilliga
540 643 52 13 vara
607 635 38 21 det
659 635 35 21 för
709 638 91 25 truppen
816 635 82 28 lämpli-

73 666 66 25 gaste.
169 663 35 21 Dä
219 663 162 21 förhällandena
404 671 88 14 numera
506 663 67 22 hafva
587 663 35 22 för
637 664 34 27 sig
686 671 26 14 en
729 671 43 14 mer
788 665 26 20 än
829 664 70 27 tjugu-

73 692 46 27 ärig
133 691 59 26 häfd,
207 691 23 22 sä
246 699 62 21 synes
324 693 43 26 mig
382 691 37 22 det
434 699 52 14 vara
502 693 38 20 allt
555 693 45 20 skäl
616 695 32 18 att
663 692 36 21 vid
715 692 70 21 denna
801 692 97 21 fullstän-

74 719 50 29 diga
146 721 92 20 revision
260 721 23 20 af
305 721 61 27 lagen
390 721 104 28 inrymma
512 729 26 13 en
555 721 86 21 dermed
665 720 233 22 öfverensstämmande

75 748 133 29 bestämning
224 749 5 20 i
247 749 69 21 denna
342 750 18 26 8,
380 749 90 21 hvarför
484 751 36 27 jag
541 749 68 22 skulle
625 749 68 21 tillåta
710 750 42 27 mig
767 749 85 24 föreslå,
868 752 31 18 att

74 777 37 21 det
133 777 123 28 Höglofliga
278 777 91 22 Ständet
391 778 50 21 ville
467 778 64 21 bland
547 778 26 21 de
589 778 38 21 här
643 781 108 26 upptagna
773 778 125 21 rubrikerna

73 806 78 28 jemväl
167 806 69 21 införa
252 806 242 22 medicinestuderande.

143 863 34 21 Hr
199 863 26 21 O.
248 863 190 29 Wasastjerna:
470 864 44 21 Det
528 866 24 18 är
567 871 42 21 nog
629 864 76 27 riktigt
719 867 31 17 att
765 863 40 21 den
821 864 77 27 praxis,

74 898 45 14 som
135 891 57 22 Frih.
208 899 41 14 von
265 892 90 21 Alfthan
371 892 103 26 anmärkt,
491 893 55 20 varit
560 892 95 21 rådande
671 892 37 21 vid
719 895 121 25 trupperna,
851 899 46 13 men

75 920 39 20 har
128 920 120 22 sedermera
264 920 112 28 frängätts,
392 920 90 22 emedan
498 921 41 21 den
555 921 154 27 missbrukats;
731 920 107 22 hvarenda
855 923 44 18 stu-

74 948 57 26 dent,
155 956 44 14 som
223 949 89 21 kommit
326 950 21 20 in
364 949 36 21 vid
416 956 26 14 en
458 952 71 26 trupp,
550 949 37 21 har
608 950 35 20 för
662 952 31 18 att
708 950 84 20 komma
808 950 5 20 i
829 949 70 28 ätnju-

73 976 66 22 tande
154 978 23 20 af
193 985 25 13 en
236 977 94 29 betydlig
346 978 93 28 lindring
454 979 6 20 i
476 979 93 27 tjensten
585 978 82 21 kunnat
682 978 104 29 uppgifva
801 978 32 28 sig
848 984 50 14 vara

74 1005 242 23 medicinestuderande.
346 1006 44 22 Det
412 1006 85 22 fordras
518 1006 73 22 derför
613 1014 88 14 numera
716 1008 59 26 intyg
790 1006 62 21 öfver
867 1006 32 21 af-

75 1034 49 28 lagd
140 1034 118 22 medicinsk
274 1042 89 14 examen;
389 1036 36 27 jag
440 1035 80 21 tilläter
536 1036 42 27 mig
585 1035 94 26 förorda,
689 1038 31 18 att
731 1035 91 21 Ständet
834 1034 64 22 mätte

74 1062 114 28 godkänna
204 1063 123 22 Utskottets
343 1064 142 21 betänkande.

143 1121 14 27 S
173 1121 26 21 94
216 1121 44 21 blef
275 1121 51 21 härä
341 1121 23 21 af
378 1121 26 21 R.
420 1129 18 14 o.
455 1122 27 21 A.
497 1121 100 29 godkänd
613 1123 6 20 i
636 1121 93 28 enlighet
744 1121 48 22 med
810 1121 89 22 Utskot-

73 1152 42 18 tets
131 1149 86 28 förslag.

143 1206 59 22 Utan
225 1207 141 28 anmärkning
387 1206 91 27 gillades
500 1207 27 21 de
549 1207 94 21 derefter
658 1208 7 20 i
682 1207 121 22 Utskottets
827 1207 73 21 betän-

75 1234 71 22 kande
161 1235 95 28 följande
272 1236 26 26 SS
314 1235 47 21 från
376 1236 27 20 96
419 1236 32 20 tili
468 1236 40 21 och
524 1236 47 21 med
589 1237 46 20 122.

143 1292 11 21 I
170 1292 100 22 afseende
285 1292 12 21 &
313 1294 12 26 8
342 1294 41 20 123
399 1292 54 28 egde
470 1292 95 29 följande
581 1292 122 22 diskussion
719 1300 56 14 rum:

144 1349 58 22 Frih.
217 1350 25 21 R.
258 1350 26 21 A.
299 1349 107 22 Wrede:
437 1350 76 21 Denna
530 1351 18 27 8,
563 1350 88 21 hvilken
667 1350 89 21 handlar
771 1357 34 14 om
821 1349 27 21 de
863 1350 38 20 fin-

77 1378 39 21 ska
138 1381 126 25 truppernas
287 1378 86 29 uppgift
391 1379 6 20 i
414 1378 92 28 krigstid
529 1378 40 22 och
584 1380 63 20 hvars
663 1379 58 28 syfte
735 1380 35 26 jag
785 1380 7 19 i
808 1377 93 22 hufvud-

74 1406 39 22 sak
135 1407 131 27 godkänner,
287 1407 54 21 lider
357 1407 67 28 enligt
445 1408 44 20 min
508 1407 65 21 tanke
588 1408 48 20 utaf
651 1415 26 13 en
693 1407 120 28 otydlighet
832 1407 6 20 i
858 1406 44 21 for-

74 1435 138 28 muleringen.
242 1435 34 21 Då
298 1436 38 20 här
361 1435 44 21 står
432 1435 90 22 »Under
547 1436 89 21 krigstid
653 1436 109 20 användas
785 1436 27 20 de
834 1434 68 22 finska

74 1466 116 25 trupperna
205 1464 153 21 företrädesvis
373 1464 32 21 till
421 1464 213 28 försvarsätgärder
631 1460 12 36 i
650 1464 98 25 Finland,
764 1471 46 14 men
824 1464 78 25 kunna,

74 1491 29 21 dä
129 1491 26 22 de
181 1492 47 21 icke
251 1494 37 19 äro
311 1492 70 21 härtill
405 1492 113 28 behöfliga,
534 1493 67 20 kallas
617 1495 30 18 att
663 1493 77 28 jemväl
756 1495 58 18 utom
830 1491 73 22 landet
