1111 1756
393 86 219 33 Värnepligtsfrågan.
875 88 40 21 151

89 162 129 27 föreslagits,
232 169 34 14 om
281 163 36 27 jag
332 161 67 22 också
414 161 48 22 icke
478 163 6 20 i
500 162 42 21 alla
557 162 60 21 delar
632 162 42 21 kan
690 162 75 21 förena
778 163 44 28 mig
832 170 34 14 om
874 163 42 22 den

89 190 111 22 bestämda
214 190 144 29 formulering,
374 197 45 14 som
435 190 59 22 Frih.
510 190 80 22 Wrede
606 191 38 21 har
659 191 117 28 föreslagit.

157 247 43 22 Till
225 247 101 22 Ståndets
351 247 133 22 besvarande
508 247 173 22 öfverlemnades
703 247 52 22 härå
777 255 25 14 en
826 248 90 21 sålunda

90 276 99 29 uppstäld

304 362 398 29 Omröstningsproposition:

159 420 54 26 Den,
236 427 45 14 som
303 419 127 29 godkänner
451 420 125 22 Utskottets
598 420 81 29 förslag
694 421 32 21 till
741 420 82 29 lydelse
838 420 23 22 af
876 421 40 27 8:n,

89 450 70 20 röstar
172 449 31 28 ja;

159 507 75 21 vinner
256 507 41 27 nej,
319 505 166 22 äterremitteras
510 507 34 27 &:n
562 506 32 21 till
611 506 114 22 Utskottet
739 507 7 20 i
762 506 36 21 det
814 506 56 22 syfte
885 509 32 19 att

91 535 45 22 deri
153 535 66 21 måtte
234 535 80 21 införas
330 537 31 19 ett
376 534 126 28 stadgande,
516 542 46 14 som
577 535 70 21 skulle
663 535 104 22 begränsa
782 535 134 22 landtvärns-

90 559 126 58 [ruppernas
239 563 138 28 användning
398 563 33 21 till
454 563 37 22 det
514 571 54 20 egna
591 563 185 22 fäderneslandets
800 564 40 21 och
862 564 55 21 riks-

91 592 170 22 hufvudstadens
276 592 90 21 försvar.

160 649 163 29 Propositionen
344 649 129 22 besvarades
496 649 49 22 med
567 649 162 28 öfvervägande
750 651 41 27 nej,
806 650 40 21 och
861 649 55 22 hade

90 678 26 22 R.
132 685 19 15 o.
167 679 26 21 A.
208 678 90 22 sålunda
314 677 87 23 beslutit
415 678 34 22 till
457 678 122 22 återremiss
588 678 41 29 af
621 673 10 38 $
639 679 27 21 20
675 679 6 20 i
690 678 156 22 ofvannämndt
854 679 62 28 syfte.

160 736 12 27 $
188 737 25 20 21
230 735 124 29 godkändes
370 738 51 18 utan
437 736 146 28 anmärkning.

159 878 95 22 Härmed
277 878 82 22 afbröts
382 879 157 29 behandlingen
563 879 23 22 af
606 880 163 28 ifrågavarande
789 879 78 22 ärende
882 880 36 21 för

91 910 32 19 att
138 907 46 22 åter
198 908 110 21 fortsättas
324 907 36 22 vid
375 908 87 28 plenum
479 908 6 21 i
501 908 43 28 dag
558 908 28 22 kl.
603 910 11 20 7
631 916 17 14 e.
663 916 26 14 m.

160 1052 89 22 Plenum
264 1052 117 22 afslutades
397 1052 28 22 kl.
441 1054 14 20 4
471 1060 17 14 e.
504 1060 26 14 m.

702 1110 21 17 In
735 1109 61 19 fidem:

659 1144 50 22 Clas
724 1152 19 14 v.
763 1144 83 22 Collan.
