1111 1767
207 115 12 20 2
482 121 25 17 R.
520 126 18 12 0.
550 121 22 16 A.
587 122 56 16 1899.
669 122 24 16 23
706 121 45 17 Jan.

208 188 96 22 kommer
319 192 31 18 att
366 196 39 20 ega
421 189 35 21 för
471 189 47 21 värt
534 189 88 21 älskade
637 189 125 26 fosterland,
778 189 65 21 beder
858 190 35 28 jag
912 189 75 21 endast
1001 192 31 18 att

208 217 77 21 härvid
306 217 48 21 med
375 218 135 21 tacksamhet
531 219 70 20 erinra
622 225 33 14 om
680 218 37 21 det
734 218 129 26 förtroende,
878 218 42 21 den
935 218 96 28 vänskap

207 246 41 21 och
272 246 36 21 det
324 246 148 26 öfverseende,
487 254 45 13 som
548 246 35 21 vid
601 249 32 19 tre
648 246 130 28 föregäende
794 246 126 28 landtdagar
935 246 12 22 &
962 246 70 22 denna

207 274 56 28 plats
279 274 59 22 alltid
354 274 47 22 frän
417 275 25 21 R.
459 282 17 14 o.
493 276 39 20 A:s
547 275 47 21 sida
615 275 72 21 blifvit
702 276 42 27 mig
760 275 107 25 bevisade,
883 275 150 28 förbindligast

207 303 127 21 anhällande
357 307 31 17 att
408 311 80 13 samma
507 304 88 28 välvilja
615 304 66 21 äfven
704 312 27 12 nu
754 304 65 21 mätte
842 304 84 21 komma
941 304 43 28 mig
999 304 32 21 till

207 331 41 22 del.
278 332 41 28 Jag
342 334 22 18 är
384 333 6 19 i
406 332 77 28 sjelfva
498 332 75 21 verket
589 333 6 20 i
611 332 24 21 sä
650 332 86 28 mycket
750 334 68 20 större
834 332 65 22 behof
914 332 22 21 af
951 340 27 13 en
993 332 38 29 dy-

206 360 31 21 lik
254 360 93 28 välvilja,
363 368 45 14 som
430 360 116 28 aftagande
562 361 61 28 själs-
639 361 40 21 och
694 361 162 28 kroppskrafter
871 361 160 28 otvifvelaktigt

206 389 69 21 under
297 389 140 28 landtdagens
459 390 85 28 förlopp
567 390 5 20 i
596 397 44 13 mer
663 390 51 20 eller
737 390 81 20 mindre
833 390 52 28 grad
902 390 83 20 komma
1000 392 31 18 att

206 418 39 21 hos
266 418 44 27 mig
332 418 67 21 blifva
421 418 120 29 skönjbara.
571 418 51 21 Men
639 418 28 21 dä
679 419 34 27 jag
729 426 44 13 som
790 418 166 21 landtmarskalk
971 418 60 21 alltid

207 446 52 21 känt
280 447 43 27 mig
346 447 49 20 fullt
416 447 114 21 solidarisk
554 447 47 21 med
624 448 48 20 mitt
691 447 73 26 Ständ,
783 447 40 21 och
839 447 25 21 R.
880 455 18 13 o.
914 448 38 20 A:s
968 447 63 28 lojala

207 475 88 21 känslor
310 477 36 19 äro
361 475 64 28 höjda
441 476 63 21 öfver
519 476 37 20 allt
571 476 84 26 tvifvel,
670 475 24 22 sä
709 476 38 21 har
761 477 36 27 jag
812 476 64 27 vägat
889 476 96 21 försöket
995 479 36 23 att,

205 505 7 20 i
235 504 113 21 förlitande
364 504 27 28 pä
407 504 64 26 Eder,
487 505 56 20 mina
558 504 87 26 Herrar,
661 506 56 19 ännu
733 512 25 13 en
774 505 56 27 gäng
846 505 52 20 söka
914 507 31 18 att
960 504 71 21 kunna

206 532 92 21 bekläda
322 540 25 13 en
367 533 179 21 landtmarskalks
566 533 135 28 synnerligen
722 533 116 28 grannlaga
857 533 53 21 värf.
943 533 34 20 Dä
997 534 33 27 jag

205 569 28 13 nu
254 561 105 21 förklarar
379 561 26 21 R.
427 569 18 14 o.
461 563 39 19 A:s
516 562 67 21 första
599 562 86 28 plenum
701 562 36 21 vid
752 562 70 21 denna
838 562 76 21 urtima
928 541 102 48 landtdap

207 597 51 14 vara
274 590 101 28 öppnadt,
390 590 79 21 önskar
483 591 35 27 jag
533 590 65 26 Eder,
614 590 154 28 Högvälborne
779 591 40 20 och
829 590 112 22 Välborne
950 589 81 22 Herrar

206 618 99 26 Grefvar,
320 619 110 20 Friherrar
445 619 41 21 och
502 619 136 21 medlemmar
653 619 23 20 af
693 619 103 21 Finlands
803 614 23 37 R.
837 627 22 13 o.
870 619 26 21 A.
905 618 125 28 framgång
1018 614 15 37 i

204 647 70 21 Edert
288 647 78 27 arbete,
381 647 95 28 görande
491 647 59 22 detta
566 647 48 22 med
631 650 30 19 ett
676 655 25 14 ur
716 647 74 29 djupet
810 648 23 21 af
848 649 47 20 mitt
913 647 66 28 hjerta
993 647 37 28 gä-

206 675 68 22 ende
270 671 13 38 :
291 675 49 22 Gud
358 677 77 20 bevare
447 676 180 21 fäderneslandet.

396 894 136 23 Meddelande
546 892 48 24 från
612 894 224 27 Generalguvernören.

274 976 121 27 Behörigen
417 976 86 21 anmäld
526 976 41 21 och
593 978 122 25 emottagen
737 975 23 21 af
780 975 48 28 fyra
850 974 137 21 medlemmar
1006 974 23 21 af

204 1004 25 21 R.
246 1012 18 13 o.
280 1005 33 26 A.,
330 1004 98 21 inträdde
446 1005 67 28 härpå
534 1004 219 21 Ceremonimästaren
769 1003 36 21 vid
821 1003 136 28 landtdagen,
972 1003 57 20 Hof-

203 1033 143 28 jägmästaren
362 1033 23 21 C.
401 1033 82 21 Linder
498 1033 41 21 och
555 1033 142 28 tillkännagaf
712 1035 30 18 att
757 1032 62 21 Hans
832 1032 114 21 Excellens
957 1031 72 21 Gene-

203 1037 167 57 tålglvernören
385 1061 28 22 kl.
430 1063 27 26 1/,
474 1063 12 20 3
502 1069 16 14 e.
535 1069 25 14 m.
577 1061 70 22 denna
663 1061 42 27 dag
720 1061 83 21 komme
819 1063 31 18 att
865 1063 106 24 emottaga
987 1059 41 22 den

204 1089 132 29 deputation,
352 1097 45 14 som
412 1091 83 27 jemlikt
511 1091 27 20 25
554 1091 12 26 $
582 1090 25 21 L.
623 1090 27 21 O.
662 1090 53 27 egde
729 1089 83 21 anhålla
825 1097 33 13 om
869 1088 159 22 bestämmande

204 1119 22 20 af
240 1119 60 20 tiden
316 1119 34 20 för
365 1119 141 28 landtdagens
523 1119 117 27 högtidliga
655 1118 119 29 öppnande.

278 1353 135 28 Förteckning
430 1353 61 23 öfver
507 1353 154 28 Ridderskapet
676 1353 39 22 och
731 1352 76 23 Adelns
823 1352 139 22 medlemmar.

273 1422 35 20 Hr
327 1422 209 21 Landtmarskalken
554 1422 29 21 lät
605 1422 52 21 härä
678 1421 89 29 uppläsa
788 1420 163 28 förteckningen
967 1419 62 22 öfver

202 1450 28 21 de
246 1450 139 22 medlemmar
399 1451 24 21 af
438 1450 97 27 Ständet,
550 1458 45 14 som
612 1450 35 22 vid
665 1450 26 21 de
707 1449 121 22 verkstälda
846 1449 183 27 anteckningarna

202 1478 207 27 tillstädeskommit;
426 1479 41 21 och
482 1479 56 21 hade
554 1480 99 28 polletter
669 1479 72 21 blifvit
755 1481 89 25 uttagna
859 1478 34 20 för
