1092 1750
387 104 83 21 Nådiga
483 105 159 20 propositioner.
886 106 26 20 63

234 212 151 34 Onsdagen
404 213 56 26 den
479 213 16 26 3
515 213 55 35 Maj
590 213 39 26 kl.
647 213 26 26 11
692 214 17 26 f.
728 222 35 18 m.

154 281 34 21 Hr
208 281 207 21 Landtmarskalken
431 282 143 28 tillkännagaf
589 285 32 18 att
640 282 65 22 sedan
724 285 85 19 senaste
825 283 85 28 plenum

86 310 62 27 ingen
172 318 69 13 annan
264 310 125 28 förändring
407 311 6 20 i
429 310 26 22 R.
471 318 18 14 o.
504 312 39 20 A:s
559 312 192 27 sammansättning
767 314 35 25 egt
817 319 52 19 rum,
884 313 26 19 än

86 341 31 18 att
138 339 85 21 seniorn
247 338 63 21 bland
333 339 26 21 R.
375 346 18 14 0.
408 339 39 21 A:s
463 339 143 27 medlemmar,
622 340 104 21 Senatorn
743 340 69 21 Adolf
826 340 84 21 Henrik

85 367 109 21 Mechelin
216 367 41 21 den
273 368 27 20 28
316 367 97 21 sistlidne
435 368 63 28 April
520 368 74 21 aflidit.
624 368 84 22 Genom
732 369 37 20 sitt
792 376 72 14 varma
879 370 32 20 in-

85 399 67 18 tresse
168 396 35 20 för
217 396 26 20 R.
258 403 18 13 o.
291 396 39 21 A:s
346 396 184 28 angelägenheter,
545 397 39 21 sitt
599 397 64 27 lifliga
680 397 127 27 deltagande
824 397 40 21 och
880 398 30 20 in-

85 424 49 28 lägg
155 424 7 21 i
185 424 40 21 alla
248 424 79 28 frägor,
350 432 45 13 som
411 424 23 21 af
450 424 91 22 Ständet
557 425 133 27 behandlats,
704 426 56 21 hade
776 426 40 21 den
832 426 78 21 aflidne

86 453 39 21 hos
141 454 46 20 sina
203 452 154 22 ständsbröder
372 453 135 21 efterlemnat
522 456 30 19 ett
568 454 75 21 aktadt
658 455 76 20 minne.

154 482 33 20 Pä
209 482 58 20 Herr
289 482 219 21 Landtmarskalkens
530 484 131 27 uppmaning
678 482 104 29 betygade
798 482 25 22 R.
838 490 19 14 o.
873 483 37 21 A:s

86 510 139 21 medlemmar
246 510 41 21 den
303 510 168 28 hädangängnes
486 512 72 20 minne
574 512 32 20 sin
622 512 90 28 aktning
726 519 76 21 genom
818 514 32 18 att
864 519 46 14 resa

86 539 33 27 sig
133 539 47 21 frän
197 540 46 20 sina
259 539 84 28 platser.

370 641 79 30 Nädiga
465 643 160 28 propositioner.

153 700 35 21 Hr
203 700 206 21 Landtmarskalken
425 701 127 21 meddelade
567 703 31 19 att
613 701 26 21 R.
654 708 19 14 o.
684 702 26 20 A.
721 701 55 22 hade
787 704 31 19 att
828 704 81 19 emotse

84 730 80 20 tvänne
180 729 79 28 nädiga
274 729 162 28 propositioner,
452 729 105 22 hvardera
570 729 118 22 berörande
699 729 90 29 ändring
799 730 23 21 af
830 730 80 28 grund-

85 757 41 28 lag,
150 757 85 22 hvadan
259 758 69 27 nägon
345 757 122 22 diskussion
483 758 36 21 vid
535 759 102 20 remissen
653 758 48 21 icke
716 758 72 21 kunde
803 759 84 21 komma
903 760 6 20 i

84 786 68 27 fråga.
182 786 53 21 Med
257 786 81 28 hänsyn
361 786 30 21 till
415 786 42 21 den
480 787 59 27 långt
558 787 144 21 framskridna
716 787 59 21 tiden
791 787 33 21 för
839 787 70 22 landt-

84 814 80 28 dagens
181 815 155 21 sammanträde
356 822 51 14 vore
423 815 36 21 det
475 815 118 21 emellertid
609 815 117 22 önskvärdt
742 818 31 19 att
787 817 74 20 remiss
877 816 31 21 till

84 843 161 22 vederbörande
263 843 83 21 utskott
361 843 69 21 skulle
446 844 72 21 kunna
533 851 40 20 ega
588 851 45 14 rum
648 847 76 25 genast
739 844 55 21 efter
809 844 37 22 det
861 852 48 21 pro-

84 872 145 27 positionerna
244 871 88 22 anländt
347 872 48 21 frän
410 872 63 29 Kejs.
488 872 100 22 Senaten.

152 929 173 22 Vederbörligen
353 929 85 21 anmäld
464 929 41 22 och
530 932 122 25 emottagen
678 930 23 21 af
725 929 137 22 medlemmar
887 931 23 20 af

83 957 26 21 R.
132 965 18 14 0.
172 958 27 21 A.
223 958 97 21 inträdde
340 957 120 22 ledamoten
477 958 23 21 af
515 958 60 28 Kejs.
591 958 93 21 Senaten
701 959 85 27 August
800 959 109 28 Nybergh,

83 985 77 29 åtföljd
182 986 23 21 af
219 986 302 22 Referendariesekreteraren
545 987 27 21 A.
587 987 91 28 Kniper,
693 987 40 21 och
749 987 159 22 öfverlemnade

82 1015 32 20 till
130 1015 34 20 Hr
178 1015 208 21 Landtmarskalken

152 1100 62 22 Hans
230 1101 113 28 Majestäts
358 1101 79 28 nädiga
453 1102 157 28 propositioner
624 1102 33 21 till
672 1102 103 21 Finlands
791 1102 101 21 Ständer:

150 1158 111 28 angäende
286 1159 158 28 utjemnande
468 1159 28 22 af
516 1159 46 22 den
585 1159 142 29 personliga
745 1159 163 29 värnepligts-

81 1187 93 27 tungan
189 1188 7 20 i
211 1187 93 21 Finland
319 1188 41 20 och
376 1188 6 20 i
398 1188 175 28 Kejsaredömet;
588 1190 56 19 samt

150 1244 111 28 angäende
276 1244 136 29 utjemnande
428 1245 23 21 af
466 1245 41 21 den
520 1245 129 23 finansiela
659 1246 249 28 värnepligtstungan

81 1273 6 20 i
103 1272 92 22 Finland
211 1273 41 21 och
267 1274 6 20 i
289 1273 170 29 Kejsaredömet.

148 1330 35 21 Hr
205 1330 206 22 Landtmarskalken
434 1331 92 21 tackade
547 1332 35 20 för
604 1331 27 21 de
652 1331 160 22 öfverlemnade
828 1331 80 28 nädiga

79 1366 77 42 jan
193 1360 78 25 va
293 1358 73 22 hvilka
387 1360 26 20 R.
436 1367 19 14 o.
478 1360 26 20 A.
527 1360 69 21 skulle
612 1367 54 21 egna
680 1360 175 28 grundlagsenlig
870 1360 37 21 be-

94 1387 95 28 andling,
205 1387 81 29 hvarpä
301 1387 34 21 Hr
349 1388 107 22 Senatorn
472 1388 106 22 afträdde.

148 1444 72 22 Sedan
242 1445 25 21 R.
283 1452 18 14 0.
317 1446 38 20 A:s
377 1445 138 21 medlemmar
529 1446 56 28 tagit
600 1446 120 20 kännedom
736 1453 33 13 om
786 1445 27 21 de
828 1445 78 28 nädiga

79 1474 190 27 propositionerna,
292 1473 73 22 hvilka
381 1474 118 21 emellertid
515 1475 6 20 i
537 1474 62 28 tryck
614 1474 94 21 utdelats
725 1474 63 21 bland
804 1473 102 22 Ständets

78 1501 124 27 ledamöter,
225 1502 125 21 meddelade
373 1502 35 21 Hr
428 1502 215 27 Landtmarskalken,
670 1505 31 19 att
727 1502 179 22 Talmanskonfe-
