1111 1778
386 102 217 34 Värnepligtsfrågan.
863 104 40 21 115

79 178 63 29 lagda
160 178 107 28 förslagen
280 179 68 21 skulle
362 179 116 21 medverka
490 179 33 20 till
531 181 32 19 ett
570 178 191 21 inkonstitutionelt
776 177 128 22 förfarande.

79 207 68 22 Innan
159 214 49 14 man
219 207 95 21 utkastar
328 215 25 14 en
362 207 66 22 sådan
440 207 140 28 beskyllning,
590 207 23 21 så
624 207 38 21 bör
676 214 48 13 man
732 206 56 22 dock
795 209 50 25 taga
852 207 8 20 i
867 206 37 21 be-

78 235 113 22 traktande
206 235 177 22 beskaffenheten
394 235 23 22 af
424 235 27 22 de
457 235 154 27 betänkanden,
619 235 28 29 på
654 235 68 28 grund
730 235 22 21 af
759 234 75 22 hvilka
842 234 62 21 Stän-

79 264 66 21 derna
154 271 29 14 nu
194 263 68 22 skulle
273 264 71 21 skrida
356 264 33 21 till
399 264 70 21 denna
479 264 128 28 behandling
617 263 41 22 och
668 263 73 22 hvilka
756 263 149 22 betänkanden

79 293 63 21 dessa
149 292 63 21 ärade
221 292 136 22 medlemmar
365 293 23 21 af
395 292 91 22 Ståndet
493 301 28 12 nu
528 293 52 28 vilja
587 292 102 29 begrafva
696 293 8 20 i
710 292 122 28 glömskans
838 291 68 26 sköte,

79 324 24 25 ty
117 324 32 18 att
160 323 66 26 vägra
235 324 33 18 att
277 321 49 28 ingå
338 322 7 20 i
358 321 53 22 saklig
437 321 129 28 behandling
577 321 40 22 och
631 321 38 21 det
679 321 88 21 oaktadt
773 320 89 22 insända
869 320 36 21 be-

80 349 136 21 tänkandena
227 349 33 21 till
271 349 77 29 högsta
359 353 39 23 ort,
424 353 22 17 det
458 352 23 18 är
487 351 23 27 ju
518 349 68 29 något,
601 357 44 13 som
661 349 122 28 allvarligen
801 349 47 20 icke
864 349 42 20 kan

80 378 85 21 komma
179 378 8 20 i
201 377 66 29 fråga.
296 378 53 21 Man
363 378 44 26 bör,
422 380 61 26 säger
499 378 38 28 jag,
552 381 50 18 taga
616 378 8 20 i
639 377 139 22 betraktande
794 377 62 21 dessa
869 376 37 22 be-

79 406 131 22 tänkandens
225 406 100 22 karaktär
339 406 40 22 och
394 414 34 14 om
443 407 41 21 den
515 386 113 48 tu
642 406 23 21 af
680 406 70 26 saken,
759 414 45 13 som
817 405 90 22 Utskot-

80 437 36 18 ten
138 434 66 22 hafva
224 437 63 19 egnat
301 435 128 26 densamma,
443 437 24 19 är
481 435 23 21 af
519 435 40 21 den
574 434 153 27 beskaffenhet,
741 437 33 18 att
789 434 40 21 den
844 433 62 22 verk-

81 463 55 28 ligen
159 463 67 21 skulle
257 471 55 13 kunna
327 465 60 26 sägas
402 463 101 22 innebära
518 471 25 14 en
559 463 129 21 medverkan
703 463 33 21 till
750 463 156 21 inkonstitutio-

81 491 44 22 nelt
139 491 129 22 förfarande,
298 491 42 28 Jag
355 491 65 29 vägar
435 492 61 21 ställa
511 492 41 21 den
567 491 80 29 frägan,
662 499 35 14 om
712 491 68 28 nägon
788 491 42 21 kan
839 490 68 29 pästä,

81 522 32 19 att
128 520 37 21 det
181 520 186 29 behandlingssätt,
382 528 45 13 som
442 521 38 21 har
495 524 36 25 egt
546 528 45 13 rum
606 521 8 20 i
622 520 112 22 Utskottet
748 520 40 21 och
803 521 7 20 i
824 519 84 22 hvilket

81 548 119 22 Ständerna
222 549 97 28 inbjudas
341 552 32 18 att
390 549 91 28 deltaga,
495 549 87 22 innebär
597 548 128 22 medverkan
740 549 32 21 till
788 551 31 18 ett
833 548 74 21 inkon-

83 577 126 22 stitutionelt
229 577 127 22 förfarande.
385 577 88 22 Liksom
488 578 41 21 den
545 581 82 18 senaste
642 577 64 22 ärade
720 577 81 22 talaren
823 577 38 21 ber
876 576 31 21 äf-

83 613 40 14 ven
144 607 36 27 jag
194 606 109 21 vördsamt
317 606 23 21 fä
354 606 117 28 hemställa,
486 609 32 19 att
533 606 90 22 Ständet
638 614 26 13 nu
680 606 50 21 ville
747 606 50 27 ingä
811 606 7 20 i
833 605 75 28 detalj-

83 634 129 28 behandling
226 635 23 20 af
264 634 149 22 betänkandet.

151 691 35 21 Hr
200 691 25 21 L.
240 691 153 22 Mechelin:
408 691 36 22 Dä
458 693 35 27 jag
508 692 92 28 begärde
614 691 67 22 ordet,
696 691 54 22 hade
761 691 57 21 Frih.
830 691 78 21 Wrede

83 719 48 21 icke
146 720 77 21 uttalat
238 720 37 20 sig.
304 720 42 28 Jag
361 720 38 21 har
420 728 87 14 numera
529 721 115 25 funnit,att
658 720 42 21 alla
715 720 26 21 de
757 720 45 20 skäl
817 720 35 28 jag
862 719 48 21 haft

83 748 34 20 för
132 748 66 28 afsigt
212 751 32 18 att
256 728 114 42 framhålla
385 752 57 18 emot
456 749 57 21 Frih.
529 756 41 14 von
584 749 68 21 Borns
666 748 22 22 af
700 748 49 21 flere
759 748 66 21 talare
833 748 76 21 under-

84 776 77 22 stödda
182 776 80 29 förslag
284 777 63 21 redan
369 777 73 21 blifvit
463 778 24 20 af
503 778 58 20 Frih.
582 777 79 22 Wrede
677 777 38 21 här
729 777 48 21 med
793 776 116 28 eftertryck

84 805 95 21 anförda.
208 805 42 28 Jag
272 806 53 21 skall
345 806 72 21 derför
431 806 48 21 icke
495 806 72 22 vidare
582 809 94 25 upptaga
691 805 100 21 Ståndets
806 805 38 26 tid,
859 808 51 18 utan

84 834 122 21 instämmer
223 835 7 19 i
249 834 41 21 allo
312 834 54 22 både
381 835 8 20 i
404 834 26 22 de
446 834 23 22 af
483 834 58 22 Frih.
555 834 80 22 Wrede
650 834 117 21 framlagda
782 834 73 21 skälen
870 833 39 21 och

84 862 7 20 i
113 862 27 21 de
161 862 113 28 yttranden
292 863 23 21 af
330 863 137 28 beklagande,
483 871 44 13 som
542 864 8 20 i
564 863 52 21 hans
628 838 119 56 anförande
761 863 85 27 ingingo
861 862 49 21 med

85 890 113 29 anledning
219 891 23 21 af
263 892 57 21 vissa
342 892 75 21 skefva
435 892 123 21 uttalanden
574 899 44 13 som
633 892 7 20 i
655 891 100 21 debatten
769 891 141 21 förekommit.

85 919 41 28 Jag
141 919 127 27 hemställer,
276 923 32 18 att
323 920 90 22 Ståndet
428 920 66 22 måtte
509 920 88 28 öfvergå
611 920 33 21 till
661 920 128 28 behandling
797 919 24 21 af
828 919 82 22 Värne-

85 948 74 28 pligts-
174 948 39 21 och
229 948 160 28 Lagutskottets
405 949 153 21 betänkanden.

155 1005 34 21 Hr
209 1005 46 21 Elis
278 1006 156 28 Furuhjelm
455 1006 79 21 senior:
555 1006 42 28 Jag
617 1005 55 21 hade
695 1005 48 21 icke
760 1005 80 21 kunnat
855 1004 56 21 före-

87 1034 61 21 ställa
169 1034 45 28 mig
235 1037 32 18 att
289 1035 54 26 mitt,
362 1034 69 22 såsom
445 1035 36 27 jag
496 1034 48 28 sjelf
559 1034 65 28 vågar
638 1037 39 22 tro,
692 1034 107 21 moderata
813 1032 99 30 yttrande

87 1062 66 21 skulle
176 1062 23 21 sä
219 1062 37 21 illa
278 1066 103 25 upptagas
401 1063 22 21 af
437 1063 58 20 Frih.
511 1062 86 22 Wrede.
626 1062 113 21 Friherren
754 1062 37 21 har
806 1061 106 28 nämligen

87 1090 80 29 pästätt
182 1093 32 18 att
228 1091 35 28 jag
278 1091 67 21 skulle
360 1091 65 21 hafva
440 1091 57 21 velat
512 1091 56 21 rikta
579 1091 65 21 nägot
651 1091 55 28 slags
714 1090 134 29 beskyllning
856 1092 57 18 emot

87 1119 27 21 de
132 1119 49 21 med
197 1120 43 27 mig
254 1119 57 22 olika
325 1119 112 22 tänkande.
467 1120 68 21 Detta
549 1122 23 19 är
586 1099 48 41 icke
649 1119 71 26 fallet;
735 1120 34 27 jag
784 1119 39 20 har
838 1118 75 21 endast

87 1147 111 22 fördristat
212 1149 44 27 mig
270 1151 33 18 att
317 1150 56 27 säga,
385 1151 32 18 att
432 1148 66 28 enligt
513 1149 42 20 min
571 1149 59 27 ringa
645 1149 84 27 mening
744 1147 118 22 Ständerna
876 1153 37 22 ge-

87 1183 48 14 nom
159 1179 32 18 att
212 1179 77 26 antaga
311 1177 253 28 Värnepligtsutskottets
586 1176 80 29 förslag
685 1177 98 27 möjligen
799 1175 71 22 kunde
885 1175 28 20 ri-

88 1204 67 26 skera,
170 1208 32 18 att
217 1205 59 21 detta
298 1205 67 21 skulle
396 1205 13 21 få
423 1205 82 22 formen
521 1205 22 21 af
558 1213 25 13 en
599 1205 78 28 rikslag
692 1205 40 21 och
748 1207 31 18 att
794 1203 120 22 Ständerna

89 1233 121 28 derigenom
225 1233 111 29 ofrivilligt
352 1247 26 2 —
394 1234 20 21 d.
429 1242 20 13 v.
464 1241 15 14 s.
495 1234 55 21 bona
566 1233 44 22 fide
625 1247 27 2 —
668 1233 67 22 skulle
751 1232 115 23 medverka
880 1231 34 22 till

88 1261 225 22 februarimanifestets
328 1263 140 28 tillämpning.

157 1318 57 21 Frih.
237 1327 51 13 von
309 1319 134 22 Alfthan:
473 1319 42 28 Jag
530 1319 70 21 anhöll
615 1327 34 13 om
664 1318 61 21 ordet
739 1318 34 21 för
787 1321 33 18 att
834 1318 7 21 i
857 1317 58 22 kort-

88 1347 37 21 het
141 1347 84 21 bemöta
246 1347 58 22 Frih.
324 1348 91 21 Wredes
437 1351 83 18 senaste
535 1347 104 29 yttrande.
669 1347 45 21 När
728 1348 35 27 jag
791 1346 77 27 yttrade,
882 1349 34 18 att

89 1375 63 28 ryska
167 1376 140 21 statsmakten
322 1376 67 21 skulle
404 1377 7 20 i
426 1376 61 21 detta
502 1376 37 21 fall
554 1376 68 21 blifva
637 1376 41 21 den
689 1375 155 22 verkställande
854 1374 60 21 mak-

88 1407 42 23 ten,
145 1403 23 21 sä
190 1404 68 21 fäldes
281 1405 60 21 detta
361 1405 98 27 yttrande
475 1405 66 21 under
556 1405 41 21 den
609 1404 156 28 förutsättning,
775 1407 32 17 att
817 1403 28 28 pä
855 1403 61 21 detta

89 1432 77 21 ärende
181 1432 83 22 komme
280 1436 32 18 att
327 1433 106 28 tillämpas
449 1434 37 20 det
501 1432 127 27 förfarande,
643 1440 45 14 som
703 1430 213 30 grundstadgandena

89 1460 59 28 gifva
163 1461 36 21 vid
214 1461 90 27 handen,
319 1461 40 21 och
374 1461 23 21 af
411 1461 196 29 grundstadgandet
625 1461 41 21 N:o
682 1462 12 20 6
710 1460 91 28 framgär
816 1459 99 22 otvifvel-

89 1489 75 28 aktigt,
186 1492 32 19 att
239 1490 7 20 i
268 1490 23 20 sä
312 1490 38 21 fall
372 1490 63 28 ryska
457 1490 140 21 statsmakten
614 1492 22 18 är
652 1489 155 22 verkställande
822 1488 92 21 makten.
