1111 1761
312 101 267 18 Riddarhusdirektionens
591 101 90 16 mandat.
882 93 26 21 41

358 191 275 22 Riddarhusutskottets
643 191 155 22 betänkande
806 191 9 21 i
823 190 87 28 frågan

290 226 39 17 om
350 220 125 22 huruvida
493 219 313 23 Riddarhusdirektionens
822 219 90 22 ekono-

290 249 78 22 miska
381 248 46 23 och
436 248 79 28 öfriga
522 248 312 27 törvaltningsfunktioner
842 247 69 23 skola

289 278 60 21 utan
365 277 97 22 afbrott
477 277 105 22 fortfara
593 277 42 22 till
643 278 70 21 nästa
722 277 102 27 lagtima
832 276 80 22 landt-

290 306 54 28 dag.

156 367 70 23 Sedan
242 368 61 28 fräga
318 368 102 28 uppstätt,
433 375 34 13 om
476 367 35 22 vid
522 367 117 29 pästäende
648 368 77 20 urtima
733 367 103 28 landtdag
844 367 68 21 borde

83 397 102 21 tillsättas
201 400 31 18 ett
247 396 101 22 särskildt
362 396 203 25 riddarhusutskott,
581 396 38 21 har
633 396 26 22 R.
675 404 19 13 o.
710 398 26 19 A.
751 396 41 21 den
809 397 27 21 26
851 397 61 20 inne-

85 425 94 22 varande
201 425 89 21 Januari
310 424 112 22 förordnat
437 428 31 18 att
484 428 30 18 ett
529 425 77 21 sädant
621 425 84 21 utskott
719 425 68 21 skulle
803 428 59 18 utses
877 424 36 21 för

86 454 130 28 behandling
226 454 23 21 af
259 454 40 21 alla
310 454 27 20 de
348 453 79 29 frägor,
435 461 45 14 som
492 454 66 28 enligt
567 454 42 21 RO
621 454 114 20 förutsätta
744 454 99 21 tillvaron
851 453 22 21 af
881 456 32 18 ett

87 482 207 26 riddarhusutskott;
310 482 40 22 och
366 482 37 21 har
418 482 26 22 R.
459 490 19 14 o.
493 483 27 21 A.
536 482 101 28 derjemte
653 482 21 21 ät
683 482 230 22 Riddarhusutskottet

85 511 115 29 uppdragit
215 514 31 18 att
261 511 32 21 till
309 511 90 21 Ständet
415 511 107 21 inkomma
534 511 47 21 med
589 511 107 28 yttrande,
705 518 33 14 om
746 511 41 21 den
797 510 35 22 vid
843 510 70 22 landt-

87 540 68 28 dagen
171 540 24 21 är
210 540 54 21 1897
281 540 63 21 valda
359 539 257 22 Riddarhusdirektionen
634 540 66 20 borde
715 539 88 29 gvarstä
810 540 32 20 till
851 541 61 19 nästa

85 568 87 29 lagtima
194 568 144 21 ständermöte
359 568 34 21 för
414 568 167 21 handhafvande
603 568 23 21 af
649 568 103 21 Ständets
772 568 141 21 ekonomiska

85 597 183 28 angelägenheter.

154 625 13 22 I
182 625 100 22 afseende
298 625 13 21 å
325 625 135 28 fullgörande
476 625 23 21 af
514 625 26 21 R.
555 633 18 13 o.
590 626 39 20 A:s
645 625 140 21 omförmälda
801 625 114 21 föreskrift

86 653 34 22 får
140 653 228 22 Riddarhusutskottet
387 653 111 22 vördsamt
519 654 75 21 anföra
617 653 105 29 följande:
745 654 49 21 Den
814 655 12 26 $
842 655 6 20 i
864 653 51 26 RO,

86 690 45 14 som
156 683 126 20 bestämmer
303 684 38 19 när
360 683 40 21 och
416 683 34 21 för
465 683 87 20 hvilken
567 683 32 20 tid
615 682 249 22 riddarhusdirektionen
879 685 35 18 ut-

87 719 40 18 ses,
142 713 23 19 är
181 712 11 26 $
209 712 33 25 38,
257 711 59 21 hvari
330 711 37 22 det
381 711 69 21 heter:
469 720 9 11 »
482 711 45 22 Vid
543 711 72 28 hvarje
632 711 104 28 landtdag
752 715 57 17 utser
820 711 94 22 Ridder-

86 740 77 28 skapet
177 739 41 22 och
233 739 71 22 Adeln
320 741 20 20 in
357 740 63 28 pleno
437 747 25 14 en
479 740 22 21 af
516 740 33 28 sju
565 740 118 21 ledamöter
693 739 116 22 bestående
820 739 94 22 Riddar-

86 768 162 24 husdirektion»
272 771 38 18 etc.
340 768 138 21 Beträffande
494 768 46 21 åter
554 768 159 28 granskningen
729 769 23 20 af
766 768 147 21 riddarhusdi-

86 797 123 21 rektionens
232 797 130 28 förvaltning
385 797 86 28 stadgas
494 798 6 20 i
524 798 12 26 &
555 798 34 20 40:
614 797 242 21 »Riddarhusutskottet
871 797 43 21 till-

87 825 101 27 kommer,
210 828 58 19 utom
292 829 70 23 annat,
381 833 45 14 som
442 826 65 21 redan
520 827 24 20 är
558 825 95 27 nämndt,
668 829 32 18 att
714 826 92 27 granska
821 825 93 22 Riddar-

87 853 49 22 hus-
159 857 55 18 samt
236 854 70 28 adliga
324 854 286 28 jungfrustifts-ärendernas
626 855 132 27 förvaltning
773 855 67 20 sedan
855 856 59 19 näst-

87 882 130 27 föregående
233 882 110 28 landtdag,
358 882 112 22 äfvensom
481 882 97 22 revidera
589 882 27 22 de
625 883 22 20 af
655 882 258 22 Riddarhusdirektionen

87 910 183 22 omhänderhafda
286 911 80 26 kassor,
380 911 94 21 börande
490 911 62 21 öfver
566 911 38 21 allt
619 911 59 21 detta
689 915 55 17 samt
752 912 62 20 öfver
821 910 94 22 Riddar-

87 940 189 21 husdirektionens
296 940 126 28 afgifvande
446 940 112 21 berättelse
581 940 106 21 utskottet
707 940 32 21 till
754 940 160 28 Ridderskapet

87 968 40 21 och
149 968 71 21 Adeln
244 968 90 22 aflemna
348 968 112 29 yttrande»
478 976 19 14 o.
512 976 16 14 s.
544 976 19 14 v.
593 968 76 22 Såsom
685 976 63 21 synes
763 970 40 26 gör
818 968 96 22 hvarken

88 998 12 26 8
124 998 27 20 38
174 997 51 21 eller
248 999 12 25 &
284 998 26 20 40
331 997 83 21 skilnad
431 997 88 21 emellan
536 997 113 28 landtdags
665 998 107 27 egenskap
788 997 24 21 af
826 998 88 27 lagtima

87 1025 51 21 eller
153 1026 82 26 urtima,
250 1026 44 22 lika
308 1026 47 20 litet
371 1033 44 14 som
433 1026 66 28 något
514 1026 55 21 enda
584 1026 119 28 stadgande
719 1027 6 20 i
740 1026 42 21 RO
797 1025 119 22 innehäller

86 1054 142 26 föreskrifter,
250 1054 74 21 hvilka
346 1054 100 22 särskildt
470 1062 50 14 vore
544 1054 90 22 afsedda
656 1057 32 18 att
709 1055 55 27 gälla
787 1055 35 20 för
837 1055 76 20 urtima

86 1082 108 28 landtdag.
224 1083 234 25 Riddarhusutskottet,
480 1090 46 14 som
548 1083 125 28 genomgått
692 1083 27 21 de
734 1084 6 20 i
756 1083 158 21 Riddarhusets

87 1111 61 22 arkiv
170 1111 115 22 förvarade
304 1112 132 27 handlingar,
452 1112 72 21 hvilka
541 1114 36 19 äro
593 1112 83 28 egnade
692 1115 31 18 att
739 1112 72 29 belysa
826 1112 87 27 förelig-

87 1140 70 28 gande
179 1140 68 28 fråga,
262 1140 38 21 har
315 1141 102 21 särskildt
431 1141 44 21 fäst
490 1141 215 28 uppmärksamheten
722 1141 35 21 vid
774 1141 41 21 den
832 1140 83 29 lydelse

86 1169 23 21 af
124 1170 26 26 $$
167 1170 26 20 38
209 1169 40 21 och
264 1171 35 24 40,
314 1176 44 14 som
375 1169 143 21 förekommer
533 1170 6 20 i
555 1169 37 21 det
607 1169 155 28 ursprungliga,
776 1170 22 20 af
813 1169 26 21 R.
847 1176 19 14 o.
874 1170 40 20 A:s

86 1197 163 23 kommitterade
265 1197 119 29 uppgjorda
401 1198 104 28 förslaget
519 1198 33 21 till
560 1197 210 28 riddarhusordning,
779 1198 83 20 hvilket
870 1198 44 20 för-

86 1226 47 27 slag
147 1226 21 21 in
185 1229 89 18 extenso
290 1226 60 28 ingår
368 1227 6 20 i
390 1226 174 22 kommitterades
579 1226 109 28 protokoll
703 1226 34 21 för
752 1226 41 22 den
811 1227 26 21 10
853 1226 61 21 Mars

87 1255 61 22 1860.
177 1254 11 22 I
203 1254 60 22 detta
277 1254 81 28 förslag
373 1255 61 21 lyder
449 1256 12 26 8
478 1256 26 20 38
520 1254 69 22 såsom
605 1255 74 28 följer:
692 1254 134 22 >Riddarhus
836 1254 77 22 Direk-

85 1283 74 21 tionen
175 1283 72 21 består
262 1283 23 21 af
300 1291 37 13 sex
353 1283 122 26 ledamöter,
490 1291 47 13 som
551 1284 64 28 jemte
632 1284 43 20 lika
686 1283 229 29 mänga:suppleanter

86 1311 67 28 väljas
176 1312 22 20 af
220 1311 160 29 Ridderskapet
402 1312 41 21 och
462 1312 72 22 Adeln
550 1312 35 21 vid
601 1312 74 28 hvarje
691 1312 102 28 landtdag
808 1312 32 21 till
855 1313 60 20 näst-

85 1340 96 28 följande
204 1340 110 28 landtdag,
336 1340 56 28 eller,
415 1340 29 21 då
466 1340 66 22 sådan
555 1341 18 27 ej
593 1340 97 22 inträffar
705 1341 56 21 inom
776 1341 44 21 fem
836 1340 30 26 är,
880 1339 33 22 till

86 1368 49 22 dess
150 1368 171 29 Ridderskapets
336 1369 41 22 och
393 1369 83 21 Adelns
492 1369 162 21 kommitterade
670 1368 28 30 pä
713 1371 42 19 sätt
769 1370 7 20 i
791 1370 9 27 $
811 1370 23 20 41
844 1371 71 24 säges;

86 1397 178 26 sammanträda»,
279 1405 18 13 o.
313 1405 16 13 s.
345 1405 19 13 v.
395 1398 12 26 $
422 1398 28 20 40
466 1398 38 21 har
519 1397 94 29 följande
629 1398 90 28 lydelse:
730 1398 135 21 >Riddarhus
897 1397 17 21 Di-

85 1425 124 22 rektionens
232 1426 131 28 förvaltning
385 1426 24 21 af
432 1426 123 22 densamma
578 1426 125 28 uppdragne
726 1426 128 28 äligganden
872 1426 41 21 och

86 1454 226 23 omhänderhafvande
334 1454 74 21 kassor
431 1455 61 25 skall,
514 1455 75 27 hvarje
609 1455 59 27 gång
693 1455 157 27 Ridderskapet
874 1455 40 20 och

85 1482 72 21 Adeln
179 1483 35 20 till
229 1483 104 27 landtdag
348 1483 184 27 sammanträder,
548 1483 22 21 af
585 1483 122 22 Riddarhus
724 1483 112 21 Utskottet
850 1489 66 22 gran-
