1111 1786
205 105 40 21 144
484 112 24 17 R.
522 117 17 12 0.
552 113 22 16 A.
589 113 57 17 1899.
670 114 27 16 24
709 113 48 22 Maj.

203 179 73 22 hvilka
293 179 116 30 bevisligen
425 181 49 21 icke
486 181 71 21 kunna
568 182 85 21 komma
664 186 31 17 att
705 184 52 26 göra
768 182 144 28 militärtjenst
921 182 28 28 pä
958 181 68 30 grund

204 208 22 21 af
241 208 27 21 de
284 209 6 20 i
306 208 75 22 sädant
401 209 103 22 afseende
523 211 114 27 uppstälda
653 212 86 27 stränga
754 210 126 29 fordringar,
896 211 67 21 skulle
979 210 47 21 med

204 236 148 29 begagnandet
374 238 23 21 af
419 238 70 21 denna
510 239 102 28 paragraf
633 239 53 21 söka
707 242 32 18 att
757 239 23 21 få
794 239 70 21 lemna
879 239 78 22 landet.
985 239 42 28 Jag

203 265 69 22 skulle
295 266 73 21 derför
389 266 122 29 ödmjukast
532 267 53 28 yrka
609 270 31 19 att
661 268 26 21 R.
709 275 19 14 o.
749 268 26 21 A.
793 268 51 21 ville
861 268 81 21 besluta
957 271 31 18 att
1003 275 25 14 ur

205 293 121 22 Utskottets
342 296 133 27 motivering,
486 295 87 22 hvilken
589 297 22 27 ju
627 296 96 21 kommer
738 299 31 18 att
784 296 58 21 bilda
858 297 125 27 underlaget
995 297 32 20 för

204 322 130 22 Ständernas
350 323 75 27 beslut,
440 324 70 21 säsom
526 324 33 21 för
575 324 160 28 bevisföringen
751 324 143 28 öfverflödiga
904 325 67 21 skulle
982 328 46 18 ute-

203 351 80 21 lemnas
299 352 74 22 orden:
391 352 59 21 »dels
466 355 31 18 att
512 352 37 22 det
563 352 73 22 tillhör
651 353 121 21 Monarken
788 356 31 18 att
834 354 56 20 efter
905 354 101 28 pröfning
1021 354 7 20 i

202 379 74 29 hvarje
294 380 102 22 särskildt
410 381 38 21 fall
466 381 72 21 bifalla
554 382 51 21 eller
621 382 56 21 afslä
691 382 121 28 ansökning
828 389 34 14 om
878 382 149 28 medborgares

202 408 117 22 frikallelse
335 409 47 21 från
398 410 146 28 undersätliga
559 410 152 29 förpligtelser,
727 410 66 22 dels».

271 472 57 21 Frih.
348 480 51 14 von
417 473 135 21 Alfthan:
582 473 43 28 Jag
639 473 55 21 hade
710 473 88 22 anhällit
814 481 34 13 om
864 473 60 22 ordet
939 474 7 20 i
961 474 66 27 afsigt

202 503 31 18 att
248 502 51 26 göra
314 508 27 14 en
357 501 90 21 likartad
464 502 83 21 erinran
569 510 46 13 som
627 502 58 21 Frih.
698 510 42 13 von
753 502 59 21 Born
826 510 28 13 nu
867 502 38 21 har
916 502 111 21 framstält.

202 528 35 22 Dä
252 528 58 22 Frih.
325 537 42 13 von
382 530 58 21 Born
456 530 147 22 uttömmande
619 532 114 20 motiverat
748 531 110 27 förslaget,
872 531 24 21 sä
912 533 35 19 ber
959 532 35 27 jag
1005 530 22 21 fä

202 557 130 22 understöda
348 558 122 22 detsamma.

270 620 34 21 Hr
326 621 24 20 L.
372 621 138 22 Mechelin:
541 621 42 29 Jag
606 622 38 21 har
666 622 53 21 bedt
741 630 34 13 om
799 621 61 22 ordet
875 622 35 21 för
925 625 31 18 att
971 622 55 21 fästa

202 649 213 28 uppmärksamheten
439 650 57 29 uppå
515 653 31 19 ett
560 651 92 28 tryckfel
669 651 12 21 å
697 651 66 21 andra
779 651 65 21 raden
861 651 23 21 af
898 652 52 20 sista
970 653 56 25 styc-

202 678 36 20 ket
261 678 13 20 &
295 678 39 21 sid.
357 680 32 24 25,
411 686 46 14 som
481 687 50 21 nyss
548 680 55 20 varit
621 679 89 22 föremäl
726 680 34 20 för
777 680 123 27 erinringar.
931 680 42 20 Det
989 680 38 20 bör

201 714 51 13 vara
275 710 37 18 art.
335 708 12 20 3
369 708 7 20 i
399 708 48 21 näd.
481 716 44 19 prop.
541 708 41 21 och
597 708 48 21 icke
661 711 38 18 art.
715 710 19 19 4.
764 708 65 21 Hvad
845 708 133 21 vidkommer
992 716 35 20 yr-

201 734 80 22 kandet
296 738 31 18 att
342 736 24 21 R.
383 744 18 13 o.
417 737 26 20 A.
459 712 68 58 skulle
543 736 50 29 ingä
609 738 6 20 i
631 736 148 22 omredaktion
791 737 23 21 af
824 738 94 20 motiven
930 737 27 28 pä
968 736 58 22 detta

201 764 67 26 ställe,
291 764 23 20 sä
330 764 37 21 ber
381 765 35 28 jag
432 765 22 21 få
470 765 95 28 afstyrka
581 765 66 26 detta,
663 765 27 21 dä
705 766 67 28 något
786 765 92 21 hållbart
893 766 45 20 skäl
955 765 72 21 derför

201 792 47 21 icke
264 792 88 22 anförts.

269 855 35 21 Hr
318 855 55 22 Elis
389 856 146 28 Furuhjelm
558 857 72 21 senior
652 857 72 21 anhöll
739 860 31 18 att
786 857 22 21 fä
824 856 82 22 biträda
916 856 57 22 Frih.
983 864 42 14 von

201 884 69 20 Borns
293 884 80 27 förslag
396 884 23 21 sä
443 885 84 28 mycket
550 892 57 14 mera
630 893 44 13 som
691 885 27 21 de
734 886 23 20 af
772 885 112 21 Friherren
901 885 125 21 framhällna

201 912 73 21 skälen
290 913 48 20 icke
353 913 47 20 med
417 913 65 28 något
497 913 57 28 slags
570 913 91 22 motskäl
677 914 73 21 blifvit
765 913 135 28 vederlagda.

269 975 63 21 Efter
354 975 87 22 härmed
465 977 6 20 i
494 978 71 19 ämnet
588 976 69 21 slutad
674 976 164 27 öfverläggning
853 976 123 21 framstälde
992 976 34 21 Hr

200 1003 208 22 Landtmarskalken
424 1005 32 20 till
472 1005 25 20 R.
512 1012 19 13 o.
546 1005 38 21 A:s
601 1004 133 22 besvarande
750 1005 95 27 följande

409 1095 409 29 Omröstningsproposition:

268 1158 55 26 Den,
339 1165 44 14 som
399 1159 125 27 godkänner
539 1159 58 21 Frih.
613 1166 42 13 von
671 1159 70 21 Borns
757 1158 88 28 förslag,
860 1160 68 19 röstar
941 1160 30 25 ja;

268 1216 76 20 vinner
359 1216 40 27 nej,
414 1215 98 28 qvarstår
527 1215 124 22 Utskottets
667 1216 129 27 motivering
812 1216 6 20 i
834 1215 64 21 slutet
909 1215 22 21 af
943 1214 38 22 sid.
993 1216 33 20 25.

268 1272 43 20 Om
334 1272 70 21 denna
427 1273 132 27 proposition
584 1272 134 22 verkstäldes
741 1273 70 21 sluten
828 1273 137 27 omröstning,
981 1280 44 14 som

199 1299 62 21 utföll
277 1300 48 21 med
342 1302 26 20 32
383 1302 20 26 ja
419 1301 42 21 och
477 1302 25 20 69
519 1302 40 27 nej,
574 1301 33 21 till
622 1301 54 28 följd
692 1301 77 21 hvaraf
784 1301 25 21 R.
826 1308 18 14 o.
855 1301 27 21 A.
894 1301 91 25 beslutit,
995 1304 31 18 att

199 1328 70 50 aj
293 1329 124 28 förändring
441 1330 7 20 i
470 1329 124 22 Utskottets
609 1330 130 27 motivering
754 1330 28 28 pä
797 1329 39 21 sid.
852 1330 27 20 25
895 1329 46 21 icke
957 1330 68 20 skulle

198 1357 28 21 ifr

240 1357 118 28 gakomma.

268 1414 82 22 Grefve
366 1414 60 22 Carl
442 1415 175 22 Mannerheim
632 1416 71 28 junior
720 1415 42 21 bad
779 1415 64 21 attfä
856 1415 30 21 till
898 1415 128 28 protokollet

200 1443 90 26 anmäla,
306 1446 31 18 att
351 1443 40 21 han
408 1444 49 21 icke
473 1444 46 21 med
536 1445 32 20 sin
584 1446 45 19 röst
644 1444 93 28 bidragit
751 1443 33 21 till
799 1443 59 22 detta
874 1444 74 21 beslut.

267 1499 34 21 Hr
316 1500 136 22 Kuhlefelt
466 1500 74 29 gjorde
555 1500 111 22 enahanda
681 1501 104 21 anmälan.
