1109 1784
210 112 41 21 114
487 117 25 17 R.
526 122 17 12 0.
556 118 22 16 A.
592 118 57 16 1899.
673 118 27 16 23
712 118 49 20 Maj.

209 185 78 22 landen
308 185 23 21 af
352 185 153 29 Lagutskottet
525 185 42 21 kan
589 185 82 22 således
693 186 64 28 ingen
775 185 121 28 berättigad
910 184 128 28 slutledning

209 214 77 28 dragas
307 214 8 21 i
337 214 37 21 det
388 214 62 28 syfte,
465 221 45 14 som
525 222 28 13 nu
569 214 62 21 skett.
661 214 42 21 Om
719 222 48 13 man
782 213 66 22 sedan
862 213 38 29 går
915 214 31 20 till
963 213 76 29 sjelfva

210 242 66 22 saken
297 242 40 22 och
359 250 34 14 ser
409 242 29 29 pä
456 242 178 22 beskaffenheten
649 242 46 22 utaf
710 242 27 22 de
752 242 77 28 frägor,
844 250 45 13 som
904 242 7 21 i
926 242 27 21 de
968 245 71 18 senast

209 271 33 21 till
265 270 118 22 Ständerna
402 270 127 29 hänskjutna
543 271 182 29 propositionerna
739 271 138 26 förekomma,
892 270 40 22 och
947 271 33 21 till
995 270 43 21 för-

211 300 68 28 slaget
300 307 34 14 om
356 300 170 28 värnepligtslag,
548 300 24 20 sä
594 302 24 18 är
639 299 38 22 det
698 299 65 22 ocksä
777 299 48 21 icke
841 299 59 22 svärt
914 302 32 18 att
961 299 77 21 finna
1024 295 16 37 i

211 328 69 22 denna
301 328 56 21 olika
379 328 147 21 beskaffenhet
547 328 42 21 den
607 328 68 26 orsak,
691 336 45 13 som
751 328 42 21 kan
807 328 66 22 hafva
888 328 64 28 gifvit
966 327 72 22 anled-

211 358 50 27 ning
276 356 33 22 till
324 356 69 22 denna
407 356 57 22 olika
478 356 135 28 behandling.
642 356 35 22 De
693 356 85 28 förslag,
793 364 45 14 som
855 364 28 13 nu
898 359 71 19 senast
983 356 55 21 före-

211 386 55 28 lagts
282 385 124 26 Ständerna,
421 387 36 20 äro
472 385 106 28 nämligen
592 385 23 21 af
629 385 42 21 den
686 385 153 26 beskaffenhet,
848 388 32 18 att
889 385 27 21 de
927 384 112 22 förutsätta

211 414 137 21 utfärdandet
371 414 23 20 af
415 414 149 21 motsvarande
582 413 132 29 stadganden
728 414 77 28 jemväl
821 414 34 20 för
870 413 168 29 Kejsaredömet,

211 442 77 21 medan
309 442 96 21 deremot
421 442 103 28 förslaget
538 442 33 21 till
587 442 165 28 värnepligtslag
773 444 22 19 är
810 445 32 18 ett
856 442 86 27 förslag,
955 449 45 14 som
1016 443 23 19 är

211 470 72 22 afsedt
297 473 32 18 att
343 471 106 28 tillämpas
465 470 75 22 endast
555 471 34 20 för
603 471 98 20 Finland.
721 471 78 21 Häruti
814 470 42 21 kan
870 471 22 27 ju
907 470 63 21 äfven
982 470 57 28 ligga

212 502 31 19 ett
259 499 52 26 skäl,
325 499 88 21 hvarför
428 507 25 13 en
469 499 57 21 olika
540 499 90 28 ordning
645 499 34 21 för
694 499 156 28 behandlingen
865 499 23 21 af
900 499 62 21 dessa
969 498 70 28 frägor

211 528 40 21 har
265 527 148 22 föreskrifvits.
442 527 52 22 Man
510 527 41 22 kan
567 535 34 19 nu,
615 528 38 21 det
667 528 86 28 medger
767 529 36 27 jag
817 535 71 20 gerna,
902 527 28 28 pä
940 527 67 28 grund
1017 526 23 21 af

212 556 107 28 åtskilliga
333 556 185 29 omständigheter,
532 564 46 13 som
592 556 100 28 juridiskt
706 557 68 20 skulle
789 556 67 21 kallas
871 556 95 25 indicier,
974 555 66 28 draga

212 585 111 21 slutsatser
345 585 63 21 äfven
423 585 132 21 beträffande
571 585 102 28 förslaget
688 585 33 21 till
736 585 172 28 värnepligtslag,
923 584 54 21 ända
992 583 46 22 der-

211 613 43 22 hän
269 616 32 19 att
316 621 26 13 en
357 613 65 22 sådan
437 613 65 28 afsigt
517 613 68 22 skulle
603 613 104 29 föreligga
721 617 32 18 att
767 613 107 22 behandla
887 613 77 28 jemväl
979 612 60 21 detta

212 642 81 27 förslag
315 642 66 27 enligt
399 642 162 28 ifrågavarande
575 642 208 29 grundstadganden.
813 642 52 21 Men
880 641 28 22 då
922 641 38 22 det
973 641 67 28 gäller

212 671 35 20 för
269 670 101 21 Finlands
388 670 91 22 Ständer
494 673 32 19 att
540 671 80 28 afgöra,
635 671 83 21 hvilket
733 671 183 21 behandlingssätt
930 670 53 21 skall
998 669 41 22 föl-

212 700 37 27 jas,
265 707 34 13 om
314 699 27 21 de
355 699 60 22 skola
430 699 52 28 följa
496 699 41 21 den
552 700 8 20 i
574 699 104 29 grundlag
693 699 128 22 föreskrifna
834 706 83 21 gången
932 699 34 20 för
980 701 60 18 ären-

213 728 66 21 denas
302 727 129 28 behandling
453 728 51 21 eller
519 728 72 28 afböja
606 735 26 14 en
647 728 59 28 dylik
721 728 170 28 grundlagsenlig
908 727 132 28 behandling,

214 756 28 21 då
257 758 23 19 är
295 756 37 21 det
346 756 47 21 icke
409 764 40 21 nog
465 759 31 18 att
511 764 49 13 man
574 757 39 20 har
627 757 90 20 indicier
731 757 51 20 eller
797 756 163 22 sannolikheter.
980 755 60 22 Skri-

214 785 38 21 der
274 793 49 12 man
337 785 32 20 till
392 788 31 18 ett
445 785 75 21 sådant
535 788 52 25 steg,
604 785 67 21 måste
687 793 47 13 man
750 785 65 21 hafva
830 785 84 21 absolut
928 784 111 25 bindande,

214 813 97 22 formella
326 813 52 26 skäl,
393 821 48 14 man
456 813 67 22 måste
538 813 65 22 hafva
619 821 26 14 en
660 813 123 29 fullständig
799 813 87 26 visshet,
901 813 58 21 såväl
974 815 66 18 mate-

213 842 54 27 riell,
281 849 45 14 som
341 841 88 22 formell.
444 842 78 21 Finnes
540 842 48 21 icke
603 843 75 24 denna,
694 842 23 21 så
731 842 44 21 står
790 850 48 13 man
854 842 28 28 på
897 841 83 22 säkrare
995 841 45 28 lag-

213 871 30 28 lig
267 870 74 29 grund,
363 878 33 13 om
412 879 49 13 man
479 871 59 28 ingår
552 871 8 20 i
575 871 41 21 den
631 871 135 28 behandling,
781 878 45 14 som
840 870 130 29 grundlagen
985 869 54 21 före-

214 899 98 26 skrifver,
327 901 26 19 än
367 906 34 14 om
417 908 48 12 man
481 900 18 28 ej
514 901 40 26 gör
568 900 42 21 det.

283 928 34 20 De
339 928 63 21 ärade
424 928 73 26 talare,
519 936 44 13 som
586 928 126 21 understödt
734 928 58 21 Frih.
816 935 40 14 von
871 928 68 20 Borns
954 927 86 27 förslag,

213 956 66 22 hafva
301 956 55 28 gjort
378 956 59 22 detta
462 957 33 21 för
518 960 31 18 att
571 957 62 21 ställa
648 957 33 27 sig
695 956 28 29 på
737 957 72 27 lagens
823 956 68 28 grund
906 956 39 21 och
961 956 33 20 för
1009 958 31 18 att

214 984 132 22 förekomma
368 987 32 19 att
417 985 120 21 Ständerna
552 985 67 21 skulle
634 985 66 21 inlåta
715 986 32 27 sig
762 984 28 29 på
805 988 31 18 ett
851 984 190 21 inkonstitutionelt

214 1013 128 21 förfarande.
357 1013 42 28 Jag
412 1014 66 21 måste
485 1014 55 21 dock
549 1013 98 29 beklaga,
655 1016 32 18 att
694 1014 65 27 några
767 1013 23 21 af
797 1013 62 21 dessa
867 1012 173 22 ståndsmedlem-

213 1050 47 12 mar
266 1042 75 21 dervid
349 1042 65 21 hafva
421 1042 41 22 fält
469 1042 85 28 uttryck
565 1042 40 21 och
615 1043 55 27 gjort
679 1042 128 26 uttalanden,
815 1049 45 14 som
871 1041 125 22 åtminstone
1006 1042 35 27 jag

214 1070 48 21 icke
285 1070 41 21 kan
349 1070 99 22 betrakta
465 1071 68 21 såsom
549 1071 185 25 konstitutionella.
764 1070 47 21 Här
825 1070 39 21 har
878 1072 76 26 yttrats
970 1070 22 20 af
1006 1070 35 20 Hr

213 1098 121 27 Estlander,
356 1106 34 14 om
411 1100 36 27 jag
469 1099 48 21 icke
537 1099 133 21 missförstod
685 1099 83 26 honom,
783 1102 32 18 att
830 1099 66 27 enligt
911 1098 51 22 hans
976 1098 64 21 tanke

214 1127 125 26 Ständerna,
361 1127 28 21 då
409 1128 79 21 tvekan
511 1127 62 22 råder
595 1128 39 21 och
658 1135 25 13 en
706 1127 110 22 föreskrift
838 1134 61 21 synes
915 1126 125 28 föreligga
1029 1122 15 38 i

214 1158 88 18 motsatt
317 1155 61 29 syfte,
394 1156 48 21 icke
458 1164 50 14 vore
523 1156 132 28 berättigade
674 1159 32 18 att
720 1156 49 28 ingå
783 1156 28 28 på
827 1163 25 13 en
868 1155 65 21 sådan
948 1155 92 21 behand-

213 1184 46 28 ling
279 1184 23 21 af
321 1185 163 27 propositionen,
499 1192 44 14 som
559 1185 130 28 grundlagen
704 1184 144 22 föreskrifver.
877 1184 45 20 Det
938 1184 40 20 kan
993 1183 47 21 icke

213 1220 52 13 vara
286 1212 34 21 Hr
337 1212 115 22 Estlander
466 1213 68 21 såsom
549 1213 162 28 landtdagsman
727 1213 40 21 och
781 1214 61 27 jurist
857 1212 97 25 obekant,
970 1215 31 18 att
1016 1212 24 20 L.

213 1241 27 21 O.
263 1243 91 19 tvärtom
377 1241 86 29 ålägger
484 1242 83 21 landets
589 1241 92 21 Ständer
695 1244 32 18 att
742 1242 37 21 vid
794 1242 46 20 sina
855 1241 69 21 beslut
939 1242 55 19 rätta
1009 1241 32 27 sig

214 1269 55 21 efter
284 1269 82 22 landets
381 1270 128 28 grundlagar
523 1270 40 21 och
578 1270 48 21 icke
641 1270 55 21 efter
710 1270 115 28 någonting
840 1272 69 18 annat.
930 1269 61 21 Huru
999 1268 41 21 kan

213 1306 50 12 man
285 1298 28 21 då
335 1301 56 25 säga,
413 1302 32 18 att
468 1298 118 22 Ständerna
608 1298 48 22 icke
677 1306 49 14 vore
757 1298 117 28 berättigade
889 1300 33 19 att
936 1297 105 21 behandla

213 1326 89 21 ärendet
323 1327 8 20 i
353 1327 41 20 den
417 1327 89 28 ordning
520 1327 103 28 grundlag
638 1327 144 21 föreskrifver.
811 1327 45 20 Det
867 1326 95 28 yttrades
976 1325 65 21 också

213 1354 23 21 af
251 1362 26 13 en
293 1362 67 14 annan
375 1355 72 27 talare,
465 1356 34 27 jag
519 1355 37 21 vill
571 1358 32 18 tro
618 1355 37 21 det
668 1363 36 13 var
719 1355 22 21 af
755 1356 95 27 misstag,
864 1357 32 18 att
911 1354 37 21 det
962 1356 23 19 är
1000 1353 40 22 den

213 1383 65 28 ryska
292 1383 146 26 statsmakten,
454 1384 27 28 på
495 1383 86 22 hvilken
597 1383 85 28 frågans
698 1383 129 28 behandling
841 1383 99 28 slutligen
954 1382 86 21 ankom-

213 1419 51 13 mer.
283 1411 46 22 Var
337 1411 37 22 det
382 1412 106 28 afsigtligt
495 1420 44 13 som
548 1412 60 21 detta
615 1412 86 28 uttryck
709 1412 141 28 begagnades,
857 1411 23 22 så
887 1411 67 21 måste
962 1411 34 28 jag
1004 1410 36 22 be-

213 1440 64 27 klaga
292 1440 123 21 detsamma.
438 1441 104 27 Slutligen
558 1440 66 21 måste
638 1441 35 27 jag
689 1441 75 21 beröra
779 1443 55 18 ännu
845 1448 26 13 en
880 1439 160 28 omständighet.

213 1468 46 21 Det
269 1469 96 27 yttrades
373 1469 23 21 af
403 1469 34 21 Hr
445 1469 123 29 Furuhjelm
576 1469 40 21 och
624 1469 105 21 måhända
737 1469 68 28 någon
813 1477 68 13 annan
889 1468 112 26 dessutom,
1009 1471 31 18 att

213 1496 120 22 Ständerna
348 1505 76 20 genom
435 1501 32 18 att
479 1497 73 22 skrida
565 1497 31 22 till
609 1505 25 13 en
647 1497 68 28 saklig
726 1497 129 28 behandling
862 1497 23 21 af
893 1497 27 21 de
928 1496 48 21 dem
985 1497 55 21 före-
