1109 1759
388 108 217 20 Värnepligtsfrågan.
882 102 27 21 89

84 176 41 21 den
149 175 66 21 finska
234 176 104 21 militären
354 176 69 22 skulle
440 175 102 21 afskaffas
565 176 40 21 och
621 179 32 17 att
668 176 27 20 de
710 176 69 21 finska
795 178 115 26 trupperna

85 204 66 22 borde
167 204 144 22 underordnas
327 205 42 21 den
384 204 65 28 ryska
465 204 202 28 distriktsstyrelsen
684 212 26 13 m.
726 212 26 13 m.
777 204 53 22 Men
845 205 64 21 äfven

84 233 7 20 i
106 232 60 21 detta
181 233 90 21 stadium
291 233 22 21 af
333 233 75 28 frågan
427 233 117 27 föreligger
560 232 56 22 dock
632 233 119 21 tillsvidare
767 233 47 21 icke
831 233 80 21 nägon-

83 262 47 26 ting
152 266 64 16 annat
237 264 26 18 än
279 265 148 24 programmet,
443 264 30 18 ett
489 269 105 20 program,
609 269 46 13 som
671 262 48 20 från
737 262 53 21 1891
807 262 32 20 till
856 262 55 21 1893

84 289 56 21 hade
164 290 71 21 blifvit
257 292 95 19 närmare
371 290 136 28 preciseradt,
526 290 40 21 och
582 290 35 21 för
632 290 83 21 hvilket
730 298 48 13 man
795 298 28 13 nu
839 293 70 18 utver-

85 318 37 21 kat
143 318 29 21 H.
194 318 51 22 M:ts
269 319 58 21 bifall
351 319 32 21 till
401 318 152 22 nedsättandet
568 319 23 21 af
606 319 191 28 specialkomitéer,
810 318 13 21 å
837 318 74 22 hvilka

85 346 37 22 det
142 347 77 21 ankom
238 350 31 18 att
283 348 122 27 ytterligare
422 348 100 20 utveckla
537 347 60 21 detta
613 355 104 20 program.
748 348 79 20 Härtill
843 347 68 21 erfor-

85 375 77 21 drades
186 377 11 19 5
221 376 28 27 år,
271 377 70 20 såsom
363 377 21 20 vi
399 376 57 21 finna
472 376 45 21 från
535 377 55 20 1893
606 376 32 21 till
656 377 62 26 1898,
733 376 28 21 då
777 376 42 21 den
835 376 76 21 urtima

86 404 129 28 landtdagen
231 404 197 22 sammankallades.

155 432 110 22 Historien
289 434 53 20 skall
363 434 74 27 afgöra
460 441 33 13 om
517 433 41 21 den
574 433 68 21 finska
659 433 141 28 landtdagens
816 433 96 28 hållning

86 462 30 20 uti
132 461 69 21 denna
217 462 186 28 maktpåliggande
419 462 41 21 och
476 462 103 27 märkliga
595 462 72 27 fråga;
684 462 104 21 måhända
796 462 28 29 på
832 470 80 13 samma

85 490 57 28 gång
164 490 40 21 ock
227 490 74 28 afgöra
320 498 33 14 om
370 490 128 22 Ständernas
515 490 96 28 hållning
631 494 111 24 gentemot
757 490 37 22 det
809 491 102 27 märkliga

86 520 48 23 sätt,
157 518 27 29 på
206 519 82 21 hvilket
309 519 26 21 de
358 519 93 21 nämnda
466 520 131 20 komitéerna
612 519 97 28 fullgjort
724 519 37 21 det
775 519 49 21 dem
840 520 72 20 öfver-

86 547 98 21 lemnade
207 548 120 28 uppdraget
349 548 133 21 beträffande
503 551 148 25 programmet.
681 548 34 24 De
731 556 16 13 s.
763 548 19 21 k.
797 548 115 21 förklarin-

86 583 72 21 garna,
173 576 74 21 hvilka
268 576 89 28 åtföljde
372 576 27 21 de
416 576 49 22 nåd.
480 584 105 20 prop:rna,
601 576 106 22 innefatta
723 577 36 21 allt
775 576 57 22 hvad
849 576 62 22 dessa

86 606 103 20 komitéer
205 605 81 26 uttalat,
303 605 41 21 och
359 606 21 20 vi
397 605 72 21 kunna
484 607 72 26 tyvärr
571 605 48 21 icke
630 605 45 21 helt
685 605 41 21 och
737 605 66 21 hållet
815 606 96 26 ignorera

86 633 63 21 dessa
165 634 146 27 förklaringar,
331 634 28 21 då
377 634 32 27 de,
425 641 34 13 om
475 634 41 21 ock
533 634 53 21 blott
602 634 71 21 såsom
690 634 87 28 bilagor,
793 634 72 21 blifvit
880 634 32 20 till

86 662 130 27 landtdagen
231 662 166 22 öfverlemnade.
425 662 53 21 Men
494 662 13 21 å
522 662 66 22 andra
604 662 61 21 sidan
681 663 72 20 kunna
768 664 21 20 vi
806 670 49 14 vara
868 662 45 21 för-

87 690 85 21 vissade
196 698 33 14 om
253 694 31 18 att
306 691 40 21 den
368 695 44 22 ton,
429 691 151 28 Värnepligts-
595 691 41 21 och
651 691 158 28 Lagutskotten
826 691 87 27 inslagit

87 719 31 21 uti
142 720 45 20 sina
211 720 82 27 afgifna
309 720 132 25 uttalanden,
456 720 65 20 redan
537 721 5 20 i
559 720 41 21 och
616 720 33 20 för
667 721 33 26 sig
715 720 40 21 och
771 720 86 21 oafsedt
871 720 41 21 alla

87 748 83 27 sakliga
192 748 41 21 och
257 748 106 21 bindande
383 748 46 21 skäl
448 748 93 22 förvisso
562 749 55 21 skall
632 749 62 20 ställa
710 748 62 22 dessa
787 748 125 21 uttalanden

87 776 29 21 uti
133 784 26 13 en
174 784 89 20 gynsam
279 776 65 28 dager
359 780 109 25 gentemot
483 777 27 21 de
526 777 98 27 nämnda,
641 777 68 21 under
723 778 12 20 5
752 777 23 21 år
790 777 123 28 hopfogade

87 805 160 27 utgjutelserna,
270 805 73 21 hvilka
365 808 76 18 nästan
457 806 28 28 på
500 806 73 27 hvarje
589 809 48 24 steg
652 806 100 28 påminna
768 813 34 14 om
818 806 41 20 den
875 813 38 13 un-

87 833 116 27 dermåliga
226 834 65 28 ryska
313 834 194 28 tidningspressens
531 835 110 28 simplaste
663 842 101 20 angrepp.
795 834 30 22 Vi
842 834 71 21 kunna

87 862 34 21 väl
145 862 47 21 icke
215 862 90 21 förvåna
320 870 35 14 oss
375 864 60 20 öfver
451 863 116 21 innehållet
583 864 6 20 i
605 863 63 22 dessa
683 863 143 28 förklaringar
841 863 50 21 eller
906 863 7 20 i

87 891 69 27 öfriga
172 899 34 13 oss
222 892 94 27 delgifna
332 892 133 28 handlingar,
480 900 48 13 men
544 894 21 19 vi
581 892 72 21 kunna
669 892 56 21 dock
741 894 56 19 ännu
808 892 105 21 måhända

87 919 90 21 förvåna
200 928 35 13 oss
258 920 61 21 öfver
335 928 25 14 en
376 921 44 27 sak,
435 921 117 21 hvaröfver
567 929 48 13 man
632 921 105 21 måhända
752 921 64 21 äfven
833 928 80 14 annan-

88 948 71 21 städes
176 949 6 20 i
198 949 87 21 verlden
300 950 54 20 skall
370 950 99 28 uttrycka
485 950 120 27 förvåning,
617 950 40 21 och
673 950 37 20 det
725 952 23 18 är
763 950 41 20 den
821 951 92 19 omstän-

88 976 107 28 digheten,
218 980 31 18 att
270 978 71 28 dylika
364 982 57 16 emot
443 981 31 18 ett
497 978 44 21 helt
556 978 52 27 folk,
624 979 49 20 dess
689 979 168 27 representation
873 978 40 21 och

86 1006 90 27 styrelse
199 1006 82 21 riktade
304 1006 115 21 smädelser
442 1006 41 22 fått
507 1007 74 28 åtfölja
604 1015 26 13 en
654 1006 159 28 statshandling
833 1007 22 20 af
871 1006 43 28 hög

87 1034 65 25 valör,
168 1035 104 27 nämligen
289 1042 25 14 en
331 1035 22 21 af
368 1035 83 21 landets
468 1036 91 20 Monark
574 1036 33 20 till
622 1035 85 21 landets
718 1035 137 28 lagstiftande
869 1035 44 21 för-

86 1062 91 28 samling
192 1063 145 21 öfverlemnad
360 1064 133 28 proposition.
516 1064 94 21 Oafsedt
625 1064 36 21 det
677 1064 104 21 utöfvade
797 1064 84 28 trycket
889 1064 24 20 af

87 1091 73 28 hvarje
183 1091 50 28 slag,
249 1092 84 21 oafsedt
364 1095 21 18 det
399 1093 125 27 uppenbara
540 1092 154 22 vantolkandet
709 1093 22 21 af
747 1092 51 21 våra
812 1092 101 28 grundla-

87 1127 38 20 gar
147 1120 41 20 och
213 1121 99 27 slutligen
335 1121 84 21 oafsedt
442 1122 132 20 innebörden
599 1122 29 20 uti
649 1129 25 13 en
691 1129 74 13 senare
781 1122 132 20 tillkommen

87 1149 152 27 regeringsakt,
255 1149 85 21 hvilken
357 1150 47 20 icke
420 1150 203 21 öfverensstämmer
638 1150 47 21 med
695 1150 82 21 landets
788 1150 125 20 bekräftade

88 1176 134 29 författning,
238 1178 64 21 hafva
318 1186 28 13 nu
361 1178 104 21 Finlands
481 1178 92 22 Ständer
589 1179 65 21 likväl
670 1178 76 22 skridit
761 1178 31 21 till
805 1186 25 13 en
840 1178 73 28 objek-

88 1206 32 20 tiv
143 1206 41 20 och
201 1206 174 28 grundlagsenlig
391 1207 130 27 behandling
537 1208 22 20 af
575 1207 142 21 förevarande
733 1207 180 28 värnepligtspro-

88 1235 123 27 positioner.
241 1235 47 21 Den
311 1236 59 25 strid,
385 1235 74 28 bvarje
475 1236 84 20 enskild
578 1236 91 20 medlem
685 1236 23 20 af
723 1236 128 27 landtdagen
868 1235 46 21 haft

88 1263 52 21 eller
155 1265 56 19 ännu
227 1264 38 20 har
280 1266 31 18 att
326 1264 48 20 med
390 1265 33 27 sig
439 1264 50 28 sjelf
504 1264 108 28 utkämpa,
627 1264 28 21 då
671 1264 36 22 det
722 1265 43 27 gält
781 1265 52 20 eller
847 1264 67 28 gäller

88 1294 31 18 att
134 1292 83 21 ansluta
233 1293 33 27 sig
281 1292 51 21 eller
347 1292 47 22 icke
410 1293 32 20 till
459 1292 70 22 denna
545 1293 82 27 sakliga
646 1293 129 27 behandling
791 1293 23 21 af
829 1293 84 20 föreva-

87 1320 67 20 rande
169 1320 66 28 fråga,
251 1321 41 20 kan
309 1322 5 20 i
331 1321 58 21 detta
405 1321 116 27 ögonblick
537 1322 81 20 lemnas
635 1321 12 21 &
663 1322 46 21 sido
725 1322 40 20 och
773 1322 63 20 äfven
847 1329 66 20 gerna

88 1348 100 28 förgätas,
205 1349 26 21 då
247 1351 22 26 ju
285 1349 26 21 de
327 1349 108 21 enskildas
451 1353 51 18 vota
517 1350 60 21 alltid
593 1350 41 21 och
650 1350 121 28 isynnerhet
788 1350 29 21 uti
827 1351 87 26 vigtiga,

88 1377 34 21 för
145 1377 47 21 hela
208 1378 73 20 landet
300 1378 164 28 betydelsefulla
480 1379 180 27 angelägenheter
675 1379 60 21 skola
751 1378 50 22 vika
816 1378 34 21 för
865 1378 48 21 fler-

87 1406 69 20 talets.
186 1406 52 21 Men
262 1407 35 27 jag
319 1409 50 25 tror,
389 1406 34 21 för
444 1408 43 20 min
504 1407 41 26 del,
560 1410 31 18 att
607 1407 130 21 Ständernas
753 1408 86 26 slutliga
852 1406 61 28 afgö-

88 1434 66 21 rande
177 1435 5 20 i
206 1435 70 21 denna
296 1435 39 21 sak
350 1436 56 20 dock
422 1436 55 20 skall
490 1436 84 27 framgå
589 1443 25 13 ur
629 1436 52 21 allas
697 1436 130 21 medverkan
843 1435 70 21 direkt

87 1462 52 21 eller
154 1463 99 27 indirekt,
268 1464 89 20 likasom
373 1464 38 21 hos
425 1464 41 21 alla
482 1464 23 21 af
519 1464 104 21 Finlands
640 1465 41 21 300
698 1464 162 28 landtdagsmän
869 1464 45 21 helt
