<?xml version="1.0" encoding="UTF-8"?>
<alto xmlns="http://www.loc.gov/standards/alto/ns-v3#" xmlns:xlink="http://www.w3.org/1999/xlink" xmlns:xsi="http://www.w3.org/2001/XMLSchema-instance" xsi:schemaLocation="http://www.loc.gov/standards/alto/ns-v3# http://www.loc.gov/alto/v3/alto-3-0.xsd">
	<Description>
		<MeasurementUnit>pixel</MeasurementUnit>
		<sourceImageInformation>
			<fileName>/tmp/tess_7xs7scdv_input.PNG</fileName>
		</sourceImageInformation>
		<OCRProcessing ID="OCR_0">
			<ocrProcessingStep>
				<processingSoftware>
					<softwareName>tesseract 5.3.4</softwareName>
				</processingSoftware>
			</ocrProcessingStep>
		</OCRProcessing>
	</Description>
	<Layout>
		<Page WIDTH="1109" HEIGHT="1778" PHYSICAL_IMG_NR="0" ID="page_0">
			<PrintSpace HPOS="0" VPOS="0" WIDTH="1109" HEIGHT="1778">
				<ComposedBlock ID="cblock_0" HPOS="388" VPOS="101" WIDTH="522" HEIGHT="32">
					<TextBlock ID="block_0" HPOS="388" VPOS="101" WIDTH="522" HEIGHT="32">
						<TextLine ID="line_0" HPOS="388" VPOS="101" WIDTH="522" HEIGHT="32">
							<String ID="string_0" HPOS="388" VPOS="101" WIDTH="219" HEIGHT="32" WC="0.91" CONTENT="Värnepligtsfrågan."/><SP WIDTH="264" VPOS="101" HPOS="607"/>
							<String ID="string_1" HPOS="871" VPOS="103" WIDTH="39" HEIGHT="20" WC="0.93" CONTENT="127"/>
						</TextLine>
					</TextBlock>
				</ComposedBlock>
				<GraphicalElement ID="cblock_1" HPOS="84" VPOS="133" WIDTH="828" HEIGHT="10"></GraphicalElement >
				<ComposedBlock ID="cblock_2" HPOS="85" VPOS="175" WIDTH="832" HEIGHT="1339">
					<TextBlock ID="block_1" HPOS="85" VPOS="175" WIDTH="830" HEIGHT="1219">
						<TextLine ID="line_1" HPOS="154" VPOS="175" WIDTH="758" HEIGHT="29">
							<String ID="string_2" HPOS="154" VPOS="177" WIDTH="35" HEIGHT="20" WC="0.96" CONTENT="Då"/><SP WIDTH="16" VPOS="177" HPOS="189"/>
							<String ID="string_3" HPOS="205" VPOS="176" WIDTH="112" HEIGHT="22" WC="0.96" CONTENT="Utskottet"/><SP WIDTH="15" VPOS="176" HPOS="317"/>
							<String ID="string_4" HPOS="332" VPOS="175" WIDTH="89" HEIGHT="22" WC="0.96" CONTENT="sålunda"/><SP WIDTH="15" VPOS="175" HPOS="421"/>
							<String ID="string_5" HPOS="436" VPOS="176" WIDTH="48" HEIGHT="21" WC="0.96" CONTENT="icke"/><SP WIDTH="16" VPOS="176" HPOS="484"/>
							<String ID="string_6" HPOS="500" VPOS="176" WIDTH="58" HEIGHT="21" WC="0.96" CONTENT="velat"/><SP WIDTH="15" VPOS="176" HPOS="558"/>
							<String ID="string_7" HPOS="573" VPOS="176" WIDTH="57" HEIGHT="28" WC="0.96" CONTENT="välja"/><SP WIDTH="15" VPOS="176" HPOS="630"/>
							<String ID="string_8" HPOS="645" VPOS="183" WIDTH="26" HEIGHT="14" WC="0.96" CONTENT="en"/><SP WIDTH="16" VPOS="183" HPOS="671"/>
							<String ID="string_9" HPOS="687" VPOS="176" WIDTH="67" HEIGHT="21" WC="0.96" CONTENT="sådan"/><SP WIDTH="16" VPOS="176" HPOS="754"/>
							<String ID="string_10" HPOS="770" VPOS="177" WIDTH="71" HEIGHT="26" WC="0.93" CONTENT="utväg,"/><SP WIDTH="16" VPOS="177" HPOS="841"/>
							<String ID="string_11" HPOS="857" VPOS="176" WIDTH="55" HEIGHT="21" WC="0.91" CONTENT="åter-"/>
						</TextLine>
						<TextLine ID="line_2" HPOS="85" VPOS="204" WIDTH="826" HEIGHT="29">
							<String ID="string_12" HPOS="85" VPOS="205" WIDTH="45" HEIGHT="22" WC="0.96" CONTENT="står"/><SP WIDTH="15" VPOS="205" HPOS="130"/>
							<String ID="string_13" HPOS="145" VPOS="205" WIDTH="37" HEIGHT="21" WC="0.96" CONTENT="det"/><SP WIDTH="15" VPOS="205" HPOS="182"/>
							<String ID="string_14" HPOS="197" VPOS="205" WIDTH="76" HEIGHT="21" WC="0.96" CONTENT="endast"/><SP WIDTH="15" VPOS="205" HPOS="273"/>
							<String ID="string_15" HPOS="288" VPOS="205" WIDTH="34" HEIGHT="21" WC="0.96" CONTENT="för"/><SP WIDTH="15" VPOS="205" HPOS="322"/>
							<String ID="string_16" HPOS="337" VPOS="204" WIDTH="54" HEIGHT="27" WC="0.96" CONTENT="dem,"/><SP WIDTH="16" VPOS="204" HPOS="391"/>
							<String ID="string_17" HPOS="407" VPOS="212" WIDTH="45" HEIGHT="13" WC="0.95" CONTENT="som"/><SP WIDTH="16" VPOS="212" HPOS="452"/>
							<String ID="string_18" HPOS="468" VPOS="206" WIDTH="31" HEIGHT="19" WC="0.95" CONTENT="uti"/><SP WIDTH="16" VPOS="206" HPOS="499"/>
							<String ID="string_19" HPOS="515" VPOS="204" WIDTH="59" HEIGHT="21" WC="0.96" CONTENT="detta"/><SP WIDTH="15" VPOS="204" HPOS="574"/>
							<String ID="string_20" HPOS="589" VPOS="205" WIDTH="104" HEIGHT="21" WC="0.95" CONTENT="afseende"/><SP WIDTH="15" VPOS="205" HPOS="693"/>
							<String ID="string_21" HPOS="708" VPOS="205" WIDTH="53" HEIGHT="28" WC="0.96" CONTENT="hysa"/><SP WIDTH="16" VPOS="205" HPOS="761"/>
							<String ID="string_22" HPOS="777" VPOS="212" WIDTH="26" HEIGHT="13" WC="0.96" CONTENT="en"/><SP WIDTH="9" VPOS="212" HPOS="803"/>
							<String ID="string_23" HPOS="812" VPOS="204" WIDTH="48" HEIGHT="21" WC="0.93" CONTENT="från"/><SP WIDTH="12" VPOS="204" HPOS="860"/>
							<String ID="string_24" HPOS="872" VPOS="204" WIDTH="39" HEIGHT="22" WC="0.92" CONTENT="Ut-"/>
						</TextLine>
						<TextLine ID="line_3" HPOS="86" VPOS="233" WIDTH="827" HEIGHT="28">
							<String ID="string_25" HPOS="86" VPOS="235" WIDTH="80" HEIGHT="20" WC="0.93" CONTENT="skottet"/><SP WIDTH="21" VPOS="235" HPOS="166"/>
							<String ID="string_26" HPOS="187" VPOS="233" WIDTH="117" HEIGHT="22" WC="0.91" CONTENT="afvikande"/><SP WIDTH="23" VPOS="233" HPOS="304"/>
							<String ID="string_27" HPOS="327" VPOS="233" WIDTH="61" HEIGHT="28" WC="0.88" CONTENT="åsigt,"/><SP WIDTH="22" VPOS="233" HPOS="388"/>
							<String ID="string_28" HPOS="410" VPOS="235" WIDTH="31" HEIGHT="18" WC="0.96" CONTENT="att"/><SP WIDTH="23" VPOS="235" HPOS="441"/>
							<String ID="string_29" HPOS="464" VPOS="233" WIDTH="54" HEIGHT="21" WC="0.96" CONTENT="söka"/><SP WIDTH="18" VPOS="233" HPOS="518"/>
							<String ID="string_30" HPOS="536" VPOS="233" WIDTH="87" HEIGHT="21" WC="0.96" CONTENT="kritiskt"/><SP WIDTH="15" VPOS="233" HPOS="623"/>
							<String ID="string_31" HPOS="638" VPOS="233" WIDTH="74" HEIGHT="28" WC="0.96" CONTENT="belysa"/><SP WIDTH="21" VPOS="233" HPOS="712"/>
							<String ID="string_32" HPOS="733" VPOS="233" WIDTH="66" HEIGHT="28" WC="0.96" CONTENT="några"/><SP WIDTH="22" VPOS="233" HPOS="799"/>
							<String ID="string_33" HPOS="821" VPOS="233" WIDTH="92" HEIGHT="28" WC="0.96" CONTENT="punkter"/>
						</TextLine>
						<TextLine ID="line_4" HPOS="86" VPOS="261" WIDTH="826" HEIGHT="28">
							<String ID="string_34" HPOS="86" VPOS="263" WIDTH="31" HEIGHT="21" WC="0.96" CONTENT="uti"/><SP WIDTH="18" VPOS="263" HPOS="117"/>
							<String ID="string_35" HPOS="135" VPOS="262" WIDTH="70" HEIGHT="21" WC="0.96" CONTENT="denna"/><SP WIDTH="14" VPOS="262" HPOS="205"/>
							<String ID="string_36" HPOS="219" VPOS="262" WIDTH="133" HEIGHT="27" WC="0.96" CONTENT="motivering."/><SP WIDTH="29" VPOS="262" HPOS="352"/>
							<String ID="string_37" HPOS="381" VPOS="261" WIDTH="43" HEIGHT="28" WC="0.96" CONTENT="Jag"/><SP WIDTH="15" VPOS="261" HPOS="424"/>
							<String ID="string_38" HPOS="439" VPOS="261" WIDTH="37" HEIGHT="22" WC="0.95" CONTENT="vill"/><SP WIDTH="16" VPOS="261" HPOS="476"/>
							<String ID="string_39" HPOS="492" VPOS="262" WIDTH="6" HEIGHT="20" WC="0.96" CONTENT="i"/><SP WIDTH="16" VPOS="262" HPOS="498"/>
							<String ID="string_40" HPOS="514" VPOS="261" WIDTH="59" HEIGHT="22" WC="0.96" CONTENT="detta"/><SP WIDTH="24" VPOS="261" HPOS="573"/>
							<String ID="string_41" HPOS="597" VPOS="261" WIDTH="153" HEIGHT="28" WC="0.95" CONTENT="sammanhang"/><SP WIDTH="15" VPOS="261" HPOS="750"/>
							<String ID="string_42" HPOS="765" VPOS="261" WIDTH="76" HEIGHT="22" WC="0.96" CONTENT="endast"/><SP WIDTH="15" VPOS="261" HPOS="841"/>
							<String ID="string_43" HPOS="856" VPOS="261" WIDTH="56" HEIGHT="21" WC="0.96" CONTENT="hålla"/>
						</TextLine>
						<TextLine ID="line_5" HPOS="86" VPOS="289" WIDTH="827" HEIGHT="30">
							<String ID="string_44" HPOS="86" VPOS="292" WIDTH="43" HEIGHT="27" WC="0.96" CONTENT="mig"/><SP WIDTH="15" VPOS="292" HPOS="129"/>
							<String ID="string_45" HPOS="144" VPOS="291" WIDTH="32" HEIGHT="20" WC="0.96" CONTENT="till"/><SP WIDTH="15" VPOS="291" HPOS="176"/>
							<String ID="string_46" HPOS="191" VPOS="291" WIDTH="11" HEIGHT="27" WC="0.77" CONTENT="8"/><SP WIDTH="17" VPOS="291" HPOS="202"/>
							<String ID="string_47" HPOS="219" VPOS="291" WIDTH="18" HEIGHT="20" WC="0.93" CONTENT="1."/><SP WIDTH="23" VPOS="291" HPOS="237"/>
							<String ID="string_48" HPOS="260" VPOS="289" WIDTH="65" HEIGHT="29" WC="0.93" CONTENT="Uppä"/><SP WIDTH="14" VPOS="289" HPOS="325"/>
							<String ID="string_49" HPOS="339" VPOS="289" WIDTH="39" HEIGHT="22" WC="0.96" CONTENT="sid."/><SP WIDTH="17" VPOS="289" HPOS="378"/>
							<String ID="string_50" HPOS="395" VPOS="291" WIDTH="10" HEIGHT="20" WC="0.96" CONTENT="7"/><SP WIDTH="17" VPOS="291" HPOS="405"/>
							<String ID="string_51" HPOS="422" VPOS="291" WIDTH="30" HEIGHT="20" WC="0.96" CONTENT="uti"/><SP WIDTH="9" VPOS="291" HPOS="452"/>
							<String ID="string_52" HPOS="461" VPOS="289" WIDTH="124" HEIGHT="23" WC="0.96" CONTENT="Utskottets"/><SP WIDTH="18" VPOS="289" HPOS="585"/>
							<String ID="string_53" HPOS="603" VPOS="290" WIDTH="134" HEIGHT="21" WC="0.96" CONTENT="betänkande"/><SP WIDTH="16" VPOS="290" HPOS="737"/>
							<String ID="string_54" HPOS="753" VPOS="291" WIDTH="6" HEIGHT="20" WC="0.96" CONTENT="i"/><SP WIDTH="16" VPOS="291" HPOS="759"/>
							<String ID="string_55" HPOS="775" VPOS="290" WIDTH="64" HEIGHT="21" WC="0.96" CONTENT="slutet"/><SP WIDTH="12" VPOS="290" HPOS="839"/>
							<String ID="string_56" HPOS="851" VPOS="289" WIDTH="62" HEIGHT="22" WC="0.96" CONTENT="deraf"/>
						</TextLine>
						<TextLine ID="line_6" HPOS="86" VPOS="318" WIDTH="827" HEIGHT="28">
							<String ID="string_57" HPOS="86" VPOS="319" WIDTH="129" HEIGHT="25" WC="0.88" CONTENT="framhålles,"/><SP WIDTH="21" VPOS="319" HPOS="215"/>
							<String ID="string_58" HPOS="236" VPOS="319" WIDTH="100" HEIGHT="20" WC="0.93" CONTENT="hurusom"/><SP WIDTH="15" VPOS="319" HPOS="336"/>
							<String ID="string_59" HPOS="351" VPOS="318" WIDTH="38" HEIGHT="21" WC="0.93" CONTENT="vid"/><SP WIDTH="16" VPOS="318" HPOS="389"/>
							<String ID="string_60" HPOS="405" VPOS="319" WIDTH="113" HEIGHT="21" WC="0.91" CONTENT="1877—78"/><SP WIDTH="15" VPOS="319" HPOS="518"/>
							<String ID="string_61" HPOS="533" VPOS="318" WIDTH="34" HEIGHT="21" WC="0.93" CONTENT="års"/><SP WIDTH="17" VPOS="318" HPOS="567"/>
							<String ID="string_62" HPOS="584" VPOS="319" WIDTH="109" HEIGHT="27" WC="0.92" CONTENT="landtdag,"/><SP WIDTH="17" VPOS="319" HPOS="693"/>
							<String ID="string_63" HPOS="710" VPOS="319" WIDTH="27" HEIGHT="20" WC="0.96" CONTENT="då"/><SP WIDTH="15" VPOS="319" HPOS="737"/>
							<String ID="string_64" HPOS="752" VPOS="318" WIDTH="37" HEIGHT="21" WC="0.93" CONTENT="det"/><SP WIDTH="14" VPOS="318" HPOS="789"/>
							<String ID="string_65" HPOS="803" VPOS="318" WIDTH="63" HEIGHT="28" WC="0.91" CONTENT="gälde"/><SP WIDTH="15" VPOS="318" HPOS="866"/>
							<String ID="string_66" HPOS="881" VPOS="320" WIDTH="32" HEIGHT="19" WC="0.96" CONTENT="att"/>
						</TextLine>
						<TextLine ID="line_7" HPOS="87" VPOS="346" WIDTH="825" HEIGHT="29">
							<String ID="string_67" HPOS="87" VPOS="348" WIDTH="35" HEIGHT="20" WC="0.96" CONTENT="för"/><SP WIDTH="15" VPOS="348" HPOS="122"/>
							<String ID="string_68" HPOS="137" VPOS="347" WIDTH="83" HEIGHT="21" WC="0.93" CONTENT="landets"/><SP WIDTH="23" VPOS="347" HPOS="220"/>
							<String ID="string_69" HPOS="243" VPOS="347" WIDTH="91" HEIGHT="21" WC="0.89" CONTENT="Ständer"/><SP WIDTH="22" VPOS="347" HPOS="334"/>
							<String ID="string_70" HPOS="356" VPOS="346" WIDTH="63" HEIGHT="28" WC="0.92" CONTENT="åtaga"/><SP WIDTH="14" VPOS="346" HPOS="419"/>
							<String ID="string_71" HPOS="433" VPOS="348" WIDTH="34" HEIGHT="26" WC="0.93" CONTENT="sig"/><SP WIDTH="15" VPOS="348" HPOS="467"/>
							<String ID="string_72" HPOS="482" VPOS="347" WIDTH="126" HEIGHT="28" WC="0.92" CONTENT="värnepligt,"/><SP WIDTH="16" VPOS="347" HPOS="608"/>
							<String ID="string_73" HPOS="624" VPOS="355" WIDTH="38" HEIGHT="13" WC="0.93" CONTENT="var"/><SP WIDTH="15" VPOS="355" HPOS="662"/>
							<String ID="string_74" HPOS="677" VPOS="347" WIDTH="75" HEIGHT="27" WC="0.92" CONTENT="nödigt"/><SP WIDTH="14" VPOS="347" HPOS="752"/>
							<String ID="string_75" HPOS="766" VPOS="347" WIDTH="61" HEIGHT="27" WC="0.96" CONTENT="gifva"/><SP WIDTH="15" VPOS="347" HPOS="827"/>
							<String ID="string_76" HPOS="842" VPOS="346" WIDTH="70" HEIGHT="21" WC="0.95" CONTENT="denna"/>
						</TextLine>
						<TextLine ID="line_8" HPOS="87" VPOS="374" WIDTH="825" HEIGHT="30">
							<String ID="string_77" HPOS="87" VPOS="376" WIDTH="100" HEIGHT="28" WC="0.96" CONTENT="paragraf"/><SP WIDTH="15" VPOS="376" HPOS="187"/>
							<String ID="string_78" HPOS="202" VPOS="375" WIDTH="67" HEIGHT="21" WC="0.96" CONTENT="sådan"/><SP WIDTH="15" VPOS="375" HPOS="269"/>
							<String ID="string_79" HPOS="284" VPOS="375" WIDTH="118" HEIGHT="26" WC="0.96" CONTENT="redaktion,"/><SP WIDTH="9" VPOS="375" HPOS="402"/>
							<String ID="string_80" HPOS="411" VPOS="378" WIDTH="32" HEIGHT="18" WC="0.96" CONTENT="att"/><SP WIDTH="14" VPOS="378" HPOS="443"/>
							<String ID="string_81" HPOS="457" VPOS="375" WIDTH="42" HEIGHT="21" WC="0.96" CONTENT="den"/><SP WIDTH="16" VPOS="375" HPOS="499"/>
							<String ID="string_82" HPOS="515" VPOS="376" WIDTH="68" HEIGHT="20" WC="0.93" CONTENT="finska"/><SP WIDTH="16" VPOS="376" HPOS="583"/>
							<String ID="string_83" HPOS="599" VPOS="375" WIDTH="160" HEIGHT="28" WC="0.92" CONTENT="krigsstyrkans"/><SP WIDTH="14" VPOS="375" HPOS="759"/>
							<String ID="string_84" HPOS="773" VPOS="374" WIDTH="86" HEIGHT="29" WC="0.93" CONTENT="uppgift"/><SP WIDTH="16" VPOS="374" HPOS="859"/>
							<String ID="string_85" HPOS="875" VPOS="374" WIDTH="37" HEIGHT="21" WC="0.89" CONTENT="be-"/>
						</TextLine>
						<TextLine ID="line_9" HPOS="88" VPOS="403" WIDTH="825" HEIGHT="29">
							<String ID="string_86" HPOS="88" VPOS="404" WIDTH="94" HEIGHT="22" WC="0.96" CONTENT="stämdes"/><SP WIDTH="16" VPOS="404" HPOS="182"/>
							<String ID="string_87" HPOS="198" VPOS="404" WIDTH="27" HEIGHT="28" WC="0.96" CONTENT="på"/><SP WIDTH="23" VPOS="404" HPOS="225"/>
							<String ID="string_88" HPOS="248" VPOS="404" WIDTH="77" HEIGHT="21" WC="0.96" CONTENT="sådant"/><SP WIDTH="14" VPOS="404" HPOS="325"/>
							<String ID="string_89" HPOS="339" VPOS="405" WIDTH="49" HEIGHT="24" WC="0.93" CONTENT="sätt,"/><SP WIDTH="17" VPOS="405" HPOS="388"/>
							<String ID="string_90" HPOS="405" VPOS="407" WIDTH="44" HEIGHT="17" WC="0.61" CONTENT="»att"/><SP WIDTH="15" VPOS="407" HPOS="449"/>
							<String ID="string_91" HPOS="464" VPOS="404" WIDTH="27" HEIGHT="21" WC="0.96" CONTENT="de"/><SP WIDTH="16" VPOS="404" HPOS="491"/>
							<String ID="string_92" HPOS="507" VPOS="412" WIDTH="41" HEIGHT="19" WC="0.93" CONTENT="nya"/><SP WIDTH="16" VPOS="412" HPOS="548"/>
							<String ID="string_93" HPOS="564" VPOS="404" WIDTH="84" HEIGHT="28" WC="0.93" CONTENT="pligter,"/><SP WIDTH="16" VPOS="404" HPOS="648"/>
							<String ID="string_94" HPOS="664" VPOS="411" WIDTH="45" HEIGHT="14" WC="0.93" CONTENT="som"/><SP WIDTH="17" VPOS="411" HPOS="709"/>
							<String ID="string_95" HPOS="726" VPOS="403" WIDTH="73" HEIGHT="22" WC="0.92" CONTENT="ålades"/><SP WIDTH="16" VPOS="403" HPOS="799"/>
							<String ID="string_96" HPOS="815" VPOS="403" WIDTH="98" HEIGHT="21" WC="0.92" CONTENT="medbor-"/>
						</TextLine>
						<TextLine ID="line_10" HPOS="87" VPOS="432" WIDTH="826" HEIGHT="29">
							<String ID="string_97" HPOS="87" VPOS="440" WIDTH="84" HEIGHT="21" WC="0.91" CONTENT="garene,"/><SP WIDTH="16" VPOS="440" HPOS="171"/>
							<String ID="string_98" HPOS="187" VPOS="432" WIDTH="132" HEIGHT="21" WC="0.96" CONTENT="omedelbart"/><SP WIDTH="14" VPOS="432" HPOS="319"/>
							<String ID="string_99" HPOS="333" VPOS="432" WIDTH="68" HEIGHT="21" WC="0.96" CONTENT="skulle"/><SP WIDTH="16" VPOS="432" HPOS="401"/>
							<String ID="string_100" HPOS="417" VPOS="432" WIDTH="73" HEIGHT="21" WC="0.95" CONTENT="kunna"/><SP WIDTH="15" VPOS="432" HPOS="490"/>
							<String ID="string_101" HPOS="505" VPOS="432" WIDTH="23" HEIGHT="21" WC="0.90" CONTENT="af"/><SP WIDTH="15" VPOS="432" HPOS="528"/>
							<String ID="string_102" HPOS="543" VPOS="432" WIDTH="36" HEIGHT="21" WC="0.96" CONTENT="det"/><SP WIDTH="16" VPOS="432" HPOS="579"/>
							<String ID="string_103" HPOS="595" VPOS="432" WIDTH="107" HEIGHT="21" WC="0.93" CONTENT="allmänna"/><SP WIDTH="13" VPOS="432" HPOS="702"/>
							<String ID="string_104" HPOS="715" VPOS="432" WIDTH="131" HEIGHT="21" WC="0.91" CONTENT="tänkesättet"/><SP WIDTH="13" VPOS="432" HPOS="846"/>
							<String ID="string_105" HPOS="859" VPOS="439" WIDTH="54" HEIGHT="20" WC="0.92" CONTENT="upp-"/>
						</TextLine>
						<TextLine ID="line_11" HPOS="89" VPOS="460" WIDTH="823" HEIGHT="28">
							<String ID="string_106" HPOS="89" VPOS="461" WIDTH="67" HEIGHT="22" WC="0.95" CONTENT="bäras."/><SP WIDTH="28" VPOS="461" HPOS="156"/>
							<String ID="string_107" HPOS="184" VPOS="461" WIDTH="52" HEIGHT="20" WC="0.96" CONTENT="Men"/><SP WIDTH="17" VPOS="461" HPOS="236"/>
							<String ID="string_108" HPOS="253" VPOS="460" WIDTH="27" HEIGHT="21" WC="0.93" CONTENT="då"/><SP WIDTH="15" VPOS="460" HPOS="280"/>
							<String ID="string_109" HPOS="295" VPOS="461" WIDTH="193" HEIGHT="27" WC="0.91" CONTENT="värnepligtslagen"/><SP WIDTH="17" VPOS="461" HPOS="488"/>
							<String ID="string_110" HPOS="505" VPOS="468" WIDTH="28" HEIGHT="13" WC="0.96" CONTENT="nu"/><SP WIDTH="16" VPOS="468" HPOS="533"/>
							<String ID="string_111" HPOS="549" VPOS="463" WIDTH="23" HEIGHT="18" WC="0.96" CONTENT="är"/><SP WIDTH="14" VPOS="463" HPOS="572"/>
							<String ID="string_112" HPOS="586" VPOS="460" WIDTH="91" HEIGHT="21" WC="0.96" CONTENT="föremål"/><SP WIDTH="10" VPOS="460" HPOS="677"/>
							<String ID="string_113" HPOS="687" VPOS="460" WIDTH="35" HEIGHT="21" WC="0.96" CONTENT="för"/><SP WIDTH="17" VPOS="460" HPOS="722"/>
							<String ID="string_114" HPOS="739" VPOS="461" WIDTH="100" HEIGHT="26" WC="0.96" CONTENT="revision,"/><SP WIDTH="12" VPOS="461" HPOS="839"/>
							<String ID="string_115" HPOS="851" VPOS="463" WIDTH="61" HEIGHT="18" WC="0.96" CONTENT="torde"/>
						</TextLine>
						<TextLine ID="line_12" HPOS="88" VPOS="489" WIDTH="825" HEIGHT="28">
							<String ID="string_116" HPOS="88" VPOS="489" WIDTH="103" HEIGHT="22" WC="0.93" CONTENT="Finlands"/><SP WIDTH="15" VPOS="489" HPOS="191"/>
							<String ID="string_117" HPOS="206" VPOS="489" WIDTH="143" HEIGHT="28" WC="0.90" CONTENT="förpligtelser"/><SP WIDTH="23" VPOS="489" HPOS="349"/>
							<String ID="string_118" HPOS="372" VPOS="489" WIDTH="48" HEIGHT="21" WC="0.87" CONTENT="med"/><SP WIDTH="21" VPOS="489" HPOS="420"/>
							<String ID="string_119" HPOS="441" VPOS="489" WIDTH="86" HEIGHT="28" WC="0.92" CONTENT="hänsigt"/><SP WIDTH="14" VPOS="489" HPOS="527"/>
							<String ID="string_120" HPOS="541" VPOS="489" WIDTH="32" HEIGHT="21" WC="0.96" CONTENT="till"/><SP WIDTH="15" VPOS="489" HPOS="573"/>
							<String ID="string_121" HPOS="588" VPOS="489" WIDTH="67" HEIGHT="21" WC="0.96" CONTENT="rikets"/><SP WIDTH="16" VPOS="489" HPOS="655"/>
							<String ID="string_122" HPOS="671" VPOS="489" WIDTH="85" HEIGHT="21" WC="0.96" CONTENT="försvar"/><SP WIDTH="15" VPOS="489" HPOS="756"/>
							<String ID="string_123" HPOS="771" VPOS="489" WIDTH="50" HEIGHT="21" WC="0.93" CONTENT="böra"/><SP WIDTH="16" VPOS="489" HPOS="821"/>
							<String ID="string_124" HPOS="837" VPOS="489" WIDTH="76" HEIGHT="21" WC="0.91" CONTENT="erkän-"/>
						</TextLine>
						<TextLine ID="line_13" HPOS="88" VPOS="517" WIDTH="824" HEIGHT="29">
							<String ID="string_125" HPOS="88" VPOS="526" WIDTH="38" HEIGHT="14" WC="0.96" CONTENT="nas"/><SP WIDTH="16" VPOS="526" HPOS="126"/>
							<String ID="string_126" HPOS="142" VPOS="519" WIDTH="6" HEIGHT="20" WC="0.96" CONTENT="i"/><SP WIDTH="16" VPOS="519" HPOS="148"/>
							<String ID="string_127" HPOS="164" VPOS="518" WIDTH="41" HEIGHT="21" WC="0.95" CONTENT="den"/><SP WIDTH="24" VPOS="518" HPOS="205"/>
							<String ID="string_128" HPOS="229" VPOS="517" WIDTH="152" HEIGHT="28" WC="0.95" CONTENT="utsträckning,"/><SP WIDTH="24" VPOS="517" HPOS="381"/>
							<String ID="string_129" HPOS="405" VPOS="525" WIDTH="45" HEIGHT="14" WC="0.93" CONTENT="som"/><SP WIDTH="25" VPOS="525" HPOS="450"/>
							<String ID="string_130" HPOS="475" VPOS="518" WIDTH="97" HEIGHT="27" WC="0.89" CONTENT="betingas"/><SP WIDTH="16" VPOS="518" HPOS="572"/>
							<String ID="string_131" HPOS="588" VPOS="518" WIDTH="23" HEIGHT="21" WC="0.96" CONTENT="af"/><SP WIDTH="15" VPOS="518" HPOS="611"/>
							<String ID="string_132" HPOS="626" VPOS="517" WIDTH="85" HEIGHT="22" WC="0.96" CONTENT="landets"/><SP WIDTH="23" VPOS="517" HPOS="711"/>
							<String ID="string_133" HPOS="734" VPOS="517" WIDTH="101" HEIGHT="29" WC="0.93" CONTENT="politiska"/><SP WIDTH="19" VPOS="517" HPOS="835"/>
							<String ID="string_134" HPOS="854" VPOS="517" WIDTH="58" HEIGHT="21" WC="0.92" CONTENT="ställ-"/>
						</TextLine>
						<TextLine ID="line_14" HPOS="88" VPOS="545" WIDTH="824" HEIGHT="30">
							<String ID="string_135" HPOS="88" VPOS="548" WIDTH="70" HEIGHT="27" WC="0.92" CONTENT="ning»."/><SP WIDTH="30" VPOS="548" HPOS="158"/>
							<String ID="string_136" HPOS="188" VPOS="547" WIDTH="47" HEIGHT="21" WC="0.95" CONTENT="Här"/><SP WIDTH="15" VPOS="547" HPOS="235"/>
							<String ID="string_137" HPOS="250" VPOS="547" WIDTH="67" HEIGHT="20" WC="0.96" CONTENT="finnas"/><SP WIDTH="14" VPOS="547" HPOS="317"/>
							<String ID="string_138" HPOS="331" VPOS="548" WIDTH="80" HEIGHT="19" WC="0.96" CONTENT="tvänne"/><SP WIDTH="16" VPOS="548" HPOS="411"/>
							<String ID="string_139" HPOS="427" VPOS="546" WIDTH="103" HEIGHT="28" WC="0.96" CONTENT="märkliga"/><SP WIDTH="12" VPOS="546" HPOS="530"/>
							<String ID="string_140" HPOS="542" VPOS="546" WIDTH="131" HEIGHT="29" WC="0.96" CONTENT="påståenden"/><SP WIDTH="18" VPOS="546" HPOS="673"/>
							<String ID="string_141" HPOS="691" VPOS="547" WIDTH="56" HEIGHT="20" WC="0.96" CONTENT="inom"/><SP WIDTH="16" VPOS="547" HPOS="747"/>
							<String ID="string_142" HPOS="763" VPOS="546" WIDTH="63" HEIGHT="21" WC="0.95" CONTENT="dessa"/><SP WIDTH="15" VPOS="546" HPOS="826"/>
							<String ID="string_143" HPOS="841" VPOS="545" WIDTH="23" HEIGHT="22" WC="0.92" CONTENT="få"/><SP WIDTH="15" VPOS="545" HPOS="864"/>
							<String ID="string_144" HPOS="879" VPOS="553" WIDTH="33" HEIGHT="13" WC="0.92" CONTENT="ra-"/>
						</TextLine>
						<TextLine ID="line_15" HPOS="88" VPOS="575" WIDTH="823" HEIGHT="28">
							<String ID="string_145" HPOS="88" VPOS="575" WIDTH="48" HEIGHT="22" WC="0.96" CONTENT="der:"/><SP WIDTH="16" VPOS="575" HPOS="136"/>
							<String ID="string_146" HPOS="152" VPOS="575" WIDTH="37" HEIGHT="21" WC="0.96" CONTENT="det"/><SP WIDTH="15" VPOS="575" HPOS="189"/>
							<String ID="string_147" HPOS="204" VPOS="583" WIDTH="39" HEIGHT="13" WC="0.95" CONTENT="ena"/><SP WIDTH="16" VPOS="583" HPOS="243"/>
							<String ID="string_148" HPOS="259" VPOS="578" WIDTH="30" HEIGHT="17" WC="0.96" CONTENT="att"/><SP WIDTH="15" VPOS="578" HPOS="289"/>
							<String ID="string_149" HPOS="304" VPOS="575" WIDTH="36" HEIGHT="21" WC="0.93" CONTENT="vid"/><SP WIDTH="17" VPOS="575" HPOS="340"/>
							<String ID="string_150" HPOS="357" VPOS="576" WIDTH="112" HEIGHT="20" WC="0.90" CONTENT="1877—78"/><SP WIDTH="15" VPOS="576" HPOS="469"/>
							<String ID="string_151" HPOS="484" VPOS="575" WIDTH="34" HEIGHT="21" WC="0.93" CONTENT="års"/><SP WIDTH="16" VPOS="575" HPOS="518"/>
							<String ID="string_152" HPOS="534" VPOS="575" WIDTH="103" HEIGHT="28" WC="0.92" CONTENT="landtdag"/><SP WIDTH="16" VPOS="575" HPOS="637"/>
							<String ID="string_153" HPOS="653" VPOS="575" WIDTH="26" HEIGHT="20" WC="0.97" CONTENT="de"/><SP WIDTH="16" VPOS="575" HPOS="679"/>
							<String ID="string_154" HPOS="695" VPOS="575" WIDTH="151" HEIGHT="28" WC="0.96" CONTENT="skyldigheter,"/><SP WIDTH="19" VPOS="575" HPOS="846"/>
							<String ID="string_155" HPOS="865" VPOS="581" WIDTH="46" HEIGHT="14" WC="0.96" CONTENT="som"/>
						</TextLine>
						<TextLine ID="line_16" HPOS="88" VPOS="602" WIDTH="824" HEIGHT="30">
							<String ID="string_156" HPOS="88" VPOS="604" WIDTH="103" HEIGHT="21" WC="0.96" CONTENT="Finlands"/><SP WIDTH="16" VPOS="604" HPOS="191"/>
							<String ID="string_157" HPOS="207" VPOS="603" WIDTH="100" HEIGHT="29" WC="0.96" CONTENT="politiska"/><SP WIDTH="15" VPOS="603" HPOS="307"/>
							<String ID="string_158" HPOS="322" VPOS="603" WIDTH="101" HEIGHT="28" WC="0.96" CONTENT="ställning"/><SP WIDTH="22" VPOS="603" HPOS="423"/>
							<String ID="string_159" HPOS="445" VPOS="603" WIDTH="112" HEIGHT="28" WC="0.96" CONTENT="påkallade"/><SP WIDTH="23" VPOS="603" HPOS="557"/>
							<String ID="string_160" HPOS="580" VPOS="606" WIDTH="109" HEIGHT="25" WC="0.96" CONTENT="gentemot"/><SP WIDTH="18" VPOS="606" HPOS="689"/>
							<String ID="string_161" HPOS="707" VPOS="604" WIDTH="61" HEIGHT="24" WC="0.96" CONTENT="riket,"/><SP WIDTH="12" VPOS="604" HPOS="768"/>
							<String ID="string_162" HPOS="780" VPOS="603" WIDTH="48" HEIGHT="21" WC="0.96" CONTENT="icke"/><SP WIDTH="15" VPOS="603" HPOS="828"/>
							<String ID="string_163" HPOS="843" VPOS="602" WIDTH="69" HEIGHT="21" WC="0.96" CONTENT="skulle"/>
						</TextLine>
						<TextLine ID="line_17" HPOS="88" VPOS="631" WIDTH="823" HEIGHT="22">
							<String ID="string_164" HPOS="88" VPOS="633" WIDTH="66" HEIGHT="20" WC="0.96" CONTENT="hafva"/><SP WIDTH="16" VPOS="633" HPOS="154"/>
							<String ID="string_165" HPOS="170" VPOS="633" WIDTH="72" HEIGHT="20" WC="0.96" CONTENT="blifvit"/><SP WIDTH="15" VPOS="633" HPOS="242"/>
							<String ID="string_166" HPOS="257" VPOS="632" WIDTH="22" HEIGHT="21" WC="0.96" CONTENT="af"/><SP WIDTH="15" VPOS="632" HPOS="279"/>
							<String ID="string_167" HPOS="294" VPOS="631" WIDTH="63" HEIGHT="22" WC="0.96" CONTENT="dessa"/><SP WIDTH="15" VPOS="631" HPOS="357"/>
							<String ID="string_168" HPOS="372" VPOS="639" WIDTH="79" HEIGHT="14" WC="0.93" CONTENT="samma"/><SP WIDTH="16" VPOS="639" HPOS="451"/>
							<String ID="string_169" HPOS="467" VPOS="631" WIDTH="93" HEIGHT="22" WC="0.92" CONTENT="Ständer"/><SP WIDTH="16" VPOS="631" HPOS="560"/>
							<String ID="string_170" HPOS="576" VPOS="632" WIDTH="111" HEIGHT="21" WC="0.96" CONTENT="beaktade."/><SP WIDTH="30" VPOS="632" HPOS="687"/>
							<String ID="string_171" HPOS="717" VPOS="632" WIDTH="66" HEIGHT="21" WC="0.95" CONTENT="Detta"/><SP WIDTH="14" VPOS="632" HPOS="783"/>
							<String ID="string_172" HPOS="797" VPOS="633" WIDTH="22" HEIGHT="19" WC="0.96" CONTENT="är"/><SP WIDTH="15" VPOS="633" HPOS="819"/>
							<String ID="string_173" HPOS="834" VPOS="631" WIDTH="77" HEIGHT="21" WC="0.96" CONTENT="liksom"/>
						</TextLine>
						<TextLine ID="line_18" HPOS="90" VPOS="659" WIDTH="822" HEIGHT="30">
							<String ID="string_174" HPOS="90" VPOS="661" WIDTH="74" HEIGHT="21" WC="0.95" CONTENT="många"/><SP WIDTH="16" VPOS="661" HPOS="164"/>
							<String ID="string_175" HPOS="180" VPOS="660" WIDTH="65" HEIGHT="21" WC="0.96" CONTENT="andra"/><SP WIDTH="16" VPOS="660" HPOS="245"/>
							<String ID="string_176" HPOS="261" VPOS="660" WIDTH="123" HEIGHT="21" WC="0.96" CONTENT="uttalanden"/><SP WIDTH="16" VPOS="660" HPOS="384"/>
							<String ID="string_177" HPOS="400" VPOS="661" WIDTH="7" HEIGHT="20" WC="0.96" CONTENT="i"/><SP WIDTH="15" VPOS="661" HPOS="407"/>
							<String ID="string_178" HPOS="422" VPOS="668" WIDTH="80" HEIGHT="13" WC="0.96" CONTENT="samma"/><SP WIDTH="16" VPOS="668" HPOS="502"/>
							<String ID="string_179" HPOS="518" VPOS="661" WIDTH="95" HEIGHT="27" WC="0.95" CONTENT="riktning"/><SP WIDTH="16" VPOS="661" HPOS="613"/>
							<String ID="string_180" HPOS="629" VPOS="663" WIDTH="31" HEIGHT="18" WC="0.96" CONTENT="ett"/><SP WIDTH="15" VPOS="663" HPOS="660"/>
							<String ID="string_181" HPOS="675" VPOS="660" WIDTH="123" HEIGHT="29" WC="0.96" CONTENT="påstående,"/><SP WIDTH="15" VPOS="660" HPOS="798"/>
							<String ID="string_182" HPOS="813" VPOS="660" WIDTH="34" HEIGHT="21" WC="0.93" CONTENT="för"/><SP WIDTH="10" VPOS="660" HPOS="847"/>
							<String ID="string_183" HPOS="857" VPOS="659" WIDTH="55" HEIGHT="22" WC="0.91" CONTENT="hvil-"/>
						</TextLine>
						<TextLine ID="line_19" HPOS="90" VPOS="687" WIDTH="822" HEIGHT="29">
							<String ID="string_184" HPOS="90" VPOS="690" WIDTH="36" HEIGHT="21" WC="0.96" CONTENT="ket"/><SP WIDTH="38" VPOS="690" HPOS="126"/>
							<String ID="string_185" HPOS="164" VPOS="689" WIDTH="89" HEIGHT="21" WC="0.69" CONTENT="Utskottet"/><SP WIDTH="8" VPOS="689" HPOS="253"/>
							<String ID="string_186" HPOS="261" VPOS="689" WIDTH="47" HEIGHT="21" WC="0.69" CONTENT="icke"/><SP WIDTH="16" VPOS="689" HPOS="308"/>
							<String ID="string_187" HPOS="324" VPOS="697" WIDTH="37" HEIGHT="13" WC="0.93" CONTENT="ens"/><SP WIDTH="15" VPOS="697" HPOS="361"/>
							<String ID="string_188" HPOS="376" VPOS="689" WIDTH="64" HEIGHT="27" WC="0.93" CONTENT="gittat"/><SP WIDTH="15" VPOS="689" HPOS="440"/>
							<String ID="string_189" HPOS="455" VPOS="689" WIDTH="87" HEIGHT="21" WC="0.96" CONTENT="försöka"/><SP WIDTH="15" VPOS="689" HPOS="542"/>
							<String ID="string_190" HPOS="557" VPOS="689" WIDTH="119" HEIGHT="21" WC="0.96" CONTENT="framställa"/><SP WIDTH="15" VPOS="689" HPOS="676"/>
							<String ID="string_191" HPOS="691" VPOS="689" WIDTH="66" HEIGHT="27" WC="0.96" CONTENT="några"/><SP WIDTH="16" VPOS="689" HPOS="757"/>
							<String ID="string_192" HPOS="773" VPOS="689" WIDTH="65" HEIGHT="20" WC="0.96" CONTENT="bevis."/><SP WIDTH="31" VPOS="689" HPOS="838"/>
							<String ID="string_193" HPOS="869" VPOS="687" WIDTH="43" HEIGHT="22" WC="0.96" CONTENT="Det"/>
						</TextLine>
						<TextLine ID="line_20" HPOS="89" VPOS="716" WIDTH="823" HEIGHT="29">
							<String ID="string_194" HPOS="89" VPOS="718" WIDTH="41" HEIGHT="20" WC="0.96" CONTENT="kan"/><SP WIDTH="18" VPOS="718" HPOS="130"/>
							<String ID="string_195" HPOS="148" VPOS="718" WIDTH="67" HEIGHT="20" WC="0.96" CONTENT="under"/><SP WIDTH="15" VPOS="718" HPOS="215"/>
							<String ID="string_196" HPOS="230" VPOS="718" WIDTH="49" HEIGHT="27" WC="0.96" CONTENT="inga"/><SP WIDTH="15" VPOS="718" HPOS="279"/>
							<String ID="string_197" HPOS="294" VPOS="717" WIDTH="148" HEIGHT="21" WC="0.96" CONTENT="förhållanden"/><SP WIDTH="16" VPOS="717" HPOS="442"/>
							<String ID="string_198" HPOS="458" VPOS="724" WIDTH="69" HEIGHT="19" WC="0.96" CONTENT="anses,"/><SP WIDTH="18" VPOS="724" HPOS="527"/>
							<String ID="string_199" HPOS="545" VPOS="720" WIDTH="32" HEIGHT="18" WC="0.95" CONTENT="att"/><SP WIDTH="14" VPOS="720" HPOS="577"/>
							<String ID="string_200" HPOS="591" VPOS="718" WIDTH="48" HEIGHT="20" WC="0.95" CONTENT="icke"/><SP WIDTH="16" VPOS="718" HPOS="639"/>
							<String ID="string_201" HPOS="655" VPOS="717" WIDTH="27" HEIGHT="21" WC="0.96" CONTENT="de"/><SP WIDTH="16" VPOS="717" HPOS="682"/>
							<String ID="string_202" HPOS="698" VPOS="716" WIDTH="152" HEIGHT="29" WC="0.96" CONTENT="skyldigheter,"/><SP WIDTH="17" VPOS="716" HPOS="850"/>
							<String ID="string_203" HPOS="867" VPOS="723" WIDTH="45" HEIGHT="14" WC="0.96" CONTENT="som"/>
						</TextLine>
						<TextLine ID="line_21" HPOS="89" VPOS="744" WIDTH="824" HEIGHT="30">
							<String ID="string_204" HPOS="89" VPOS="746" WIDTH="83" HEIGHT="21" WC="0.93" CONTENT="landets"/><SP WIDTH="17" VPOS="746" HPOS="172"/>
							<String ID="string_205" HPOS="189" VPOS="746" WIDTH="99" HEIGHT="28" WC="0.92" CONTENT="politiska"/><SP WIDTH="15" VPOS="746" HPOS="288"/>
							<String ID="string_206" HPOS="303" VPOS="746" WIDTH="100" HEIGHT="28" WC="0.93" CONTENT="ställning"/><SP WIDTH="31" VPOS="746" HPOS="403"/>
							<String ID="string_207" HPOS="434" VPOS="745" WIDTH="85" HEIGHT="27" WC="0.91" CONTENT="päkallar,"/><SP WIDTH="16" VPOS="745" HPOS="519"/>
							<String ID="string_208" HPOS="535" VPOS="746" WIDTH="68" HEIGHT="21" WC="0.93" CONTENT="skulle"/><SP WIDTH="16" VPOS="746" HPOS="603"/>
							<String ID="string_209" HPOS="619" VPOS="746" WIDTH="66" HEIGHT="21" WC="0.93" CONTENT="hafva"/><SP WIDTH="16" VPOS="746" HPOS="685"/>
							<String ID="string_210" HPOS="701" VPOS="746" WIDTH="72" HEIGHT="21" WC="0.92" CONTENT="blifvit"/><SP WIDTH="13" VPOS="746" HPOS="773"/>
							<String ID="string_211" HPOS="786" VPOS="745" WIDTH="23" HEIGHT="21" WC="0.96" CONTENT="af"/><SP WIDTH="12" VPOS="745" HPOS="809"/>
							<String ID="string_212" HPOS="821" VPOS="744" WIDTH="92" HEIGHT="22" WC="0.96" CONTENT="nämnda"/>
						</TextLine>
						<TextLine ID="line_22" HPOS="90" VPOS="772" WIDTH="823" HEIGHT="29">
							<String ID="string_213" HPOS="90" VPOS="774" WIDTH="92" HEIGHT="22" WC="0.92" CONTENT="Ständer"/><SP WIDTH="22" VPOS="774" HPOS="182"/>
							<String ID="string_214" HPOS="204" VPOS="775" WIDTH="50" HEIGHT="20" WC="0.92" CONTENT="fullt"/><SP WIDTH="22" VPOS="775" HPOS="254"/>
							<String ID="string_215" HPOS="276" VPOS="774" WIDTH="111" HEIGHT="26" WC="0.92" CONTENT="beaktade,"/><SP WIDTH="38" VPOS="774" HPOS="387"/>
							<String ID="string_216" HPOS="425" VPOS="774" WIDTH="12" HEIGHT="21" WC="0.93" CONTENT="dä"/><SP WIDTH="23" VPOS="774" HPOS="437"/>
							<String ID="string_217" HPOS="460" VPOS="774" WIDTH="108" HEIGHT="22" WC="0.92" CONTENT="desamma"/><SP WIDTH="15" VPOS="774" HPOS="568"/>
							<String ID="string_218" HPOS="583" VPOS="775" WIDTH="7" HEIGHT="20" WC="0.95" CONTENT="i"/><SP WIDTH="16" VPOS="775" HPOS="590"/>
							<String ID="string_219" HPOS="606" VPOS="774" WIDTH="41" HEIGHT="21" WC="0.96" CONTENT="den"/><SP WIDTH="24" VPOS="774" HPOS="647"/>
							<String ID="string_220" HPOS="671" VPOS="774" WIDTH="148" HEIGHT="27" WC="0.90" CONTENT="utsträckning"/><SP WIDTH="18" VPOS="774" HPOS="819"/>
							<String ID="string_221" HPOS="837" VPOS="772" WIDTH="76" HEIGHT="29" WC="0.92" CONTENT="pälade"/>
						</TextLine>
						<TextLine ID="line_23" HPOS="90" VPOS="801" WIDTH="823" HEIGHT="30">
							<String ID="string_222" HPOS="90" VPOS="803" WIDTH="73" HEIGHT="21" WC="0.90" CONTENT="landet"/><SP WIDTH="25" VPOS="803" HPOS="163"/>
							<String ID="string_223" HPOS="188" VPOS="803" WIDTH="203" HEIGHT="28" WC="0.88" CONTENT="värnepligtstunga,"/><SP WIDTH="23" VPOS="803" HPOS="391"/>
							<String ID="string_224" HPOS="414" VPOS="810" WIDTH="44" HEIGHT="14" WC="0.93" CONTENT="som"/><SP WIDTH="24" VPOS="810" HPOS="458"/>
							<String ID="string_225" HPOS="482" VPOS="804" WIDTH="30" HEIGHT="20" WC="0.92" CONTENT="uti"/><SP WIDTH="17" VPOS="804" HPOS="512"/>
							<String ID="string_226" HPOS="529" VPOS="803" WIDTH="41" HEIGHT="21" WC="0.93" CONTENT="den"/><SP WIDTH="16" VPOS="803" HPOS="570"/>
							<String ID="string_227" HPOS="586" VPOS="802" WIDTH="49" HEIGHT="22" WC="0.92" CONTENT="näd."/><SP WIDTH="16" VPOS="802" HPOS="635"/>
							<String ID="string_228" HPOS="651" VPOS="810" WIDTH="75" HEIGHT="21" WC="0.92" CONTENT="prop:n"/><SP WIDTH="16" VPOS="810" HPOS="726"/>
							<String ID="string_229" HPOS="742" VPOS="802" WIDTH="95" HEIGHT="22" WC="0.91" CONTENT="äskades."/><SP WIDTH="31" VPOS="802" HPOS="837"/>
							<String ID="string_230" HPOS="868" VPOS="801" WIDTH="45" HEIGHT="21" WC="0.96" CONTENT="Der"/>
						</TextLine>
						<TextLine ID="line_24" HPOS="90" VPOS="830" WIDTH="822" HEIGHT="29">
							<String ID="string_231" HPOS="90" VPOS="832" WIDTH="90" HEIGHT="20" WC="0.92" CONTENT="äskades"/><SP WIDTH="23" VPOS="832" HPOS="180"/>
							<String ID="string_232" HPOS="203" VPOS="832" WIDTH="106" HEIGHT="27" WC="0.92" CONTENT="nämligen"/><SP WIDTH="23" VPOS="832" HPOS="309"/>
							<String ID="string_233" HPOS="332" VPOS="832" WIDTH="47" HEIGHT="20" WC="0.91" CONTENT="icke"/><SP WIDTH="22" VPOS="832" HPOS="379"/>
							<String ID="string_234" HPOS="401" VPOS="831" WIDTH="70" HEIGHT="28" WC="0.92" CONTENT="nägon"/><SP WIDTH="23" VPOS="831" HPOS="471"/>
							<String ID="string_235" HPOS="494" VPOS="833" WIDTH="67" HEIGHT="19" WC="0.92" CONTENT="större"/><SP WIDTH="23" VPOS="833" HPOS="561"/>
							<String ID="string_236" HPOS="584" VPOS="834" WIDTH="67" HEIGHT="25" WC="0.92" CONTENT="tunga"/><SP WIDTH="12" VPOS="834" HPOS="651"/>
							<String ID="string_237" HPOS="663" VPOS="833" WIDTH="27" HEIGHT="19" WC="0.96" CONTENT="än"/><SP WIDTH="16" VPOS="833" HPOS="690"/>
							<String ID="string_238" HPOS="706" VPOS="838" WIDTH="45" HEIGHT="14" WC="0.92" CONTENT="som"/><SP WIDTH="24" VPOS="838" HPOS="751"/>
							<String ID="string_239" HPOS="775" VPOS="831" WIDTH="82" HEIGHT="28" WC="0.92" CONTENT="pätogs,"/><SP WIDTH="16" VPOS="831" HPOS="857"/>
							<String ID="string_240" HPOS="873" VPOS="830" WIDTH="39" HEIGHT="21" WC="0.96" CONTENT="och"/>
						</TextLine>
						<TextLine ID="line_25" HPOS="90" VPOS="859" WIDTH="824" HEIGHT="29">
							<String ID="string_241" HPOS="90" VPOS="860" WIDTH="129" HEIGHT="26" WC="0.91" CONTENT="derutöfver,"/><SP WIDTH="15" VPOS="860" HPOS="219"/>
							<String ID="string_242" HPOS="234" VPOS="864" WIDTH="51" HEIGHT="17" WC="0.96" CONTENT="utan"/><SP WIDTH="16" VPOS="864" HPOS="285"/>
							<String ID="string_243" HPOS="301" VPOS="863" WIDTH="31" HEIGHT="18" WC="0.96" CONTENT="att"/><SP WIDTH="15" VPOS="863" HPOS="332"/>
							<String ID="string_244" HPOS="347" VPOS="867" WIDTH="26" HEIGHT="14" WC="0.93" CONTENT="en"/><SP WIDTH="16" VPOS="867" HPOS="373"/>
							<String ID="string_245" HPOS="389" VPOS="860" WIDTH="66" HEIGHT="21" WC="0.93" CONTENT="sädan"/><SP WIDTH="16" VPOS="860" HPOS="455"/>
							<String ID="string_246" HPOS="471" VPOS="860" WIDTH="96" HEIGHT="25" WC="0.91" CONTENT="äskades,"/><SP WIDTH="16" VPOS="860" HPOS="567"/>
							<String ID="string_247" HPOS="583" VPOS="860" WIDTH="88" HEIGHT="28" WC="0.92" CONTENT="pälades"/><SP WIDTH="22" VPOS="860" HPOS="671"/>
							<String ID="string_248" HPOS="693" VPOS="860" WIDTH="72" HEIGHT="21" WC="0.93" CONTENT="landet"/><SP WIDTH="14" VPOS="860" HPOS="765"/>
							<String ID="string_249" HPOS="779" VPOS="859" WIDTH="135" HEIGHT="21" WC="0.92" CONTENT="reservinsti-"/>
						</TextLine>
						<TextLine ID="line_26" HPOS="90" VPOS="887" WIDTH="824" HEIGHT="29">
							<String ID="string_250" HPOS="90" VPOS="890" WIDTH="97" HEIGHT="20" WC="0.88" CONTENT="tutionen"/><SP WIDTH="24" VPOS="890" HPOS="187"/>
							<String ID="string_251" HPOS="211" VPOS="888" WIDTH="69" HEIGHT="22" WC="0.91" CONTENT="säsom"/><SP WIDTH="21" VPOS="888" HPOS="280"/>
							<String ID="string_252" HPOS="301" VPOS="891" WIDTH="30" HEIGHT="18" WC="0.97" CONTENT="ett"/><SP WIDTH="14" VPOS="891" HPOS="331"/>
							<String ID="string_253" HPOS="345" VPOS="888" WIDTH="123" HEIGHT="28" WC="0.93" CONTENT="ytterligare"/><SP WIDTH="23" VPOS="888" HPOS="468"/>
							<String ID="string_254" HPOS="491" VPOS="888" WIDTH="97" HEIGHT="22" WC="0.91" CONTENT="tillskott."/><SP WIDTH="30" VPOS="888" HPOS="588"/>
							<String ID="string_255" HPOS="618" VPOS="888" WIDTH="66" HEIGHT="22" WC="0.92" CONTENT="Hvad"/><SP WIDTH="16" VPOS="888" HPOS="684"/>
							<String ID="string_256" HPOS="700" VPOS="888" WIDTH="46" HEIGHT="21" WC="0.93" CONTENT="äter"/><SP WIDTH="15" VPOS="888" HPOS="746"/>
							<String ID="string_257" HPOS="761" VPOS="887" WIDTH="106" HEIGHT="25" WC="0.95" CONTENT="beträffar,"/><SP WIDTH="16" VPOS="887" HPOS="867"/>
							<String ID="string_258" HPOS="883" VPOS="890" WIDTH="31" HEIGHT="18" WC="0.94" CONTENT="att"/>
						</TextLine>
						<TextLine ID="line_27" HPOS="91" VPOS="916" WIDTH="823" HEIGHT="29">
							<String ID="string_259" HPOS="91" VPOS="918" WIDTH="11" HEIGHT="27" WC="0.90" CONTENT="8"/><SP WIDTH="17" VPOS="918" HPOS="102"/>
							<String ID="string_260" HPOS="119" VPOS="918" WIDTH="10" HEIGHT="20" WC="0.90" CONTENT="1"/><SP WIDTH="17" VPOS="918" HPOS="129"/>
							<String ID="string_261" HPOS="146" VPOS="917" WIDTH="68" HEIGHT="21" WC="0.93" CONTENT="skulle"/><SP WIDTH="16" VPOS="917" HPOS="214"/>
							<String ID="string_262" HPOS="230" VPOS="917" WIDTH="65" HEIGHT="21" WC="0.92" CONTENT="hafva"/><SP WIDTH="14" VPOS="917" HPOS="295"/>
							<String ID="string_263" HPOS="309" VPOS="917" WIDTH="42" HEIGHT="21" WC="0.93" CONTENT="fätt"/><SP WIDTH="16" VPOS="917" HPOS="351"/>
							<String ID="string_264" HPOS="367" VPOS="924" WIDTH="25" HEIGHT="14" WC="0.93" CONTENT="en"/><SP WIDTH="17" VPOS="924" HPOS="392"/>
							<String ID="string_265" HPOS="409" VPOS="917" WIDTH="66" HEIGHT="21" WC="0.92" CONTENT="sädan"/><SP WIDTH="19" VPOS="917" HPOS="475"/>
							<String ID="string_266" HPOS="494" VPOS="917" WIDTH="112" HEIGHT="21" WC="0.92" CONTENT="redaktion"/><SP WIDTH="17" VPOS="917" HPOS="606"/>
							<String ID="string_267" HPOS="623" VPOS="924" WIDTH="45" HEIGHT="14" WC="0.96" CONTENT="som"/><SP WIDTH="17" VPOS="924" HPOS="668"/>
							<String ID="string_268" HPOS="685" VPOS="916" WIDTH="47" HEIGHT="27" WC="0.93" CONTENT="den,"/><SP WIDTH="15" VPOS="916" HPOS="732"/>
							<String ID="string_269" HPOS="747" VPOS="916" WIDTH="87" HEIGHT="22" WC="0.91" CONTENT="hvilken"/><SP WIDTH="16" VPOS="916" HPOS="834"/>
							<String ID="string_270" HPOS="850" VPOS="916" WIDTH="41" HEIGHT="20" WC="0.96" CONTENT="den"/><SP WIDTH="17" VPOS="916" HPOS="891"/>
							<String ID="string_271" HPOS="908" VPOS="916" WIDTH="6" HEIGHT="20" WC="0.96" CONTENT="i"/>
						</TextLine>
						<TextLine ID="line_28" HPOS="91" VPOS="943" WIDTH="824" HEIGHT="31">
							<String ID="string_272" HPOS="91" VPOS="946" WIDTH="132" HEIGHT="21" WC="0.93" CONTENT="närvarande"/><SP WIDTH="17" VPOS="946" HPOS="223"/>
							<String ID="string_273" HPOS="240" VPOS="946" WIDTH="64" HEIGHT="20" WC="0.92" CONTENT="stund"/><SP WIDTH="15" VPOS="946" HPOS="304"/>
							<String ID="string_274" HPOS="319" VPOS="946" WIDTH="44" HEIGHT="25" WC="0.96" CONTENT="har,"/><SP WIDTH="15" VPOS="946" HPOS="363"/>
							<String ID="string_275" HPOS="378" VPOS="945" WIDTH="27" HEIGHT="29" WC="0.96" CONTENT="pä"/><SP WIDTH="16" VPOS="945" HPOS="405"/>
							<String ID="string_276" HPOS="421" VPOS="945" WIDTH="36" HEIGHT="21" WC="0.95" CONTENT="det"/><SP WIDTH="16" VPOS="945" HPOS="457"/>
							<String ID="string_277" HPOS="473" VPOS="949" WIDTH="31" HEIGHT="17" WC="0.93" CONTENT="att"/><SP WIDTH="15" VPOS="949" HPOS="504"/>
							<String ID="string_278" HPOS="519" VPOS="946" WIDTH="154" HEIGHT="20" WC="0.88" CONTENT="allmänhetens"/><SP WIDTH="24" VPOS="946" HPOS="673"/>
							<String ID="string_279" HPOS="697" VPOS="946" WIDTH="108" HEIGHT="20" WC="0.93" CONTENT="tänkesätt"/><SP WIDTH="14" VPOS="946" HPOS="805"/>
							<String ID="string_280" HPOS="819" VPOS="945" WIDTH="7" HEIGHT="20" WC="0.96" CONTENT="i"/><SP WIDTH="15" VPOS="945" HPOS="826"/>
							<String ID="string_281" HPOS="841" VPOS="943" WIDTH="74" HEIGHT="22" WC="0.96" CONTENT="landet"/>
						</TextLine>
						<TextLine ID="line_29" HPOS="92" VPOS="972" WIDTH="822" HEIGHT="30">
							<String ID="string_282" HPOS="92" VPOS="974" WIDTH="131" HEIGHT="22" WC="0.96" CONTENT="omedelbart"/><SP WIDTH="23" VPOS="974" HPOS="223"/>
							<String ID="string_283" HPOS="246" VPOS="974" WIDTH="67" HEIGHT="21" WC="0.93" CONTENT="skulle"/><SP WIDTH="24" VPOS="974" HPOS="313"/>
							<String ID="string_284" HPOS="337" VPOS="974" WIDTH="86" HEIGHT="21" WC="0.96" CONTENT="försona"/><SP WIDTH="23" VPOS="974" HPOS="423"/>
							<String ID="string_285" HPOS="446" VPOS="975" WIDTH="33" HEIGHT="27" WC="0.96" CONTENT="sig"/><SP WIDTH="22" VPOS="975" HPOS="479"/>
							<String ID="string_286" HPOS="501" VPOS="974" WIDTH="48" HEIGHT="21" WC="0.96" CONTENT="med"/><SP WIDTH="24" VPOS="974" HPOS="549"/>
							<String ID="string_287" HPOS="573" VPOS="974" WIDTH="41" HEIGHT="21" WC="0.96" CONTENT="den"/><SP WIDTH="23" VPOS="974" HPOS="614"/>
							<String ID="string_288" HPOS="637" VPOS="974" WIDTH="40" HEIGHT="21" WC="0.85" CONTENT="och"/><SP WIDTH="16" VPOS="974" HPOS="677"/>
							<String ID="string_289" HPOS="693" VPOS="975" WIDTH="6" HEIGHT="20" WC="0.93" CONTENT="i"/><SP WIDTH="16" VPOS="975" HPOS="699"/>
							<String ID="string_290" HPOS="715" VPOS="974" WIDTH="66" HEIGHT="28" WC="0.73" CONTENT="afsigt"/><SP WIDTH="15" VPOS="974" HPOS="781"/>
							<String ID="string_291" HPOS="796" VPOS="976" WIDTH="36" HEIGHT="22" WC="0.96" CONTENT="att,"/><SP WIDTH="15" VPOS="976" HPOS="832"/>
							<String ID="string_292" HPOS="847" VPOS="972" WIDTH="67" HEIGHT="22" WC="0.97" CONTENT="sedan"/>
						</TextLine>
						<TextLine ID="line_30" HPOS="92" VPOS="1000" WIDTH="822" HEIGHT="31">
							<String ID="string_293" HPOS="92" VPOS="1003" WIDTH="68" HEIGHT="21" WC="0.92" CONTENT="denna"/><SP WIDTH="16" VPOS="1003" HPOS="160"/>
							<String ID="string_294" HPOS="176" VPOS="1003" WIDTH="111" HEIGHT="27" WC="0.92" CONTENT="försoning"/><SP WIDTH="14" VPOS="1003" HPOS="287"/>
							<String ID="string_295" HPOS="301" VPOS="1010" WIDTH="76" HEIGHT="20" WC="0.91" CONTENT="genom"/><SP WIDTH="16" VPOS="1010" HPOS="377"/>
							<String ID="string_296" HPOS="393" VPOS="1002" WIDTH="66" HEIGHT="28" WC="0.91" CONTENT="nägra"/><SP WIDTH="15" VPOS="1002" HPOS="459"/>
							<String ID="string_297" HPOS="474" VPOS="1002" WIDTH="34" HEIGHT="22" WC="0.92" CONTENT="ärs"/><SP WIDTH="16" VPOS="1002" HPOS="508"/>
							<String ID="string_298" HPOS="524" VPOS="1003" WIDTH="85" HEIGHT="28" WC="0.96" CONTENT="praktik"/><SP WIDTH="17" VPOS="1003" HPOS="609"/>
							<String ID="string_299" HPOS="626" VPOS="1002" WIDTH="88" HEIGHT="22" WC="0.96" CONTENT="kommit"/><SP WIDTH="10" VPOS="1002" HPOS="714"/>
							<String ID="string_300" HPOS="724" VPOS="1002" WIDTH="32" HEIGHT="21" WC="0.93" CONTENT="till"/><SP WIDTH="13" VPOS="1002" HPOS="756"/>
							<String ID="string_301" HPOS="769" VPOS="1002" WIDTH="68" HEIGHT="25" WC="0.91" CONTENT="ständ,"/><SP WIDTH="9" VPOS="1002" HPOS="837"/>
							<String ID="string_302" HPOS="846" VPOS="1000" WIDTH="68" HEIGHT="22" WC="0.93" CONTENT="rubba"/>
						</TextLine>
						<TextLine ID="line_31" HPOS="91" VPOS="1029" WIDTH="823" HEIGHT="31">
							<String ID="string_303" HPOS="91" VPOS="1031" WIDTH="127" HEIGHT="29" WC="0.93" CONTENT="paragrafen"/><SP WIDTH="14" VPOS="1031" HPOS="218"/>
							<String ID="string_304" HPOS="232" VPOS="1031" WIDTH="40" HEIGHT="21" WC="0.93" CONTENT="och"/><SP WIDTH="14" VPOS="1031" HPOS="272"/>
							<String ID="string_305" HPOS="286" VPOS="1031" WIDTH="60" HEIGHT="28" WC="0.93" CONTENT="gifva"/><SP WIDTH="16" VPOS="1031" HPOS="346"/>
							<String ID="string_306" HPOS="362" VPOS="1031" WIDTH="41" HEIGHT="21" WC="0.96" CONTENT="den"/><SP WIDTH="16" VPOS="1031" HPOS="403"/>
							<String ID="string_307" HPOS="419" VPOS="1039" WIDTH="25" HEIGHT="13" WC="0.97" CONTENT="en"/><SP WIDTH="18" VPOS="1039" HPOS="444"/>
							<String ID="string_308" HPOS="462" VPOS="1031" WIDTH="73" HEIGHT="21" WC="0.97" CONTENT="vidare"/><SP WIDTH="22" VPOS="1031" HPOS="535"/>
							<String ID="string_309" HPOS="557" VPOS="1032" WIDTH="154" HEIGHT="26" WC="0.93" CONTENT="utsträckning,"/><SP WIDTH="18" VPOS="1032" HPOS="711"/>
							<String ID="string_310" HPOS="729" VPOS="1034" WIDTH="44" HEIGHT="18" WC="0.91" CONTENT="tror"/><SP WIDTH="14" VPOS="1034" HPOS="773"/>
							<String ID="string_311" HPOS="787" VPOS="1032" WIDTH="36" HEIGHT="27" WC="0.96" CONTENT="jag"/><SP WIDTH="15" VPOS="1032" HPOS="823"/>
							<String ID="string_312" HPOS="838" VPOS="1037" WIDTH="26" HEIGHT="14" WC="0.93" CONTENT="en"/><SP WIDTH="16" VPOS="1037" HPOS="864"/>
							<String ID="string_313" HPOS="880" VPOS="1029" WIDTH="34" HEIGHT="21" WC="0.92" CONTENT="sä-"/>
						</TextLine>
						<TextLine ID="line_32" HPOS="92" VPOS="1058" WIDTH="822" HEIGHT="29">
							<String ID="string_314" HPOS="92" VPOS="1060" WIDTH="41" HEIGHT="20" WC="0.92" CONTENT="dan"/><SP WIDTH="16" VPOS="1060" HPOS="133"/>
							<String ID="string_315" HPOS="149" VPOS="1060" WIDTH="64" HEIGHT="27" WC="0.92" CONTENT="afsigt"/><SP WIDTH="22" VPOS="1060" HPOS="213"/>
							<String ID="string_316" HPOS="235" VPOS="1060" WIDTH="38" HEIGHT="20" WC="0.91" CONTENT="alls"/><SP WIDTH="23" VPOS="1060" HPOS="273"/>
							<String ID="string_317" HPOS="296" VPOS="1060" WIDTH="47" HEIGHT="20" WC="0.89" CONTENT="icke"/><SP WIDTH="23" VPOS="1060" HPOS="343"/>
							<String ID="string_318" HPOS="366" VPOS="1060" WIDTH="110" HEIGHT="27" WC="0.92" CONTENT="förelegat,"/><SP WIDTH="15" VPOS="1060" HPOS="476"/>
							<String ID="string_319" HPOS="491" VPOS="1061" WIDTH="20" HEIGHT="26" WC="0.93" CONTENT="ja"/><SP WIDTH="15" VPOS="1061" HPOS="511"/>
							<String ID="string_320" HPOS="526" VPOS="1060" WIDTH="48" HEIGHT="21" WC="0.91" CONTENT="icke"/><SP WIDTH="22" VPOS="1060" HPOS="574"/>
							<String ID="string_321" HPOS="596" VPOS="1067" WIDTH="37" HEIGHT="13" WC="0.93" CONTENT="ens"/><SP WIDTH="16" VPOS="1067" HPOS="633"/>
							<String ID="string_322" HPOS="649" VPOS="1060" WIDTH="105" HEIGHT="27" WC="0.91" CONTENT="förelegat"/><SP WIDTH="15" VPOS="1060" HPOS="754"/>
							<String ID="string_323" HPOS="769" VPOS="1059" WIDTH="38" HEIGHT="21" WC="0.96" CONTENT="hos"/><SP WIDTH="16" VPOS="1059" HPOS="807"/>
							<String ID="string_324" HPOS="823" VPOS="1058" WIDTH="26" HEIGHT="21" WC="0.96" CONTENT="de"/><SP WIDTH="16" VPOS="1058" HPOS="849"/>
							<String ID="string_325" HPOS="865" VPOS="1059" WIDTH="49" HEIGHT="19" WC="0.96" CONTENT="män"/>
						</TextLine>
						<TextLine ID="line_33" HPOS="92" VPOS="1085" WIDTH="823" HEIGHT="31">
							<String ID="string_326" HPOS="92" VPOS="1088" WIDTH="22" HEIGHT="21" WC="0.93" CONTENT="af"/><SP WIDTH="16" VPOS="1088" HPOS="114"/>
							<String ID="string_327" HPOS="130" VPOS="1087" WIDTH="251" HEIGHT="29" WC="0.91" CONTENT="Värnepligtsutskottet,"/><SP WIDTH="15" VPOS="1087" HPOS="381"/>
							<String ID="string_328" HPOS="396" VPOS="1088" WIDTH="73" HEIGHT="21" WC="0.96" CONTENT="hvilka"/><SP WIDTH="20" VPOS="1088" HPOS="469"/>
							<String ID="string_329" HPOS="489" VPOS="1088" WIDTH="76" HEIGHT="28" WC="0.96" CONTENT="sjelfva"/><SP WIDTH="16" VPOS="1088" HPOS="565"/>
							<String ID="string_330" HPOS="581" VPOS="1088" WIDTH="35" HEIGHT="21" WC="0.93" CONTENT="vid"/><SP WIDTH="19" VPOS="1088" HPOS="616"/>
							<String ID="string_331" HPOS="635" VPOS="1089" WIDTH="111" HEIGHT="20" WC="0.92" CONTENT="1877—78"/><SP WIDTH="16" VPOS="1089" HPOS="746"/>
							<String ID="string_332" HPOS="762" VPOS="1087" WIDTH="33" HEIGHT="21" WC="0.93" CONTENT="års"/><SP WIDTH="16" VPOS="1087" HPOS="795"/>
							<String ID="string_333" HPOS="811" VPOS="1085" WIDTH="104" HEIGHT="28" WC="0.93" CONTENT="landtdag"/>
						</TextLine>
						<TextLine ID="line_34" HPOS="93" VPOS="1115" WIDTH="822" HEIGHT="30">
							<String ID="string_334" HPOS="93" VPOS="1116" WIDTH="142" HEIGHT="21" WC="0.91" CONTENT="medverkade"/><SP WIDTH="15" VPOS="1116" HPOS="235"/>
							<String ID="string_335" HPOS="250" VPOS="1117" WIDTH="32" HEIGHT="20" WC="0.95" CONTENT="till"/><SP WIDTH="15" VPOS="1117" HPOS="282"/>
							<String ID="string_336" HPOS="297" VPOS="1120" WIDTH="31" HEIGHT="17" WC="0.93" CONTENT="att"/><SP WIDTH="16" VPOS="1120" HPOS="328"/>
							<String ID="string_337" HPOS="344" VPOS="1118" WIDTH="12" HEIGHT="26" WC="0.93" CONTENT="$"/><SP WIDTH="17" VPOS="1118" HPOS="356"/>
							<String ID="string_338" HPOS="373" VPOS="1117" WIDTH="10" HEIGHT="20" WC="0.96" CONTENT="1"/><SP WIDTH="17" VPOS="1117" HPOS="383"/>
							<String ID="string_339" HPOS="400" VPOS="1117" WIDTH="41" HEIGHT="20" WC="0.96" CONTENT="fick"/><SP WIDTH="16" VPOS="1117" HPOS="441"/>
							<String ID="string_340" HPOS="457" VPOS="1116" WIDTH="41" HEIGHT="21" WC="0.93" CONTENT="den"/><SP WIDTH="17" VPOS="1116" HPOS="498"/>
							<String ID="string_341" HPOS="515" VPOS="1117" WIDTH="80" HEIGHT="28" WC="0.92" CONTENT="lydelse"/><SP WIDTH="24" VPOS="1117" HPOS="595"/>
							<String ID="string_342" HPOS="619" VPOS="1117" WIDTH="42" HEIGHT="20" WC="0.96" CONTENT="den"/><SP WIDTH="15" VPOS="1117" HPOS="661"/>
							<String ID="string_343" HPOS="676" VPOS="1116" WIDTH="33" HEIGHT="21" WC="0.96" CONTENT="för"/><SP WIDTH="16" VPOS="1116" HPOS="709"/>
							<String ID="string_344" HPOS="725" VPOS="1115" WIDTH="131" HEIGHT="22" WC="0.96" CONTENT="närvarande"/><SP WIDTH="15" VPOS="1115" HPOS="856"/>
							<String ID="string_345" HPOS="871" VPOS="1115" WIDTH="44" HEIGHT="25" WC="0.96" CONTENT="har,"/>
						</TextLine>
						<TextLine ID="line_35" HPOS="92" VPOS="1143" WIDTH="823" HEIGHT="30">
							<String ID="string_346" HPOS="92" VPOS="1147" WIDTH="50" HEIGHT="19" WC="0.92" CONTENT="utan"/><SP WIDTH="16" VPOS="1147" HPOS="142"/>
							<String ID="string_347" HPOS="158" VPOS="1145" WIDTH="62" HEIGHT="28" WC="0.91" CONTENT="gälde"/><SP WIDTH="23" VPOS="1145" HPOS="220"/>
							<String ID="string_348" HPOS="243" VPOS="1145" WIDTH="37" HEIGHT="21" WC="0.93" CONTENT="det"/><SP WIDTH="21" VPOS="1145" HPOS="280"/>
							<String ID="string_349" HPOS="301" VPOS="1145" WIDTH="89" HEIGHT="21" WC="0.93" CONTENT="fastmer"/><SP WIDTH="21" VPOS="1145" HPOS="390"/>
							<String ID="string_350" HPOS="411" VPOS="1147" WIDTH="31" HEIGHT="19" WC="0.96" CONTENT="att"/><SP WIDTH="21" VPOS="1147" HPOS="442"/>
							<String ID="string_351" HPOS="463" VPOS="1153" WIDTH="77" HEIGHT="20" WC="0.96" CONTENT="genom"/><SP WIDTH="23" VPOS="1153" HPOS="540"/>
							<String ID="string_352" HPOS="563" VPOS="1145" WIDTH="70" HEIGHT="21" WC="0.96" CONTENT="denna"/><SP WIDTH="18" VPOS="1145" HPOS="633"/>
							<String ID="string_353" HPOS="651" VPOS="1146" WIDTH="10" HEIGHT="20" WC="0.93" CONTENT="1"/><SP WIDTH="17" VPOS="1146" HPOS="661"/>
							<String ID="string_354" HPOS="678" VPOS="1146" WIDTH="17" HEIGHT="27" WC="0.75" CONTENT="$,"/><SP WIDTH="16" VPOS="1146" HPOS="695"/>
							<String ID="string_355" HPOS="711" VPOS="1145" WIDTH="87" HEIGHT="20" WC="0.96" CONTENT="hvilken"/><SP WIDTH="15" VPOS="1145" HPOS="798"/>
							<String ID="string_356" HPOS="813" VPOS="1143" WIDTH="102" HEIGHT="22" WC="0.96" CONTENT="särskildt"/>
						</TextLine>
						<TextLine ID="line_36" HPOS="93" VPOS="1172" WIDTH="822" HEIGHT="29">
							<String ID="string_357" HPOS="93" VPOS="1173" WIDTH="44" HEIGHT="22" WC="0.90" CONTENT="blef"/><SP WIDTH="16" VPOS="1173" HPOS="137"/>
							<String ID="string_358" HPOS="153" VPOS="1173" WIDTH="47" HEIGHT="21" WC="0.93" CONTENT="med"/><SP WIDTH="15" VPOS="1173" HPOS="200"/>
							<String ID="string_359" HPOS="215" VPOS="1173" WIDTH="181" HEIGHT="28" WC="0.92" CONTENT="grundlagshelgd"/><SP WIDTH="16" VPOS="1173" HPOS="396"/>
							<String ID="string_360" HPOS="412" VPOS="1173" WIDTH="127" HEIGHT="28" WC="0.92" CONTENT="omhägnad,"/><SP WIDTH="14" VPOS="1173" HPOS="539"/>
							<String ID="string_361" HPOS="553" VPOS="1173" WIDTH="78" HEIGHT="22" WC="0.93" CONTENT="fastslä"/><SP WIDTH="15" VPOS="1173" HPOS="631"/>
							<String ID="string_362" HPOS="646" VPOS="1181" WIDTH="26" HEIGHT="13" WC="0.97" CONTENT="en"/><SP WIDTH="17" VPOS="1181" HPOS="672"/>
							<String ID="string_363" HPOS="689" VPOS="1174" WIDTH="88" HEIGHT="27" WC="0.93" CONTENT="princip,"/><SP WIDTH="15" VPOS="1174" HPOS="777"/>
							<String ID="string_364" HPOS="792" VPOS="1172" WIDTH="77" HEIGHT="21" WC="0.93" CONTENT="afsedd"/><SP WIDTH="15" VPOS="1172" HPOS="869"/>
							<String ID="string_365" HPOS="884" VPOS="1175" WIDTH="31" HEIGHT="17" WC="0.96" CONTENT="att"/>
						</TextLine>
						<TextLine ID="line_37" HPOS="92" VPOS="1200" WIDTH="823" HEIGHT="30">
							<String ID="string_366" HPOS="92" VPOS="1202" WIDTH="66" HEIGHT="21" WC="0.92" CONTENT="varda"/><SP WIDTH="22" VPOS="1202" HPOS="158"/>
							<String ID="string_367" HPOS="180" VPOS="1202" WIDTH="43" HEIGHT="21" WC="0.93" CONTENT="lika"/><SP WIDTH="23" VPOS="1202" HPOS="223"/>
							<String ID="string_368" HPOS="246" VPOS="1202" WIDTH="96" HEIGHT="28" WC="0.91" CONTENT="orygglig"/><SP WIDTH="30" VPOS="1202" HPOS="342"/>
							<String ID="string_369" HPOS="372" VPOS="1209" WIDTH="44" HEIGHT="14" WC="0.93" CONTENT="som"/><SP WIDTH="16" VPOS="1209" HPOS="416"/>
							<String ID="string_370" HPOS="432" VPOS="1203" WIDTH="136" HEIGHT="27" WC="0.89" CONTENT="principerna"/><SP WIDTH="15" VPOS="1203" HPOS="568"/>
							<String ID="string_371" HPOS="583" VPOS="1203" WIDTH="31" HEIGHT="20" WC="0.93" CONTENT="uti"/><SP WIDTH="17" VPOS="1203" HPOS="614"/>
							<String ID="string_372" HPOS="631" VPOS="1202" WIDTH="50" HEIGHT="21" WC="0.93" CONTENT="vära"/><SP WIDTH="16" VPOS="1202" HPOS="681"/>
							<String ID="string_373" HPOS="697" VPOS="1202" WIDTH="69" HEIGHT="28" WC="0.92" CONTENT="öfriga"/><SP WIDTH="14" VPOS="1202" HPOS="766"/>
							<String ID="string_374" HPOS="780" VPOS="1200" WIDTH="135" HEIGHT="29" WC="0.92" CONTENT="grundlagar,"/>
						</TextLine>
						<TextLine ID="line_38" HPOS="92" VPOS="1228" WIDTH="822" HEIGHT="31">
							<String ID="string_375" HPOS="92" VPOS="1230" WIDTH="116" HEIGHT="28" WC="0.91" CONTENT="ingalunda"/><SP WIDTH="15" VPOS="1230" HPOS="208"/>
							<String ID="string_376" HPOS="223" VPOS="1238" WIDTH="26" HEIGHT="13" WC="0.97" CONTENT="en"/><SP WIDTH="16" VPOS="1238" HPOS="249"/>
							<String ID="string_377" HPOS="265" VPOS="1231" WIDTH="90" HEIGHT="28" WC="0.93" CONTENT="princip,"/><SP WIDTH="14" VPOS="1231" HPOS="355"/>
							<String ID="string_378" HPOS="369" VPOS="1231" WIDTH="87" HEIGHT="21" WC="0.93" CONTENT="hvilken"/><SP WIDTH="11" VPOS="1231" HPOS="456"/>
							<String ID="string_379" HPOS="467" VPOS="1231" WIDTH="69" HEIGHT="20" WC="0.96" CONTENT="skulle"/><SP WIDTH="11" VPOS="1231" HPOS="536"/>
							<String ID="string_380" HPOS="547" VPOS="1231" WIDTH="72" HEIGHT="20" WC="0.93" CONTENT="kunna"/><SP WIDTH="12" VPOS="1231" HPOS="619"/>
							<String ID="string_381" HPOS="631" VPOS="1230" WIDTH="47" HEIGHT="21" WC="0.88" CONTENT="frän"/><SP WIDTH="12" VPOS="1230" HPOS="678"/>
							<String ID="string_382" HPOS="690" VPOS="1230" WIDTH="102" HEIGHT="28" WC="0.93" CONTENT="landtdag"/><SP WIDTH="10" VPOS="1230" HPOS="792"/>
							<String ID="string_383" HPOS="802" VPOS="1229" WIDTH="33" HEIGHT="22" WC="0.92" CONTENT="till"/><SP WIDTH="10" VPOS="1229" HPOS="835"/>
							<String ID="string_384" HPOS="845" VPOS="1228" WIDTH="69" HEIGHT="21" WC="0.90" CONTENT="landt-"/>
						</TextLine>
						<TextLine ID="line_39" HPOS="92" VPOS="1259" WIDTH="823" HEIGHT="28">
							<String ID="string_385" HPOS="92" VPOS="1259" WIDTH="42" HEIGHT="28" WC="0.92" CONTENT="dag"/><SP WIDTH="15" VPOS="1259" HPOS="134"/>
							<String ID="string_386" HPOS="149" VPOS="1259" WIDTH="139" HEIGHT="21" WC="0.92" CONTENT="underkastas"/><SP WIDTH="23" VPOS="1259" HPOS="288"/>
							<String ID="string_387" HPOS="311" VPOS="1259" WIDTH="124" HEIGHT="28" WC="0.92" CONTENT="förändring"/><SP WIDTH="21" VPOS="1259" HPOS="435"/>
							<String ID="string_388" HPOS="456" VPOS="1259" WIDTH="39" HEIGHT="21" WC="0.96" CONTENT="allt"/><SP WIDTH="18" VPOS="1259" HPOS="495"/>
							<String ID="string_389" HPOS="513" VPOS="1260" WIDTH="53" HEIGHT="20" WC="0.96" CONTENT="efter"/><SP WIDTH="15" VPOS="1260" HPOS="566"/>
							<String ID="string_390" HPOS="581" VPOS="1267" WIDTH="45" HEIGHT="13" WC="0.95" CONTENT="som"/><SP WIDTH="17" VPOS="1267" HPOS="626"/>
							<String ID="string_391" HPOS="643" VPOS="1267" WIDTH="26" HEIGHT="13" WC="0.95" CONTENT="en"/><SP WIDTH="16" VPOS="1267" HPOS="669"/>
							<String ID="string_392" HPOS="685" VPOS="1259" WIDTH="50" HEIGHT="21" WC="0.93" CONTENT="eller"/><SP WIDTH="16" VPOS="1259" HPOS="735"/>
							<String ID="string_393" HPOS="751" VPOS="1267" WIDTH="25" HEIGHT="12" WC="0.96" CONTENT="en"/><SP WIDTH="16" VPOS="1267" HPOS="776"/>
							<String ID="string_394" HPOS="792" VPOS="1265" WIDTH="69" HEIGHT="14" WC="0.93" CONTENT="annan"/><SP WIDTH="16" VPOS="1265" HPOS="861"/>
							<String ID="string_395" HPOS="877" VPOS="1264" WIDTH="38" HEIGHT="21" WC="0.92" CONTENT="op-"/>
						</TextLine>
						<TextLine ID="line_40" HPOS="92" VPOS="1286" WIDTH="823" HEIGHT="29">
							<String ID="string_396" HPOS="92" VPOS="1288" WIDTH="237" HEIGHT="27" WC="0.92" CONTENT="portunitetssynpunkt"/><SP WIDTH="16" VPOS="1288" HPOS="329"/>
							<String ID="string_397" HPOS="345" VPOS="1288" WIDTH="68" HEIGHT="21" WC="0.93" CONTENT="skulle"/><SP WIDTH="16" VPOS="1288" HPOS="413"/>
							<String ID="string_398" HPOS="429" VPOS="1287" WIDTH="94" HEIGHT="22" WC="0.93" CONTENT="befinnas"/><SP WIDTH="16" VPOS="1287" HPOS="523"/>
							<String ID="string_399" HPOS="539" VPOS="1287" WIDTH="78" HEIGHT="22" WC="0.92" CONTENT="sädant"/><SP WIDTH="15" VPOS="1287" HPOS="617"/>
							<String ID="string_400" HPOS="632" VPOS="1287" WIDTH="90" HEIGHT="28" WC="0.90" CONTENT="päkalla."/><SP WIDTH="30" VPOS="1287" HPOS="722"/>
							<String ID="string_401" HPOS="752" VPOS="1287" WIDTH="35" HEIGHT="21" WC="0.92" CONTENT="Dä"/><SP WIDTH="15" VPOS="1287" HPOS="787"/>
							<String ID="string_402" HPOS="802" VPOS="1294" WIDTH="49" HEIGHT="13" WC="0.93" CONTENT="man"/><SP WIDTH="10" VPOS="1294" HPOS="851"/>
							<String ID="string_403" HPOS="861" VPOS="1286" WIDTH="54" HEIGHT="21" WC="0.93" CONTENT="skri-"/>
						</TextLine>
						<TextLine ID="line_41" HPOS="92" VPOS="1316" WIDTH="823" HEIGHT="28">
							<String ID="string_404" HPOS="92" VPOS="1316" WIDTH="38" HEIGHT="21" WC="0.96" CONTENT="der"/><SP WIDTH="14" VPOS="1316" HPOS="130"/>
							<String ID="string_405" HPOS="144" VPOS="1316" WIDTH="33" HEIGHT="21" WC="0.95" CONTENT="till"/><SP WIDTH="15" VPOS="1316" HPOS="177"/>
							<String ID="string_406" HPOS="192" VPOS="1319" WIDTH="31" HEIGHT="18" WC="0.93" CONTENT="att"/><SP WIDTH="15" VPOS="1319" HPOS="223"/>
							<String ID="string_407" HPOS="238" VPOS="1316" WIDTH="79" HEIGHT="21" WC="0.93" CONTENT="föreslä"/><SP WIDTH="15" VPOS="1316" HPOS="317"/>
							<String ID="string_408" HPOS="332" VPOS="1316" WIDTH="115" HEIGHT="27" WC="0.96" CONTENT="ändringar"/><SP WIDTH="18" VPOS="1316" HPOS="447"/>
							<String ID="string_409" HPOS="465" VPOS="1316" WIDTH="22" HEIGHT="21" WC="0.96" CONTENT="af"/><SP WIDTH="16" VPOS="1316" HPOS="487"/>
							<String ID="string_410" HPOS="503" VPOS="1324" WIDTH="25" HEIGHT="13" WC="0.96" CONTENT="en"/><SP WIDTH="13" VPOS="1324" HPOS="528"/>
							<String ID="string_411" HPOS="541" VPOS="1316" WIDTH="24" HEIGHT="21" WC="0.93" CONTENT="sä"/><SP WIDTH="16" VPOS="1316" HPOS="565"/>
							<String ID="string_412" HPOS="581" VPOS="1316" WIDTH="62" HEIGHT="28" WC="0.92" CONTENT="djupt"/><SP WIDTH="14" VPOS="1316" HPOS="643"/>
							<String ID="string_413" HPOS="657" VPOS="1316" WIDTH="126" HEIGHT="28" WC="0.91" CONTENT="ingripande"/><SP WIDTH="15" VPOS="1316" HPOS="783"/>
							<String ID="string_414" HPOS="798" VPOS="1318" WIDTH="39" HEIGHT="23" WC="0.93" CONTENT="art,"/><SP WIDTH="15" VPOS="1318" HPOS="837"/>
							<String ID="string_415" HPOS="852" VPOS="1321" WIDTH="63" HEIGHT="21" WC="0.92" CONTENT="synes"/>
						</TextLine>
						<TextLine ID="line_42" HPOS="92" VPOS="1342" WIDTH="823" HEIGHT="31">
							<String ID="string_416" HPOS="92" VPOS="1345" WIDTH="36" HEIGHT="20" WC="0.95" CONTENT="det"/><SP WIDTH="16" VPOS="1345" HPOS="128"/>
							<String ID="string_417" HPOS="144" VPOS="1345" WIDTH="48" HEIGHT="27" WC="0.96" CONTENT="mig,"/><SP WIDTH="16" VPOS="1345" HPOS="192"/>
							<String ID="string_418" HPOS="208" VPOS="1347" WIDTH="31" HEIGHT="18" WC="0.96" CONTENT="att"/><SP WIDTH="16" VPOS="1347" HPOS="239"/>
							<String ID="string_419" HPOS="255" VPOS="1345" WIDTH="154" HEIGHT="27" WC="0.96" CONTENT="motiveringen"/><SP WIDTH="23" VPOS="1345" HPOS="409"/>
							<String ID="string_420" HPOS="432" VPOS="1345" WIDTH="67" HEIGHT="20" WC="0.95" CONTENT="borde"/><SP WIDTH="23" VPOS="1345" HPOS="499"/>
							<String ID="string_421" HPOS="522" VPOS="1352" WIDTH="51" HEIGHT="15" WC="0.93" CONTENT="vara"/><SP WIDTH="22" VPOS="1352" HPOS="573"/>
							<String ID="string_422" HPOS="595" VPOS="1345" WIDTH="66" HEIGHT="28" WC="0.92" CONTENT="nägot"/><SP WIDTH="15" VPOS="1345" HPOS="661"/>
							<String ID="string_423" HPOS="676" VPOS="1345" WIDTH="116" HEIGHT="27" WC="0.91" CONTENT="kraftigare"/><SP WIDTH="24" VPOS="1345" HPOS="792"/>
							<String ID="string_424" HPOS="816" VPOS="1342" WIDTH="99" HEIGHT="29" WC="0.91" CONTENT="uppstäld"/>
						</TextLine>
						<TextLine ID="line_43" HPOS="92" VPOS="1373" WIDTH="428" HEIGHT="21">
							<String ID="string_425" HPOS="92" VPOS="1375" WIDTH="26" HEIGHT="19" WC="0.93" CONTENT="än"/><SP WIDTH="16" VPOS="1375" HPOS="118"/>
							<String ID="string_426" HPOS="134" VPOS="1373" WIDTH="56" HEIGHT="21" WC="0.92" CONTENT="hvad"/><SP WIDTH="17" VPOS="1373" HPOS="190"/>
							<String ID="string_427" HPOS="207" VPOS="1373" WIDTH="112" HEIGHT="21" WC="0.92" CONTENT="Utskottet"/><SP WIDTH="14" VPOS="1373" HPOS="319"/>
							<String ID="string_428" HPOS="333" VPOS="1373" WIDTH="38" HEIGHT="21" WC="0.93" CONTENT="här"/><SP WIDTH="15" VPOS="1373" HPOS="371"/>
							<String ID="string_429" HPOS="386" VPOS="1373" WIDTH="134" HEIGHT="21" WC="0.91" CONTENT="framställer."/>
						</TextLine>
					</TextBlock>
					<TextBlock ID="block_2" HPOS="92" VPOS="1400" WIDTH="825" HEIGHT="114">
						<TextLine ID="line_44" HPOS="160" VPOS="1400" WIDTH="756" HEIGHT="29">
							<String ID="string_430" HPOS="160" VPOS="1401" WIDTH="34" HEIGHT="21" WC="0.96" CONTENT="Hr"/><SP WIDTH="15" VPOS="1401" HPOS="194"/>
							<String ID="string_431" HPOS="209" VPOS="1401" WIDTH="122" HEIGHT="28" WC="0.95" CONTENT="Furuhjelm"/><SP WIDTH="19" VPOS="1401" HPOS="331"/>
							<String ID="string_432" HPOS="350" VPOS="1401" WIDTH="38" HEIGHT="21" WC="0.96" CONTENT="har"/><SP WIDTH="15" VPOS="1401" HPOS="388"/>
							<String ID="string_433" HPOS="403" VPOS="1401" WIDTH="65" HEIGHT="22" WC="0.93" CONTENT="redan"/><SP WIDTH="21" VPOS="1401" HPOS="468"/>
							<String ID="string_434" HPOS="489" VPOS="1402" WIDTH="72" HEIGHT="21" WC="0.92" CONTENT="berört"/><SP WIDTH="15" VPOS="1402" HPOS="561"/>
							<String ID="string_435" HPOS="576" VPOS="1409" WIDTH="25" HEIGHT="14" WC="0.96" CONTENT="en"/><SP WIDTH="16" VPOS="1409" HPOS="601"/>
							<String ID="string_436" HPOS="617" VPOS="1409" WIDTH="71" HEIGHT="13" WC="0.96" CONTENT="annan"/><SP WIDTH="16" VPOS="1409" HPOS="688"/>
							<String ID="string_437" HPOS="704" VPOS="1401" WIDTH="34" HEIGHT="22" WC="0.96" CONTENT="del"/><SP WIDTH="17" VPOS="1401" HPOS="738"/>
							<String ID="string_438" HPOS="755" VPOS="1401" WIDTH="22" HEIGHT="21" WC="0.93" CONTENT="af"/><SP WIDTH="15" VPOS="1401" HPOS="777"/>
							<String ID="string_439" HPOS="792" VPOS="1400" WIDTH="124" HEIGHT="23" WC="0.93" CONTENT="Utskottets"/>
						</TextLine>
						<TextLine ID="line_45" HPOS="93" VPOS="1428" WIDTH="824" HEIGHT="30">
							<String ID="string_440" HPOS="93" VPOS="1430" WIDTH="128" HEIGHT="27" WC="0.93" CONTENT="motivering"/><SP WIDTH="15" VPOS="1430" HPOS="221"/>
							<String ID="string_441" HPOS="236" VPOS="1430" WIDTH="28" HEIGHT="28" WC="0.96" CONTENT="pä"/><SP WIDTH="15" VPOS="1430" HPOS="264"/>
							<String ID="string_442" HPOS="279" VPOS="1430" WIDTH="38" HEIGHT="21" WC="0.96" CONTENT="sid."/><SP WIDTH="16" VPOS="1430" HPOS="317"/>
							<String ID="string_443" HPOS="333" VPOS="1431" WIDTH="33" HEIGHT="20" WC="0.96" CONTENT="17."/><SP WIDTH="29" VPOS="1431" HPOS="366"/>
							<String ID="string_444" HPOS="395" VPOS="1429" WIDTH="42" HEIGHT="28" WC="0.96" CONTENT="Jag"/><SP WIDTH="16" VPOS="1429" HPOS="437"/>
							<String ID="string_445" HPOS="453" VPOS="1430" WIDTH="38" HEIGHT="21" WC="0.96" CONTENT="ber"/><SP WIDTH="14" VPOS="1430" HPOS="491"/>
							<String ID="string_446" HPOS="505" VPOS="1433" WIDTH="32" HEIGHT="18" WC="0.93" CONTENT="att"/><SP WIDTH="15" VPOS="1433" HPOS="537"/>
							<String ID="string_447" HPOS="552" VPOS="1429" WIDTH="23" HEIGHT="21" WC="0.92" CONTENT="fä"/><SP WIDTH="16" VPOS="1429" HPOS="575"/>
							<String ID="string_448" HPOS="591" VPOS="1430" WIDTH="64" HEIGHT="27" WC="0.92" CONTENT="nägot"/><SP WIDTH="23" VPOS="1430" HPOS="655"/>
							<String ID="string_449" HPOS="678" VPOS="1431" WIDTH="96" HEIGHT="19" WC="0.88" CONTENT="närmare"/><SP WIDTH="15" VPOS="1431" HPOS="774"/>
							<String ID="string_450" HPOS="789" VPOS="1430" WIDTH="76" HEIGHT="20" WC="0.92" CONTENT="beröra"/><SP WIDTH="15" VPOS="1430" HPOS="865"/>
							<String ID="string_451" HPOS="880" VPOS="1428" WIDTH="37" HEIGHT="20" WC="0.96" CONTENT="det"/>
						</TextLine>
						<TextLine ID="line_46" HPOS="92" VPOS="1458" WIDTH="824" HEIGHT="28">
							<String ID="string_452" HPOS="92" VPOS="1458" WIDTH="67" HEIGHT="21" WC="0.93" CONTENT="andra"/><SP WIDTH="15" VPOS="1458" HPOS="159"/>
							<String ID="string_453" HPOS="174" VPOS="1458" WIDTH="84" HEIGHT="28" WC="0.92" CONTENT="stycket"/><SP WIDTH="16" VPOS="1458" HPOS="258"/>
							<String ID="string_454" HPOS="274" VPOS="1458" WIDTH="27" HEIGHT="28" WC="0.96" CONTENT="pä"/><SP WIDTH="16" VPOS="1458" HPOS="301"/>
							<String ID="string_455" HPOS="317" VPOS="1466" WIDTH="80" HEIGHT="13" WC="0.96" CONTENT="samma"/><SP WIDTH="14" VPOS="1466" HPOS="397"/>
							<String ID="string_456" HPOS="411" VPOS="1458" WIDTH="52" HEIGHT="25" WC="0.93" CONTENT="sida,"/><SP WIDTH="17" VPOS="1458" HPOS="463"/>
							<String ID="string_457" HPOS="480" VPOS="1458" WIDTH="82" HEIGHT="21" WC="0.92" CONTENT="hvilket"/><SP WIDTH="16" VPOS="1458" HPOS="562"/>
							<String ID="string_458" HPOS="578" VPOS="1458" WIDTH="33" HEIGHT="21" WC="0.96" CONTENT="Hr"/><SP WIDTH="14" VPOS="1458" HPOS="611"/>
							<String ID="string_459" HPOS="625" VPOS="1458" WIDTH="124" HEIGHT="28" WC="0.93" CONTENT="Furuhjelm"/><SP WIDTH="16" VPOS="1458" HPOS="749"/>
							<String ID="string_460" HPOS="765" VPOS="1458" WIDTH="47" HEIGHT="21" WC="0.89" CONTENT="icke"/><SP WIDTH="17" VPOS="1458" HPOS="812"/>
							<String ID="string_461" HPOS="829" VPOS="1460" WIDTH="87" HEIGHT="24" WC="0.92" CONTENT="upptog."/>
						</TextLine>
						<TextLine ID="line_47" HPOS="92" VPOS="1485" WIDTH="825" HEIGHT="29">
							<String ID="string_462" HPOS="92" VPOS="1486" WIDTH="113" HEIGHT="22" WC="0.92" CONTENT="Utskottet"/><SP WIDTH="22" VPOS="1486" HPOS="205"/>
							<String ID="string_463" HPOS="227" VPOS="1488" WIDTH="61" HEIGHT="26" WC="0.96" CONTENT="säger"/><SP WIDTH="17" VPOS="1488" HPOS="288"/>
							<String ID="string_464" HPOS="305" VPOS="1488" WIDTH="6" HEIGHT="19" WC="0.96" CONTENT="i"/><SP WIDTH="17" VPOS="1488" HPOS="311"/>
							<String ID="string_465" HPOS="328" VPOS="1487" WIDTH="83" HEIGHT="27" WC="0.88" CONTENT="början:"/><SP WIDTH="32" VPOS="1487" HPOS="411"/>
							<String ID="string_466" HPOS="443" VPOS="1486" WIDTH="126" HEIGHT="22" WC="0.88" CONTENT="»Utskottet"/><SP WIDTH="22" VPOS="1486" HPOS="569"/>
							<String ID="string_467" HPOS="591" VPOS="1486" WIDTH="38" HEIGHT="22" WC="0.93" CONTENT="har"/><SP WIDTH="20" VPOS="1486" HPOS="629"/>
							<String ID="string_468" HPOS="649" VPOS="1486" WIDTH="72" HEIGHT="22" WC="0.91" CONTENT="derför"/><SP WIDTH="15" VPOS="1486" HPOS="721"/>
							<String ID="string_469" HPOS="736" VPOS="1487" WIDTH="31" HEIGHT="20" WC="0.93" CONTENT="uti"/><SP WIDTH="15" VPOS="1487" HPOS="767"/>
							<String ID="string_470" HPOS="782" VPOS="1487" WIDTH="39" HEIGHT="20" WC="0.96" CONTENT="sitt"/><SP WIDTH="14" VPOS="1487" HPOS="821"/>
							<String ID="string_471" HPOS="835" VPOS="1485" WIDTH="82" HEIGHT="27" WC="0.96" CONTENT="förslag"/>
						</TextLine>
					</TextBlock>
				</ComposedBlock>
			</PrintSpace>
		</Page>
	</Layout>
</alto>
