1111 1778
227 119 23 16 R.
267 123 17 12 o.
297 119 35 16 A:s
344 118 234 21 helsningsdeputation
589 119 34 16 till
635 118 143 18 medständen.
889 113 26 20 13

159 187 79 20 Tillika
260 187 34 20 fär
316 186 137 28 Föreningen
476 187 83 20 anmäla
582 189 32 18 att
635 186 42 21 den
701 187 116 28 uppdragit
839 186 22 21 ät
883 187 33 20 sin

93 215 80 26 kassör,
194 215 218 28 vicehäradshöfding
434 215 65 21 Selim
523 215 104 26 Hällfors,
650 218 31 18 att
701 215 34 21 för
750 215 74 28 hvarje
839 214 76 21 mänad

91 243 54 28 lyfta
165 243 36 22 det
216 243 121 21 kanslierna
353 243 161 22 tillkommande
531 244 102 27 anslaget,
649 243 117 28 hvarjämte
782 243 134 28 Föreningen

92 280 29 13 nu
141 272 70 21 säsom
232 272 108 21 tillförene
360 272 105 21 förklarar
486 273 33 27 sig
539 272 60 28 villig
618 275 31 18 att
671 272 43 21 läta
733 273 53 20 sista
801 271 116 22 mänadens

93 301 74 27 anslag
187 300 34 21 för
240 301 74 26 hvarje
334 300 67 21 Ständ
417 301 86 20 innestä
518 301 55 20 intill
588 301 50 21 dess
655 308 80 14 samma
751 301 79 21 Ständs
846 303 71 25 proto-

93 329 43 21 koll
152 329 72 21 blifvit
238 330 6 19 i
260 329 145 28 tryekfärdigt
419 329 62 21 skick
497 329 122 21 aflämnadt.

161 386 144 28 Helsingfors,
321 386 41 20 den
379 387 26 20 19
421 386 88 21 Januari
527 387 60 21 1899.

268 443 32 21 Pä
315 443 159 28 Stenografiska
490 443 147 28 Föreningens
653 445 88 26 vägnar:

409 500 27 22 E.
457 500 26 22 G.
500 500 101 22 Palmen.

637 558 25 22 G.
680 558 26 21 R.
725 558 123 21 Snellman.

164 632 59 21 Enär
245 632 65 28 nägot
332 632 197 21 riddarhusutskott
548 632 119 21 tillsvidare
690 632 47 21 icke
756 632 72 21 blifvit
843 632 76 21 tillsatt

96 663 56 19 samt
173 660 106 28 äsigterna
301 668 33 14 om
352 661 156 27 behöfligheten
525 661 34 21 för
574 661 146 21 innevarande
736 661 102 27 landtdag
854 661 21 20 af
890 663 30 19 ett

97 689 77 21 sädant
194 690 83 20 utskott
300 697 52 13 voro
374 689 83 26 delade,
479 689 108 28 uppdrogs
612 690 27 27 pä
657 690 80 27 förslag
753 690 22 20 af
790 690 34 20 Hr
840 689 80 21 Landt-

97 717 134 22 marskalken
252 717 23 21 ät
288 717 260 22 Riddarhusdirektionen
563 721 32 18 att
610 718 83 27 afgifva
709 718 35 21 det
760 718 80 27 förslag
855 719 6 19 i
877 719 43 19 äm-

97 749 42 24 net,
161 746 85 21 hvartill
270 746 124 21 förberörda
417 746 114 21 skrifvelse
554 746 71 21 kunde
649 746 117 21 föranleda.
795 745 124 22 Emellertid

97 775 70 20 beslöt
188 775 26 21 R.
230 783 18 13 o.
264 776 31 25 A.,
310 775 28 28 pä
357 775 34 20 Hr
410 775 219 21 Landtmarskalkens
653 775 162 28 framställning,
836 778 30 17 att
888 775 32 20 till

97 803 68 21 första
187 803 85 28 plenum
289 804 55 21 efter
359 803 42 27 det,
416 803 92 21 hvarvid
524 803 102 21 Ständets
642 804 84 21 valmän
742 804 84 21 komme
842 806 30 18 att
888 806 33 18 ut-

97 839 40 18 ses,
161 831 115 29 bordlägga
298 833 82 26 frägan,
399 839 35 14 om
450 832 36 21 vid
502 832 117 28 pästäende
636 832 103 28 landtdag
754 835 30 18 ett
799 832 122 21 riddarhus-

98 861 83 20 utskott
197 861 65 20 borde
278 861 99 20 tillsättas
393 861 52 20 eller
460 861 54 20 icke.

230 987 21 21 R.
267 992 19 17 o.
301 986 35 23 A:s
352 986 229 28 helsningsdeputation
596 987 30 22 till
643 985 143 24 medständen.

166 1043 32 21 Pä
220 1045 130 26 uppmaning
371 1044 22 21 af
414 1044 35 21 Hr
464 1044 208 21 Landtmarskalken
693 1045 98 27 uppläste
807 1044 51 21 härä
873 1043 49 22 ord-

98 1071 118 21 förandene
235 1073 6 19 i
263 1072 265 28 helsningsdeputationen
544 1072 27 22 de
586 1073 35 26 tal,
637 1072 48 22 med
701 1073 73 21 hvilka
790 1073 26 21 de
832 1072 90 21 ämnade

98 1100 102 20 framföra
216 1100 26 22 R:
257 1108 19 14 o.
292 1102 37 20 A:s
345 1101 99 28 helsning
458 1101 33 21 till
507 1101 146 22 medständen.

167 1157 33 22 Hr
216 1159 111 20 Antells
342 1159 30 20 tal
387 1159 32 20 till
435 1158 164 22 Presteständet
614 1159 73 28 lydde:

99 1244 161 28 Högvördigste
275 1245 57 20 Herr
347 1244 82 29 Biskop
446 1245 41 20 och
502 1245 99 20 Talman!
617 1244 142 28 Högvördiga
774 1243 150 22 Presteständ!

168 1301 45 22 Vid
238 1302 58 20 detta
318 1301 34 21 för
373 1301 47 21 värt
442 1301 50 21 land
508 1302 24 21 sä
548 1301 165 28 betydelsefulla
728 1302 150 25 ständermöte,
892 1301 32 21 till

100 1329 81 21 hvilket
203 1330 37 21 det
262 1330 67 21 finska
352 1330 79 21 folkets
455 1330 79 28 lagliga
556 1331 79 20 ombud
651 1338 29 13 nu
695 1331 191 26 sammankommit,
902 1332 23 19 är

100 1358 41 21 den
157 1359 91 28 uppgift,
272 1366 45 13 som
332 1359 120 27 förelägges
469 1366 42 19 oss,
527 1359 94 21 förvisso
637 1359 68 26 egnad
722 1362 31 18 att
768 1359 61 21 ställa
845 1359 27 20 de
888 1359 37 20 all-

99 1387 115 27 varligaste
237 1387 48 21 kraf
306 1387 28 28 pä
354 1387 82 21 fasthet
458 1387 41 21 och
521 1387 132 28 klarsynthet
669 1388 38 21 hos
723 1388 202 27 representationen.

99 1415 62 21 Inför
176 1422 157 20 gemensamma
349 1415 124 28 bekymmer
488 1423 23 13 se
527 1417 22 19 vi
564 1423 35 13 oss
616 1424 34 18 nu,
666 1416 104 21 måhända
780 1417 6 19 i
798 1416 66 27 högre
872 1415 53 28 grad

100 1445 27 19 än
149 1443 105 28 nägonsin
277 1444 113 26 tillförene,
413 1444 118 21 hänvisade
547 1444 32 21 till
595 1444 27 21 de
638 1444 87 21 känslor
739 1446 21 19 af
776 1444 149 28 broderlighet,

100 1471 73 21 hvilka
196 1472 48 21 icke
270 1472 72 21 kunna
367 1472 102 28 upphöra,
495 1472 88 21 emedan
607 1474 21 20 vi
651 1473 66 21 hafva
740 1476 32 18 ett
794 1475 131 25 gemensamt

100 1500 125 28 fosterland,
241 1501 40 21 och
296 1501 32 20 till
344 1500 73 22 hvilka
432 1501 144 21 fosterlandet
592 1509 27 13 nu
636 1501 48 21 med
700 1502 110 27 tillförsigt
825 1501 81 27 vädjar.
