1111 1784
213 102 42 20 110
495 108 23 17 R.
532 112 17 13 o.
562 108 22 17 A.
598 108 57 18 1899.
680 109 25 16 23
718 108 48 21 Maj.

211 183 34 13 om
252 175 63 22 äfven
322 176 64 28 nägra
393 176 156 22 ständermöten
557 176 67 22 under
632 176 40 22 den
681 178 104 20 närmaste
796 176 113 21 framtiden
917 176 47 21 icke
972 175 67 22 skulle

211 204 74 22 vidare
300 205 167 21 sammankallas.
495 205 35 21 Nu
545 205 33 21 stä
594 205 120 21 Ständerna
728 205 76 28 sjelfva
819 204 67 22 under
902 212 80 14 samma
991 211 48 22 pre-

211 233 110 21 dikament
342 237 31 18 att
398 234 121 21 konstatera
539 234 81 28 tydligt
641 234 40 21 och
696 234 56 21 klart
767 234 41 21 den
823 234 150 27 statsrättsliga
988 233 51 21 kon-

211 258 87 36 fliktens
320 262 113 36 ohjelpliga
455 262 100 21 karaktär
574 262 94 26 sälunda,
679 266 32 18 att
727 262 118 22 Ständerna
859 262 48 21 icke
922 262 70 21 kunna
1006 270 32 13 ar-

211 290 51 22 beta
285 291 66 21 under
365 291 78 21 sädana
459 291 151 21 förhällanden.
639 291 36 21 Dä
690 291 41 21 kan
747 291 37 21 det
799 290 77 28 frägas,
890 298 34 14 om
939 291 38 21 det
991 290 47 22 icke

212 321 23 19 är
257 318 128 22 Ständernas
407 319 122 29 skyldighet
549 322 57 18 emot
628 320 117 21 Monarken
769 323 32 17 att
820 320 92 22 sälunda,
927 327 33 14 om
976 320 62 20 ock
1024 314 17 38 i

212 348 52 21 sista
286 348 140 27 ögonblicket,
449 348 53 21 efter
524 348 41 21 alla
587 349 47 20 sina
655 348 81 21 krafter
750 348 40 21 och
805 348 28 21 all
848 349 31 20 sin
896 348 95 28 förmäga
1006 348 33 21 för

212 376 76 21 honom
319 376 80 28 klargöra
414 376 59 22 detta
488 376 90 28 sakläge,
594 384 34 14 om
644 377 83 21 hvilket
741 377 42 21 han
797 376 95 29 tydligen
907 376 76 22 saknar
995 376 42 22 till

212 405 82 28 räeklig
315 405 123 21 kännedom.
467 406 66 20 Detta
556 413 62 20 synes
641 406 43 27 mig
706 405 69 22 säsom
798 405 62 28 sagdt
885 406 7 20 i
907 405 130 21 närvarande

212 434 64 20 stund
291 441 50 13 vara
356 434 40 21 den
411 434 76 28 högsta
501 434 87 28 pligten.
618 434 42 28 Jag
675 434 37 21 ber
728 437 31 19 att
773 434 28 29 pä
816 434 68 28 grund
899 434 23 21 af
936 434 57 21 hvad
1003 434 36 28 jag

212 462 38 21 här
265 462 71 21 anfört
350 462 40 22 och
405 462 28 29 pä
447 463 68 27 grund
530 462 23 22 af
567 462 27 21 de
610 463 95 28 vägande
721 463 52 25 skäl,
784 470 44 14 som
840 463 22 21 af
870 462 169 22 andra
942 458 11 38 i
964 462 75 22 samma

212 492 94 26 rigtning
322 491 86 27 anförts,
423 491 108 21 vördsamt
546 491 22 21 få
583 491 117 27 hemställa,
717 495 32 18 att
763 492 60 20 detta
833 491 125 28 Höglofliga
971 491 67 21 Stånd

213 518 49 22 ville
285 520 33 20 till
340 520 41 21 alla
403 520 59 21 delar
483 520 89 21 omfatta
595 520 37 21 det
654 520 22 21 af
694 520 57 22 Frih.
767 528 41 13 von
823 520 58 21 Born
895 520 38 21 här
947 520 90 28 tidigare

213 548 77 21 väckta
305 548 105 28 förslaget.

282 605 34 21 Hr
332 605 70 28 Georg
417 606 155 21 Schauman:
588 606 35 21 En
637 606 130 28 granskning
782 606 28 26 af,
826 606 19 27 ja
862 606 64 20 redan
941 613 26 13 en
983 605 56 28 flyk-

213 635 31 27 tig
259 634 57 21 blick
331 634 28 28 pä
379 634 144 28 föreliggande
539 634 240 22 utskottsbetänkanden
795 630 195 32 vidhandengifver,
1007 637 33 18 att

212 663 103 21 Finlands
336 663 91 21 Ständer
448 664 36 20 vid
506 664 68 20 denna
593 664 77 20 urtima
684 663 108 28 landtdag,
807 671 45 13 som
867 662 171 22 sammankallats

213 692 7 20 i
235 692 40 20 och
291 692 33 20 för
340 700 24 12 en
379 692 23 21 af
423 692 117 22 Monarken
555 692 65 28 nödig
634 692 107 21 befunnen
756 692 90 21 revision
862 692 23 20 af
900 691 139 29 värnepligts-

213 720 67 28 lagen,
295 728 75 19 genom
385 720 168 22 förhällandenas
574 720 66 29 tväng
655 721 89 21 kommit
758 724 33 18 att
805 720 33 21 stä
852 720 75 21 främst
941 720 57 20 inför
1013 727 25 13 en

214 756 68 14 annan
296 748 71 29 fräga:
383 749 73 29 frägan
471 757 33 13 om
521 749 124 21 bestäendet
660 749 22 21 af
698 749 82 21 landets
795 749 178 28 regentbesvurna
987 748 52 22 kon-

214 778 101 20 stitution.
344 778 41 28 Jag
405 778 60 22 sade:
488 786 74 20 genom
586 778 170 21 förhällandenas
778 778 72 27 tväng,
871 777 40 21 och
933 777 56 21 hvad
1003 778 36 27 jag

214 806 87 21 dermed
307 806 56 21 afser
368 808 23 19 är
398 807 63 21 klart:
473 806 111 29 kejserliga
592 807 122 21 manifestet
720 806 22 22 af
750 807 41 20 den
801 808 25 19 15
836 806 99 21 Februari
943 806 59 21 detta
1010 806 29 20 är.

284 835 105 21 Ansvaret
403 836 34 20 för
452 835 129 22 tillkomsten
596 835 23 21 af
634 836 60 20 detta
709 835 99 21 manifest
823 834 39 22 och
878 834 36 22 det
926 834 114 28 ohyggliga

214 863 92 28 sakläge,
318 871 43 13 som
378 864 121 27 derigenom
510 864 92 29 skapats,
613 864 58 21 såväl
682 864 34 20 för
729 864 41 20 den
781 863 95 21 enskilda
888 863 150 28 medborgaren

214 899 44 14 som
271 892 33 21 för
314 892 48 21 hela
373 892 36 22 det
417 893 70 21 finska
495 892 115 26 samhället,
620 896 98 18 ansvaret
726 892 33 21 för
767 892 42 21 alla
817 892 25 21 de
851 892 115 21 materiella
973 890 65 23 förlu-

214 923 43 18 ster
264 921 40 20 och
312 922 145 21 immateriella
465 921 104 26 lidanden,
576 929 44 13 som
629 921 59 21 detta
696 921 99 21 manifest
803 921 93 28 tillfogat
904 923 36 22 ett,
948 921 30 20 lät
989 928 50 13 vara

214 949 53 26 litet,
278 957 48 13 men
336 950 55 21 dock
402 953 31 18 ett
445 951 45 20 helt
500 950 51 24 folk,
560 950 92 21 drabbar
663 950 47 21 icke
719 950 67 27 någon
795 949 56 21 finsk
860 957 53 13 man.
930 949 109 28 Upphofs-

215 980 88 19 männen
314 978 32 21 till
358 979 116 21 detsamma
484 979 51 21 bära
545 979 47 20 icke
601 979 63 28 nägot
672 979 99 27 juridiskt
779 978 51 21 eller
841 985 36 14 ens
886 978 108 21 moraliskt
1002 985 36 14 an-

213 1014 49 13 svar
272 1007 56 20 inför
338 1007 37 21 det
385 1007 51 26 folk,
447 1007 62 22 hvars
520 1007 126 28 författning
653 1015 76 20 genom
736 1007 62 21 deras
805 1006 132 22 förvällande
945 1006 94 25 kränkts,

213 1043 33 12 om
258 1035 36 28 jag
306 1035 47 21 frän
365 1035 47 22 dem
423 1036 130 27 undantager
563 1036 40 21 den
615 1044 55 17 man,
680 1043 45 14 som
736 1036 61 21 stälts
807 1036 7 20 i
821 1038 84 25 spetsen
915 1035 33 20 för
957 1035 81 20 landets

213 1063 88 28 styrelse
324 1064 39 21 och
385 1064 86 22 hvilken
493 1065 32 20 till
548 1064 132 21 manifestets
702 1064 105 21 tillkomst
829 1063 130 25 medverkat,
974 1063 65 21 ehuru

212 1092 77 21 honom
305 1093 65 28 enligt
379 1093 353 28 generalguvernörsinstruktionen
742 1093 23 21 af
778 1093 40 20 den
832 1093 26 20 12
870 1092 101 21 Februari
984 1093 54 20 1812

212 1121 81 28 äligger
308 1124 32 18 att
356 1121 158 29 »förnämligast
529 1123 31 26 sig
576 1121 72 21 derom
665 1121 67 22 värda
746 1125 32 17 att
793 1121 105 21 allmänna
912 1121 73 27 lugnet
999 1120 40 22 och

213 1149 125 21 säkerheten
357 1150 127 27 bibehälles;
507 1153 32 18 att
553 1150 58 21 Väre
626 1150 55 26 Bud,
696 1150 146 27 Befallningar
856 1149 40 21 och
912 1149 128 21 Förordnin-

212 1185 38 20 gar
272 1185 54 21 noga
349 1179 122 21 efterlefvas
493 1179 39 21 och
554 1179 132 25 verkställas,
706 1182 55 17 samt
781 1181 32 18 att
827 1178 83 21 landets
924 1177 115 28 inbyggare

212 1206 94 28 skyddas
321 1207 37 21 vid
372 1207 80 27 Lagen,
467 1207 60 22 deras
543 1207 112 28 välfängne
666 1207 127 28 privilegier,
801 1207 39 20 fri-
850 1207 39 20 och
901 1206 136 27 rättigheter»

212 1235 109 21 äfvensom
341 1239 37 22 att,
393 1235 68 22 såsom
477 1236 36 21 det
528 1237 7 20 i
550 1243 25 14 en
591 1243 68 14 annan
675 1235 99 29 paragraf
789 1235 65 26 heter,
871 1235 74 21 »ställa
960 1235 32 27 sig
1006 1234 33 21 till

212 1263 147 24 efterrättelse,
373 1265 64 27 jemte
452 1265 57 21 hvad
523 1272 28 13 nu
566 1264 27 26 (d.
610 1272 18 13 v.
644 1272 14 13 s.
674 1265 7 20 i
696 1264 162 26 instruktionen)
874 1263 100 28 stadgadt
989 1263 49 21 blif-

212 1293 38 25 vit,
264 1305 28 2 —
307 1305 29 2 —
350 1305 28 2 —
393 1293 45 28 Lag
460 1293 38 21 och
519 1293 64 21 redan
599 1293 82 28 utgifna
696 1293 51 20 eller
761 1292 113 21 framdeles
890 1291 149 22 utkommandc

211 1320 176 29 Författningar.»

281 1349 30 21 Sä
325 1349 60 28 länge
401 1350 121 21 manifestet
537 1349 48 22 med
600 1350 49 21 dess
663 1349 200 29 grundstadganden
879 1349 47 21 icke
937 1348 102 29 upphäfts

212 1377 51 22 eller
278 1377 84 22 erhällit
376 1386 26 13 en
417 1379 65 20 sädan
497 1379 122 27 förklaring,
634 1386 44 13 som
693 1381 122 25 garanterar
830 1377 36 22 det
877 1377 95 22 faktiska
987 1377 52 21 fort-

211 1406 113 21 beståndet
338 1407 23 20 af
375 1407 83 21 landets
473 1407 119 21 nuvarande
616 1407 180 21 konstitutionella
811 1406 95 27 ordning,
921 1406 40 21 blir
977 1405 62 22 Stän-

211 1435 77 21 dernas
302 1435 126 28 deltagande
443 1436 8 20 i
466 1435 71 28 hvarje
553 1435 138 28 lagstiftning,
707 1443 34 13 om
756 1435 86 21 hvilken
858 1435 68 20 mäste
938 1434 101 21 förutsät-

211 1466 39 22 tas,
265 1467 33 18 att
319 1464 114 21 Monarken
449 1464 73 21 dervid
538 1464 48 21 icke
601 1464 54 21 skall
670 1463 123 29 respektera
809 1463 81 21 landets
905 1463 135 28 grundlagar,

211 1491 191 22 inkonstitutionelt
423 1493 41 21 och
486 1493 66 21 måste
574 1492 73 22 derför
670 1493 22 20 af
715 1492 48 21 dem
786 1492 88 28 afböjas,
890 1491 68 22 såsom
975 1491 64 22 äfven
