1111 1753
385 115 210 20 Landtdagsutskott.
878 109 26 20 27

385 216 208 28 Landtdagsutskott.

147 274 34 20 Hr
196 274 206 21 Landtmarskalken
419 274 126 21 meddelade
561 277 32 17 att
607 273 246 22 Talmanskonferensen
864 273 39 21 be-

79 302 60 21 slutit
154 305 31 18 att
200 310 75 20 genom
299 302 196 21 landtmarskalken
518 302 39 21 och
582 302 122 21 talmännen
729 302 33 21 för
777 302 27 21 de
826 302 79 21 ofrälse

79 330 98 27 stånden,
192 331 80 21 enhvar
287 331 39 21 hos
342 332 37 20 sitt
394 331 70 25 stånd,
479 331 79 21 föreslå
573 334 32 18 att
621 331 36 21 vid
673 330 117 29 påstående
802 330 104 27 landtdag

79 359 68 21 skulle
163 359 99 21 tillsättas
278 359 93 28 följande
387 359 93 21 utskott:
496 362 31 18 ett
544 359 228 28 Värnepligtsutskott,
789 358 116 21 bestående

80 388 23 20 af
123 389 48 26 fyra
185 387 117 22 ledamöter
318 388 40 21 och
373 391 32 18 tre
421 388 138 27 suppleanter
579 388 48 23 från
649 388 73 27 hvarje
738 387 69 24 stånd,
822 388 32 21 för
869 387 37 21 be-

80 416 103 27 handling
198 417 22 20 af
235 416 26 21 de
272 417 31 20 till
320 416 118 22 Ständerna
449 416 160 22 öfverlemnade
621 416 78 28 nådiga
710 417 195 27 propositionerna
896 412 13 37 ;

80 448 31 17 ett
125 445 136 28 Lagutskott,
276 445 116 21 bestäende
408 445 103 21 likaledes
527 445 23 20 af
566 445 47 28 fyra
631 445 117 21 ledamöter
759 445 40 21 och
812 447 32 18 tre
855 452 50 20 sup-

82 473 97 28 pleanter
194 473 47 21 frän
257 473 73 29 hvarje
346 473 68 26 ständ,
430 474 34 20 för
473 473 130 28 behandling
611 474 23 21 af
642 473 93 21 nämnda
743 473 163 28 propositioner,

79 502 72 21 sävidt
166 503 26 20 de
208 502 74 21 beröra
305 502 114 28 grundlag;
436 505 31 18 ett
482 502 148 26 Statsutskott,
654 501 116 22 bestäende
791 501 77 29 jemväl
883 501 23 21 af

79 531 47 28 fyra
141 531 117 20 ledamöter
280 531 41 21 och
341 534 31 18 tre
394 531 138 28 suppleanter
551 531 47 21 frän
614 531 74 28 hvarje
704 530 70 26 ständ,
789 531 34 20 för
838 530 68 21 hand-

79 559 109 22 hafvande
204 559 22 21 af
242 559 140 28 landtdagens
399 560 98 20 ekonomi
514 563 55 18 samt
584 559 158 21 verkställande
758 559 23 21 af
792 559 26 21 de
830 559 75 20 beräk-

79 589 81 27 ningar,
176 595 45 14 som
237 588 23 21 af
276 588 247 28 Värnepligtsutskottet
544 588 105 21 mähända
665 588 71 21 kunde
752 595 62 14 anses
831 587 75 21 behöf-

79 616 48 28 liga;
143 620 55 17 samt
213 619 31 18 ett
256 617 232 28 Expeditionsutskott,
511 617 116 21 bestäende
643 617 23 20 af
681 617 36 20 tvä
733 616 117 21 ledamöter
865 615 41 22 och

78 646 38 20 tvä
132 645 137 28 suppleanter
290 646 49 20 frän
360 645 72 28 hvarje
453 645 70 26 ständ,
539 645 34 21 för
589 645 161 28 ombesörjande
766 645 22 20 af
804 644 27 21 de
846 645 31 20 uti
893 645 12 26 $

80 675 25 20 77
122 675 6 19 i
144 673 25 21 L.
184 674 27 21 O.
227 674 115 21 omordade
358 674 99 25 ärenden,
473 674 55 21 dock
546 677 31 18 att
592 674 35 21 val
638 674 32 21 till
681 673 132 22 sistberörda
823 673 83 21 utskott

79 702 48 21 icke
144 702 68 21 skulle
228 710 39 20 ega
278 710 52 19 rum,
341 703 63 20 innan
416 702 50 21 dess
478 703 72 20 arbete
562 702 79 21 blifver
649 702 22 21 af
681 702 101 21 behofvet
793 701 113 29 päkalladt

149 759 32 21 Pä
202 759 34 21 Hr
258 759 217 21 Landtmarskalkens
496 760 71 20 derom
583 759 126 21 framstälda
724 759 109 27 förfrägan
856 758 50 21 belf.

77 787 257 22 Talmanskonferensens
354 788 164 28 ifrägavarande
540 788 81 28 förslag
636 788 23 21 af
674 788 91 21 Ständet
785 786 120 29 godkändt;

78 816 88 21 hvarom
182 816 141 22 medständen
339 817 68 21 skulle
422 824 78 20 genom
516 817 197 28 protokollsutdrag
729 816 140 21 underrättas.

273 984 136 23 Tillsättande
424 984 26 23 af
462 986 32 21 ett
509 985 198 23 riddarhusutskott.

150 1040 122 29 Föredrogs
295 1042 41 21 den
359 1042 48 21 frän
431 1042 130 27 mändagens
585 1042 86 28 plenum
695 1042 69 21 härtill
788 1041 118 28 bordlagda

81 1069 82 28 frägan,
179 1077 33 14 om
228 1070 36 21 vid
281 1070 70 21 denna
365 1071 78 20 urtima
459 1071 103 28 landtdag
578 1071 66 20 borde
663 1071 99 20 tillsättas
778 1073 31 18 ett
824 1069 82 22 riddar-

83 1097 123 22 husutskott
221 1099 51 20 eller
287 1099 53 21 icke.

149 1155 151 22 Ordföranden
317 1157 4 20 i
338 1156 260 21 Riddarhusdirektionen
621 1157 34 20 Hr
677 1157 29 21 K.
722 1157 94 21 Antell
840 1156 65 21 utbad

80 1185 33 27 sig
129 1184 55 21 först
198 1184 62 21 ordet
275 1185 40 20 och
330 1185 93 28 yttrade:
445 1185 68 21 Innan
529 1185 26 21 R.
570 1193 18 13 o.
604 1186 27 20 A.
646 1185 61 28 ingär
722 1186 30 20 uti
767 1185 101 29 pröfning
883 1185 22 20 af

80 1213 142 21 förevarande
246 1213 84 26 ärende,
352 1213 62 21 utber
436 1214 36 27 jag
494 1215 43 26 mig
552 1217 31 17 att
599 1215 6 19 i
621 1214 86 21 korthet
721 1214 23 20 fä
759 1214 89 28 angifva
864 1213 41 21 den

79 1241 144 28 uppfattning,
246 1249 46 13 som
313 1242 39 20 hos
371 1242 259 21 Riddarhusdirektionen
652 1243 57 27 gjort
730 1243 32 27 sig
784 1242 121 28 gällande
889 1237 19 37 i

79 1269 61 28 fräga
155 1269 79 27 derom,
249 1270 105 21 huruvida
369 1270 270 22 Riddarhusdirektionens
659 1270 87 22 mandat
761 1270 66 22 borde
843 1278 62 14 anses

80 1298 96 28 upphöra
191 1298 51 21 eller
256 1299 54 25 icke,
326 1298 27 21 dä
368 1298 37 22 det
420 1299 124 28 Höglofliga
559 1299 97 26 Ständet,
671 1300 32 20 till
719 1299 53 29 följd
788 1299 68 27 deraf,
875 1302 31 18 att

81 1326 118 22 detsamma
221 1327 172 21 sammankallats
415 1328 34 20 till
471 1328 77 20 urtima
570 1328 109 28 landtdag,
694 1336 29 13 nu
738 1328 168 21 sammanträder

79 1354 90 28 tidigare
185 1357 27 19 än
228 1355 57 21 hvad
301 1355 71 22 kunde
387 1356 126 21 förutsättas
530 1356 36 21 vid
581 1356 66 21 slutet
661 1356 24 21 af
699 1360 84 18 senaste
800 1356 105 21 ordinarie

79 1383 109 28 landtdag.
217 1384 85 21 Härvid
318 1384 38 21 har
370 1384 259 21 Riddarhusdirektionen
645 1385 116 28 ingalunda
771 1386 81 19 kunnat
864 1385 42 20 för-

79 1411 52 27 bise,
147 1415 31 18 att
192 1412 105 21 särskilda
319 1413 133 27 stadganden
473 1414 30 19 uti
523 1413 26 21 L.
563 1413 28 21 O.
607 1413 64 28 bjuda
687 1417 31 17 att
733 1413 120 22 Ständerna
868 1412 37 22 vid

79 1441 77 20 urtima
171 1440 102 28 landtdag
288 1441 48 21 icke
351 1444 49 25 taga
416 1441 122 28 befattning
554 1441 47 21 med
617 1441 67 22 andra
699 1442 93 21 ärenden
808 1443 27 19 än
851 1441 55 26 dem,

79 1468 73 21 hvilka
167 1469 108 21 föranledt
290 1470 76 20 urtima
381 1469 143 28 landtdagens
540 1470 202 26 sammankallande,
756 1470 52 21 eller
818 1470 23 21 af
851 1469 55 28 Kej-

79 1503 61 14 saren
156 1497 32 21 till
204 1497 142 28 landtdagens
369 1498 131 28 behandling
523 1499 158 26 öfverlemnats,
697 1499 51 21 eller
763 1499 41 20 ock
820 1498 86 26 sädana,
