1109 1786
206 107 28 21 26
482 115 23 17 R.
519 119 18 13 o.
549 115 23 16 A.
585 115 59 17 1899.
669 116 26 16 23
707 115 48 22 Maj.

413 182 97 28 följande
531 183 10 20 i
561 184 183 27 grundlagsenlig
759 183 95 27 ordning
870 183 29 28 af
910 184 58 20 detta
985 184 47 26 lag-

413 212 198 27 stiftningsärende
625 212 46 21 icke
687 219 49 14 vore
751 212 114 26 uteslutet;

481 276 32 20 att
531 275 73 21 denna
619 275 162 26 förutsättning
797 275 137 27 betänkligen
949 275 82 21 rubba-

413 303 36 20 des
462 310 78 20 genom
558 303 123 21 innehållet
695 303 10 21 i
719 304 25 20 de
759 304 35 20 det
808 303 83 27 nådiga
906 303 127 28 manifestet

413 331 28 28 af
457 332 40 21 den
520 332 52 26 3/15
590 331 111 22 Februari
715 332 123 27 åtföljande
851 332 179 27 grundstadgan-

413 360 62 26 dena,
497 360 91 27 hvarför
611 360 126 22 Ständerna
759 361 41 21 den
824 361 27 20 21
869 360 109 21 Februari
998 361 35 20 till

414 389 66 20 Hans
504 389 101 28 Majeslät
624 389 92 28 ingingo
737 390 50 20 med
807 396 28 14 en
849 389 96 21 särskild
959 389 72 28 fram-

413 418 108 27 ställning
537 418 9 20 i
561 419 80 26 ämnet,
658 420 56 19 utan
730 420 33 19 att
778 418 68 21 likväl
857 417 125 22 Ständerna
989 418 44 27 fått

413 446 29 27 af
456 447 63 20 Hans
535 446 103 28 Majestät
653 449 108 24 emottaga
776 447 74 26 någon
865 446 67 28 nådig
947 447 84 26 förkla-

413 475 58 28 ring,
487 475 70 27 egnad
572 477 32 19 att
619 475 91 28 skingra
724 476 64 20 deras
804 475 88 28 tvifvel;

483 539 38 26 att,
536 539 69 20 sedan
621 539 120 20 emellertid
757 538 42 21 den
817 539 14 20 3
841 538 49 27 Maj
899 539 81 20 tvänne
988 545 44 20 nya

410 567 168 27 propositioner,
588 567 71 20 under
664 567 119 21 betonande
792 567 29 27 af
825 567 62 20 deras
895 567 138 27 oskiljaktiga

412 595 109 21 samband
539 596 49 20 med
603 595 205 27 värnepligtslagen,
825 595 76 27 blifvit
913 595 68 27 jemte
998 596 35 19 ut-

413 624 100 26 tryckligt
529 624 136 27 åberopande
680 624 29 27 af
721 624 90 21 berörda
823 624 209 27 grundstadganden

415 652 34 20 till
470 652 136 21 Ständernas
632 652 115 22 utlåtande
768 652 168 28 öfverlemnade,
964 652 67 21 Stän-

412 681 69 20 derna
496 694 27 2 —
538 681 109 21 ehuruväl
669 682 63 20 deras
754 681 82 21 utskott
855 681 29 21 dä
899 681 134 27 väsentligen

412 709 91 27 slutfört
524 710 51 20 sina
597 710 72 20 under
692 710 72 21 andra
779 710 189 27 förutsättningar
983 710 47 20 vid-

413 740 67 25 tagna
495 738 87 21 arbeten
599 752 28 1 —
641 739 81 27 funnit
739 739 34 27 sig
788 745 94 14 numera
897 738 45 21 icke
957 738 75 21 kunna

411 766 54 28 ingä
484 767 32 27 pä
538 774 27 14 en
585 767 71 27 saklig
679 767 133 27 behandling
827 767 29 27 af
867 767 25 21 de
909 766 123 22 Ständerna

411 795 112 27 förelagda
539 796 159 27 lagförslagen;
715 803 48 13 men

481 860 34 19 att
536 858 126 21 Ständerna
677 859 10 20 i
702 858 176 28 underdänighet
893 858 91 21 anhålla
1000 860 32 19 att

412 886 65 21 Hans
486 887 121 27 Kejserliga
615 887 109 27 Majestät,
731 888 56 27 efter
796 887 77 27 nädigt
881 888 62 25 tagen
952 887 81 20 känne-

411 915 51 21 dom
484 915 29 28 af
533 915 136 21 Ständernas
693 915 70 22 beslut
785 915 49 21 med
848 915 75 21 dertill
937 915 95 21 hörande

412 944 141 27 handlingar,
568 944 52 21 ville
635 944 112 28 förelägga
762 945 67 20 nästa
845 944 104 27 landtdag
964 944 68 27 nådig

409 973 139 26 proposition
567 973 10 20 i
595 975 75 18 ämnet
687 973 71 20 under
770 972 86 21 sådana
871 973 159 26 förutsättnin-

411 1008 46 19 gar,
473 1003 33 19 alt
517 1001 44 21 icke
578 1001 131 28 berättigadt
724 1001 77 28 tvifvel
816 1001 38 20 mä
869 1001 55 20 råda
939 1008 41 19 om,
1000 1003 33 18 att

413 1030 84 21 landets
516 1031 137 26 grundlagar
668 1030 68 21 varda
751 1030 144 27 fullständigt
909 1029 122 28 iakttagna;

274 1094 55 19 samt
343 1095 32 18 att
390 1092 118 21 Ständerna
522 1093 129 26 härutöfver,
668 1093 19 20 »i
702 1093 115 26 anledning
832 1092 23 21 af
869 1092 103 21 särskilda
982 1093 7 20 i
994 1092 38 24 bi-

204 1119 88 28 lagorna
306 1120 32 21 till
353 1120 28 21 de
395 1121 48 21 nåd.
457 1129 98 20 prop:rna
569 1121 174 22 förekommande
755 1121 125 21 uttalanden
891 1123 55 19 samt
955 1120 77 28 nådiga

204 1148 123 21 manifestet
348 1149 23 21 af
390 1149 41 21 den
449 1151 50 25 3/15
514 1149 103 22 Februari
633 1151 61 25 1899,
709 1150 73 26 måtte,
797 1149 50 21 med
861 1149 133 28 åberopande
1009 1149 23 21 af

203 1176 66 21 ofvan
290 1177 89 21 anförda
393 1178 185 27 omständigheter,
593 1178 34 20 för
642 1178 61 21 Hans
718 1178 123 28 Kejserliga
855 1178 103 27 Majestät
971 1179 8 19 i
993 1185 38 13 un-

203 1204 142 29 derdånighet
359 1206 120 22 framhålla:
496 1220 27 2 —
537 1206 103 22 Härefter
655 1207 62 27 följer
732 1206 163 28 Lagutskottets
911 1214 120 13 monumen-

203 1233 45 48 tala
256 1235 18 48 N
291 1233 109 28 klämmar,
419 1235 48 20 dem
482 1236 35 27 jag
531 1235 62 21 utber
607 1236 44 27 mig
666 1235 23 21 få
703 1236 90 27 uppläsa
809 1235 33 20 till
857 1235 26 20 R.
898 1242 18 13 o.
931 1235 37 20 A:s
984 1242 47 21 pro-

203 1264 52 18 tokoll
285 1275 34 14 —,

483 1327 44 20 vatt
549 1326 69 27 enligt
635 1325 112 22 Finlands
764 1322 149 25 konstitution
928 1326 41 26 lag,
984 1333 47 14 som

411 1354 56 21 skall
491 1355 66 20 lända
579 1355 36 20 till
636 1355 144 26 efterrättelse
802 1354 36 27 för
853 1354 111 21 Finlands
978 1354 52 27 folk,

411 1383 43 20 kan
469 1383 75 27 stiftas
560 1383 77 21 endast
651 1383 10 20 i
675 1383 42 21 den
731 1389 80 21 genom
827 1383 85 20 landets
921 1383 108 27 grundla-

410 1418 42 20 gar
474 1411 110 21 bestämda
605 1411 129 28 ordningen,
759 1411 88 21 hvilken
869 1411 129 27 förutsätter
1012 1411 20 27 ej

411 1440 86 21 mindre
515 1441 34 20 att
563 1440 122 21 Monarken
700 1440 78 21 dervid
793 1440 95 21 biträdes
903 1439 29 28 af
942 1440 87 20 inhem-

411 1469 40 20 ska
472 1469 156 27 myndigheter,
651 1470 29 19 än
697 1471 32 19 att
745 1469 37 26 lag
797 1468 10 21 i
821 1470 88 24 ämnen,
925 1475 46 14 som
986 1468 45 21 icke

413 1498 40 20 äro
467 1499 32 19 att
513 1497 95 27 hänföra
625 1497 34 21 till
673 1504 17 14 s.
708 1497 19 21 k.
745 1497 119 27 ordnings-
881 1497 38 21 och
929 1496 100 22 hushäll-
