1111 1748
205 104 27 20 58
472 110 24 17 R.
510 114 17 12 0.
540 110 21 16 A.
575 110 58 17 1899.
658 110 23 17 16
693 110 61 17 Mars.

206 177 58 21 anta]
283 178 107 28 exemplar
408 178 28 28 pä
454 178 93 22 svenska
562 178 41 21 och
617 178 69 21 finska
700 178 88 29 spräket
803 178 22 21 af
840 178 190 28 Krigsministerns

207 206 147 28 underdäniga
369 206 273 28 föredragningsmemorial
652 207 35 21 för
697 207 41 21 den
751 208 25 20 15
787 207 87 21 Januari
886 206 144 22 innevarande

206 234 24 21 år
245 234 42 22 N:o
303 236 12 20 2
331 235 79 26 derom,
421 238 32 18 att
463 234 141 29 Landtdagen
615 235 75 22 ändrat
701 236 40 21 den
753 236 23 21 af
786 236 79 28 Kejsar
873 236 123 21 Alexander
1008 235 22 21 II

206 263 153 29 Egenhändigt
382 264 102 21 affattade
507 263 96 29 lydelsen
625 264 23 21 af
671 265 12 27 S
703 265 39 21 127
767 265 58 27 (119)
841 264 22 21 af
879 264 152 28 Värreplikts-

207 292 63 28 lagen
292 292 34 21 för
345 292 100 27 Finland,
462 292 83 22 hvilket
559 293 109 21 memorial
684 293 142 21 öfverlemnas
849 293 32 21 till
899 292 131 22 Ständernas

205 320 127 22 kännedom.

275 378 187 22 Undertecknadt:
479 378 192 30 Generaladjutant
687 379 120 28 Bobrikoff.

275 436 203 28 Kontrasigneradt:
495 439 14 19 t.
524 436 16 22 f.
554 436 175 22 Kanslidirektor
744 437 26 21 A.
789 444 42 14 von
846 436 125 22 Minkwitz.

274 487 114 28 Öfversatt
402 494 32 21 af:
450 494 25 22 P.
492 494 150 22 Jamalainen.

274 578 32 22 På
326 579 158 29 framställning
503 580 23 21 af
544 580 57 21 Herr
619 580 206 21 Landimarskalken
845 580 69 21 beslöt
928 580 26 21 R.
970 587 18 14 o.
1003 580 27 21 A.

204 608 109 20 remittera
329 608 65 21 ofvan
410 609 87 27 intagna
513 608 113 22 skrifvelse
640 609 65 28 jemte
720 608 45 22 deri
782 608 121 29 äberopade
919 608 111 28 föredrag-

204 636 174 28 ningsmemorial
399 637 61 21 säväl
480 637 32 21 till
531 636 152 30 Värnepligts-
701 645 45 13 som
765 637 158 28 Lagutskottet,
942 638 87 20 hvarom

205 664 98 22 bemälda
323 665 84 21 utskott
427 666 41 21 och
489 665 140 22 medständen
650 666 70 21 skulle
737 674 77 20 genom
833 666 197 28 protokollsutdrag

204 692 141 23 underrättas.

275 831 90 21 Plenum
380 832 119 22 afslutades
515 832 28 22 kl.
558 834 11 20 7
587 840 17 14 c.
620 841 25 13 m.

823 872 20 18 In
855 872 58 18 fidem.

769 901 52 21 Clas
836 909 19 14 v.
875 901 83 22 Collan.
