1114 1773
355 121 216 17 Landtmarskalkens
583 121 36 17 tal.
860 115 39 21 197

71 191 24 22 af
109 190 160 29 separatistiska
285 190 73 26 motiv,
368 189 114 22 hvarutom
491 197 48 14 man
552 189 87 29 påstått,
647 192 32 19 att
690 188 142 22 omförmälda
842 189 58 20 stad-

71 219 89 22 fästelse
175 218 68 21 skulle
259 218 66 21 hafva
340 218 95 21 erhållits
451 226 78 20 genom
545 219 54 20 svek
615 218 52 21 eller
683 218 26 28 på
721 217 122 28 bedrägligt
853 219 48 19 sätt.

71 247 141 23 Oberäknadt
235 246 37 22 det
294 246 82 21 mindre
397 247 118 28 grannlaga
538 247 31 20 uti
592 249 32 19 att
645 247 102 27 utslunga
766 246 74 29 dylika
855 247 46 20 äre-

71 277 70 26 röriga
164 275 160 28 beskyllningar
347 279 57 17 emot
422 275 153 27 högtaktade
566 270 15 37 i
591 278 86 25 spetsen
693 275 35 21 för
742 274 104 22 Finlands
863 274 37 21 ad-

71 305 141 21 ministration
238 304 22 21 af
282 303 119 22 Monarken
422 304 70 21 stälda
508 311 107 21 personer,
631 304 79 26 hvilka,
725 304 72 21 såsom
814 311 86 13 numera

72 333 84 27 aflidna,
178 333 48 21 icke
242 334 36 19 äro
293 333 7 20 i
315 332 85 21 tillfälle
416 335 32 18 att
463 333 77 28 sjelfve
555 333 99 20 försvara
669 333 40 27 sig,
725 333 39 20 har
780 332 38 21 det
832 331 68 22 finska

71 362 80 21 folkets
168 361 72 21 kärlek
256 361 32 21 till
304 362 38 20 sitt
356 361 153 21 fädernesland
526 362 29 20 uti
569 361 186 28 tidningspressen
770 361 41 21 och
824 360 77 21 offent-

72 389 104 29 liggjorda
202 389 113 28 broskyrer
337 391 51 20 nära
409 397 43 20 nog
476 390 73 21 blifvit
565 389 121 22 betecknad
703 389 71 22 såsom
791 392 31 18 ett
838 389 63 26 brott,

72 432 27 2 —
114 419 26 28 ja,
156 426 47 13 man
219 418 38 21 har
272 418 32 21 till
319 418 41 21 och
376 418 48 21 med
441 418 66 28 vågat
521 420 52 26 göra
588 419 79 27 troligt,
683 421 32 18 att
727 418 105 21 Finlands
844 417 56 21 oför-

72 447 79 28 gätlige
166 447 110 28 välgörare
292 447 123 21 Alexander
430 447 11 21 I
457 447 41 22 och
514 447 125 21 Alexander
652 447 31 26 II,
699 447 73 21 hvilka
787 447 55 21 dock
854 446 48 21 bort

74 483 49 14 vara
146 475 63 28 höjda
232 475 62 21 öfver
315 475 55 21 slika
393 475 88 29 lumpna
500 476 127 27 tillvitelser,
643 475 48 22 icke
707 475 60 22 alltid
784 475 69 22 skulle
869 475 32 21 till

72 505 54 21 fullo
141 505 66 20 hafva
223 505 65 20 insett
304 504 80 21 vidden
400 504 42 21 och
458 504 175 21 beskaffenheten
651 504 22 21 af
684 504 62 21 deras
759 504 100 28 åtgärder
867 504 35 21 för

72 533 104 22 Finlands
193 533 68 21 bästa!
285 533 45 20 Allt
346 533 64 25 detta,
426 533 6 20 i
449 533 100 28 förening
564 533 49 21 med
629 536 31 18 ett
676 533 136 28 konseqvent
828 533 73 20 försök

73 565 31 18 att
119 562 95 27 förringa
238 561 124 28 betydelsen
386 561 23 21 af
432 561 105 22 Finlands
552 561 135 28 grundlagar,
703 561 38 22 har
755 561 49 22 icke
820 561 82 21 kunnat

72 590 73 28 undgå
167 593 31 18 att
219 589 28 29 på
262 589 37 22 det
319 589 99 29 djupaste
434 591 49 20 såra
498 590 37 21 det
550 591 68 20 finska
633 590 80 21 folkets
730 590 104 28 heligaste
850 590 52 21 kän-

73 619 48 26 slor,
136 619 88 20 hvarför
240 618 40 21 och
296 618 27 21 då
338 619 151 21 erfarenheten
505 619 71 28 gifver
591 619 37 20 vid
644 619 92 26 handen,
751 622 31 17 att
798 626 47 13 man
858 618 43 21 för-

72 647 75 28 gäfves
164 647 64 21 söker
243 650 31 18 att
290 647 112 28 öfvertyga
418 647 57 27 dem,
491 655 46 14 som
555 648 47 21 icke
614 647 50 28 vilja
675 647 43 22 låta
729 648 32 27 sig
772 648 129 27 öfvertygas,

72 675 103 22 Finlands
190 676 47 21 folk
251 677 77 27 gripits
343 676 23 21 af
381 683 37 14 oro
435 676 42 21 och
493 677 129 28 bekymmer,
635 676 74 21 hvilka
720 676 115 28 ingalunda
848 676 53 20 min-

73 705 58 20 skats
154 712 76 20 genom
254 704 37 21 det
313 704 68 21 under
403 705 144 27 landtdagens
572 705 85 28 förlopp
681 704 126 21 emanerade
823 704 77 28 nådiga

72 733 124 21 manifestet
218 733 22 21 af
263 733 40 21 den
328 734 50 27 3/15
402 733 100 21 sistlidahe
524 733 110 22 Februari.
664 733 35 21 Då
721 733 62 21 Hans
799 733 102 28 Majestät

72 769 75 21 genom
170 761 48 22 dess
242 761 41 22 den
307 763 24 20 11
356 761 105 22 Februari
486 763 54 21 1895
563 761 106 22 tecknade
691 761 78 29 nädiga
784 762 116 21 resolution

73 791 13 20 ä
105 790 191 22 rikssekreteraren
319 790 97 22 Plehwes
441 791 282 28 föredragningsmemorial,
739 790 109 29 angäende
864 798 37 20 ge-

73 826 93 14 mensam
176 815 11 37 =
197 819 182 28 rikslagstiftning
410 819 35 21 för
474 820 109 28 Ryssland
609 820 40 21 och
674 819 99 26 Finland,
798 819 104 21 förklarat

72 848 162 27 nödvändighet
256 848 48 21 icke
326 848 106 28 föreligga
452 851 34 18 att
501 848 70 28 nägon
587 848 156 28 lagstiftning
740 843 13 37 i
766 847 135 22 omförmäldt

73 876 102 21 afseende
206 876 68 21 skulle
306 876 85 22 komma
422 877 33 21 till
484 877 69 26 stånd,
585 880 54 18 samt
670 876 27 22 de
724 876 78 29 frågor,
829 876 73 21 hvilka

73 905 66 21 borde
162 905 70 21 såsom
253 905 226 28 riksangelägenheter
494 906 115 25 betraktas,
624 907 18 27 ej
659 905 66 22 heller
741 906 73 21 blifvit
828 907 30 19 uti
874 905 28 21 de

73 933 66 28 sagda
162 934 102 21 manifest
286 934 118 28 åtföljande
425 934 220 28 grundstadgandena
667 936 96 19 närmare
786 934 116 25 bestämda,

72 970 38 13 var
129 962 37 21 det
182 962 106 29 sjelffallet
302 965 32 18 att
349 963 120 20 änberörda
485 964 107 26 manifest,
609 971 45 13 som
670 963 47 21 icke
733 963 123 21 tillkommit
871 963 31 20 uti

73 991 40 21 den
136 991 35 20 för
194 991 69 28 lagars
285 991 103 21 stiftande
412 993 5 19 i
440 991 94 22 Finland
552 991 99 28 gällande
667 991 97 28 ordning,
780 991 38 22 här
833 991 68 21 skulle

73 1019 68 22 väcka
157 1019 41 22 den
214 1021 77 20 största
308 1020 138 27 bestörtning,
463 1020 69 21 under
547 1020 107 29 intrycket
669 1020 76 21 hvaraf
761 1020 64 21 äfven
838 1020 64 21 Stän-

73 1049 70 25 derna,
159 1048 28 28 pä
202 1048 156 28 framställning
374 1049 23 20 af
412 1048 144 29 landtdagens
572 1049 136 28 Lagutskott,
724 1049 82 21 beslöto
822 1052 31 17 att
864 1056 37 20 ge-

73 1084 47 13 nom
145 1084 26 13 en
190 1077 133 28 deputation,
339 1077 117 21 bestäende
474 1077 23 21 af
512 1077 195 22 landtmarskalken
724 1077 40 22 och
780 1077 26 22 de
822 1077 79 21 ofrälse

73 1105 102 21 ständens
197 1106 86 27 talmän,
307 1105 74 28 bringa
404 1105 147 22 förhällandet
573 1106 91 21 rörande
687 1106 37 21 det
746 1107 30 20 uti
797 1105 104 22 Finlands

71 1134 129 27 grundlagar
223 1134 130 21 föreskrifna
376 1136 42 19 sätt
441 1135 36 20 för
497 1135 111 21 härstädes
623 1135 74 28 giltiga
713 1135 69 28 lagars
798 1134 103 22 stiftande

72 1163 32 20 till
119 1162 62 21 Hans
194 1163 112 21 Majestäts
322 1163 65 28 Höga
402 1163 133 27 kännedom;
547 1171 49 13 men
609 1163 89 21 emedan
709 1163 62 22 Hans
780 1163 121 28 Kejserliga

71 1191 103 28 Majestät
189 1192 6 20 i
212 1191 66 21 näder
293 1191 104 21 förklarat
409 1192 34 27 sig
453 1192 50 21 icke
512 1192 50 28 vilja
571 1195 107 25 emottaga
688 1192 138 21 omförmälda
834 1191 67 29 depu-

72 1220 73 25 tation,
168 1219 66 22 hafva
256 1219 120 22 Ständerna
395 1221 57 20 varit
468 1220 125 22 nödsakade
609 1224 36 23 att,
661 1222 6 19 i
683 1221 154 27 sammanhang
852 1220 48 21 med

72 1251 71 18 svaret
166 1248 12 21 å
194 1249 185 28 propositionerna
395 1256 35 13 om
446 1249 305 28 värnepligtslagstiftningen,
766 1249 87 21 hvilken
869 1248 33 21 ät-

72 1277 105 20 minstone
200 1277 68 21 delvis
292 1277 126 21 betecknats
442 1277 73 22 säsom
537 1285 26 14 en
580 1278 34 21 för
628 1277 109 29 Ryssland
753 1278 40 21 och
808 1277 92 22 Finland

73 1312 121 21 gemensam
217 1305 207 28 riksangelägenhet,
440 1309 97 25 upptaga
552 1306 75 28 frägan
643 1306 91 21 rörande
750 1306 151 21 meranämnda

73 1333 100 22 manifest
194 1334 32 21 till
249 1334 135 27 behandling.
414 1334 192 27 Förtroendefullt,
628 1335 70 21 såsom
722 1335 37 21 det
780 1335 73 21 anstär
870 1337 32 18 ett

72 1362 65 28 lojalt,
160 1369 34 14 om
212 1363 46 20 sina
277 1363 147 28 skyldigheter
440 1363 42 21 och
498 1363 126 28 rättigheter
639 1363 109 22 medvetet
763 1363 52 26 folk,
830 1363 70 21 vända

72 1391 33 27 sig
123 1390 119 22 Ständerna
260 1391 74 22 dervid
351 1391 32 21 till
399 1393 33 19 sin
449 1392 90 21 älskade
554 1392 75 26 furste,
644 1392 147 28 öfvertygade,
807 1395 31 18 att
854 1392 47 26 han,

72 1426 45 14 som
140 1419 57 21 inför
220 1419 88 22 verlden
330 1420 147 28 proklamerat
492 1421 135 28 principerna
643 1428 33 13 om
692 1423 43 18 rätt
749 1421 41 21 och
806 1421 95 25 rättvisa,

72 1447 76 22 hvaraf
163 1451 105 19 staternas
284 1448 100 22 säkerhet
399 1449 41 21 och
456 1449 88 21 folkens
556 1449 63 29 lycka
627 1451 37 19 äro
673 1450 114 26 beroende,
796 1457 42 20 nog
846 1449 55 21 skall

71 1476 68 21 förstä
162 1480 32 18 att
215 1476 129 28 högsinnadt
367 1477 40 21 och
426 1478 51 20 med
493 1478 89 21 rättvisa
599 1478 45 21 lösa
659 1478 42 21 den
717 1478 184 21 konstitutionella
