1111 1739
200 105 30 20 74
476 109 24 17 R.
514 114 18 13 0.
545 110 22 17 A.
581 110 58 17 1899.
664 109 23 17 19
700 109 47 21 Maj.

201 178 37 21 ber
259 177 24 21 få
304 178 111 21 instämma
438 178 7 21 i
468 177 34 22 Hr
526 177 120 22 Mechelins
669 177 81 28 förslag
777 185 34 13 om
836 177 156 28 bordläggning
1007 176 23 21 af

200 205 165 22 betänkandena
380 206 33 21 till
429 206 144 21 instundande
589 206 76 29 tisdag.

272 263 32 21 Hr
321 263 29 21 K.
365 263 102 21 Antell:
492 263 44 21 Det
551 271 51 13 vore
617 263 46 21 helt
675 264 54 20 visst
744 271 25 13 en
786 263 195 28 missuppfattning,
996 270 33 13 om

200 299 50 14 man
265 292 68 21 skulle
348 295 84 24 antaga,
442 295 32 18 att
489 291 108 28 utgängen
612 291 23 22 af
651 291 62 22 dessa
729 292 81 27 vigtiga
819 291 105 21 ärendens
936 291 94 21 behand-

200 320 46 28 ling
268 321 6 20 i
290 320 77 29 sjelfva
387 321 75 20 verket
477 320 71 21 kunde
565 320 68 21 blifva
648 320 107 21 beroende
771 320 28 28 pä
814 320 41 21 den
872 320 97 21 formella
984 327 44 14 om-

200 348 157 28 ständigheten,
373 351 31 19 att
423 349 26 21 de
470 348 116 22 behandlas
601 349 7 20 i
625 352 30 18 ett
671 349 153 26 sammanhang
839 349 52 20 eller
906 349 53 20 icke.
989 348 41 27 Jag

200 381 52 22 tror,
268 380 32 18 att
320 377 34 21 för
374 377 108 28 utgängen
505 377 23 21 af
550 377 63 21 dessa
628 377 73 28 frägor
717 377 44 21 helt
776 377 66 21 andra
858 377 95 21 faktorer
969 377 61 21 skola

200 407 54 26 göra
278 407 32 27 sig
332 406 105 27 gällande,
458 406 87 21 alldeles
567 406 122 21 oberoende
705 406 23 21 af
748 405 70 22 denna
834 406 97 21 formella
946 405 46 22 sida
1008 405 22 21 af

200 435 74 21 saken.
304 434 43 22 För
368 435 42 21 min
433 435 33 21 del
482 435 58 21 inser
554 435 35 28 jag
605 434 72 22 derför
693 435 47 21 icke
757 434 188 28 nödvändigheten
962 434 23 21 af
1000 437 30 18 ett

200 463 80 21 sädant
298 463 131 27 förfarande,
451 471 45 13 som
518 463 34 21 Hr
573 464 151 28 Björkenheim
744 463 118 28 föreslagit,
880 470 46 14 men
942 464 35 27 jag
992 463 37 20 vill

200 492 35 20 för
251 492 42 20 min
310 492 33 21 del
360 492 56 21 dock
432 492 114 28 ingalunda
562 494 101 19 motsätta
679 492 49 28 mig,
739 495 31 17 att
785 500 26 12 en
823 491 66 21 sädan
902 491 129 27 behandling

200 522 7 19 i
230 523 31 18 ett
282 520 152 28 sammanhang
449 520 34 22 mä
498 528 39 20 ega
553 528 53 19 rum,
621 520 41 22 och
677 521 36 28 jag
728 520 74 28 vädjar
816 520 32 21 till
865 520 62 21 dessa
943 520 86 25 Herrar,

201 556 47 14 som
268 557 28 13 nu
315 549 87 21 förorda
417 557 27 14 en
462 549 155 28 bordläggning
632 549 29 29 pä
676 549 112 21 obestämd
803 548 38 27 tid,
857 548 82 22 hvilket
955 548 74 21 ätmin-

200 580 63 18 stone
279 585 63 21 synes
357 579 44 27 mig
415 578 100 28 temligen
525 578 124 28 oegentligt,
661 578 106 20 huruvida
778 577 48 22 icke
837 577 192 28 förslagsställaren

202 606 73 21 kunde
296 607 56 21 finna
373 607 33 27 sig
427 606 92 22 tillfreds
541 606 47 21 med
608 606 37 21 det
665 606 23 21 af
710 606 34 21 Hr
765 606 108 21 Mechelin
896 606 73 28 gjorda
985 605 44 21 för-

201 634 76 28 slaget,
297 638 31 18 att
344 635 155 28 bordläggning
520 635 68 21 skulle
609 635 38 21 ske
668 635 32 21 till
727 634 105 28 tisdagen,
850 634 28 21 dä
893 634 66 28 enligt
974 635 27 20 56
1017 635 12 25 $

202 663 25 21 L.
248 663 28 21 O.
297 664 37 20 det
354 664 45 21 stär
419 664 92 21 Ständet
532 664 47 20 fritt
600 666 37 23 att,
658 671 50 14 vare
724 664 33 27 sig
772 663 28 21 dä
815 663 164 28 öfverläggning
994 666 36 24 egt

201 700 47 13 rum
264 692 52 21 eller
330 692 55 26 icke,
401 692 56 28 änyo
474 692 116 28 bordlägga
606 692 81 28 frägan,
703 700 34 13 om
753 692 38 21 tvä
806 692 52 20 eller
873 692 51 20 flere
936 691 94 21 ledamö-

201 723 34 18 ter
256 720 38 22 det
314 721 84 27 begära.
428 720 65 22 Hvad
514 721 68 21 skulle
597 720 77 22 hindra
689 722 54 20 att
735 716 13 37 i
764 720 71 28 tisdag
855 720 37 21 två
907 720 51 21 eller
973 720 56 25 flere,

200 750 38 27 jag
252 752 46 18 tror
312 752 32 18 att
358 749 37 21 det
410 751 23 19 är
448 750 56 25 flere,
520 757 44 13 som
581 750 67 20 önska
665 749 70 21 denna
748 749 156 27 bordläggning
915 748 113 28 samtidigt,

202 778 92 26 anhålla,
304 780 31 18 att
350 778 92 21 Ståndet
458 778 49 21 ville
522 778 118 28 bordlägga
655 778 76 28 frågan
746 778 33 20 till
794 780 15 18 t.
821 785 31 13 ex.
864 777 66 21 andra
943 777 85 29 plenum

202 806 101 26 derefter,
323 806 72 22 derest
415 806 48 22 icke
482 806 164 28 Lagutskottets
667 806 135 21 betänkande
826 806 61 21 öfver
904 806 25 21 de
945 811 84 15 senaste

202 836 186 26 propositionerna
409 835 29 21 då
454 835 71 21 blifvit
540 835 102 21 utdeladt.
672 835 53 21 Men
740 835 60 21 detta
814 834 164 28 Lagutskottets
994 834 37 21 be-

202 863 115 27 tänkande,
336 870 44 14 som
402 872 28 12 nu
447 866 81 25 väntas,
543 864 40 21 och
600 864 82 20 hvilket
697 866 99 25 nogsamt
810 863 62 21 torde
888 871 49 13 vara
954 863 34 20 för
1003 862 27 21 de

202 891 62 21 flesta
280 892 72 27 kändt,
368 892 58 21 detta
443 892 134 21 betänkande
593 892 54 21 skall
663 892 35 21 väl
714 896 59 17 utom
788 892 38 20 allt
836 892 77 21 tvifvel
925 891 104 28 föreligga

202 920 67 21 redan
291 921 7 20 i
319 920 79 28 tisdag;
419 928 48 14 men
488 920 68 22 skulle
578 920 58 22 detta
658 921 48 21 icke
731 928 51 13 vara
798 920 66 26 fallet,
880 920 24 21 så
919 922 22 19 är
957 920 36 20 det
1007 920 22 28 ju

202 948 49 22 icke
275 949 70 27 någon
367 950 124 27 omöjlighet
510 952 31 18 att
562 956 45 14 som
627 949 63 28 sagdt
705 949 23 21 få
743 957 26 13 en
784 949 74 27 längre
875 948 154 28 bordläggning

202 977 33 21 till
251 977 73 27 stånd;
345 985 47 13 men
412 978 22 20 vi
449 979 64 19 vinna
529 978 42 25 det,
587 981 31 17 att
633 978 21 20 vi
671 978 48 21 icke
735 985 28 13 nu
778 977 112 21 framkalla
906 980 31 18 ett
953 976 77 22 sådant

201 1006 117 26 uttalande,
340 1014 45 13 som
408 1006 69 22 skulle
498 1006 101 21 innebära
622 1009 31 18 att
673 1006 93 21 Ståndet
780 1006 66 20 redan
863 1014 27 12 nu
907 1005 75 21 binder
997 1006 33 26 sig

202 1034 36 21 vid
262 1042 27 13 en
304 1034 67 22 sådan
392 1035 144 28 uppfattning,
551 1038 31 18 att
597 1034 64 22 dessa
676 1034 73 28 frågor
764 1034 141 28 ovilkorligen
922 1034 51 20 höra
988 1034 43 20 till-

201 1070 113 14 sammans.
344 1063 66 21 Detta
426 1070 81 20 senare,
522 1064 67 20 finner
611 1064 42 27 jag,
676 1070 51 14 vore
748 1066 31 18 ett
794 1063 131 27 fullkomligt
941 1062 88 28 oriktigt

201 1091 172 28 förfaringssätt;
391 1092 37 20 det
444 1099 50 14 vore
510 1092 47 21 icke
573 1092 46 20 skäl
636 1094 37 23 att,
689 1091 28 21 då
733 1092 63 26 ingen
812 1093 57 19 ännu
884 1091 77 21 hunnit
976 1098 54 20 egna

200 1120 134 28 granskning
356 1120 22 21 åt
399 1120 37 21 det
460 1120 54 21 först
536 1121 6 20 i
565 1120 43 28 dag
630 1120 101 21 utdelade
746 1120 146 21 betänkandet
907 1119 22 21 af
948 1119 81 22 Värne-

201 1148 178 49 [eteutsköttets
396 1156 48 14 man
460 1156 28 14 nu
503 1148 66 22 redan
585 1149 69 21 skulle
670 1149 67 20 uttala
752 1149 34 27 sig
800 1148 34 20 för
845 1156 26 13 en
886 1148 65 21 sådan
965 1147 64 21 bord-

210 1178 100 26 äggning,
326 1184 45 14 som
387 1177 94 21 indirekt
496 1177 67 21 skulle
579 1177 94 21 erkänna
689 1180 32 18 ett
731 1176 133 28 nödvändigt
877 1176 102 21 samband
994 1176 35 21 vid

202 1204 158 29 behandlingen
369 1206 21 20 af
395 1205 64 21 dessa
468 1200 47 37 båda
526 1200 80 37 frågor,
615 1206 83 20 hvilket
706 1206 35 20 väl
750 1206 63 26 ingen
831 1205 41 21 kan
888 1205 53 27 yrka
955 1204 28 28 på
998 1207 32 18 att

201 1233 93 21 Ståndet
309 1241 28 13 nu
352 1234 67 21 redan
435 1234 68 21 skulle
520 1234 71 21 kunna
607 1234 80 28 afgöra.
717 1234 32 20 På
764 1234 63 20 dessa
842 1234 47 20 skäl
905 1233 38 21 ber
957 1234 36 27 jag
1007 1232 22 21 få

201 1261 94 27 förorda,
304 1265 31 18 att
352 1262 183 28 bordläggningen
551 1262 66 21 måtte
635 1262 93 21 beslutas
744 1262 33 21 till
792 1262 105 28 tisdagen.

271 1318 57 21 Frih.
357 1326 47 14 von
426 1319 122 21 Alfthan:
577 1318 138 22 Beträffande
742 1318 40 21 den
811 1318 146 28 anmärkning,
983 1325 46 13 som

200 1346 60 22 Frih.
275 1347 26 21 R.
316 1348 28 20 A.
359 1347 81 21 Wrede
460 1347 73 29 gjorde
556 1350 45 18 mot
624 1348 47 20 mitt
694 1346 117 30 påstående
832 1348 7 19 i
860 1346 62 28 fråga
937 1354 34 13 om
987 1346 42 21 den

200 1375 100 21 formella
322 1376 156 27 behandlingen
497 1376 23 20 af
535 1376 59 21 detta
609 1376 86 26 ärende,
711 1376 37 20 ber
762 1376 35 27 jag
812 1375 56 21 blott
884 1376 6 20 i
907 1375 84 21 korthet
1006 1374 24 21 få

201 1403 92 28 påpeka,
314 1407 32 18 att
368 1404 37 21 det
420 1404 48 21 icke
483 1406 23 19 är
521 1404 76 21 endast
614 1404 258 28 Värnepligtsutskottets
889 1402 140 28 betänkande,

200 1439 46 13 som
267 1432 41 21 blir
326 1432 89 21 föremål
433 1433 35 21 för
486 1432 135 28 behandling,
637 1434 38 19 när
690 1432 70 21 denna
774 1432 62 27 fråga
852 1434 110 26 upptages,
977 1434 52 18 utan

200 1460 38 21 det
260 1462 24 19 är
305 1461 6 20 i
335 1461 88 21 främsta
448 1464 90 18 rummet
557 1461 26 21 de
599 1461 48 21 nåd.
663 1461 186 28 propositionerna
864 1462 64 26 jemte
943 1460 87 21 Värne-

200 1488 185 29 pligtsutskottets
401 1489 137 21 betänkande
554 1490 63 21 öfver
632 1489 114 21 desamma.
770 1489 42 21 Om
829 1496 48 14 man
888 1488 68 22 skulle
964 1488 67 22 tänka.
