1111 1767
202 106 41 21 202
480 112 24 18 R.
517 117 17 13 o.
547 113 22 17 A.
583 113 57 17 1899.
664 114 28 16 30
704 114 48 20 Maj,

270 180 64 21 Talet
349 180 130 22 besvarades
494 180 12 22 ä
522 181 26 21 R.
563 189 18 13 o.
598 182 37 21 A:s
652 184 80 26 vägnar
747 182 22 21 af
778 182 34 21 Hr
820 181 206 22 Landtmarskalken

202 210 5 19 i
224 208 95 29 följande
335 209 95 28 ordalag:

270 266 44 21 För
329 266 26 22 de
371 274 71 14 varma
459 267 40 21 och
516 266 128 29 djuptänkta
659 267 45 27 ord,
720 267 101 22 hvarmed
833 267 152 29 deputationen
994 267 32 21 till

202 294 25 21 R.
243 302 18 14 o.
277 296 26 20 A.
317 295 100 21 framfört
432 295 37 21 det
484 295 141 29 Högvördiga
640 296 173 22 Presteständets
835 296 192 27 afskedshelsning,

203 322 36 22 ber
261 324 37 27 jag
322 327 31 17 att
375 324 12 20 &
410 324 25 21 R.
451 332 19 14 o.
485 326 38 19 A:s
539 326 82 26 vägnar
635 324 23 22 fä
673 325 66 21 uttala
755 325 49 21 dess
820 325 131 28 hjertligaste
966 325 60 21 tack-

202 351 88 22 samhet.
320 352 43 21 Det
385 354 23 19 är
428 354 22 27 ju
470 360 26 14 en
511 353 58 21 känd
585 353 43 28 sak,
644 356 31 18 att
690 353 37 21 det
742 354 47 21 icke
805 354 66 20 finnes
887 353 66 27 nägot
968 352 59 26 ondt,

202 388 45 13 som
272 380 48 22 icke
344 381 68 21 skulle
435 382 97 20 medföra
548 382 67 21 ocksä
629 382 117 28 nägonting
760 382 59 28 godt.
849 382 42 21 Om
907 382 119 21 Ständerna

202 408 36 22 vid
262 408 71 22 denna
349 410 101 28 landtdag
466 410 66 21 hafva
547 410 83 22 arbetat
645 410 68 22 under
729 411 203 28 bekymmersamma
946 410 80 22 förhäl-

202 437 85 27 landen,
309 451 27 2 —
359 445 32 14 om
411 439 113 21 resultatet
539 439 23 20 af
577 439 61 21 deras
654 439 74 21 arbete
743 441 56 19 ännu
816 441 23 19 är
854 439 91 26 osäkert,
960 452 27 2 —
1002 439 24 21 sä

201 467 23 19 är
239 466 38 21 det
293 465 55 22 dock
364 470 36 23 ett,
415 475 45 13 som
477 469 23 19 är
515 467 72 22 säkert
602 467 40 22 och
658 467 61 27 klart,
734 467 39 22 och
789 467 59 22 detta
863 469 24 20 är
897 471 31 18 att
936 467 89 28 olyckan

202 495 139 20 sammanfört
355 495 41 21 alla
412 495 140 28 medborgare
567 497 6 20 i
589 497 59 20 detta
664 497 55 26 land,
735 504 50 13 vare
798 497 33 27 sig
842 499 31 18 att
880 496 62 21 deras
950 500 76 24 tungo-

201 523 41 21 mä]
261 525 24 19 är
300 524 89 21 svenskt
404 525 51 20 eller
470 524 71 26 finskt,
553 525 32 20 till
600 527 30 19 ett
645 525 51 26 folk,
710 533 46 13 som
771 525 77 21 endast
863 525 75 21 tänker
953 525 27 28 pä
995 528 31 17 att

202 553 65 20 värna
283 551 42 28 det,
341 560 44 13 som
402 555 47 19 näst
465 553 62 21 deras
543 553 89 28 religion
648 555 24 20 är
687 553 47 22 dem
751 554 79 26 kärast,
842 567 26 2 —
879 553 83 22 landets
973 553 53 22 kon-

201 581 98 20 stitution
316 581 40 21 och
370 581 135 28 grundlagar.
535 581 44 22 Det
594 582 38 21 har
646 583 68 20 tillika
731 583 55 20 varit
801 582 94 21 särdeles
911 581 113 30 glädjande

200 611 31 18 att
246 616 23 14 se
285 609 112 22 huruledes
413 611 57 20 inom
486 611 40 20 alla
543 611 58 28 lager
615 611 23 21 af
652 611 48 21 värt
715 611 46 22 folk
772 611 147 21 kännedomen
930 619 32 13 om
972 610 51 22 vära

200 637 147 28 skyldigheter
361 639 41 21 och
417 639 126 28 rättigheter
557 639 38 22 allt
610 647 57 14 mera
682 639 87 22 utbredt
784 640 39 27 sig,
832 647 47 14 men
888 639 77 22 sädant
973 639 51 22 oak-

200 666 46 21 tadt
267 668 24 19 är
306 667 37 20 det
357 667 65 22 likväl
438 667 133 28 nödvändigt
586 671 32 18 att
632 668 134 21 fortfarande
782 669 53 20 söka
850 668 72 29 sprida
937 668 87 29 upplys-

201 695 51 28 ning
274 695 33 21 till
325 695 24 21 sä
365 696 132 21 vidsträckta
513 696 82 21 kretsar
610 704 45 14 som
672 697 81 28 möjligt
768 697 7 21 i
791 697 48 21 värt
854 696 56 26 land,
926 697 40 21 och
982 697 42 28 just

201 723 44 21 häri
261 723 93 22 förestär
369 732 35 14 oss
420 725 40 21 och
476 725 101 21 särskildt
595 725 36 22 det
639 725 142 28 Högvördiga
790 725 168 28 Presteständet,
967 726 57 21 inom

200 751 83 22 hvilket
298 753 231 29 församlingslärarene
545 758 54 17 samt
615 755 147 20 universitets-
773 754 42 21 och
830 754 142 21 skollärarene
988 755 36 20 äro

200 781 181 28 representerade,
404 789 26 14 en
445 786 45 17 stor
505 783 92 28 uppgift.
627 783 76 21 Lätom
720 791 34 13 oss
771 783 41 21 alla
827 783 87 21 rastlöst
930 783 71 20 arbeta
1018 784 5 19 i

200 809 59 21 detta
281 810 57 27 syfte
359 811 40 20 och
419 811 49 21 icke
483 811 118 26 förtröttas,
617 811 140 29 öfvertygade
773 815 32 18 att
819 811 57 26 Han,
892 819 44 13 som
952 811 73 28 skipar

199 839 90 20 rättvisa
305 839 62 20 öfver
382 839 46 27 alla,
444 840 100 27 slutligen
560 840 64 21 äfven
640 840 54 21 skall
710 840 42 21 låta
768 840 103 21 Finlands
886 840 46 21 folk
941 840 83 21 komma

199 866 32 21 till
246 867 33 20 sin
295 869 48 19 rätt.

269 895 42 28 Jag
335 896 35 21 ber
392 899 32 18 att
446 896 151 29 deputationen
620 897 49 22 ville
684 897 32 22 till
731 897 36 22 det
784 897 139 28 Högvördiga
940 897 84 21 Preste-

200 923 87 22 ständet
309 925 104 21 frambära
434 925 113 28 uttrycken
563 925 47 22 utaf
624 926 26 21 R.
666 934 18 13 o.
699 927 39 20 A:s
754 926 156 29 uppriktigaste
926 925 99 22 välönsk-

200 953 81 27 ningar,
296 952 131 29 högaktning
442 954 40 21 och
497 955 97 27 sympati.

269 1009 193 28 Borgareständets
484 1011 131 26 deputation,
638 1019 46 14 som
702 1011 95 22 derefter
811 1011 98 26 anlände,
924 1011 100 21 anfördes

200 1038 23 21 af
243 1038 96 28 Kollegii
360 1040 118 21 Assessorn
522 1047 32 14 Uno
569 1039 117 27 Kurtén,
701 1047 45 14 som
762 1040 33 21 till
810 1040 27 21 R.
853 1047 18 14 o.
887 1041 26 20 A.
930 1040 94 21 uttalade

200 1066 97 29 följande
312 1067 106 28 helsning:

268 1123 154 29 Högvälborne
453 1125 33 21 Hr
516 1125 188 22 Landtmarskalk!
735 1125 123 28 Höglofliga
888 1125 136 28 Ridderskap

199 1152 40 21 och
255 1152 66 21 Adel!

268 1181 182 28 Borgareständet
465 1182 94 21 anhäller
574 1182 87 21 härmed
677 1185 31 18 att
723 1190 77 21 genom
813 1190 35 13 oss
859 1182 23 21 fä
890 1182 74 28 bringa
974 1181 50 22 eder

199 1209 32 21 sin
247 1209 105 28 helsning.
381 1210 39 21 Ett
435 1211 78 27 vigtigt
528 1211 41 21 och
584 1211 138 21 ansvarsfullt
737 1211 49 21 värf
801 1211 38 21 har
849 1211 36 21 vid
897 1211 42 21 den
948 1211 75 20 urtima

198 1237 132 28 landtdagen
345 1239 71 27 älegat
431 1239 126 26 Ständerna,
572 1239 80 22 enhvar
668 1240 22 21 af
705 1239 84 22 landets
804 1242 172 25 representanter
986 1239 38 21 har

198 1266 57 21 efter
277 1267 95 28 förmäga
396 1267 114 28 uppbjudit
532 1269 46 20 sina
601 1268 81 21 krafter
702 1269 35 20 för
755 1271 32 18 att
805 1268 92 28 fullgöra
912 1269 32 20 sin
960 1268 63 21 andel

198 1294 77 27 deruti,
290 1295 41 22 och
346 1297 6 19 i
368 1295 73 29 hvarje
457 1296 47 21 hem
521 1297 56 20 inom
593 1296 103 22 Finlands
712 1297 39 21 öde
769 1297 82 27 bygder
863 1297 38 20 har
916 1304 48 13 man
975 1297 48 20 med

198 1326 107 18 varmaste
320 1324 96 26 intresse,
431 1332 37 14 oro
484 1324 40 22 och
542 1324 121 28 bekymmer
678 1325 90 27 deltagit
783 1326 30 20 uti
830 1324 118 22 ombudens
958 1325 64 21 sträf-

198 1351 85 21 vanden
308 1355 31 18 att
360 1352 57 22 finna
440 1360 26 14 en
485 1353 79 28 lycklig
585 1353 90 28 lösning.
704 1353 191 22 Ständerbesluten
911 1353 41 21 och
967 1356 56 18 ännu

198 1387 57 13 mera
272 1381 116 21 motiverna
406 1381 50 22 bära
471 1382 68 20 vittne
554 1390 34 13 om
603 1385 31 18 att
650 1382 81 21 enhvar
745 1382 49 21 med
811 1382 61 28 djupt
887 1382 67 21 allvar
972 1382 51 20 känt

198 1409 37 20 sitt
251 1416 78 14 ansvar
344 1410 57 20 inför
416 1410 77 21 samtid
509 1410 40 21 och
565 1410 122 27 efterverld,
702 1414 31 18 att
746 1410 83 22 enhvar
838 1411 56 20 varit
905 1410 50 21 fullt
965 1410 59 21 med-

198 1440 63 24 veten
285 1444 33 14 om
341 1440 31 18 att
395 1438 75 28 frägan
493 1439 45 27 gält
559 1438 151 22 fosterlandets
734 1438 125 29 dyrbaraste
875 1439 148 21 lifsintressen.

198 1465 75 29 Öppet
288 1466 40 21 och
344 1466 63 28 ärligt
421 1467 65 21 hafva
503 1468 21 20 vi
540 1467 57 21 inför
612 1467 187 22 herskaremakten
811 1467 101 28 framlagt
921 1467 60 21 bevis
990 1466 34 22 för

197 1497 31 17 att
244 1494 84 22 landets
344 1495 141 22 konstitution
502 1497 23 19 är
540 1496 23 20 af
573 1496 98 28 högsinta
681 1496 114 21 monarker
804 1496 105 21 besvuren
919 1498 30 18 att
956 1495 68 24 hällas
