1111 1781
384 100 219 32 Värnepligtsfrågan.
881 101 27 21 81

308 208 115 27 Samma
441 208 56 34 dag
514 208 39 26 kl.
571 209 16 26 7
605 216 23 19 e.
646 216 36 18 m.

392 282 206 30 Värnepligtsfräyan.

152 346 104 28 Företogs
272 346 32 20 till
320 346 73 21 vidare
410 346 130 28 behandling

153 402 257 29 Värnepligtsutskottets
434 403 134 21 betänkande
584 404 7 20 i
607 403 116 28 anledning
740 404 23 21 af
777 404 63 20 Hans
855 403 55 29 Kej-

82 432 79 27 serliga
183 431 114 28 Majestäts
320 431 78 28 nädiga
436 433 142 27 propositioner
600 432 48 21 med
671 432 80 28 förslag
773 432 32 21 till
820 432 90 22 Värne-

84 460 116 28 pligtslag
221 460 35 21 för
278 460 207 21 Storfurstendömet
499 460 92 22 Finland
607 460 40 22 och
663 461 110 28 angäende
788 460 122 28 grunderna

84 489 35 21 för
133 488 26 22 de
175 488 68 22 finska
258 491 126 26 truppernas
400 490 144 26 organisation
561 489 40 21 och
617 490 139 28 förvaltning;
772 490 72 20 samti
855 497 56 13 sam-

84 517 106 28 manhang
206 517 87 21 dermed

154 574 162 28 Lagutskottets
330 574 136 22 betänkande
482 576 6 20 i
504 575 116 28 anledning
635 575 23 21 af
673 583 79 14 samma
768 575 78 29 nådiga
862 583 50 21 pro-

85 604 121 28 positioner.

153 660 48 21 Den
225 660 105 21 allmänna
352 660 192 28 öfverläggningen
566 662 7 19 i
595 660 72 22 denna
689 660 61 29 fråga
772 661 96 21 inleddes
890 661 24 21 af

84 689 144 20 ordföranden
244 689 7 20 i
267 688 248 29 Värnepligtsutskottet

156 745 58 22 Herr
236 745 25 22 L.
284 745 140 27 Mechelin,
448 753 45 14 som
515 746 94 29 yttrade:
632 747 34 20 De
686 746 54 21 båda
755 747 157 26 betänkanden,

85 775 75 22 hvilka
175 782 27 13 nu
218 774 104 27 föreligga
337 775 32 20 till
385 774 135 29 behandling,
536 775 39 26 stå,
591 775 69 21 såsom
672 775 81 21 enhvar
761 776 81 21 kunnat
849 776 63 26 finna,

87 805 6 20 i
109 805 105 20 närmaste
238 803 101 21 samband
359 803 48 21 med
424 803 126 22 hvarandra.
579 803 153 28 Lagutskottet
747 804 38 21 har
800 804 70 28 belyst
885 804 27 21 de

85 833 62 27 långt
161 831 83 28 gående
261 832 88 27 ingrepp
365 833 6 19 i
387 832 39 21 vår
441 832 148 27 konstitution,
604 833 7 20 i
627 832 104 21 Finlands
743 833 101 28 politiska
854 833 59 20 ställ-

85 862 59 27 ning,
159 868 44 13 som
219 867 77 20 genom
312 860 26 21 de
355 860 47 21 nåd.
418 868 111 21 prop:rnas
545 861 81 28 förslag
641 861 88 28 åsyftas.

156 889 247 28 Värnepligtsutskottet
424 889 39 21 har
485 889 47 21 med
556 890 123 27 anslutning
694 890 31 21 till
741 889 70 22 denna
826 890 65 21 kritik
906 891 7 20 i

86 918 109 27 åtskilliga
217 917 89 28 detaljer
330 919 96 20 närmare
442 917 90 29 fullföljt
546 918 123 21 densamma
685 918 40 21 och
740 918 67 29 derpå
821 918 93 28 grundat

86 946 120 21 uttalandet
228 945 23 22 af
273 946 41 21 den
337 947 86 25 tanken,
446 949 32 18 att
500 947 37 20 det
559 947 47 21 icke
625 949 23 18 är
666 947 82 28 möjligt
762 948 34 20 för
810 947 104 21 Finlands

86 975 93 21 Ständer
197 975 70 20 såsom
284 975 36 20 det
335 975 67 21 finska
417 975 81 21 folkets
508 978 173 25 representanter
689 979 31 17 att
729 975 114 28 godkänna
852 975 63 22 dessa

87 1003 87 28 förslag.
204 1003 50 21 Och
276 1003 27 21 då
321 1003 26 21 de
364 1003 48 22 nåd.
427 1011 111 21 prop:rnas
554 1004 81 27 förslag
650 1004 53 27 afse,
718 1005 47 20 icke
780 1005 92 20 allenast
887 1012 26 13 en

87 1032 79 21 reform
182 1032 22 20 af
220 1032 286 27 värnepligtsinstitutionen,
522 1035 50 18 utan
589 1033 125 21 derutöfver
725 1033 100 28 politiska
836 1033 78 28 syften,

87 1060 43 22 och
152 1060 28 21 då
202 1060 63 21 dessa
280 1061 70 27 syften
366 1061 114 20 framträdt
494 1061 78 27 jemväl
587 1062 7 20 i
610 1061 37 21 det
663 1061 111 28 kejserliga
791 1061 123 22 manifestet

88 1089 23 21 af
133 1089 41 20 den
198 1089 50 27 3/15
271 1089 109 27 Februari,
403 1089 37 21 har
463 1089 157 28 Lagutskottet,
639 1090 70 21 såsom
725 1090 111 28 tillbörligt
852 1091 62 26 varit,

87 1120 66 26 egnat
174 1118 131 27 granskning
329 1118 75 21 jemväl
423 1118 23 21 åt
461 1118 58 21 detta
535 1118 100 21 manifest
650 1119 40 21 och
705 1119 111 28 föreslagit
831 1121 31 19 ett
878 1119 36 20 be-

88 1142 134 37 tydelsefullt
236 1126 110 41 uttalande
362 1147 6 20 i
384 1147 116 28 anledning
515 1147 23 21 af
551 1147 123 21 detsamma.

158 1175 44 20 Det
223 1175 41 20 kan
280 1175 98 26 förutses,
387 1178 31 18 att
433 1175 71 21 denna
520 1176 63 20 kritik
595 1176 65 27 jemte
675 1176 103 28 förslaget
794 1178 30 19 att
840 1175 72 29 afböja

89 1203 28 22 de
132 1203 48 21 nåd.
196 1211 99 20 prop:rna
309 1203 41 22 och
365 1204 37 21 det
415 1203 121 29 föreslagna
547 1204 120 21 uttalandet
679 1212 33 13 om
725 1205 123 21 manifestet
860 1204 55 21 skall

88 1232 25 21 af
127 1232 54 25 dem,
196 1232 74 21 hvilka
284 1232 48 21 haft
346 1233 32 20 sin
394 1232 58 21 hand
468 1233 48 22 med
532 1234 6 19 i
554 1235 31 18 att
600 1233 98 21 utarbeta
713 1233 26 21 de
757 1233 49 21 nåd.
816 1240 100 21 prop:rna

89 1261 64 28 jemte
174 1260 117 28 åtföljande
314 1261 127 28 handlingar
466 1261 117 22 betecknas
605 1261 71 22 såsom
698 1262 110 21 vittnande
832 1269 34 14 om
889 1269 27 13 en

89 1289 152 28 oppositionell
256 1289 62 21 anda.
347 1289 50 22 Och
419 1289 27 21 de
462 1290 153 28 inflytelserika
630 1297 107 21 personer,
752 1291 84 20 hvilkas
852 1290 64 21 verk-

89 1317 84 22 samhet
186 1317 69 22 under
270 1317 40 22 den
326 1321 85 18 senaste
426 1318 60 21 tiden
501 1319 55 20 varit
571 1319 70 20 riktad
657 1322 32 17 att
704 1319 64 28 draga
780 1319 61 21 ofärd
854 1319 62 21 öfver

91 1346 98 26 Finland,
212 1347 60 20 skola
294 1346 48 21 icke
365 1347 112 21 underlåta
492 1350 30 18 att
539 1347 132 21 klandrande
687 1348 111 20 instämma
813 1348 7 20 i
836 1350 30 18 ett
883 1347 35 21 så-

89 1375 54 20 dant
157 1374 104 22 omdöme.
290 1375 52 21 Men
359 1375 47 21 vårt
421 1375 158 28 handlingssätt
594 1376 42 20 kan
652 1377 18 27 ej
687 1376 42 20 låta
744 1377 33 26 sig
788 1376 129 20 bestämmas

91 1403 23 21 af
136 1402 66 28 något
222 1403 106 21 emotsedt
343 1403 89 21 klander
448 1404 46 20 från
511 1404 148 26 vedersakare,
674 1404 35 21 för
723 1404 74 22 hvilka
812 1404 41 21 det:
864 1404 54 20 kon-

91 1432 139 20 stitutionella
253 1432 209 21 Storfurstendömet
481 1432 93 21 Finland
589 1434 18 26 ej
625 1434 23 19 är
663 1436 64 18 annat
742 1434 26 19 än
784 1440 26 14 en
826 1432 92 22 admini-

90 1460 76 21 strativ
181 1460 124 28 gränsmark
322 1460 50 21 eller
392 1460 28 28 på
435 1461 32 20 sin
483 1460 51 28 höjd
550 1464 31 18 ett
595 1461 275 28 generalguvernörsdöme,
885 1460 33 22 så-

90 1495 47 14 som
160 1488 41 22 den
224 1491 74 26 nyaste
320 1488 23 22 af
365 1488 26 22 de
414 1489 135 22 destruktiva
564 1493 105 17 termerna
685 1489 65 29 Iyder,
765 1490 41 21 och
822 1490 96 21 hvilka
907 1484 15 38 i

838 1530 10 17 6
