1109 1778
205 101 40 21 126
486 107 24 17 R.
524 112 17 12 o.
555 108 21 16 A.
590 108 57 16 1899.
671 108 27 16 24
710 108 47 20 Maj.

204 174 122 29 pätagligen
342 176 47 21 icke
405 175 124 23 Utskottets
544 176 93 28 mening,
653 176 40 21 och
714 176 45 21 häri
775 175 117 29 föreligger
906 176 68 27 enligt
989 176 43 20 min

204 204 139 28 uppfattning
359 212 26 13 en
407 205 44 21 viss
473 205 137 27 motsägelse.
639 204 45 22 För
699 207 32 19 att
745 204 66 22 häfva
827 204 71 21 denna
913 204 66 22 borde
994 211 38 14 an-

204 233 74 27 tingen
301 232 26 22 de
350 234 51 20 sista
424 232 66 22 orden
510 234 30 20 uti
557 232 134 29 paragrafen,
706 233 20 21 d.
742 241 19 13 v.
777 240 16 14 s.
808 232 78 22 orden:
910 233 80 28 »enligt
1004 232 28 21 de

204 260 99 28 grunder,
317 268 45 14 som
378 262 7 20 i
400 261 71 21 denna
493 262 35 28 lag
552 261 100 28 stadgas»
676 262 110 25 uteslutas,
809 262 52 20 eller
884 261 66 21 ocksä
966 260 66 22 borde

205 290 138 27 paragrafens
358 290 180 28 grundlagsnatur
553 290 122 28 uppgifvas.
705 290 42 28 Jag
763 290 37 21 vill
815 298 30 13 nu
860 290 47 21 icke
919 292 57 26 yttra
988 290 44 27 mig

205 325 34 14 om
261 318 138 22 hvilkendera
415 318 22 21 af
453 318 62 22 dessa
534 320 90 26 utvägar
646 326 51 14 vore
711 322 32 18 att
757 318 121 28 föredraga,
892 319 36 28 jag
942 318 38 22 har
996 326 36 14 en-

205 346 48 21 dast
269 346 56 21 velat
342 346 111 21 framhälla
475 347 71 21 denna
569 347 160 28 omständighet
747 347 33 21 till
796 347 92 28 benäget
911 347 120 21 beaktande

205 375 21 20 af
241 375 55 27 dem,
311 382 46 14 som
373 377 35 19 äro
425 383 57 14 mera
497 375 132 28 lagkunniga
645 377 26 19 än
686 376 41 27 jag.

274 431 33 22 Hr
329 432 30 21 M.
381 440 50 13 von
453 432 160 21 Haartman:
643 432 44 21 För
709 433 42 20 min
775 432 35 21 del
833 434 23 19 är
878 433 35 28 jag
934 432 50 29 böjd
1000 434 32 19 att

204 460 61 28 gifva
281 460 70 21 denna
366 461 13 28 &
394 469 79 13 samma
489 461 82 28 lydelse
595 469 45 13 som
663 461 34 21 Hr
712 461 124 28 Furuhjelm
852 469 50 20 nyss
922 461 109 28 föreslagit

205 489 56 21 dock
277 489 47 21 icke
339 489 32 21 till
386 490 41 21 alla
442 489 59 22 delar
519 489 28 28 pä
563 489 26 22 de
605 490 47 21 skäl
667 490 41 21 han
725 489 76 22 anfört.
829 489 42 28 Jag
886 491 23 20 är
924 489 106 28 nämligen

205 517 50 28 böjd
272 517 99 27 erkänna,
393 521 32 18 att
447 518 27 21 de
492 518 68 21 finska
581 518 73 21 aktiva
670 521 117 26 trupperna
801 518 65 21 äfven
882 518 61 21 skola
958 518 72 21 kunna

205 545 97 22 försvara
317 546 37 21 det
369 547 63 27 ryska
447 547 61 21 riket.
538 547 53 21 Men
612 547 36 28 jag
663 555 63 13 anser
741 547 36 21 det
793 554 50 14 vara
856 547 87 21 alldeles
958 546 72 21 öfver-

205 574 76 28 födigt
296 577 31 18 att
342 576 6 19 i
364 575 69 21 denna
450 577 11 19 1
477 575 13 29 &
506 575 102 22 särskildt
630 576 97 20 utmärka
745 575 41 22 det.
813 575 45 21 Det
873 576 40 20 kan
929 576 21 27 ju
966 583 64 20 synas

205 603 138 28 Ofvertlödigt
357 607 37 23 att,
410 604 27 21 dä
452 605 35 27 jag
502 604 57 21 ändå
575 604 122 28 medgifver
706 605 31 20 uti
749 604 26 21 de
787 611 74 14 senare
874 604 157 28 paragraferna,

205 634 32 18 att
251 632 68 21 finska
341 635 88 26 trupper
450 633 109 21 användas
582 633 34 20 för
637 633 65 28 ryska
723 633 61 27 riket,
803 635 32 18 att
849 633 48 20 icke
913 633 38 20 här
973 635 57 18 strax

205 660 94 21 erkänna
321 661 42 21 det.
404 661 38 21 Men
465 661 36 21 det
524 669 64 20 synes
611 662 43 27 mig
677 661 137 28 öfverflödigt
837 664 31 18 att
890 661 38 21 här
950 661 81 26 anföra,

206 688 57 21 hvad
279 690 52 20 sista
347 690 125 27 paragrafen
489 690 92 27 stadgar.
612 690 44 21 Det
673 692 24 19 är
711 691 42 27 just
769 697 34 14 om
819 689 63 22 dessa
897 689 68 22 första
986 689 45 25 ord,

204 724 46 14 som
273 717 36 21 det
331 718 24 20 sä
376 718 87 28 mycket
484 719 92 20 tvistats.
606 718 97 21 Hvarför
722 719 47 21 icke
790 718 70 21 lemna
875 718 48 21 bort
938 718 48 20 dem
1002 717 28 21 dä

205 745 40 21 och
261 745 44 21 helt
321 746 72 21 enkelt
407 748 58 26 säga,
479 750 32 18 att
526 747 73 28 hvarje
615 747 54 21 finsk
693 747 139 27 medborgare
848 748 24 19 är
887 746 143 28 värnepligtig

205 774 67 27 enligt
287 774 26 21 de
328 774 93 27 grunder
443 775 26 20 de
493 775 96 28 följande
607 775 152 28 paragraferna
773 775 82 28 stadga.
886 775 65 20 Detta
966 782 64 20 synes

204 803 43 27 mig
263 802 49 21 fullt
327 803 197 21 tillfredsställande
548 803 41 22 och
611 803 68 22 måste
695 804 35 27 jag
746 803 72 22 derför
834 803 33 21 för
882 804 43 20 min
942 803 34 21 del
992 811 38 13 un-

205 830 100 22 derstöda
320 831 35 21 Hr
369 831 135 29 Furuhjelms
519 832 87 27 förslag.

273 887 57 22 Frih.
346 896 48 13 von
411 889 121 21 Alfthan:
565 889 36 22 Uti
624 889 258 28 Värnepligtsutskottets
901 889 129 27 motivering

203 916 33 21 till
251 916 125 29 förändring
391 917 47 21 utaf
452 919 12 25 $
480 919 11 20 1
508 919 6 19 i
530 917 99 28 gällande
653 918 166 27 värnepligtslag
842 917 120 26 återfinnes,
977 917 53 21 lika-

204 952 47 13 som
265 946 31 19 uti
312 953 79 14 samma
407 946 101 21 Utskotts
517 947 129 27 motivering
661 947 32 20 till
708 946 104 21 särskilda
823 946 67 21 andra
900 945 130 28 vidtgäende

203 973 150 28 förändringar
375 975 29 20 uti
429 982 81 13 samma
533 975 40 27 lag,
596 975 123 28 nägonting,
735 982 45 14 som
803 977 23 18 är
849 977 132 25 gemensamt
996 974 34 21 för

203 1001 49 22 hela
266 1002 250 29 utskottsmotiveringen
532 1004 31 20 uti
579 1003 62 21 dessa
657 1003 66 26 delar,
739 1011 25 13 en
774 1004 124 27 strömning,
910 1010 46 14 som
967 1010 63 20 synes

203 1030 60 27 gifva
279 1031 35 20 vid
330 1031 91 26 handen,
444 1034 31 18 att
492 1032 111 21 Utskottet
623 1031 48 22 med
693 1039 26 14 en
735 1033 44 20 viss
795 1032 97 27 motvilja
908 1031 76 22 skridit
999 1031 31 21 till

203 1059 124 21 utförandet
349 1060 23 20 af
394 1060 41 20 den
459 1061 134 27 motivering,
608 1068 45 13 som
678 1060 111 21 Utskottet
809 1060 39 20 här
863 1060 33 20 för
912 1059 119 21 Ständerna

203 1086 38 21 har
263 1086 106 29 framlagt.
399 1088 65 21 Detta
487 1090 43 19 sätt
552 1091 32 18 att
607 1090 103 20 motivera
735 1088 122 28 föreslagna
881 1088 151 28 förändringar

203 1115 106 21 afsticker
323 1116 24 20 sä
363 1116 85 28 mycket
464 1116 91 28 bjertare
570 1120 45 18 mot
630 1117 41 21 den
687 1117 66 21 andra
764 1118 146 26 strömningen
926 1118 5 19 i
948 1116 84 21 utskot-

204 1146 42 18 tets
262 1144 147 28 föreliggande
425 1145 141 24 betänkande,
582 1146 37 20 der
627 1145 113 22 Utskottet
755 1146 24 21 sä
795 1148 69 18 varmt
878 1145 40 21 och
934 1145 97 27 vältaligt

205 1172 40 21 och
261 1172 24 21 sä
300 1173 71 21 säkert
386 1174 108 20 försvarar
510 1174 159 21 bibehällandet
685 1174 46 20 utaf
747 1174 119 27 väsentliga
887 1174 91 28 punkter
994 1174 37 20 be-

204 1200 105 22 träffande
325 1201 66 21 andra
406 1202 61 21 delar
480 1202 48 21 utaf
551 1210 80 13 samma
653 1203 40 27 lag.
724 1202 43 21 Det
782 1203 38 20 har
835 1202 29 28 pä
878 1203 44 27 mig
938 1202 35 21 vid
989 1202 42 20 läs-

205 1230 78 26 ningen
299 1229 22 21 af
336 1230 70 21 denna
422 1230 123 22 Utskottets
567 1232 129 26 motivering
715 1232 56 27 gjort
795 1234 30 18 ett
848 1230 77 22 sädant
940 1230 90 28 intryck,

204 1265 45 13 som
266 1265 33 13 om
315 1258 114 22 Utskottet
451 1259 59 28 sjelft
525 1259 82 21 mindre
627 1260 56 20 varit
697 1259 139 29 öfvertygadt
851 1266 34 14 om
900 1258 130 28 riktigheten

204 1288 31 18 att
249 1286 126 28 genomföra
390 1287 80 21 sädana
485 1288 82 27 sakliga
582 1288 155 28 förändringar,
752 1296 46 13 som
815 1288 111 21 Utskottet
933 1287 97 27 föreslär,

204 1314 41 22 och
261 1314 56 22 dock
333 1315 76 21 skridit
424 1316 32 20 till
472 1319 30 18 att
518 1316 53 21 söka
586 1316 27 28 pä
629 1316 69 28 saklig
713 1316 68 28 grund
798 1317 104 20 motivera
916 1315 52 21 dem.
987 1316 44 20 Det

204 1343 69 21 skulle
289 1344 55 20 varit
359 1345 42 27 mig
417 1345 135 27 personligen
568 1352 57 14 mera
641 1345 125 26 tilltalande,
782 1352 33 14 om
832 1345 105 21 utskottet
950 1344 80 21 beträf-

203 1371 66 21 fande
293 1372 69 21 denna
385 1374 128 27 motivering
535 1373 69 21 skulle
624 1374 86 27 inslagit
725 1376 31 19 ett
771 1376 65 18 annat
851 1372 123 22 förfarande
990 1372 41 21 och

203 1400 69 21 under
295 1401 135 21 erkännande
453 1402 46 20 utaf
514 1404 31 18 att
563 1402 63 21 dessa
641 1402 23 21 af
680 1402 112 21 Utskottet
807 1409 28 13 nu
851 1401 121 28 föreslagna
987 1401 44 21 för-

203 1428 116 27 ändringar
333 1429 96 21 hvarken
444 1431 37 19 äro
496 1430 32 20 till
544 1437 56 20 gagn
616 1431 34 19 för
665 1430 58 21 detta
739 1430 56 26 land,
811 1430 56 20 riket
880 1429 50 21 eller
943 1429 87 21 Monar-

205 1456 47 26 ken,
267 1456 55 22 hade
337 1456 106 28 hemstält,
451 1461 32 17 att
498 1458 121 21 Ständerna
635 1458 69 21 säsom
724 1461 31 18 ett
770 1458 60 21 bevis
847 1458 27 28 pä
888 1460 48 18 rent
951 1458 79 20 tillmö-

203 1484 118 28 tesgäende
337 1486 49 21 ville
401 1486 50 28 ingä
467 1487 27 27 pä
510 1486 25 22 de
550 1486 39 22 här
604 1487 123 27 föreslagna
742 1486 183 28 förändringarna.
