1111 1750
376 99 226 34 Februarimanifestet.
876 100 27 21 55

80 176 41 21 och
142 175 139 26 Talmännen,
302 176 7 20 i
329 174 119 22 enahanda”
455 174 102 22 afseende
572 174 138 22 anhållit
681 170 28 35 om
726 174 115 26 företräde,
857 182 47 13 men

79 208 32 18 att
133 204 62 21 Hans
217 204 120 27 Kejserliga
358 204 107 27 Majestät,
481 211 45 13 som
543 204 51 20 känt
610 204 32 27 sig
658 204 61 28 djupt
735 203 93 29 upprörd
844 203 62 21 öfver

80 236 31 18 att
131 240 49 13 man
203 232 81 21 kunnat
299 236 32 17 tro
348 232 85 21 Honom
450 240 34 13 om
501 235 31 18 att
548 232 49 28 vilja
614 232 60 28 bryta
690 233 37 20 sitt
742 232 45 26 ord,
803 232 103 20 förklarat

79 262 34 28 sig
128 261 47 21 icke
192 261 50 28 vilja
257 264 108 24 emottaga
380 260 160 29 deputationen,
556 264 50 17 utan
624 260 50 22 bedt
687 264 14 17 t.
715 260 15 22 f.
742 260 164 21 Ministerstats-

80 291 145 20 sekreteraren
242 297 106 21 uppmana
364 289 165 29 deputationens
545 289 137 21 medlemmar
697 292 31 18 att
743 288 117 22 återvända
874 288 32 22 till

80 319 46 21 sina
142 318 48 21 värf
208 318 39 21 och
264 318 101 28 derjemte
381 318 98 21 ineddela
490 321 31 18 att
532 318 60 21 Hans
604 318 102 28 Majestät
716 321 71 18 ansett
797 318 32 27 sig
841 317 65 22 hafva

80 348 79 20 lemnat
169 346 72 22 landet
252 346 41 21 den
306 347 59 21 bästa
380 347 83 27 garanti
479 347 35 21 för
530 350 30 18 ett
571 347 107 27 orubbligt
690 346 120 22 bevarande
823 346 22 21 af
857 346 49 21 dess

80 376 45 21 inre
141 375 140 29 lagstiftning,
297 375 27 21 då
340 375 50 21 Han
406 376 68 27 åtagit
489 377 32 26 sig
537 378 31 18 att
583 376 6 20 i
605 375 73 28 hvarje
694 375 102 21 särskildt
808 375 37 21 fall
858 374 48 28 sjelf

81 404 80 28 afgöra,
183 412 33 13 om
240 407 30 18 ett
291 404 78 21 ärende
391 406 23 19 är
433 404 23 21 af
474 404 42 21 den
532 404 148 21 beskaffenhet
696 407 30 18 att
742 404 37 21 det
801 404 37 21 bör
854 403 51 21 hän-

81 433 58 22 föras
161 432 32 22 till
214 432 219 29 rikslagstiftningens
451 433 86 21 område
553 432 40 22 och
610 432 70 22 såsom
695 432 76 22 sådant
783 432 123 29 hänskjutas

81 462 30 21 till
128 462 66 21 rikets
210 462 76 27 högsta
301 462 138 27 lagstiftande
456 462 134 28 myndighets
608 461 134 28 behandling.

152 490 44 22 Vid
212 490 59 21 detta
287 490 133 21 förhållande
436 490 95 21 återstod
544 491 33 20 för
588 490 206 21 Landtmarskalken
806 489 40 22 och
857 489 49 22 Tal-

82 521 89 20 männen
196 519 46 21 icke
264 523 66 17 annat
350 521 26 19 än
400 522 31 18 att
453 519 116 21 återvända
590 519 32 21 till
638 519 144 28 Helsingfors,
798 519 66 21 sedan
880 518 26 22 de

82 548 55 21 dock
154 548 137 21 derförinnan
308 548 38 21 hos
363 551 13 18 t.
392 548 15 21 f.
423 548 301 21 Ministerstatssekreteraren
738 547 117 29 deponerat
866 547 39 21 den

82 577 22 21 af
125 577 47 21 dem
194 576 174 22 undertecknade
384 577 107 27 skriftliga
507 577 184 28 framställningen
708 578 5 20 i
730 577 71 27 saken,
817 583 43 14 som
878 576 26 21 de

81 606 47 20 haft
149 606 34 20 för
202 606 65 27 afsigt
288 609 31 17 att
334 606 31 20 till
381 606 62 21 Hans
459 606 121 28 Kejserliga
596 606 102 20 Majestät
713 607 5 19 i
736 605 169 27 underdånighet

82 634 138 26 öfverlemna,
235 648 24 2 —
278 634 37 21 allt
330 634 68 22 under
413 635 153 25 förutsättning
582 638 31 18 att
652 642 37 13 Haus
703 634 121 28 Kejserliga
837 634 67 28 Maje-

82 665 42 19 stät
144 663 98 28 möjligen
264 663 114 21 framdeles
399 664 72 20 kunde
489 664 66 20 önska
578 666 31 18 att
631 663 23 21 af
669 663 65 28 sagda
750 662 156 28 framställning

82 692 79 21 erhålla
177 692 39 20 del.

151 760 63 22 Efter
235 760 58 21 detta
312 760 140 21 meddelande
468 760 118 22 hemstälde
602 761 34 21 Hr
651 761 212 25 Landtmarskalken,
879 760 28 21 då

83 797 25 13 en
121 788 138 22 diskussion
254 784 13 38 i
276 789 70 21 denna
362 789 44 26 sak,
422 790 6 20 i
445 790 106 20 anseende
568 790 30 20 till
615 790 49 21 dess
681 790 134 28 synnerligen
830 796 76 21 grann-

83 818 47 27 laga
152 817 152 27 beskaffenhet,
325 818 105 28 likmätigt
451 818 12 27 $
485 819 26 21 63
528 819 5 19 i
549 818 24 21 L.
590 818 26 22 O.
631 818 47 21 icke
695 818 70 21 kunde
781 818 126 26 medgifvas,

83 846 105 21 huruvida
210 847 46 21 icke
274 846 196 28 protokollsutdrag
486 847 32 21 till
534 847 157 27 Lagutskottet,
707 847 146 21 innefattande
869 854 38 13 un-

83 874 124 22 derrättelse
219 883 33 13 om
266 875 76 21 sakens
356 875 85 28 utgång,
454 876 82 28 jemlikt
551 879 6 24 &
571 876 25 21 67
609 877 6 19 i
626 876 24 21 L.
662 876 26 21 O.
700 876 65 21 borde
776 875 131 29 expedieras.

152 944 76 21 Denna
248 944 34 21 Hr
303 944 208 22 Landtmarkalkens
534 945 157 28 framställning
712 945 45 21 blef
779 946 23 20 af
817 944 91 22 Ståndet

83 972 102 29 enhälligt
201 973 93 21 bifallen.

141 1041 32 22 På
190 1041 72 22 derom
278 1042 61 28 gjord
355 1042 98 22 anhållan
471 1042 108 22 lemnades
594 1042 52 22 härå
661 1043 61 21 ordet
737 1043 22 21 åt

152 1110 34 22 Hr
200 1110 59 22 Elis
275 1110 164 29 Furuhjelm,
455 1118 45 14 som
515 1111 94 28 yttrade:
622 1111 42 29 Jag
677 1111 36 22 ber
724 1114 31 18 att
765 1112 23 20 få
799 1111 109 22 vördsamt

84 1139 116 27 hemställa,
216 1140 105 20 huruvida
337 1140 47 21 icke
401 1140 33 21 Hr
447 1139 208 22 Landtmarskalken
671 1140 66 22 funne
749 1140 79 28 skäligt
840 1140 68 22 tillåta

84 1171 31 18 att
131 1175 25 14 en
173 1168 86 21 afskrift
274 1169 23 20 af
310 1169 41 20 den
364 1169 106 28 skriftliga
485 1169 161 28 framställning,
658 1177 46 13 som
717 1169 46 21 utaf
775 1169 132 22 Talmännen

85 1205 37 13 var
137 1197 75 21 afsedd
230 1201 30 17 att
276 1197 119 28 föreläggas
412 1197 61 22 Hans
491 1197 121 29 Kejserliga
625 1198 107 28 Majestät,
745 1199 55 27 finge
813 1198 25 21 R.
851 1205 18 14 o.
883 1198 25 21 A.

83 1225 112 28 delgifvas,
212 1226 51 21 eller
278 1226 129 21 åtminstone
423 1229 31 18 att
470 1226 70 21 denna
556 1227 88 20 afskrift
656 1227 54 28 finge
722 1227 142 21 öfverlemnas
876 1227 32 20 till

84 1262 50 13 vare
150 1255 33 27 sig
197 1254 157 22 Riddarhusets
368 1255 51 20 eller
432 1254 130 22 Ständernas
579 1255 67 26 arkiv,
661 1255 33 21 för
710 1259 31 17 att
755 1255 38 21 der
805 1255 103 22 förvaras.

152 1323 52 21 Med
221 1323 117 28 anledning
353 1324 22 20 af
391 1324 69 20 denna
477 1324 97 20 anhållan
591 1324 125 21 meddelade
732 1324 33 21 Hr
781 1324 127 21 Landtmar-

83 1352 88 21 skalken
188 1355 31 17 att
234 1352 74 28 frågan
324 1352 72 21 härom
407 1353 80 27 utgjort
498 1352 89 21 föremål
599 1352 33 22 för
643 1353 163 28 öfverläggning
819 1353 88 21 emellan

83 1380 208 21 Landtmarskalken
307 1381 40 21 och
364 1381 139 27 Talmännen,
519 1389 47 13 men
582 1381 90 21 emedan
685 1382 139 21 omförmälda
835 1382 73 21 skrift-

83 1409 41 28 liga
148 1409 162 28 framställning,
334 1409 21 21 så
380 1410 61 27 länge
465 1410 42 21 den
529 1410 47 21 icke
600 1410 88 21 kommit
708 1410 62 21 Hans
786 1410 122 28 Kejserliga

84 1437 101 29 Majestät
199 1438 109 26 tillhanda,
331 1438 67 21 mäste
419 1446 64 14 anses
504 1446 50 14 vara
570 1438 217 22 Landtmarskalkens
803 1439 40 21 och
858 1438 50 22 Tal-

83 1468 102 19 männens
208 1466 97 21 enskilda
328 1466 110 28 egendom,
461 1470 56 18 samt
538 1469 79 19 tvänne
639 1468 22 20 af
679 1467 131 21 Talmännen
829 1467 28 29 pä
872 1467 37 21 det

84 1494 142 22 bestämdaste
242 1498 88 18 motsatt
350 1496 32 27 sig
404 1495 75 29 hvarje
502 1496 56 28 slags
576 1496 133 28 publikation
725 1496 22 21 af
762 1496 66 28 sagda
843 1496 65 21 fram-
