1181 1773
232 130 55 21 1024
485 136 25 17 R.
523 141 17 12 o.
552 137 23 16 A.
588 137 57 17 1894.
670 137 22 17 16
705 137 48 21 Maj.

201 215 104 21 arbetena
320 216 33 20 vid
371 216 24 21 de
416 216 83 27 färdiga
520 217 95 21 banorna
638 216 40 22 och
702 216 147 22 anskaffandet
871 216 23 21 af
914 223 27 20 ny
964 215 65 27 rörlig

202 244 97 21 materiel
317 244 68 21 blifvit
399 245 65 26 jemte
480 245 156 27 trafikutgiften
652 245 103 27 afdragna
770 245 46 21 från
833 245 72 27 hvarje
920 246 35 20 års
970 245 59 21 brut-

203 272 123 27 toinkomst,
349 273 66 21 ehuru
438 274 72 26 dylika
526 274 88 20 arbeten
630 274 40 20 och
686 274 65 26 inköp
767 274 22 20 af
803 274 96 20 materiel
915 274 45 21 icke
976 274 53 20 höra

202 301 33 21 till
259 302 40 20 den
319 302 66 26 årliga
409 302 179 25 driftkostnaden,
611 305 51 18 utan
684 304 36 19 äro
736 304 80 25 poster,
832 302 72 21 hvilka
920 302 40 21 öka
973 302 57 26 jern-

203 331 103 25 vägarnas
322 330 146 26 kapitalvärde
484 331 39 21 och
539 330 63 22 hafva
618 332 30 20 sin
666 333 57 19 rätta
738 331 55 26 plats
815 331 26 26 på
857 331 135 27 utgiftssidan
1008 330 23 21 af

202 358 290 22 Kommunikationsfondens
515 360 79 26 budget
610 360 64 20 bland
692 360 37 20 der
744 359 106 27 uppförda
864 360 164 26 anslagsposter.

202 386 76 22 Denna
293 388 139 26 anmärkning
454 390 24 19 är
494 394 27 14 nu
540 388 130 27 fullkomligt
687 388 96 26 befogad,
800 395 47 14 men
863 388 36 21 det
915 390 24 19 är
954 388 75 21 endast

203 421 24 15 en
251 416 184 28 bokföringsfråga
457 417 39 21 och
520 417 77 21 verkar
615 418 47 20 icke
683 417 81 27 påsak.
796 417 152 26 Anledningen,
966 416 63 21 hvar-

203 443 33 22 för
253 444 23 21 så
291 445 100 25 förfarits,
415 446 38 20 har
475 446 55 21 varit
553 446 167 27 beqvämlighet;
736 446 88 21 emedan
849 446 35 21 det
905 446 54 20 varit
975 444 54 22 både

202 472 33 21 för
259 473 93 22 Senaten
375 475 39 20 och
437 474 161 21 Statskontoret
613 475 101 26 vigtigast
736 477 32 18 att
790 475 78 26 precist
883 475 76 25 erfara,
973 474 55 21 huru

203 503 45 19 stor
274 503 115 25 leverering
414 503 47 21 från
488 503 199 27 Statsjernvägarne
715 503 70 21 kunde
813 503 112 26 påräknas,
950 503 23 20 sä
992 509 37 14 var

204 530 36 21 det
266 531 32 20 för
323 534 32 17 att
379 531 21 20 få
423 535 23 18 ut
467 533 69 19 denna
552 532 63 24 siffra,
631 539 45 14 som
692 539 48 14 man
757 532 92 26 afdragit
865 532 115 26 utgifterna
995 531 33 21 för

202 559 152 26 nybyggnader
377 561 37 20 och
438 561 66 26 rörlig
520 561 95 20 materiel
634 561 46 20 från
696 561 26 20 de
738 561 122 26 påräknade
876 561 150 20 inkomsterna.

203 587 40 26 Jag
266 588 97 27 öfvergår
385 595 28 14 nu
433 589 32 20 till
488 589 100 27 kalkylen
611 590 32 21 för
666 590 24 20 år
708 590 59 21 1894.
799 589 165 21 Statsutskottet
991 589 38 20 har

204 616 51 21 ökat
286 617 104 26 ökningen
415 621 45 17 mot
487 618 127 26 föregående
638 618 23 21 är
685 619 31 20 till
740 618 92 24 750,000
855 618 60 20 mark
936 617 38 21 och
997 619 32 19 sä-

203 650 43 20 ger,
273 647 32 19 att
329 645 110 22 Utskottet
467 647 65 26 enligt
558 646 256 27 medeltalsberäkningen
840 646 96 27 upptagit
961 647 69 20 denna

204 679 89 19 summa,
325 681 46 14 men
402 678 31 17 att
465 675 39 21 den
531 676 107 20 sannolikt
662 675 96 21 kommer
781 678 32 17 att
839 675 62 21 ställa
925 675 31 26 sig
981 674 48 21 vida

203 701 73 27 högre,
298 703 26 20 då
347 704 69 20 redan
433 704 56 21 årets
511 706 32 19 tre
566 704 68 21 första
658 704 101 21 månader
780 703 61 27 gifvit
859 710 25 14 en
900 703 93 21 inkomst
1008 702 23 21 af

204 731 93 25 700,000
320 732 59 21 mark
401 732 59 21 öfver
481 732 103 27 fjolårets.
615 733 41 20 Det
680 735 23 18 är
726 739 28 14 nu
778 739 25 14 en
826 732 81 26 ganska
934 731 96 27 vansklig

203 759 38 20 sak
258 762 32 19 att
310 760 27 27 på
356 761 90 21 förhand
467 761 110 27 kalkylera
598 761 54 21 ökad
674 761 51 22 eller
746 761 97 21 minskad
861 761 98 20 inkomst.
991 760 38 21 Sä-

204 787 65 22 lunda
295 795 49 20 eger
371 789 36 21 det
433 790 124 26 visserligen
580 791 32 20 sin
630 790 69 26 grund
724 792 33 19 att
782 790 33 20 för
836 789 57 21 årets
915 792 32 18 tre
963 789 68 20 första

204 816 103 22 månader
322 818 21 21 af
357 818 143 21 innevarande
516 821 24 18 år
562 819 145 20 inkomsterna
723 819 62 20 ökats
802 819 46 20 med
865 818 89 26 700,000
970 817 60 21 mark

203 848 46 18 mot
275 847 148 20 motsvarande
448 847 93 21 inkomst
566 848 91 20 sistlidet
680 847 29 21 är.
740 847 51 21 Men
814 847 62 26 April
899 847 82 24 månad,
997 846 33 21 för

204 873 85 22 hvilken
305 875 112 21 resultatet
432 882 88 15 numera
535 876 119 27 föreligger,
670 877 57 20 visar
743 878 32 19 ett
791 876 87 20 alldeles
887 877 64 19 annat
964 875 65 21 resul-

203 904 38 18 tat.
274 903 72 21 Under
362 904 69 21 denna
446 904 76 22 månad
542 905 63 21 hafva
621 905 146 21 inkomsterna
783 908 44 17 mot
843 904 84 26 fjolåret
943 904 88 26 nedgått

204 931 49 21 med
268 932 46 20 icke
331 933 80 20 mindre
427 935 26 19 än
477 934 78 24 75,000
579 934 67 25 mark,
666 934 24 20 så
706 936 32 18 att
755 933 140 21 öfverskottet
911 933 57 21 öfver
983 932 47 26 fjol-

205 959 57 21 årets
278 960 93 22 inkomst
386 968 88 14 numera
489 963 46 20 icke
558 964 24 18 är
599 962 91 26 700,000
706 962 61 21 mark
782 964 51 18 utan
849 961 76 21 endast
941 961 90 27 628,000

203 988 68 21 mark.
303 989 65 21 Detta
394 990 55 20 hvad
471 990 101 22 beträffar
594 991 201 27 inkomstposterna.
826 990 121 26 Utgifterna
969 990 62 20 hafva

203 1016 132 28 kalkylerats
358 1018 53 21 efter
436 1019 54 21 1893
513 1020 31 20 till
568 1020 112 26 9,112,000
696 1020 67 20 mark.
784 1019 66 20 Detta
865 1019 39 20 har
915 1018 31 21 sin
957 1018 74 26 riktig-

203 1044 37 22 het
256 1046 39 21 och
311 1047 105 26 ökningen
426 1048 141 21 är-beräknad
576 1047 30 21 till
616 1048 92 26 470,000
719 1048 67 26 mark,
795 1047 23 21 sä
826 1049 32 19 att
867 1047 164 21 Statsutskottet

204 1074 100 26 slutligen
320 1075 96 21 kommer
432 1076 31 20 till
487 1076 40 21 den
550 1076 117 21 afrundade
690 1082 97 15 summan
809 1076 22 20 af
845 1076 111 26 9,840,000
971 1075 61 21 mark

204 1102 39 21 och
260 1105 61 25 säger
337 1104 38 20 här
391 1104 28 27 på
433 1104 93 27 följande
542 1105 52 23 sida,
610 1107 32 19 att
661 1105 27 27 på
703 1104 107 22 statistisk
824 1104 69 27 grund
908 1104 39 20 har
963 1104 70 20 denna

203 1130 74 28 kalkyl
291 1134 69 19 större
376 1133 136 21 sannolikhet
526 1134 34 20 för
575 1134 31 26 sig
622 1136 26 18 än
664 1132 367 27 Kommunikationsexpeditionens.

203 1159 64 21 Hvad
282 1161 146 21 inkomsterna
448 1162 138 25 vidkommer,
610 1162 38 20 har
669 1162 37 27 jag
718 1163 27 25 ju
761 1162 66 21 delvis
843 1161 65 21 redan
924 1160 108 27 medgifvit

204 1188 67 26 detta,
294 1196 47 14 men
360 1189 55 22 hvad
439 1190 177 26 utgiftsposterna
638 1190 139 26 vidkommer,
800 1190 23 21 så
839 1190 38 20 ber
889 1190 38 26 jag
941 1189 20 21 få
977 1190 56 20 fästa

203 1216 178 23 Statsutskottets
397 1219 188 27 uppmärksamhet
601 1219 63 27 uppå,
680 1221 32 19 att
724 1218 167 22 Statsutskottet
904 1218 129 21 bortlemnat

204 1251 25 15 en
245 1247 82 25 ganska
343 1247 66 26 vigtig
425 1247 39 21 och
479 1249 45 19 stor
539 1250 55 24 post,
610 1254 45 14 som
670 1248 62 26 ingår
747 1248 6 20 i
770 1247 40 21 den
825 1247 84 26 nådigst
920 1247 113 21 faststälda

204 1276 71 19 staten
290 1275 33 21 för
338 1275 24 21 år
380 1276 59 26 1894,
457 1276 39 21 och
512 1276 36 21 det
563 1278 24 18 är
598 1276 103 22 Senatens
717 1276 207 26 dispositionsmedel
940 1275 26 27 på
976 1275 57 26 jern-

203 1304 136 25 vägsstaten;
362 1304 27 20 de
411 1304 71 27 uppgå
505 1305 31 20 till
560 1305 92 25 215,000
668 1305 61 21 mark
745 1304 39 21 och
801 1304 48 21 med
865 1304 46 21 dem
928 1304 105 20 bestridas

204 1332 59 20 säväl
279 1334 61 18 extra
359 1332 158 27 trafikutgifter,
542 1340 44 14 som
603 1333 65 21 också
683 1334 90 25 mindre,
789 1332 138 22 oförutsedda
939 1332 94 27 nybygg-

205 1360 149 25 nadsarbeten,
371 1361 72 21 hvilka
459 1362 66 20 under
541 1362 57 21 årets
614 1362 50 26 lopp
679 1362 140 23 förekomma,
835 1367 47 15 men
895 1361 46 21 icke
952 1361 82 21 kunnat

204 1387 94 22 förutses
313 1389 34 21 vid
363 1390 49 20 dess
427 1390 82 26 början.
541 1390 70 21 Sedan
627 1392 77 19 tvänne
720 1396 42 21 nya
775 1390 114 26 jernvägar
908 1389 125 25 tillkomma,

204 1416 41 21 den
271 1417 55 21 ifrån
351 1417 117 22 Sordavala
493 1418 32 21 till
549 1419 97 21 Joensuu
669 1419 39 21 och
724 1420 41 20 den
781 1418 47 21 från
843 1418 143 21 Tammerfors
1002 1417 32 21 till

203 1444 140 28 Björneborg,
359 1446 24 21 så
399 1446 41 22 blir
456 1448 36 20 det
507 1448 130 26 nödvändigt
653 1450 33 18 att
700 1448 51 26 höja
767 1447 70 21 denna
852 1449 49 24 post
915 1446 33 21 till
959 1446 76 21 åtmin-

203 1475 62 19 stone
282 1475 91 24 250,000
389 1476 67 20 mark.
486 1476 46 20 Den
547 1476 39 26 går
600 1476 61 20 alltid
677 1476 28 26 åt,
723 1476 65 21 bland
801 1478 65 18 annat
875 1475 32 21 för
915 1474 120 26 fordringar

204 1500 47 22 från
267 1502 130 28 Petersburg
413 1504 39 21 och
468 1504 67 21 andra
551 1504 49 26 håll,
617 1510 45 16 som
678 1505 46 21 icke
740 1505 73 20 kunna
829 1504 152 23 tillbakavisas,
995 1503 39 21 och

203 1536 50 15 man
270 1531 68 21 skulle
353 1532 47 21 icke
416 1533 72 21 kunna
504 1533 51 21 reda
571 1533 37 27 sig,
626 1539 34 15 om
676 1539 48 15 man
740 1533 47 21 icke
803 1532 54 21 hade
874 1532 69 21 denna
955 1538 78 15 reserv.
