1181 1773
431 127 279 35 Kommunikationsfonden.
901 128 53 21 1025

156 214 43 21 För
213 215 13 20 3
242 214 23 21 är
281 216 62 24 utgör
367 214 60 21 detta
451 220 25 15 en
500 216 47 24 post
564 220 33 15 om
614 214 92 26 750,000
723 214 68 25 mark,
807 213 28 27 pä
852 213 83 21 hvilken
948 212 37 27 jag

157 242 38 22 ber
209 243 28 26 pä
252 242 91 22 förhand
358 242 21 22 fä
394 242 94 22 hänvisa.
518 243 42 21 Det
576 244 24 20 är
616 243 90 21 sälunda
717 249 46 14 som
775 242 210 21 Kommunikations-

157 271 159 27 expeditionens
331 271 73 26 kalkyl
420 272 49 20 kom
490 272 31 20 till
544 278 25 14 en
585 272 125 26 utgiftspost
725 271 23 21 af
763 272 26 20 10
805 270 98 27 miljoner
917 269 68 25 mark,

157 300 84 20 hvilken
265 300 96 21 kommer
384 300 36 20 det
443 300 117 26 sannolika,
576 300 70 21 sävidt
661 299 90 27 utgiften
767 299 138 26 vidkommer,
921 298 65 27 enligt

158 328 55 21 hvad
227 328 36 27 jag
278 330 52 23 tror,
347 330 101 19 närmast.
478 328 28 21 Sä
522 330 61 25 säges
599 329 36 21 det
645 329 73 20 vidare
729 328 27 27 pä
768 334 81 15 samma
860 328 46 20 sida
919 327 66 25 ,hvad

157 357 180 26 trafikutgifterna
352 357 139 26 vidkommer,
507 359 25 19 är
547 358 6 20 i
568 357 26 21 K.
611 358 25 20 E.
652 357 26 21 K.
695 358 36 20 det
747 356 28 22 fel
784 356 104 27 begänget
903 358 32 18 att
946 356 39 20 den

158 386 32 21 för
208 386 53 21 1895
277 388 109 24 upptagna
401 386 40 21 och
458 386 75 21 endast
554 386 60 21 detta
637 386 23 20 är
676 386 141 25 erforderliga
831 387 74 24 posten
922 390 63 20 ,upp-

159 414 84 27 skjuten
259 417 84 18 remont
358 414 47 21 frän
423 415 67 21 1894*
508 414 92 25 300,000
615 414 67 25 mark,
696 414 126 27 inbegripits
837 414 7 20 i
861 413 26 21 de
902 413 36 21 tvä
949 412 38 21 föl-

157 443 64 27 jande
237 443 61 21 ärens
317 442 158 28 trafikutgifter.
506 443 41 27 Jag
565 444 67 21 mäste
643 443 28 27 pä
682 443 36 21 det
729 442 144 22 bestämdaste
887 441 100 27 bestrida,

159 474 32 19 att
207 472 65 26 nägot
287 472 27 21 fel
330 472 39 21 här
384 472 120 27 föreligger.
536 473 74 20 Denna
626 472 125 26 utgiftspost
767 471 39 21 har
821 471 123 20 tillkommit
954 470 33 21 sä-

160 501 71 24 lunda,
254 503 32 19 att
309 500 176 27 banafdelningen
508 501 35 20 vid
568 501 195 26 statsjernvägarna
786 499 118 27 kalkylerat
921 499 67 26 ärliga

160 529 107 22 ordinarie
288 531 109 19 remonten
421 529 55 21 efter
498 529 143 27 nedprutning
662 529 32 21 till
712 529 91 25 150,000
819 528 66 24 mark,
902 527 85 21 hvartill

160 558 96 21 kommer
271 560 56 19 ännu
347 565 24 14 en
388 558 78 27 ökning
482 558 46 21 från
544 559 24 20 är
584 558 31 21 till
632 558 24 21 är
671 558 128 21 åtminstone
816 557 66 21 under
897 557 26 20 de
939 557 49 20 när-

161 589 55 18 mast
237 587 134 20 förestäende
393 587 51 20 ären
467 587 23 20 af
512 587 90 25 150,000
619 587 65 21 mark.
715 586 39 21 Om
771 593 29 14 nu
816 586 46 21 icke
877 585 111 26 Jernvägs-

161 615 110 26 styrelsen,
292 616 32 20 till
347 615 52 26 följd
415 615 22 21 af
457 615 94 21 erhällen
571 615 117 26 befallning
705 618 33 18 att
755 615 106 26 möjligast
875 614 114 25 inbespara

162 644 27 26 pä
204 644 123 27 utgifterna,
343 645 68 20 skulle
427 644 33 21 för
477 645 55 20 1894
548 644 64 21 hafva
627 644 93 27 indragit
736 644 69 21 denna
821 646 54 23 post,
884 643 23 20 sä
920 642 69 21 skulle

163 673 123 20 densamma
301 672 107 27 sjelffallet
424 673 63 20 hafva
502 673 69 26 ingått
586 673 7 20 i
609 673 40 21 den
666 673 107 20 allmänna
789 671 150 27 utgiftsposten
951 670 38 21 och

160 701 65 26 jemte
249 702 68 21 denna
341 702 54 26 lagts
417 701 32 21 till
472 701 68 27 grund
562 701 33 21 för
614 702 36 20 det
665 701 94 26 följande
775 701 56 21 ärets
848 700 79 25 budget
942 699 47 20 med

163 729 92 22 tillskott
270 730 23 21 af
308 730 104 27 ökningen
430 731 92 24 150,000
536 730 68 21 mark.
635 730 33 21 Dä
684 730 40 21 den
740 736 29 14 nu
778 729 69 21 blifvit
856 727 135 28 uppskjuten,

163 759 65 26 stiger
251 765 97 14 summan
371 759 135 26 naturligtvis
526 759 33 20 för
577 759 53 21 1895
646 759 33 20 till
695 758 96 25 dubbelt,
808 760 22 24 ty
847 756 145 22 remontarbe-

164 790 35 18 ten
215 787 72 21 kunna
302 787 47 21 icke
364 787 6 20 i
386 787 84 26 evighet
493 787 134 27 unpskjutas.
658 787 64 21 Detta
745 787 40 20 blir
801 786 83 21 således
900 785 93 24 300,000

164 816 61 20 mark
247 816 38 21 och
310 816 61 21 dessa
393 816 91 26 300,000
508 816 60 21 mark
584 816 68 21 mäste
668 815 137 27 naturligtvis
821 815 92 26 figurera
929 814 6 20 i
951 814 42 20 alla

164 844 93 27 följande
282 845 108 26 budgeter.
421 845 41 26 Jag
485 845 35 20 vill
552 845 82 26 päpeka
660 846 32 19 att
717 843 167 22 Statsutskottet
909 842 85 21 förfarit

165 873 78 27 precist
259 873 27 27 pä
301 879 81 15 samma
398 875 49 19 sätt.
478 873 168 21 Statsutskottet
662 873 38 21 har
716 873 107 26 nämligen
840 871 105 21 beräknat
960 873 33 19 ut-

166 901 91 27 gifterna
273 902 32 20 för
320 904 116 25 remonten,
452 902 20 21 d.
488 908 19 14 v.
524 909 16 14 s.
557 902 105 26 ökningen
679 902 33 21 för
723 902 53 20 1895
786 901 33 21 till
828 900 91 26 500,060
927 900 66 23 mark,

167 931 54 20 1896
237 930 32 21 till
285 931 92 25 540,000
400 931 60 20 mark
483 931 39 21 och
538 930 34 22 för
589 932 53 20 1897
659 931 32 21 till
708 930 93 25 600,000
817 929 68 24 mark,
901 928 39 21 och
957 930 38 19 när

166 965 49 14 man
230 959 43 21 slår
289 959 54 21 efter
358 960 6 20 i
381 959 177 21 Stalsutskottets
582 960 72 26 kalkyl
670 960 5 20 i
692 959 86 27 bilagan
793 958 32 25 B.,
841 964 34 14 ser
891 963 56 19 man,
963 959 33 19 att

167 988 62 20 dessa
254 987 69 21 siffror
347 988 92 26 figurera
464 994 76 20 genom
568 988 43 21 alla
634 988 30 21 är.
695 988 94 21 Sälunda
813 986 133 22 förekomma
969 986 26 20 de

166 1016 67 21 första
256 1017 91 24 500,000
369 1016 60 21 mark
453 1016 24 21 är
502 1018 60 24 1895,
586 1016 25 21 de
634 1016 115 22 äterfinnas
770 1016 55 20 1896
841 1015 39 21 och
895 1014 100 26 slutligen

169 1044 62 21 äfven
248 1046 61 24 1897,
325 1045 60 21 alltid
401 1046 48 20 med
466 1046 112 26 tillökning
589 1045 33 21 för
630 1045 53 21 äret.
707 1045 45 21 Här
760 1044 41 21 blir
813 1044 81 21 säledes
903 1050 26 14 en
938 1042 59 22 diffe-

168 1080 49 14 rens
239 1074 22 20 af
282 1074 91 24 600,000
397 1074 61 20 mark
481 1074 33 20 för
538 1074 25 21 de
587 1074 36 20 tvä
646 1074 50 20 ären
719 1074 54 20 1896
789 1072 40 22 och
846 1072 60 21 1897.
937 1072 59 20 Dock

168 1102 68 20 mäste
252 1102 46 21 frän
315 1102 68 20 denna
398 1102 100 21 differens
512 1104 30 20 ett
553 1102 81 27 ganska
642 1102 106 26 ansenligt
759 1101 74 27 afdrag
845 1102 69 25 göras.
931 1100 66 21 Kom-

168 1131 292 26 munikationsexpeditionen
483 1132 55 20 hade
562 1131 104 27 nämligen
687 1131 55 26 tagit
757 1131 6 20 i
779 1130 64 21 rundt
858 1129 31 21 tal
905 1129 43 20 lika
963 1129 33 21 för

168 1159 42 21 alla
225 1159 24 21 är
265 1166 24 14 en
307 1160 82 26 ökning,
405 1160 47 20 frän
476 1160 24 20 är
522 1160 32 20 till
570 1160 24 20 är
610 1160 22 20 af
646 1160 93 25 400,000
755 1159 68 21 mark.
853 1158 33 20 Dä
902 1157 95 21 Statsut-

169 1188 81 20 skottet
272 1188 45 26 höjt
341 1188 60 21 dessa
425 1188 71 21 siffror
518 1189 48 20 med
589 1188 121 26 respektive
735 1188 98 24 100,000,
850 1186 91 25 140,000
957 1186 40 20 och

169 1217 92 25 200,000
276 1217 66 25 mark,
359 1218 23 20 sä
397 1217 59 26 afgär
473 1217 83 21 säledes
574 1217 93 23 440,000
683 1216 67 26 mark,
767 1222 47 14 men
831 1216 36 20 det
883 1214 92 21 äterstär
991 1215 6 20 i

169 1245 42 20 alla
227 1244 37 22 fall
279 1252 26 14 en
321 1248 48 24 post
385 1252 33 14 om
436 1246 91 24 160,000
551 1246 67 23 mark,
634 1246 47 20 med
698 1245 73 21 hvilka
786 1243 211 22 Kommunikations-

169 1274 147 26 expeditionen
339 1274 6 20 i
369 1274 30 20 sin
423 1274 73 26 kalkyl
520 1274 106 21 beräknar
646 1274 118 26 utgifterna
779 1273 66 25 högre
861 1274 26 18 än
903 1272 94 20 Statsut-

169 1302 87 21 skottet.
286 1303 59 20 Blott
369 1303 6 20 i
400 1302 139 27 förbigäende
563 1303 35 21 vill
619 1302 37 27 jag
678 1304 58 19 ännu
751 1302 83 26 päpeka
850 1307 26 14 en
891 1300 44 26 sak,
952 1306 45 15 som

169 1331 75 20 endast
269 1332 24 20 är
319 1338 25 14 en
367 1331 193 27 bokföringsfräga.
590 1331 31 21 Pä
643 1331 38 21 sid.
697 1332 12 19 6
726 1330 38 21 har
781 1330 109 21 Utskottet
905 1328 93 27 afdragit

170 1359 91 25 350,000
277 1360 61 20 mark
353 1359 45 21 frän
415 1360 25 20 de
456 1360 24 21 af
494 1359 351 26 Kommunikationsexpeditionen
860 1358 138 26 kalkylerade

170 1388 115 26 utgifterna
310 1388 33 21 för
368 1388 138 21 anskaffande
532 1388 24 20 af
579 1388 66 26 rörlig
668 1388 97 20 materiel
787 1387 34 21 för
845 1387 54 20 1895
915 1386 27 26 pä
958 1386 40 20 den

169 1416 76 26 grund,
272 1419 32 19 att
331 1417 26 21 de
382 1417 68 21 skulle
477 1417 91 21 kommit
593 1417 33 21 till
648 1416 133 26 användning
804 1415 143 21 innevarande
969 1414 30 21 är.

170 1444 67 22 Detta
257 1446 24 19 är
304 1452 25 14 en
352 1445 195 27 missuppfattning.
577 1445 208 26 Jernvägsstyrelsen
808 1444 39 21 har
868 1444 75 25 begärt
959 1443 39 21 och

171 1473 85 21 erhållit
272 1474 96 20 tillstånd
383 1476 32 18 att
433 1474 90 21 beställa
539 1474 12 21 5
568 1480 40 20 nya
624 1474 181 24 lokomotiv,
765 1467 41 37 men
813 1473 47 20 med
874 1471 125 27 uttryckligt

171 1501 111 28 förbehåll,
298 1505 32 18 att
345 1502 109 26 betalning
477 1502 47 21 icke
546 1502 68 21 skulle
638 1502 91 21 behöfva
745 1502 96 25 erläggas
855 1501 71 20 förrän
942 1501 57 19 näst-

171 1530 126 22 kommande
314 1530 30 24 år,
360 1531 23 21 så
398 1533 32 18 att
446 1530 61 22 äfven
530 1531 7 20 i
553 1531 69 21 denna
638 1530 34 21 del
688 1533 46 18 tror
748 1530 35 26 jag
799 1532 32 18 att
847 1528 153 22 Kommunika-

907 1568 22 17 65
