1181 1773
194 114 22 36 fi"
226 120 53 21 1192
475 126 23 16 R.
512 130 18 12 o.
543 126 23 16 A.
579 126 57 17 1894.
661 126 23 17 19
696 126 48 21 Maj,

195 206 39 21 och
253 205 56 27 förty
327 206 47 21 icke
394 206 102 21 behöfver
514 206 96 27 betunga
625 206 160 22 vederbörande
801 206 103 26 sakegare
920 206 39 22 och
974 212 49 20 par-

193 236 34 19 ter
242 235 48 20 med
307 236 32 19 att
354 234 124 22 införskaffa
494 241 25 15 en
535 235 121 27 utredning,
672 235 104 21 hvilken
768 230 10 37 i
793 238 65 18 annat
868 235 37 21 fall
913 234 109 22 behöfdes.

193 262 34 22 Då
242 263 127 27 kungörelse
391 263 68 21 blifvit
475 263 125 27 publicerad
616 264 6 20 i
638 264 157 26 ortstidningen
810 263 28 27 pä
853 264 130 24 landsorten,
1000 263 25 21 sä

195 291 68 21 skulle
286 294 131 23 guvernören
437 292 140 26 ovilkorligen
592 292 81 26 nödgas
688 292 93 21 affordra
797 292 160 21 vederbörande
973 292 50 21 sak-

194 326 63 20 egare
274 320 26 21 de
315 320 107 27 exemplar
437 320 22 22 af
474 321 116 27 tidningen,
606 321 37 21 der
658 322 69 20 denna
742 321 127 26 kungörelse
886 321 57 21 stått.
975 320 50 22 Alla

194 349 63 21 dessa
281 348 115 27 omgångar
422 349 70 21 skulle
516 350 74 20 kunna
610 350 104 20 undvikas
741 355 76 21 genom
837 352 31 18 ett
887 350 76 26 tydligt
984 350 40 20 och

193 377 58 21 klart
272 378 123 26 stadgande,
421 380 31 19 att
468 378 69 21 denna
553 378 187 27 preskriptionstid
761 378 79 21 räknas
856 378 46 21 från
919 378 40 21 den
975 378 48 26 dag,

194 406 28 21 då
237 406 144 27 kungörelsen
396 406 68 27 tredje
479 406 83 28 gången
578 407 55 21 varit
645 406 70 22 införd
725 407 8 21 i
744 407 25 21 de
781 406 90 22 officiela
882 407 142 26 tidningarna.

263 475 32 21 Hr
310 475 105 22 Munck:
446 475 36 22 Uti
498 476 136 26 tidningarna
649 475 39 22 har
701 475 37 27 jag
753 477 43 20 sett
811 477 33 20 att
859 482 48 15 man
923 475 7 21 i
941 475 83 21 Bonde-

194 503 86 22 ståndet
293 504 45 27 just
359 504 99 21 anmärkt
474 511 40 19 om,
530 507 34 18 att
579 505 82 20 bönder
676 505 69 26 aldrig
759 505 46 20 läsa
821 504 100 21 Finlands
935 503 90 22 officiela

193 533 82 26 tidning
291 533 51 21 eller
358 533 91 21 Suomen
460 533 126 21 Wirallinen
596 533 69 26 Lehti,
677 533 39 21 och
729 533 60 21 detta
801 535 46 19 tror
855 533 36 26 jag
902 535 24 18 är
937 532 88 22 alldeles

194 564 55 22 sant,
269 561 24 21 så
316 563 33 19 att
368 562 38 26 jag
421 562 46 21 icke
484 564 52 22 tror,
552 564 33 19 att
601 564 36 19 det
653 562 68 21 blefve
737 562 22 21 af
770 562 70 27 någon
856 561 93 27 egentlig
963 563 64 26 nytta

193 592 33 19 att
241 589 70 22 införa
325 590 139 27 kungörelser
480 591 6 20 i
502 591 108 21 allmänna
625 591 142 26 tidningarna.

450 681 319 28 Omröstningspropositioner
761 677 12 36 :

265 745 39 20 1:o.
334 745 52 26 Den,
406 751 45 15 som
467 745 35 21 vill
518 745 114 26 godkänna
648 745 160 26 bestämningen
824 744 7 21 i
847 745 10 26 $
875 745 12 20 8
903 745 72 20 derom
991 746 34 19 att

194 772 41 21 den
250 772 6 21 i
273 774 33 25 S:n
323 773 139 22 omförmälda
477 774 129 27 kungörelse
622 774 39 21 bör
677 773 90 22 anslås
763 768 16 38 i
782 773 242 22 kommunalstämmans

193 801 156 27 samlingsrum,
365 808 73 15 svarar
451 803 35 26 ja;

262 864 41 21 blir
324 865 34 27 nej
377 865 162 27 öfvervägande,
560 865 80 21 införes
653 865 7 21 i
675 865 72 21 stället
763 865 66 21 orden
845 864 24 28 ,å
884 865 141 21 kommunens

194 893 158 26 anslagstafla*.

262 956 164 26 Propositionen
442 956 128 22 besvarades
585 956 49 22 med
650 956 157 28 öfvervägande
821 956 28 26 ja.

263 1019 41 20 2:0.
333 1018 54 24 Den,
403 1025 45 15 som
463 1019 125 27 godkänner
604 1020 11 26 $
631 1020 12 21 8
662 1020 6 20 i
684 1019 40 21 den
740 1019 81 27 lydelse
836 1018 111 22 Utskottet
961 1018 62 28 gifvit

193 1046 129 27 densamma,
337 1053 73 15 svarar
423 1048 35 26 ja;

262 1109 43 21 blir
327 1110 34 27 nej
384 1110 162 27 öfvervägande,
571 1110 169 21 äterremitteras
763 1110 34 27 &:n
812 1110 33 20 till
863 1109 111 22 Utskottet
988 1110 35 20 för

193 1139 33 20 att
241 1138 145 27 omredigeras
401 1139 7 21 i
424 1139 36 21 det
476 1139 22 21 af
516 1139 33 21 Hr
564 1140 25 20 A.
605 1138 25 22 L.
645 1145 41 15 von
701 1139 109 26 Knorring
825 1138 120 27 föreslagna
960 1138 61 27 syfte.

261 1201 47 21 Den
324 1201 75 21 härom
414 1201 124 21 verkstälda
553 1202 124 26 voteringen
692 1201 62 21 utföll
765 1201 49 21 med
825 1202 27 20 28
861 1200 23 27 ja
895 1200 39 22 och
947 1201 25 21 19
981 1200 39 27 nej.

261 1269 25 21 R.
302 1275 19 15 0.
337 1270 24 20 A.
378 1269 54 22 hade
448 1270 90 21 sålunda
553 1270 96 26 godkänt
664 1270 48 21 hela
728 1270 12 20 8
757 1270 35 27 S:n
808 1269 129 22 oförändrad
957 1269 66 27 enligt

191 1296 124 23 Utskottets
330 1298 85 27 förslag.

261 1366 25 27 $$
303 1366 67 21 9—11
387 1368 91 25 antogos
494 1368 50 20 utan
561 1366 126 22 diskussion.

261 1433 41 22 Vid
318 1434 11 28 $
346 1435 26 21 12
387 1435 113 21 anmärkte

261 1491 32 21 Hr
308 1497 41 15 von
365 1490 213 23 Christierson:
608 1492 41 26 Jag
664 1492 81 21 tillåter
761 1492 43 26 mig
819 1491 79 21 föreslå
913 1493 32 19 att
961 1491 11 27 &
988 1491 35 25 12,

191 1524 45 16 som
252 1519 71 22 blifvit
337 1520 24 21 af
373 1520 153 27 Lagutskottet
541 1520 83 26 tillsatt,
641 1520 67 22 skulle
724 1520 45 22 helt
785 1520 40 21 och
838 1520 65 21 hället
918 1520 105 21 uteslutas
