1181 1773
215 126 52 20 1126
484 134 24 16 R.
521 138 17 12 o.
551 134 22 16 A.
587 134 56 16 1894.
668 134 24 16 18
706 133 47 21 Maj.

182 217 35 15 om
234 212 61 26 lagen
311 212 69 22 skulle
395 214 57 20 sätta
467 215 31 19 ett
514 213 154 27 oöfverstigligt
684 213 76 21 hinder
775 213 6 21 i
797 214 67 26 vägen
881 212 77 22 derför.
985 212 25 21 Vi

182 240 62 22 hafva
259 240 55 22 dock
329 242 72 21 städer
416 242 38 21 och
470 242 110 27 köpingar,
596 248 46 15 som
658 244 38 19 äro
712 242 81 21 mindre
809 243 27 19 än
854 241 76 27 mänga
940 241 70 21 lands-

181 268 131 23 kommuner.

450 356 281 27 Omröstningsproposition
737 364 5 13 :

234 424 71 32 Den,
328 430 45 16 som
393 425 123 26 godkänner
531 425 11 27 $
558 425 12 21 3
588 425 64 27 enligt
669 425 122 21 Utskottets
808 425 140 26 betänkande,
963 431 45 15 sva-

181 459 36 15 rar
229 459 34 20 ja;

251 521 42 22 blir
313 522 34 26 nej
363 521 161 28 öfvervägande,
540 523 113 20 förändras
668 529 74 15 senare
759 523 60 21 delen
836 523 22 21 af
873 525 8 19 1
899 529 63 14 mom.
977 522 31 21 till

183 565 10 9 n
197 550 54 21 dock
267 556 50 15 vare
333 551 61 20 äfven
410 551 100 21 kommun
527 551 119 27 berättigad
661 554 31 19 att
709 551 59 21 stifta
784 551 124 27 sparbank".

251 619 162 26 Propositionen
429 619 127 22 besvarades
573 619 48 22 med
637 621 11 20 8
662 619 24 27 ja
702 620 38 21 och
757 621 26 20 47
800 620 41 26 nej,
855 620 6 21 i
873 619 50 27 följd
936 620 75 21 hvaraf

182 647 25 21 R.
232 653 19 15 0.
275 648 24 20 A.
324 648 54 21 hade
393 648 60 27 gillat
477 649 3 27 8
496 649 12 20 3
524 649 48 20 med
588 648 156 21 ofvannämnda
759 649 124 26 förändring
898 649 23 20 af
934 655 74 14 senare

182 676 60 21 delen
258 676 6 21 i
283 678 8 19 1
309 683 62 14 mom.

250 745 13 28 8
279 746 13 20 4
307 745 122 27 godkändes
446 749 51 18 utan
513 746 127 21 diskussion.

251 813 9 28 8
275 797 23 49 5.

252 912 137 21 Diskussion:

251 980 32 21 Hr
299 981 24 21 A.
340 981 22 21 L.
375 988 40 14 von
427 982 155 26 Knorring:
599 982 10 20 I
620 982 221 21 öfverensstämmelse
852 982 47 21 med
910 982 55 20 hvad
973 981 37 27 jag

184 1009 55 21 hade
255 1010 52 20 äran
323 1009 74 21 anföra
413 1010 67 22 under
497 1010 39 21 den
552 1011 108 20 allmänna
676 1011 154 24 diskussionen,
842 1010 67 21 häller
917 1010 38 27 jag
965 1010 44 21 före

182 1040 33 18 att
230 1038 48 20 hela
294 1038 11 27 $
321 1039 12 20 5
351 1038 38 21 bör
404 1039 104 21 uteslutas
524 1039 40 21 och
580 1039 60 21 äfven
658 1039 24 21 de
694 1040 172 20 administrativa
881 1038 129 22 bestämnin-

181 1072 44 20 gar,
236 1073 45 14 som
297 1069 49 19 röra
361 1068 271 26 sparbanksdirektörerne,
643 1068 81 21 lemnas
739 1071 33 17 att
787 1068 90 20 förfalla.
903 1068 106 26 Antingen

181 1095 57 21 afser
262 1096 68 20 denna
352 1096 92 21 kontroll
461 1099 32 18 att
508 1096 115 27 förebygga
639 1096 168 27 oegentligheter
824 1096 31 21 uti
871 1096 139 26 bokföringen

182 1124 39 20 och
237 1124 155 26 förvaltningen
408 1125 23 20 af
442 1125 170 26 sparbankernas
628 1125 74 21 kassor
713 1125 52 21 eller
775 1125 66 21 ocksä
852 1127 33 19 att
895 1124 114 26 förebygga

181 1158 52 16 rena
248 1153 115 21 underslef.
389 1153 42 21 För
446 1154 36 20 det
498 1154 58 20 förra
571 1154 59 20 fallet
646 1154 67 21 finnes
729 1154 36 21 det
776 1154 31 20 uti
818 1153 71 26 hvarje
903 1153 106 27 sparbank

182 1182 110 23 revisorer,
308 1182 71 20 hvilka
394 1182 101 21 tillsättas
511 1182 27 26 pä
554 1183 195 26 reglementsenligt
764 1184 43 19 sätt
822 1182 39 21 och
872 1184 37 18 äro
922 1182 88 20 atsedda

181 1212 33 18 att
236 1210 116 21 verkställa
372 1210 44 26 just
435 1211 39 20 den
491 1211 99 26 kontroll,
607 1217 44 15 som
668 1211 68 21 skulle
753 1210 70 28 åligga
838 1210 171 27 yrkesinspektö-

182 1244 43 20 ren,
239 1239 39 20 och
295 1239 5 20 i
318 1245 74 14 senare
413 1239 61 21 fallet
489 1240 94 26 äterigen
599 1242 35 18 vet
648 1240 35 26 jag
699 1240 52 24 icke,
769 1239 54 21 huru
839 1239 170 27 yrkesinspektö-

182 1273 36 14 ren
234 1267 55 21 skall
306 1267 71 21 kunna
393 1268 65 21 blifva
474 1268 40 21 den
529 1269 155 25 garanterande
700 1268 85 21 faktorn
801 1268 32 21 för
849 1270 32 18 att
891 1268 37 20 full
939 1271 70 23 trygg-

181 1295 37 21 het
242 1296 68 20 skulle
334 1296 98 21 erhällas.
463 1296 41 26 Jag
526 1296 35 21 vill
584 1297 55 21 blott
654 1298 77 23 erinra,
748 1297 101 27 hurusom
865 1298 80 19 statens
961 1296 48 20 kas-

181 1330 35 15 sor
239 1336 27 3 —
280 1324 37 26 jag
340 1324 38 22 ber
400 1325 21 21 få
437 1327 77 19 nämna
530 1325 75 21 endast
620 1326 35 20 två
672 1326 105 26 exempel:
795 1325 167 26 OÖfverstyrelsen
977 1324 33 21 för

181 1352 107 21 allmänna
301 1354 150 26 byggnaderna
462 1354 38 20 och
513 1354 103 20 ränteriet
636 1354 1 21 i
654 1354 86 26 Wiborg
752 1366 27 2 —
790 1354 63 20 hafva
863 1354 55 20 varit
928 1356 82 18 utsatta

180 1380 33 22 för
235 1382 107 26 tillgrepp,
363 1382 6 20 i
383 1385 54 18 trots
454 1383 22 20 af
490 1382 39 21 den
546 1382 109 27 vidlyftiga
670 1382 192 27 kontrollapparat,
877 1388 45 14 som
939 1384 70 18 staten

181 1410 48 20 med
253 1410 49 21 dess
318 1411 75 25 mänga
410 1410 147 22 funktionärer
573 1411 39 21 har
627 1415 43 17 satt
686 1412 6 20 i
708 1412 81 20 rörelse
805 1411 32 20 till
852 1410 157 27 förebyggande

181 1438 22 20 af
224 1438 73 26 dylika
326 1439 113 27 undersief,
469 1439 39 21 och
529 1442 32 18 att
583 1446 47 14 man
648 1440 26 26 pä
696 1440 59 20 detta
779 1439 42 21 håll
852 1439 46 21 icke
928 1439 81 20 kunnat

181 1466 71 27 uudgä
276 1468 25 20 de
325 1467 108 27 betydliga
456 1468 104 24 balanser,
576 1468 38 26 jag
628 1469 81 26 antydt.
741 1468 91 21 Hvilken
847 1467 162 26 undergörande

182 1496 59 20 makt
265 1496 54 20 skali
342 1496 68 20 denne
426 1496 110 27 inspektör
552 1496 71 21 kunna
638 1497 80 22 utöfva,
734 1496 27 21 dä
777 1496 42 21 han
836 1496 62 26 högst
913 1502 25 15 en
954 1495 55 27 gäng

181 1530 33 15 om
238 1524 53 26 äret,
315 1531 48 14 men
386 1525 81 21 kanske
491 1525 53 21 blott
568 1525 59 21 hvart
647 1528 65 18 annat
728 1526 53 20 eller
797 1525 67 26 tredje
879 1524 24 21 är
919 1524 90 21 besöker
