1181 1773
403 124 256 22 Jernvägsbyggnaderna
670 124 7 17 i
690 124 77 18 landet.
912 119 53 21 1415

164 205 222 27 jemkningsförslaget
401 206 47 21 icke
464 206 64 21 hafva
543 206 69 20 blifvit
622 205 76 27 riktigt
708 205 122 27 uppgjordt,
842 205 41 21 kan
893 204 36 27 jag
940 204 54 21 dock

168 234 83 21 biträda
273 234 58 20 detta
347 234 78 26 förslag
441 234 38 22 och
496 234 106 26 tillstyrka
618 234 130 20 detsammas
763 233 160 27 godkännande.
954 232 41 27 Jag

166 264 38 24 gör
229 263 36 20 det
289 262 47 21 från
359 263 43 21 min
425 263 96 21 enskilda
547 262 107 28 synpunkt
674 262 78 24 derför,
768 264 33 19 att
816 262 59 21 detta
891 267 104 15 samman-

163 291 202 27 jemkningsförslag
384 292 5 20 i
406 292 26 20 de
448 292 150 26 väsentligaste
615 291 59 21 delar
690 290 200 22 öfverensstämmer
905 290 48 21 med
969 289 25 21 de

166 319 87 27 förslag,
268 326 45 14 som
329 320 113 21 Utskottet
457 320 34 21 vid
507 320 67 21 första
589 320 156 26 behandlingen
762 320 23 20 af
798 319 73 27 frågan
889 318 58 26 afgaf
955 318 40 21 och

167 348 70 21 hvilka
257 348 36 26 jag
315 348 6 21 i
344 348 120 21 hufvudsak
487 349 86 20 biträdt.
603 348 41 26 Jag
666 350 39 24 gör
728 348 35 21 det
786 348 64 21 också
869 348 77 25 derför,
963 349 32 19 att

164 377 38 26 jag
225 377 46 21 icke
287 377 41 20 kan
344 377 56 21 finna
416 380 71 21 annat,
504 379 26 19 än
546 379 33 19 att
594 379 31 19 ett
641 377 139 21 förkastande
795 377 23 21 af
832 376 162 27 sammanjemk-

167 405 163 27 ningsförslaget
345 406 67 20 måste
429 406 48 20 leda
491 406 77 24 dertill,
580 408 32 18 att
624 406 66 26 något
703 412 44 14 som
762 406 55 20 helst
828 405 70 21 beslut
908 405 6 20 i
925 405 69 20 denna

163 434 162 27 jernvägsfråga
346 434 46 21 icke
408 434 40 21 kan
472 434 154 27 åvägabringas
642 434 39 21 och
698 434 73 26 frågan
787 434 90 20 sålunda
892 433 101 24 förfaller,

166 463 24 21 så
211 465 32 18 att
266 463 54 21 efter
336 463 105 21 Karelska
456 464 39 20 och
512 463 250 27 Björneborgsbanornas
778 463 135 20 fulländande
929 462 66 25 några

166 492 72 20 vidare
258 491 222 28 jernvägsbyggnader
503 492 67 21 under
586 499 25 14 en
628 492 30 21 tid
673 491 79 22 framåt
767 492 46 21 icke
830 491 71 21 kunna
916 491 77 26 ifråga-

165 520 92 21 komma.
287 520 40 27 Jag
349 521 65 26 vågar
436 521 46 20 icke
506 521 87 26 boppas,
618 522 32 19 att
674 520 59 21 detta
749 521 48 20 mitt
813 520 110 21 uttalande
939 519 55 22 skall

166 549 71 20 kunna
252 549 7 20 i
275 549 67 26 någon
359 549 48 21 mån
423 549 88 21 inverka
526 549 27 26 på
568 550 24 21 R.
610 556 18 14 o.
645 550 37 20 A:s
698 549 77 25 beslut,
792 555 47 15 men
853 549 36 26 jag
904 549 39 20 har
957 554 37 14 an-

165 579 43 20 sett
230 578 42 25 mig
295 579 76 20 manad
395 578 91 24 anmäla,
506 581 32 18 att
552 578 36 27 jag
602 578 34 21 för
652 577 42 21 min
710 578 61 26 ringa
787 578 34 21 del
836 578 46 21 icke
899 577 40 21 kan
956 576 38 27 på-

166 608 50 25 taga
231 607 43 26 mig
289 609 98 18 ansvaret
403 607 33 20 för
452 609 32 18 att
498 613 76 20 genom
591 606 114 27 afböjande
722 607 23 20 af
759 607 59 20 detta
831 605 163 27 sammanjemk-

166 635 142 26 ningsförslag
328 635 88 26 bidraga
439 635 33 21 till
488 636 36 21 det
540 635 120 27 beklagliga
677 635 90 21 resultat
783 637 32 18 att
829 635 165 26 jernvägsbygg-

166 663 95 21 naderna
285 664 106 21 sannolikt
417 664 85 21 komma
525 667 31 18 att
578 664 103 27 afbrytas.
711 664 41 27 Jag
771 664 38 21 ber
824 666 32 19 att
871 663 21 21 få
907 663 87 21 förorda

165 692 326 27 sammanjemkningsförslaget.

235 778 32 20 Hr
289 778 87 21 Rein:
406 777 123 22 Utskottets
545 777 297 27 sammanjemkningsförslag
858 775 136 23 innehåller
986 771 13 38 i

165 806 120 21 hufvudsak
308 808 31 19 att
361 807 24 20 R.
405 813 18 14 o.
440 806 25 21 A.
483 807 49 20 ville
548 806 74 27 frångå
639 807 39 20 den
695 806 61 27 äsigt,
773 806 90 21 Ständet
877 805 58 21 förut
951 811 43 15 om-

166 835 72 24 fattat,
263 837 32 18 att
320 835 103 26 nämligen
449 835 75 26 anslag
546 835 34 20 för
603 835 39 20 den
658 835 64 20 södra
739 835 69 20 banan
824 835 65 20 borde
907 834 87 26 beviljas

165 866 133 24 gemensamt
316 864 47 20 med
386 863 96 27 anslaget
498 863 34 21 för
548 863 192 27 Jyväskyläbanan.
772 863 90 21 Motivet
877 863 32 21 för
925 863 70 20 denna

164 892 25 21 af
203 892 89 21 Ständet
312 892 85 26 hyllade
413 892 55 26 äsigt
484 894 24 19 är
522 892 23 27 ju
560 893 40 20 lätt
616 895 32 18 att
664 892 67 26 fatta;
748 892 36 21 det
801 898 37 14 var
853 892 93 27 tydligen
962 893 33 19 att

165 921 128 21 säkerställa
318 921 25 21 de
367 921 56 21 båda
444 921 172 27 banbyggnader,
632 928 44 14 som
694 921 89 21 Ständet
799 921 56 21 velat
871 926 21 16 se
909 920 85 21 realise-

165 950 58 20 rade.
253 950 125 20 Emellertid
394 950 63 20 hafva
473 952 77 18 tvänne
566 950 67 21 Ständ
649 950 46 20 icke
711 950 82 20 kunnat
809 950 89 20 omfatta
914 951 31 19 ett
957 949 36 26 dy-

165 978 40 21 likt
230 978 197 26 uppfattningssätt.
458 978 72 26 Enligt
553 980 77 19 tvänne
654 978 78 21 Ständs
754 978 65 21 tanke
840 984 37 15 var
897 978 35 20 det
948 978 46 20 icke

167 1007 73 26 riktigt
263 1008 32 20 att
318 1007 89 21 sälunda
425 1007 163 21 sammanbinda
603 1014 25 14 en
644 1007 66 21 redan
726 1006 23 22 af
763 1006 118 22 Ständerna
897 1006 97 22 besluten

166 1035 62 25 bana,
244 1035 105 27 nämligen
365 1036 297 26 Keuru—Jyväskyläbanan,
674 1036 47 20 med
737 1042 26 14 en
779 1036 22 20 af
815 1035 118 22 Ständerna
949 1034 46 22 icke

165 1064 99 21 besluten
289 1064 62 21 bana.
381 1064 87 21 Samma
491 1064 37 21 tvä
550 1064 66 21 Ständ
640 1064 61 21 hafva
716 1066 72 19 ansett
803 1066 32 19 att
850 1064 59 21 detta
925 1063 70 21 beslut

165 1092 47 22 från
228 1092 24 21 R.
269 1099 19 14 o.
305 1093 36 21 A:s
357 1095 55 19 samt
427 1093 192 26 Borgareständets
635 1093 46 21 sida
696 1092 133 22 innefattade
845 1099 25 15 en
886 1092 56 26 slags
953 1092 42 20 for-

165 1122 57 20 cering
253 1121 22 21 af
289 1121 26 21 de
331 1122 35 20 tvä
382 1121 67 27 öfriga
465 1122 105 20 Ständens
586 1122 40 20 fria
641 1121 178 21 beslutanderätt.
849 1122 41 26 Jag
902 1121 34 21 vill
948 1120 47 21 icke

166 1156 29 14 nu
217 1150 93 20 tillmäta
325 1150 42 26 mig
383 1152 32 19 att
431 1150 97 26 bedöma,
544 1150 28 26 pä
587 1150 139 21 hvilkendera
741 1150 60 21 sidan
817 1152 70 19 rätten
901 1151 30 24 är,
947 1155 48 15 men

165 1180 46 19 tror
233 1180 38 22 att,
287 1185 34 14 om
344 1179 24 21 R.
393 1185 19 14 o.
437 1180 25 20 A.
483 1185 29 14 nu
528 1184 106 21 upprepar
650 1179 36 20 det
702 1178 77 26 beslut,
794 1184 45 15 som
855 1178 90 22 Ständet
960 1177 35 21 vid

164 1207 69 21 första
255 1207 233 27 sammanjemkningen
510 1208 88 25 fattade,
622 1207 72 21 hviket
716 1207 81 26 förslag
819 1207 23 21 af
855 1207 84 21 Preste-
955 1206 40 21 och

164 1235 165 21 Bondeständen
352 1238 24 18 är
398 1236 129 23 förkastadt,
551 1236 113 20 resultatet
685 1235 48 22 icke
749 1242 66 20 gerna
827 1236 42 20 kan
882 1234 65 22 blifva
957 1241 37 14 an-

165 1265 38 19 nat
225 1266 26 18 än
274 1266 32 19 att
328 1264 115 27 ingendera
464 1265 23 21 af
508 1264 26 22 de
550 1264 56 21 bäda
622 1264 96 21 banorna
734 1264 75 21 blifver
825 1264 22 21 af
869 1264 35 21 vid
926 1264 69 20 denna

165 1292 108 27 landtdag,
298 1295 51 19 enär
373 1294 54 20 intet
453 1293 159 21 ständerbeslut
633 1293 97 21 kommer
753 1293 32 21 till
801 1292 68 22 ständ.
900 1292 41 26 Jag
957 1292 38 21 har

163 1326 83 16 samma
262 1321 135 27 uppfattning
413 1328 45 14 som
475 1322 31 20 Hr
522 1321 134 27 Gripenberg
671 1323 39 24 att,
726 1321 33 21 för
775 1323 33 19 att
823 1321 65 26 nägot
904 1320 91 22 resultat

165 1348 66 22 mätte
252 1350 79 24 vinnas,
347 1350 36 21 det
397 1356 51 15 vore
464 1350 55 26 bäst,
536 1356 33 15 om
586 1350 24 21 R.
627 1356 19 15 o.
663 1350 24 20 A.
704 1350 48 21 ville
768 1350 85 20 besluta
868 1350 31 26 sig
915 1350 33 20 för
963 1350 32 20 att

165 1378 6 20 i
194 1377 121 22 hufvudsak
336 1379 114 25 godkänna
470 1378 326 27 sammanjemkningsförslaget.
829 1378 42 21 För
895 1378 43 21 min
961 1377 34 21 del

165 1406 69 21 skulle
254 1406 37 27 jag
315 1407 53 21 dock
388 1413 66 20 gerna
470 1407 50 27 vilja
534 1407 80 21 föreslä
630 1413 26 15 en
671 1406 154 27 modifikation,
842 1407 106 26 nämligen
963 1407 33 19 att

166 1434 142 22 bansträckan
323 1436 252 26 Jyväskylä
453 1430 9 36 —
474 1436 101 26 Suolahti,
591 1442 45 14 som
652 1435 46 21 icke
714 1435 22 21 af
750 1435 119 21 Ständerna
881 1435 68 21 blifvit
960 1434 35 21 be-

165 1463 77 25 sluten,
258 1464 19 26 ej
293 1464 75 25 skulle,
384 1464 70 21 såsom
471 1464 64 26 skett,
555 1464 155 21 sammanföras
722 1464 48 20 med
781 1464 100 20 sträckan
893 1464 101 20 Keuru—

163 1491 124 27 Jyväskylä.
317 1492 86 22 Säledes
426 1493 69 21 skulle
515 1492 37 27 jag
575 1493 51 27 vilja
640 1492 114 26 godkänna
769 1492 226 26 sammanjemknings-

165 1520 102 27 förslaget
289 1521 7 20 i
317 1520 71 28 öfrigt,
405 1527 48 15 men
469 1523 33 19 att
516 1522 8 20 i
539 1521 100 21 afseende
655 1521 12 21 å
682 1521 100 21 sträckan
797 1519 199 29 Jyväskylä—Suo-
