1181 1773
390 128 257 22 Jernvägsbyggnaderna
659 129 7 16 i
679 128 78 18 landet.
904 122 53 21 1091

159 209 115 27 petitioner
297 208 108 26 angående
425 209 261 27 jernvägsanläggningar,
709 215 45 15 som
778 208 47 22 icke
847 210 57 19 ännu
919 208 69 21 blifvit

159 238 140 25 behandlade,
316 237 51 21 eller
383 238 143 26 petitionerna
541 238 57 21 N:ris
615 239 61 24 1—5,
693 238 72 20 8—10
782 239 56 19 samt
855 237 90 21 15—35.

229 294 85 21 Främst
329 294 44 21 blef
387 294 122 22 Utskottets
525 294 207 28 resolutionsförslag
748 295 7 20 i
770 294 114 26 anledning
899 294 24 21 af
935 294 54 26 peti-

160 324 97 20 tionerna
282 322 57 22 N:ris
363 324 9 19 1
396 323 40 21 och
458 324 13 20 2
494 323 110 27 angäende
624 323 89 27 jernväg
734 323 78 21 mellan
827 322 108 28 Uleäborg
950 322 39 22 och

161 351 82 22 Torneä
259 354 51 18 utan
326 351 128 27 föregängen
471 352 120 21 diskussion
606 352 116 26 godkändt.

230 408 49 22 Med
295 408 113 27 anledning
423 409 23 21 af
459 408 123 22 Utskottets
597 408 80 28 förslag
692 408 110 27 angäende
817 409 117 26 petitionen
949 408 40 22 N:o

162 438 20 25 3,
193 444 35 15 om
244 437 119 27 beviljande
377 438 22 21 af
413 438 127 21 subvention
556 438 32 21 för
604 444 25 15 en
642 437 90 28 jernväg
747 437 48 22 frän
811 437 91 28 Kovjoki
912 438 79 21 station

162 467 32 20 till
210 466 123 27 Nykarleby
349 467 47 20 stad
412 467 40 20 och
467 466 71 27 hamn,
554 466 68 22 utbad
637 467 32 26 sig

233 523 31 21 Hr
279 523 26 21 R.
320 529 41 15 von
376 523 158 22 Haartman
550 524 61 21 ordet
626 523 40 22 och
681 523 96 27 yttrade:
801 523 40 27 Jag
857 529 62 16 anser
934 523 56 21 ilik-

163 552 37 21 het
222 552 48 21 med
294 554 136 19 reservanten
453 553 32 20 Hr
508 552 89 21 Avellan
618 554 32 19 att
670 554 70 19 staten
761 552 28 27 pä
804 552 49 27 inga
867 552 69 22 vilkor
951 551 40 22 bör

163 581 131 20 understöda
309 581 59 20 detta
381 580 185 27 jernvägsföretag
582 581 69 21 säsom
667 581 99 21 aktionär
781 581 40 21 och
837 581 59 21 detta
908 581 23 20 af
939 579 52 22 flere

165 609 51 21 skäl.
245 609 11 21 I
278 611 81 19 statens
382 615 38 21 ego
440 609 66 22 borde
528 610 64 25 enligt
608 610 43 21 min
668 609 54 27 äsigt
736 609 48 22 icke
799 609 68 21 finnas
883 609 108 22 såkallade

163 637 234 28 spekulationspapper.
429 637 75 22 Staten
529 638 42 21 kan
595 638 39 21 och
656 638 39 21 bör
711 638 131 21 understöda
857 637 80 22 sådana
953 638 38 21 all-

163 668 59 19 mänt
244 667 83 26 nyttiga
346 667 89 26 företag,
452 673 47 15 men
516 669 32 19 att
564 667 102 26 derjemte
681 667 49 26 sjelf
744 667 119 26 spekulera,
879 673 63 14 anser
955 667 36 26 jag

163 695 46 21 icke
232 695 33 21 för
280 695 98 27 lämpligt
393 695 40 21 och
450 697 30 20 ett
496 696 118 21 tecknande
629 695 23 22 af
666 695 70 22 aktier
751 695 7 21 i
774 695 80 21 sädana
869 695 83 26 företag
967 697 25 18 är

165 723 54 22 dock
244 730 46 15 mer
316 724 51 21 eller
389 724 82 21 mindre
495 731 25 14 en
544 724 141 26 spekulation.
723 724 165 21 Privatmannen
911 723 81 27 hjelper

164 752 67 27 aldrig
254 753 49 21 med
329 755 32 18 att
382 753 78 20 teckna
482 753 78 25 aktier;
584 755 15 18 t.
622 759 18 14 o.
664 759 27 15 m.
714 753 70 21 aktier
806 753 7 20 i
833 752 159 27 välgörenhets-

164 781 83 26 företag
269 783 52 24 göra
339 781 92 27 anspräk
447 781 27 26 pä
490 781 105 22 dividend.
626 781 50 21 Alla
691 781 81 22 sädana
787 787 80 21 papper
882 781 48 21 med
946 783 47 19 out-

164 810 57 21 lösta
244 809 112 28 kuponger
380 812 37 19 äro
442 810 34 21 för
498 809 154 22 affärsmännen
676 812 31 19 ett
728 810 65 27 oting,
809 809 72 22 hvilka
897 810 25 20 de
937 809 56 22 helst

165 840 85 25 gömma
271 839 35 20 för
328 839 97 21 verldens
446 841 60 24 ögon.
537 839 39 20 Att
591 841 95 24 upptaga
701 839 66 21 bland
783 840 82 19 statens
880 837 113 28 tillgängar

165 867 81 21 sädana
268 867 81 21 kanske
368 867 129 27 fullkomligt
512 867 112 22 värdelösa
639 873 87 22 papper,
742 867 61 21 äfven
820 873 34 15 om
870 867 59 21 detta
945 867 49 21 sker

165 898 59 19 utom
247 896 94 25 kolumn,
361 898 25 19 är
401 896 65 26 enligt
482 896 42 21 min
540 896 64 22 tanke
620 896 46 22 icke
683 896 102 27 lämpligt.
815 896 55 21 Lika
885 896 110 26 olämpligt

167 924 39 22 och
225 924 124 22 straffvärdt
364 930 45 16 som
425 925 37 21 det
476 926 24 20 är
515 927 33 19 att
563 925 155 21 affärsmännen
734 928 95 24 upptaga
843 925 7 20 i
866 924 45 22 sina
927 924 67 21 bilan-

166 960 34 14 ser
215 954 78 20 osäkra
308 953 120 27 fordringar
443 960 45 14 som
504 954 70 26 säkra,
590 954 44 20 lika
644 954 111 26 olämpligt
765 956 24 18 är
800 955 32 19 att
848 955 71 19 staten
929 953 65 21 bland

166 983 46 20 sina
227 982 114 27 tillgångar
356 986 106 23 upptager
477 982 81 21 sådana
574 983 78 21 osäkra
666 988 87 20 papper.
783 982 41 26 Jag
839 988 62 15 anser
912 984 15 19 t.
939 988 18 14 o.
968 988 26 14 m.

167 1013 32 19 att
221 1011 60 21 detta
303 1010 27 27 pä
353 1012 44 20 sätt
419 1011 40 21 och
475 1011 31 21 vis
521 1012 43 20 kan
580 1011 64 21 blifva
659 1011 94 27 skadligt
769 1010 33 22 för
817 1012 81 20 statens
918 1010 76 22 kredit.

167 1040 113 21 Dessutom
303 1040 68 20 skulle
394 1042 71 19 staten
486 1040 70 21 säsom
572 1040 99 21 aktionär
686 1040 45 20 ofta
747 1039 107 27 ofrivilligt
870 1039 81 26 nödgas
965 1039 31 20 in-

167 1068 66 26 gripa,
257 1069 37 21 der
317 1070 32 19 ett
371 1068 136 22 öfverseende
526 1069 56 21 hade
597 1069 54 21 varit
667 1075 57 14 mera
740 1068 78 27 nyttigt
834 1068 33 21 för
882 1068 112 26 företaget.

168 1096 74 22 Staten
258 1098 68 20 mäste
341 1097 7 21 i
364 1096 76 22 sädant
456 1096 37 22 fall
508 1097 91 21 likasom
616 1104 25 14 en
656 1097 137 27 förmyndare
808 1097 82 26 ingripa
906 1096 23 21 sä
944 1096 52 26 godt

168 1132 45 14 som
236 1128 44 19 mot
303 1126 32 20 sin
358 1126 56 26 vilja.
446 1126 49 20 Man
518 1132 34 15 ser
568 1126 45 21 ofta
628 1128 32 19 att
676 1125 150 27 förmyndaren
842 1125 23 21 af
876 1125 73 21 rädsla
963 1127 32 18 att

167 1154 114 21 underläta
302 1156 32 19 att
354 1156 52 24 göra
424 1154 123 27 nägonting,
563 1160 46 16 som
632 1155 41 21 han
697 1154 73 25 borde,
786 1154 40 20 har
841 1155 44 20 satt
900 1160 26 14 en
941 1153 55 21 solid

167 1182 53 22 affär
244 1183 7 21 i
276 1183 101 27 konkurs,
402 1183 108 21 hvarefter
533 1184 35 20 vid
591 1184 141 26 utredningen
754 1182 119 22 öfverskott
887 1182 55 21 visat
957 1182 38 26 sig.

168 1211 103 27 Slutligen
286 1218 63 14 anser
361 1212 37 26 jag
413 1213 33 20 att
461 1214 71 19 staten
552 1212 71 21 säsom
638 1212 100 21 aktionär
753 1211 33 21 fär
801 1214 31 18 ett
847 1211 33 21 för
895 1212 56 19 stort
966 1210 31 20 in-

167 1240 92 27 flytande
275 1240 7 21 i
298 1240 73 27 sjelfva
387 1240 91 22 affärens
494 1241 86 27 ledning
595 1240 40 22 och
651 1241 25 21 de
692 1240 105 25 ändamål,
814 1246 45 15 som
875 1245 49 15 man
939 1239 58 21 velat

167 1269 64 20 vinna
252 1275 76 20 genom
345 1271 31 19 att
390 1269 84 27 grunda
490 1269 79 21 affären
586 1269 68 21 säsom
671 1271 31 19 ett
718 1269 69 26 privat
800 1268 88 27 företag,
905 1267 92 22 erhällas

167 1298 53 20 icke.
250 1298 10 20 I
284 1298 75 26 sjelfva
382 1299 66 20 saken
470 1304 63 15 anser
554 1298 36 27 jag
606 1300 32 19 att
652 1298 123 26 Nykarleby
791 1297 54 24 stad,
860 1303 45 15 som
921 1302 76 20 genom

169 1325 137 22 stambanans
322 1326 115 26 uppkomst
453 1326 39 21 har
508 1326 70 22 blifvit
594 1326 69 22 starkt
679 1326 92 26 lidande,
787 1328 24 18 är
826 1326 35 20 väl
876 1325 89 27 förtjent
977 1324 23 21 af

168 1354 117 22 understöd
309 1354 47 22 frän
379 1357 81 19 statens
480 1356 46 20 sida
549 1355 40 21 och
611 1356 7 20 i
640 1355 76 21 sädant
732 1354 37 22 fall
785 1354 69 22 skulle
870 1355 36 20 det
921 1354 78 20 endast

168 1383 57 27 gälla
247 1385 33 19 att
302 1384 91 20 bedöma
414 1384 109 21 storleken
536 1384 22 21 af
572 1384 70 21 denna
658 1384 133 25 subvention,
807 1383 81 21 hvilket
901 1382 24 27 ju
937 1382 61 20 alltid

168 1414 24 18 är
207 1412 86 26 mycket
313 1412 58 21 svårt
387 1414 32 19 att
434 1412 126 26 bestämma,
576 1419 48 15 men
641 1419 34 15 om
691 1418 49 15 man
755 1412 63 26 utgår
833 1411 48 21 från
896 1411 41 21 den
952 1416 47 20 syn-

169 1440 94 27 punkten
279 1443 33 19 att
327 1441 165 21 subventionens
508 1441 82 22 storlek
606 1441 38 21 bör
659 1447 52 15 vara
726 1440 107 22 beroende
848 1440 23 21 af
880 1440 26 21 de
917 1439 82 21 inkom-

169 1471 49 22 ster,
235 1475 25 15 en
271 1469 66 21 sädan
353 1469 79 21 bibana
447 1470 42 20 kan
505 1469 81 21 tillföra
601 1470 133 26 stambanan,
751 1469 40 21 och
806 1475 62 15 anser
883 1470 33 19 att
931 1468 70 20 denna

169 1497 56 21 bana
246 1497 43 21 kan
313 1498 80 21 tillföra
417 1498 127 21 statsbanan
568 1498 63 27 50"/,
652 1498 24 21 af
690 1498 55 20 hvad
761 1497 142 27 Borgäbanan
919 1496 82 26 årligen

169 1526 66 21 tillför
257 1526 132 27 statsbanan,
411 1526 24 22 sä
457 1533 63 15 anser
538 1527 36 27 jag
595 1526 33 22 för
643 1526 43 22 min
700 1526 34 22 del
751 1526 40 22 den
807 1526 121 26 föreslagna
943 1530 57 15 sum-
