1181 1773
431 132 277 34 Kommunikationsfonden.
899 131 53 21 1027

157 220 106 21 utskottet
285 220 40 20 har
347 220 31 26 sig
400 220 82 20 kanske
504 219 80 21 bekant
606 219 40 21 och
666 219 80 20 kanske
762 218 61 21 äfven
839 217 95 24 Ständet,
951 220 32 18 att

157 249 34 21 vid
207 248 206 27 Jernvägsstyrelsen
437 249 27 25 pä
480 248 129 26 uppmaning
627 247 22 21 af
663 247 109 27 Styrelsen
788 246 66 27 pägär
869 248 30 19 ett
915 248 68 18 större

158 278 80 22 arbete,
255 277 104 26 nämligen
375 277 152 21 utarbetandet
543 277 22 20 af
578 282 26 15 en
620 276 125 26 förändring
760 275 23 21 af
793 276 138 25 reglementet
944 274 39 21 och

158 306 23 21 af
195 312 27 20 ny
237 305 147 27 aflöningsstat
402 305 33 21 för
452 305 208 27 Statsjernvägarnes
676 304 135 26 tjenstemän.
842 304 41 20 Det
898 303 41 21 kan
955 309 28 14 nu

157 335 47 21 icke
220 334 109 26 undvikas,
345 336 32 19 att
392 334 33 21 vid
450 334 151 21 utarbetandet
624 333 23 21 af
660 334 69 20 denna
745 339 41 20 nya
801 335 44 18 stat
857 331 126 27 löneförhöj-

159 364 49 26 ning
224 363 68 21 måste
314 362 160 26 ifrägakomma.
506 362 42 21 Det
571 362 39 21 har
627 362 95 20 inträftat
738 361 118 25 händelser,
873 367 44 14 som
933 362 52 24 göra

159 398 25 15 en
201 392 64 20 sädan
281 391 171 27 löneförhöjning
466 391 86 21 absolut
568 391 125 26 nödvändig.
724 390 75 21 Denna
816 389 169 27 löneförhöjning

159 420 121 27 kalkyleras
303 420 31 21 till
351 420 91 25 211,000
458 420 68 20 mark.
557 420 97 25 Senaten,
671 426 45 14 som
732 419 72 27 tyckte
821 424 96 15 summan
933 424 52 14 vara

159 450 65 26 något
245 448 32 22 för
299 451 51 21 stor,
373 448 184 22 äterremitterade
572 448 72 27 frågan
660 448 32 21 till
707 447 214 27 Jernvägsstyrelsen,
938 452 47 15 men

160 478 40 21 fick
216 478 40 21 den
279 477 90 21 tillbaka
384 478 47 20 med
448 477 123 26 förklaring,
588 479 32 18 att
635 477 208 26 Jernvägsstyrelsen
859 476 46 21 icke
921 475 65 26 ansäg

160 507 31 26 sig
218 507 72 20 kunna
316 507 98 20 nedsätta
439 506 107 26 beloppet.
576 506 39 26 Jag
642 505 54 21 skall
724 511 29 14 nu
775 508 50 23 taga
846 505 7 20 i
877 506 64 19 rundt
956 504 30 20 tal

161 535 92 24 200,000
278 535 60 20 mark
365 541 37 20 per
427 535 29 20 är.
488 535 65 20 Detta
578 537 38 23 gör
639 535 91 25 600,000
755 534 60 21 mark
830 534 33 20 för
879 533 106 26 perioden.

161 564 92 24 600,000
275 563 40 21 och
338 564 91 25 900,000
452 565 38 24 gör
515 563 109 27 1,500,000
647 563 109 21 fördelade
780 563 27 26 pä
829 563 11 20 3
857 562 30 25 är,
904 561 83 22 säledes

161 593 93 24 500,000
270 598 37 20 per
323 592 24 21 år
369 593 85 20 utöfver
477 593 54 19 hvad
554 591 164 22 Statsutskottet
734 591 126 26 kalkylerat,
879 591 38 20 och
933 590 54 21 säle-

162 621 37 20 des
214 621 67 20 måste
297 620 70 21 siffran
387 621 110 25 1,900,000
520 621 113 20 reduceras
649 621 32 20 till
698 621 119 25 1,400,000.
848 619 48 21 Men
913 619 35 21 det
964 620 23 19 är

162 649 45 21 icke
223 656 41 20 nog
279 649 94 21 härmed.
404 649 39 21 Om
458 649 36 27 jag
510 649 64 21 ocksä
590 649 110 26 erkänper,
716 651 33 18 att
765 648 164 21 Statsutskottet
941 647 47 21 icke

163 678 72 21 drifvit
250 685 43 20 upp
309 678 131 26 ökningarna
456 679 6 19 i
478 678 210 26 Statsjernvägarnas
703 677 118 21 inkomster
837 677 33 20 till
886 677 35 20 det
937 676 50 26 hög-

163 709 33 18 sta
219 707 92 26 möjliga,
335 707 23 20 sä
383 707 38 20 har
437 707 166 21 Statsutskottet
622 707 118 20 emellertid
757 707 12 20 &
785 706 66 21 andra
867 705 59 21 sidan
942 705 46 20 icke

163 735 54 26 tagit
239 735 7 21 i
267 735 141 22 betraktande
437 736 85 25 möjliga
546 735 94 26 bakslag,
660 741 42 14 som
727 735 72 20 kunna
814 733 85 22 inträffa
914 734 33 20 vid
963 739 25 14 en

163 763 66 22 sädan
245 767 44 18 stor
305 765 85 20 rörelse.
421 764 26 21 Vi
463 764 63 21 hafva
549 765 30 20 uti
594 764 113 21 resultatet
722 764 23 20 af
760 765 53 20 1892
830 764 35 20 ärs
881 762 62 21 trafik
959 764 31 18 ett

164 793 83 26 mycket
274 793 69 20 färskt
368 793 101 26 exempel,
497 793 39 20 och
562 793 68 20 såsom
654 792 37 27 jag
716 793 66 20 redan
810 794 73 19 nämnt
905 791 31 20 uti
952 790 38 21 sist

163 821 101 20 förflutna
289 821 59 26 April
375 821 88 21 månads
489 822 97 20 resultat.
617 821 41 20 Det
683 823 24 18 är
729 821 66 20 heller
818 821 45 20 icke
885 820 60 26 sagdt
958 821 33 19 att

165 849 93 21 tillskott
274 850 46 20 frän
337 850 185 21 bränvinsmedlen
545 850 53 21 skall
621 849 55 26 gifva
692 850 36 20 det
745 849 122 21 beräknade
884 849 105 26 beloppet.

164 878 42 21 Det
231 878 38 21 har
291 884 42 21 nog
357 878 78 27 bjudits
458 879 31 20 till
514 879 22 20 af
549 878 205 28 nykterhetsvänner
770 878 39 21 och
825 877 118 27 lagstiftare
959 878 32 19 att

164 907 117 21 förminska
303 907 265 21 bränvinskonsumtionen
592 908 23 20 sä
643 908 84 26 mycket
743 914 45 14 som
805 907 88 26 möjligt.
923 906 68 20 Dessa

164 942 157 20 gemensamma
343 936 147 20 bemödanden
514 936 63 21 hafva
599 936 47 20 haft
668 942 24 15 en
712 936 117 26 framgäng,
845 942 45 14 som
907 937 37 23 gör
960 935 31 26 sig

164 964 81 25 ganska
260 964 98 21 kännbar
371 965 27 25 pä
414 965 25 20 de
455 965 123 25 inkomster,
602 971 45 15 som
663 964 274 28 kommunikationsfonden
953 963 38 21 har

165 992 46 21 haft
226 995 32 18 att
273 993 95 27 päräkna
388 993 45 21 frän
450 993 192 21 bränvinsmedlen.
671 995 63 19 Annu
750 993 82 21 mindre
849 995 24 18 är
889 993 35 20 det
940 992 51 26 möj-

165 1021 38 27 ligt
226 1024 32 18 att
283 1022 92 20 beräkna
400 1022 80 20 sådana
504 1022 167 25 eventualiteter,
694 1028 45 14 som
763 1022 54 26 krig,
836 1022 101 20 missväxt
952 1021 39 21 och

166 1050 120 26 epidemier,
310 1050 27 27 pä
353 1050 70 21 hvilka
439 1056 48 15 man
503 1051 117 21 emellertid
636 1050 68 21 mäste
719 1057 52 14 vara
787 1050 79 21 beredd
882 1050 39 21 och
933 1052 59 18 rusta

166 1078 37 26 sig.
235 1078 48 21 Man
299 1078 42 21 kan
357 1080 33 20 väl
406 1079 46 21 icke
469 1081 79 24 spänna
566 1079 67 27 bågen
650 1079 23 21 sä
689 1079 58 27 högt,
763 1081 32 19 att
811 1086 48 14 man
875 1078 78 22 räknar
969 1080 23 18 ut

166 1107 30 21 alt
211 1106 28 27 pä
253 1107 85 27 pennin,
355 1110 51 18 utan
422 1114 49 14 man
487 1108 68 20 måste
571 1108 63 20 hafva
649 1108 116 26 någonting
781 1108 5 20 i
803 1114 72 14 reserv
897 1108 6 20 i
921 1113 24 15 en
961 1106 30 21 af-

166 1135 39 26 fär,
221 1142 46 14 som
290 1138 35 18 rör
347 1137 31 26 sig
401 1136 97 27 omkring
516 1136 63 22 tiotal
595 1136 103 27 miljoner.
730 1136 79 21 Härtill
825 1136 95 21 kommer
935 1137 57 19 ännu

167 1170 25 15 en
207 1165 162 26 omständighet.
401 1165 212 26 Jernvägsutskottet
628 1171 61 21 synes
705 1165 63 21 hafva
784 1165 31 26 sig
831 1165 79 21 bekant
926 1166 31 18 att
967 1170 26 14 en

165 1192 137 22 kommission
325 1195 25 19 är
373 1194 85 20 nedsatt
480 1194 35 20 vid
530 1194 208 26 Jernvägsstyrelsen
755 1194 33 20 för
803 1196 32 18 att
851 1193 99 21 utarbeta
966 1198 27 20 ny

166 1221 59 21 tariff
238 1221 33 21 för
287 1228 150 20 passagerare-
452 1222 40 21 och
507 1222 33 21 för
555 1222 145 26 godstrafiken
716 1223 4 20 i
731 1222 54 26 syfte
799 1224 32 19 att
846 1223 101 20 nedsätta
961 1221 31 21 af-

165 1250 92 26 gifterna
279 1250 58 21 säväl
360 1250 33 22 för
415 1251 41 21 den
482 1258 45 18 ena,
550 1258 45 14 som
615 1251 33 21 för
667 1251 40 21 den
722 1251 73 21 andra.
826 1251 41 21 Det
883 1252 24 19 är
922 1256 28 14 nu
967 1256 26 15 en

166 1278 69 27 vanlig
256 1278 113 22 företeelse
391 1281 33 19 att
447 1279 55 21 efter
525 1281 31 19 ett
572 1280 76 21 sädant
663 1280 74 20 försök
753 1280 146 20 inkomsterna
915 1279 78 21 ätmin-

165 1309 60 19 stone
242 1307 35 21 det
293 1308 68 20 första
377 1308 50 21 eller
443 1308 26 21 de
484 1308 68 21 första
568 1308 51 21 ären
635 1308 69 26 nedgä
719 1310 45 19 mot
776 1308 135 26 föregäende.
928 1308 65 20 Detta

165 1338 89 18 ersättes
276 1336 128 25 sedermera,
427 1342 48 15 men
498 1338 35 20 det
556 1337 68 26 gäller
644 1337 24 27 ju
684 1343 28 15 nu
728 1343 25 14 en
769 1336 153 27 treärsperiod.
952 1336 41 21 Vid

165 1364 78 21 sädant
255 1364 132 22 förhällande
401 1366 41 20 kan
456 1366 37 26 jag
516 1366 45 20 icke
577 1365 33 21 för
626 1366 42 20 min
685 1366 33 20 del
734 1371 52 15 anse
809 1366 36 20 det
868 1364 125 22 välbetänkt

166 1393 51 20 eller
234 1393 73 27 riktigt
323 1393 135 27 förständigt,
474 1396 32 19 att
523 1400 47 15 man
587 1396 60 24 tager
662 1396 24 19 ut
701 1394 31 21 alt
755 1394 23 20 sä
793 1400 63 20 noga,
868 1400 45 14 som
925 1392 67 22 Stats-

166 1421 105 21 utskottet
287 1422 115 26 föreslagit.
433 1422 43 21 Det
498 1424 24 19 är
544 1423 49 20 vida
613 1422 134 27 försistigare
763 1422 39 21 och
818 1422 94 25 säkrare,
929 1421 27 21 dä
969 1421 24 27 ju

165 1450 63 26 ingen
250 1450 95 26 lifsfräga
360 1450 120 27 föreligger,
502 1453 32 19 att
556 1451 120 21 förbehälla
698 1452 30 26 sig
752 1451 55 21 helst
823 1457 25 14 en
863 1450 83 21 mindre
962 1456 33 14 re-

167 1484 47 15 serv
230 1478 33 21 för
279 1480 42 20 alla
336 1479 79 21 sädana
432 1479 119 21 händelser.
581 1480 42 20 Det
638 1482 24 18 är
677 1480 7 20 i
700 1480 105 20 anseende
822 1480 31 20 till
869 1480 67 24 detta,
948 1484 45 15 som

164 1506 37 27 jag
217 1506 68 22 skulle
301 1508 72 25 önska,
389 1508 46 21 icke
451 1510 32 18 att
506 1508 158 21 äterremittera
681 1508 75 26 frägan
771 1508 32 20 till
819 1507 174 25 Statsutskottet,

167 1542 48 14 men
231 1539 32 18 att
279 1536 171 27 Statsutskottet,
466 1536 26 21 dä
508 1537 36 21 det
560 1537 110 21 utarbetar
686 1537 36 21 sitt
737 1536 87 26 slutliga
839 1536 90 26 förslag,
945 1534 48 25 (Ut-
