1181 1773
235 116 54 22 1458
487 123 25 17 R.
525 128 19 12 o.
556 124 21 16 A.
592 124 57 16 1894.
674 124 23 16 31
711 123 47 21 Maj.

204 204 24 20 är
250 203 121 27 visserligen
388 203 46 21 icke
450 203 58 21 blind
524 204 34 21 för
574 204 25 21 de
615 204 109 26 rifningar,
742 210 44 15 som
803 204 68 20 under
887 203 106 27 åtskilliga
1009 203 24 21 är

203 232 66 20 redan
285 232 136 21 förekommit
437 233 89 21 emellan
544 232 12 21 ä
572 239 40 15 ena
628 233 59 21 sidan
703 232 150 27 statskyrkans
862 234 171 25 representanter

203 260 40 21 och
269 260 13 21 &
307 261 40 20 den
370 261 66 20 andra
462 267 26 15 en
511 262 77 25 mängd
605 261 72 21 sekter
692 261 7 21 i
715 261 72 21 landet
803 261 39 21 och
858 260 89 22 framför
961 262 30 20 alt
1006 268 26 14 en

203 289 78 25 mängd
305 289 22 21 af
348 290 148 26 statskyrkans
518 290 89 21 formela
622 290 145 25 medlemmar,
784 290 72 20 hvilka
874 290 92 20 hvarken
983 290 6 20 i
1003 290 30 21 af-

203 318 77 20 seende
302 318 13 20 ä
329 318 46 21 sina
391 318 57 21 läror
464 318 52 21 eller
530 319 46 20 sina
592 319 78 21 tankar
685 318 99 21 bekänna
800 319 31 25 sig
847 318 32 20 till
895 318 137 27 statskyrkan

203 346 51 21 eller
270 346 32 20 till
319 346 69 26 nägon
404 347 53 25 sekt,
473 354 47 14 men
536 347 74 21 hvilka
625 348 23 20 af
662 348 40 20 den
718 347 77 26 tränga
807 347 170 26 religionsfrihet,
986 353 46 15 som

202 376 56 19 ännu
275 374 38 21 här
329 375 6 20 i
351 376 72 20 landet
438 376 70 24 räder,
524 376 97 20 hindrats
638 378 32 18 att
685 376 88 20 utträda
789 382 25 14 ur
830 376 143 26 statskyrkan.
999 376 34 20 Dä

200 404 36 26 jag
252 403 33 21 för
300 404 42 20 min
359 404 33 21 del
407 404 47 21 från
469 404 68 21 första
552 405 64 20 stund
632 406 70 19 ansett
719 404 95 26 verkliga
830 404 73 21 hinder
912 404 45 21 icke
966 406 65 24 möta,

201 432 96 26 verkliga
319 432 67 22 vådor
408 433 46 21 icke
477 433 103 27 föreligga
596 433 23 21 af
633 436 31 18 ett
679 433 156 26 godkännande
851 433 23 21 af
888 432 144 27 föreliggande

201 461 87 26 förslag,
303 461 114 22 omfattadt
433 462 23 21 af
470 462 143 27 kyrkomötet,
629 462 23 21 så
668 462 63 27 utgår
744 462 37 27 jag
797 462 46 21 från
860 463 35 20 det
908 463 123 20 medvetan-

202 490 42 23 det,
269 491 32 20 att
324 497 48 14 man
388 491 80 20 kanske
485 491 45 20 icke
546 491 134 26 rättvisligen
696 491 41 20 kan
755 491 39 20 och
810 491 39 20 bör
865 491 86 20 förebrå
967 492 62 19 stats-

202 518 83 27 kyrkan
300 519 65 20 altför
380 522 45 18 stor
438 519 122 21 intolerans.
581 520 41 26 Jag
638 522 46 18 tror
699 522 33 18 att
748 526 47 14 man
812 519 13 20 å
841 526 39 14 ena
896 519 59 21 sidan
963 519 68 21 måste

201 547 101 24 erkänna,
325 550 32 18 att
381 548 35 21 det
439 550 23 19 är
486 555 24 14 en
534 550 44 19 rätt
597 549 33 20 för
646 549 25 20 de
688 554 107 20 personer,
812 548 71 21 hvilka
899 548 12 21 å
927 548 104 21 embetets

200 577 81 25 vägnar
304 578 148 25 representera
471 577 134 25 'densamma,
629 577 89 20 likasom
740 577 61 20 äfven
817 577 33 20 för
866 577 25 21 de
907 583 72 14 varma
995 583 35 14 an-

202 604 121 27 hängarene
339 605 22 20 af
376 605 69 21 denna
460 605 68 27 kyrka
543 608 32 19 att
590 607 48 19 med
654 605 26 27 lif
695 605 39 21 och
750 605 151 26 hängifvenhet
916 607 53 24 göra
984 606 46 20 sina

200 633 79 26 åsigter
301 633 106 27 gällande.
438 635 39 20 Att
498 635 124 26 visserligen
646 634 116 21 intolerans
786 635 5 20 i
811 635 96 20 enskilda
923 634 36 21 fall
975 634 52 21 före-

200 662 96 27 kommit,
319 663 36 20 vill
375 663 37 26 jag
434 663 46 20 icke
504 663 60 25 neka,
582 669 46 15 men
645 663 49 25 vilja
710 663 19 20 vi
745 669 51 14 vara
812 663 94 26 rättvisa,
923 663 24 21 så
961 663 69 20 måste

200 691 20 20 vi
246 691 100 27 erkänna,
369 693 32 19 att
424 691 90 21 tankens
537 691 65 21 frihet
626 691 39 22 och
684 691 212 27 handlingsfriheten,
912 691 33 21 för
960 691 69 22 såvidt

199 725 49 15 man
264 719 69 21 håller
348 720 31 26 sig
394 721 56 20 inom
467 721 34 25 lag
516 720 40 21 och
571 721 56 26 goda
642 720 68 25 seder,
727 721 54 20 dock
797 720 90 21 faktiskt
902 722 37 19 äro
956 721 71 26 iregel

199 748 113 26 medgifna.
343 749 41 26 Jag
406 749 71 20 kunde
500 749 66 26 derpå
588 749 75 20 anföra
686 749 77 26 många
785 749 102 26 exempel.
917 749 41 26 Jag
973 749 54 20 skall

199 777 72 26 åtnöja
295 777 42 26 mig
360 777 47 21 med
431 780 37 18 ett.
506 777 140 27 Statskyrkan
669 777 85 21 fordrar
777 777 22 21 af
821 778 46 20 sina
890 778 137 20 medlemmar

198 806 168 26 nattvardsgång
387 806 47 21 icke
457 806 75 21 endast
554 806 83 27 engång
660 807 5 20 i
689 806 58 21 lifvet
769 818 27 3 —
820 806 70 21 såsom
913 806 66 21 kändt
1003 808 24 19 är

198 835 69 20 denna
290 835 88 20 fordran
401 835 84 26 mycket
506 838 58 23 tung,
588 835 88 20 emedan
700 835 39 20 den
763 837 64 24 utgör
844 835 89 20 vilkoret
949 835 32 20 för
997 835 29 20 in-

197 863 82 27 gående
301 863 23 21 af
343 863 125 27 äktenskap,
484 870 47 15 men
548 864 69 20 denna
632 863 60 27 fråga
708 863 39 21 hör
762 864 46 21 icke
825 863 37 25 hit,
879 876 27 2 —
923 864 102 26 statskyr-

198 892 42 21 kan
268 892 84 21 fordrar
372 892 60 21 äfven
456 895 32 18 att
511 893 69 20 denna
603 892 101 26 handling
720 893 53 20 skall
790 892 139 26 regelbundet
945 892 80 26 årligen

198 927 113 20 upprepas.
341 921 42 21 Det
406 923 23 19 är
452 921 72 25 kändt,
550 923 32 19 att
598 928 24 14 en
640 922 84 26 mycket
739 923 46 19 stor
801 922 34 20 del
851 921 23 21 af
888 921 83 21 landets
987 921 38 21 bil-

198 950 53 20 dade
275 949 116 21 allmänhet
412 950 47 20 icke
482 950 73 20 ställer
578 950 32 26 sig
626 950 59 20 detta
701 950 42 20 bud
760 950 31 20 till
808 950 148 25 efterrättelse,
974 953 50 17 utan

197 978 62 26 följer
281 978 32 21 sin
336 978 140 26 öfvertygelse
500 978 39 21 och
563 978 90 21 handlar
676 978 54 21 efter
745 978 102 21 skriftens
863 984 53 20 egna
931 979 45 22 ord,
993 980 33 19 att

197 1007 70 21 denna
288 1006 101 27 handling
411 1007 47 21 icke
481 1007 39 21 bör
543 1007 71 26 begås,
631 1009 60 19 utom
708 1007 27 21 då
751 1008 36 20 det
803 1007 49 21 sker
868 1006 22 22 af
904 1006 37 21 full
957 1006 67 22 öfver-

196 1036 88 26 tygelse.
315 1035 74 21 Ehuru
412 1036 36 20 det
471 1042 27 14 nu
521 1038 24 18 är
563 1036 147 26 statskyrkans
727 1038 172 24 representanter
915 1036 18 26 ej
949 1036 75 20 endast

196 1064 121 26 medgifvet,
341 1066 51 18 utan
415 1064 33 21 till
472 1064 38 21 och
533 1064 47 21 med
604 1064 73 26 ålagdt
700 1067 32 18 att
747 1064 35 20 vid
799 1064 76 21 sådant
890 1064 134 21 förhållande

195 1098 66 15 varna
277 1092 40 22 och
332 1092 102 26 inskrida,
450 1094 24 20 så
489 1094 61 20 torde
566 1093 37 21 det
618 1093 106 26 knappast
739 1093 73 21 kunna
828 1093 84 20 anföras
928 1093 95 26 exempel

195 1121 28 26 på
246 1123 32 19 att
301 1122 159 26 presterskapet
482 1121 106 27 begagnat
610 1122 32 26 sig
666 1122 22 20 af
709 1122 69 20 denna
792 1124 49 22 rätt,
857 1121 96 27 fullgjort
968 1127 55 20 noga

195 1152 59 24 taget
277 1150 69 21 denna
368 1150 53 26 pligt
436 1151 6 20 i
459 1150 25 20 de
500 1150 42 25 fall,
560 1150 38 20 der
613 1150 40 20 den
669 1150 162 26 ifrågavarande
848 1150 138 21 medlemmen
1002 1150 24 21 af

194 1178 83 26 kyrkan
292 1178 47 21 icke
354 1178 7 20 i
377 1178 68 27 öfriga
460 1179 112 21 händelser
587 1179 61 26 gifvit
663 1179 134 25 berättigade
813 1178 47 21 skäl
876 1179 32 20 till
924 1179 99 20 anmärk-

194 1207 81 26 ningar.
306 1207 75 21 Denna
403 1208 99 24 tolerans,
526 1207 23 21 af
571 1208 83 20 hvilken
677 1208 36 26 jag
736 1208 39 20 och
794 1208 73 20 säkert
883 1207 76 26 många
974 1208 47 20 med

193 1242 44 20 mig
259 1235 64 21 hafva
346 1235 49 27 lång
417 1236 128 24 erfarenhet,
562 1238 45 24 gör,
623 1239 33 17 att
669 1236 37 26 jag
722 1236 46 20 icke
784 1236 41 20 kan
843 1236 99 20 betrakta
957 1238 65 18 stats-

193 1264 94 26 kyrkans
311 1264 79 20 önskan
413 1266 33 19 att
468 1264 136 21 konsolidera
626 1265 32 25 sig
682 1264 53 21 efter
751 1265 32 20 sin
800 1264 137 27 uppfattning
952 1265 69 20 såsom

193 1293 24 20 så
239 1292 150 21 skrämmande
412 1293 40 21 och
466 1293 76 27 farlig.
572 1293 11 21 I
598 1293 60 26 fråga
674 1300 33 14 om
724 1294 95 20 tolerans
835 1293 79 21 tillåter
927 1293 36 27 jag
979 1294 42 25 mig

192 1322 76 25 uttala,
291 1323 32 19 att
345 1321 26 21 de
394 1321 6 21 i
418 1322 72 20 landet
506 1321 108 26 befintliga
630 1322 100 20 sekterna
745 1322 116 26 ingalunda
876 1324 146 24 representera

192 1352 31 19 ett
248 1352 70 18 större
343 1350 54 20 mått
421 1350 24 21 af
468 1350 93 21 tolerans
586 1352 27 18 än
638 1350 143 26 statskyrkan.
813 1350 110 21 Tvärtom!
954 1350 69 21 Häraf

191 1378 71 21 kunde
286 1384 49 15 man
350 1384 29 15 nu
394 1380 34 19 tro
446 1378 51 22 eller
512 1379 67 26 draga
594 1380 40 19 den
650 1379 123 24 slutsatsen,
790 1381 32 19 att
834 1378 37 27 jag
886 1385 50 15 vore
953 1380 70 20 denna

190 1407 69 26 kyrka
274 1407 69 21 blindt
359 1406 109 27 tillgifven.
498 1407 42 21 Det
556 1409 24 19 är
595 1408 46 20 icke
657 1407 66 21 fallet.
746 1408 41 25 Jag
803 1407 38 21 har
857 1407 28 26 på
900 1408 59 20 detta
974 1414 47 14 rum

190 1436 35 20 vid
253 1435 77 27 många
354 1435 99 22 tillfällen
479 1436 75 20 häfdat
580 1436 118 21 individens
721 1438 44 19 rätt
780 1438 33 18 att
828 1442 71 14 ensam
916 1436 56 26 sörja
987 1436 34 20 för

191 1464 46 20 sina
253 1464 99 26 religiösa
367 1464 185 27 angelägenheter,
569 1466 22 24 ty
606 1464 26 21 de
648 1466 37 19 äro
701 1464 137 22 uteslutande
852 1464 117 21 individens
981 1464 40 21 och

189 1493 63 25 ingen
276 1498 87 16 annans.
394 1492 49 22 Men
465 1493 136 27 statskyrkan
616 1494 24 19 är
656 1493 54 21 dock
726 1493 27 26 på
769 1493 80 21 faktisk
865 1493 39 21 och
920 1492 100 21 historisk

189 1521 70 27 grund
287 1521 61 21 äfven
374 1528 25 14 en
425 1522 87 26 politisk
535 1522 127 26 institution,
686 1522 39 21 och
742 1522 36 20 det
794 1524 24 18 är
833 1522 61 20 äfven
910 1528 26 14 ur
951 1521 70 21 denna
