1181 1773
223 116 56 20 1020
477 122 25 17 R.
514 126 18 12 o.
545 122 23 16 A.
582 122 57 16 1894.
665 122 22 16 15
700 121 47 21 Maj.

504 252 210 28 Justeringsutskottet.

265 320 31 21 Hr
318 320 141 27 Stjernvall
482 321 94 21 anmälte
592 323 38 24 att,
648 321 48 26 han,
712 327 45 15 som
773 321 23 21 af
809 321 25 21 R.
851 327 18 15 o.
886 321 37 21 A:s
938 320 83 21 valmän

193 348 72 22 blifvit
286 349 77 21 utsedd
378 350 33 20 till
426 349 94 22 ledamot
536 350 6 20 i
558 350 234 26 Justeringsutskottet,
809 349 84 21 komme
908 351 32 19 att
955 349 67 21 under

194 384 122 14 sommaren
333 384 50 14 vara
398 378 90 21 hindrad
504 380 32 20 att
552 378 85 27 deltaga
653 379 6 20 i
675 378 59 22 detta
747 378 100 21 Utskotts
858 378 94 24 arbeten,
961 378 60 20 hvar-

193 406 33 21 för
249 406 32 21 Hr
302 406 112 27 Stjernvall
437 407 73 21 anhöll
533 409 33 19 att
588 407 66 21 varda
674 406 47 22 från
736 406 66 27 sagda
817 407 97 27 uppdrag
930 406 91 25 befriad;

193 434 40 21 och
253 434 26 21 dä
300 435 25 21 R.
342 441 18 15 o.
375 436 25 21 A.
416 435 59 22 biföll
492 436 68 21 denna
576 436 106 26 anhällan,
699 435 135 28 uppmanade
850 436 31 21 Hr
897 435 124 22 Landtmar-

194 463 90 21 skalken
300 463 100 22 Ständets
416 465 107 21 elektorer
538 467 32 18 att
586 467 47 18 utse
648 471 28 20 ny
692 465 93 21 ledamot
801 465 6 20 i
818 464 203 27 Justeringsutskot-

193 494 32 19 tet
240 492 7 21 i
264 493 31 20 Hr
310 492 125 27 Stjernvalls
452 493 67 22 ställe.

421 647 81 23 Handeln
518 647 40 23 med
575 654 83 22 svagare
671 647 122 29 rusdryeker.

264 715 119 27 Föredrogs
403 716 38 21 och
457 716 123 27 godkändes
597 718 50 19 utan
664 716 120 21 diskussion
800 716 222 21 Ekonomiutskottets

192 743 82 27 förslag
290 744 32 21 till
337 745 204 26 sammanjemkning
557 745 23 20 af
594 745 25 21 de
635 745 122 26 skiljaktiga
774 745 91 25 beslut,i
880 745 70 20 hvilka
960 745 61 21 Stän-

193 772 41 21 den
258 775 86 19 stannat
366 773 35 21 vid
421 773 155 26 behandlingen
593 773 23 21 af
629 773 123 22 Utskottets
768 773 134 22 betänkande
917 773 39 22 N:o
974 774 25 20 10
1015 773 7 21 i

193 800 115 28 anledning
331 801 22 21 af
374 802 49 21 näd.
445 809 59 20 prop.
526 802 40 21 N:o
585 803 27 20 27
628 802 109 27 angäende
753 803 55 20 vissa
823 802 199 27 inskränkningar
1009 796 16 37 i

192 829 93 21 handeln
309 830 47 21 med
378 831 59 20 viner
453 831 38 21 och
508 831 66 20 andra
591 837 88 20 svagare
694 831 137 27 rusdrycker;
848 831 86 21 hvarom
950 833 71 24 proto-

192 857 135 28 kollsutdrag
347 859 6 20 i
370 860 69 26 vanlig
455 859 90 26 ordning
560 859 67 21 borde
642 859 49 27 afgä
707 859 31 21 tili
755 859 140 22 Medständen
911 859 39 22 och
965 859 56 21 Eko-

193 887 171 21 nomiutskottet.

519 1031 175 23 Bränvinsskatten.

263 1098 119 27 Föredrogs
398 1099 39 21 och
452 1099 124 27 godkändes
592 1100 68 20 likasä
676 1101 51 19 utan
744 1099 119 21 diskussion
879 1098 142 22 Statsutskot-

192 1128 42 19 tets
258 1126 135 22 betänkande
416 1128 40 20 N:o
476 1128 12 21 9
504 1128 6 20 i
523 1128 114 26 anledning
652 1128 22 20 af
689 1128 47 21 näd.
754 1134 59 20 prop.
829 1128 40 21 N:o
885 1128 12 20 6
913 1127 108 27 angäende

192 1154 41 22 den
249 1155 64 25 skatt,
330 1162 45 14 som
390 1156 33 21 för
439 1156 136 27 tillverkning
590 1156 22 22 af
627 1157 88 21 bränvin
731 1156 55 21 skall
802 1156 103 26 erläggas,
921 1158 55 18 samt
987 1162 34 14 om

191 1183 68 26 sagda
283 1184 68 21 skatts
374 1185 140 21 användande
530 1185 39 21 och
585 1185 129 27 fördelning;
730 1191 34 15 om
781 1185 80 21 hvilket
876 1184 71 21 beslut
961 1184 60 21 Med-

191 1211 91 22 ständen
305 1212 38 22 och
367 1212 167 23 Statsutskottet
556 1214 66 21 borde
641 1220 75 20 genom
732 1213 197 27 protokollsutdrag
945 1213 76 21 under-

189 1242 78 19 rättas.

520 1390 174 28 Sparbankslagen.

259 1457 39 21 Till
315 1458 60 21 detta
390 1459 86 26 plenum
492 1459 55 21 hade
563 1459 111 26 bordlagts
690 1460 39 20 och
745 1459 109 26 föredrogs
870 1464 28 15 nu
914 1458 55 26 Lag-
980 1457 40 21 och

188 1485 225 23 Ekonomiutskottets
436 1488 135 21 betänkande
594 1488 40 20 N:o
657 1488 12 20 8
693 1488 7 20 i
723 1488 114 26 anledning
859 1487 23 21 af
896 1486 49 21 nåd.
960 1492 59 20 prop.

188 1514 40 21 N:o
247 1515 26 21 16
289 1515 110 26 angäende
415 1516 137 26 sparbanker.
