1181 1773
399 123 256 22 Jernvägsbyggnaderna
666 124 8 16 i
686 124 77 17 landet.
914 118 54 21 1487

237 202 39 22 Om
303 203 62 21 dessa
389 203 72 21 beslut
484 204 68 21 skulle
569 204 58 22 såväl
642 203 113 28 Jernvägs-
771 204 40 22 och
826 204 171 22 Statsutskotten

168 236 45 16 som
229 230 140 23 Medstånden
385 232 137 21 underrättas
536 239 76 20 genom
628 232 78 28 utdrag
721 239 26 15 ur
763 233 134 27 protokollet.

457 438 101 24 Förstärkt
573 438 135 25 Statsutskott.

237 506 119 27 Föredrogs
371 506 40 21 och
425 507 125 26 godkändes
566 507 177 22 Statsutskottets
759 507 126 21 hemställan
902 513 33 15 om
952 507 42 21 för-

168 534 69 21 stärkt
263 534 142 22 Statsutskott
431 535 34 21 för
487 535 116 27 afgörande
623 536 23 21 af
659 536 74 27 frågan
750 542 34 15 om
800 536 35 21 det
851 536 82 27 belopp,
949 542 47 15 som

167 569 75 20 genom
259 563 82 27 förhöjd
358 563 113 28 bevillning
482 565 55 20 skall
550 564 112 27 anskaffas,
678 565 40 21 och
729 565 134 26 uppmanade
875 565 31 20 Hr
917 565 78 20 Landt-

168 592 135 21 marskalken
326 593 6 20 i
356 593 114 26 anledning
492 593 64 21 häraf
574 593 100 22 Ståndets
690 594 138 21 medlemmar
843 596 32 18 att
891 593 57 21 hålla
963 594 32 25 sig

168 621 91 20 beredde
283 623 32 19 att
337 621 35 21 vid
391 621 80 26 dagens
487 621 85 27 plenum
588 622 116 21 verkställa
720 622 33 21 val
770 622 23 21 af
807 622 54 21 elfva
877 623 119 20 ledamöter

169 649 38 22 och
223 651 32 19 tre
270 649 137 27 suppleanter
422 651 6 20 i
444 651 93 20 nämnda
552 651 117 21 förstärkta
684 651 89 21 utskott.

237 723 89 22 Plenum
343 724 82 21 afbröts
441 724 53 21 härå
509 725 28 26 på
553 731 25 15 en
594 725 46 21 half
654 725 78 22 timme.

455 925 51 29 Väg-
525 925 35 23 och
579 925 127 29 brobyggnad.

237 993 119 27 Föredrogs
372 993 39 21 och
426 994 124 26 godkändes
566 997 52 18 utan
634 994 120 22 diskussion
770 995 53 26 Lag-
833 994 39 22 och
880 994 119 21 Ekonomi-

169 1022 116 20 utskottets
307 1022 296 28 sammanjemkningsförslag
625 1024 6 20 i
654 1022 60 28 fråga
732 1030 34 14 om
783 1022 121 22 Utskottets
920 1023 78 21 betän-

169 1050 68 21 kande
262 1050 40 21 N:o
332 1051 25 20 14
382 1051 6 20 i
414 1050 114 26 anledning
544 1051 23 21 af
580 1051 46 27 fyra
641 1052 106 21 särskilda
763 1052 56 21 inom
835 1051 164 22 Bondeståndet

168 1079 77 21 väckta
267 1079 180 27 petitionsförslag
466 1080 110 26 angående
592 1080 114 27 ändringar
721 1080 7 21 i
743 1080 151 26 förordningen
911 1086 32 15 om
960 1082 35 18 vä-

168 1114 49 20 gars
239 1108 39 20 och
294 1108 74 21 broars
383 1108 111 26 byggande
518 1109 40 21 och
576 1108 112 22 underhåll
704 1109 12 21 å
732 1110 73 20 landet
820 1109 23 21 af
858 1110 40 20 den
917 1111 24 19 15
958 1108 38 21 Ja-

169 1136 60 21 nuari
253 1136 62 25 1883,
337 1136 80 21 hvilket
432 1136 72 22 beslut
518 1137 69 21 skulle
604 1137 26 27 pä
646 1137 59 27 öfligt
719 1139 44 20 sätt
779 1138 102 26 delgifvas
897 1137 100 22 bemälda

169 1164 89 22 Utskott
273 1165 39 21 och
329 1165 145 21 Medstånden.

390 1360 180 34 Ändringssökande
586 1366 4 23 i
606 1365 88 24 brottmål
711 1372 23 17 m.
750 1372 24 17 m.

238 1434 121 26 Föredrogs
381 1434 164 26 Lagutskottets
568 1434 134 22 betänkande
725 1435 40 21 N:o
784 1435 24 21 13
824 1435 6 20 i
845 1434 115 27 anledning
975 1433 26 21 af

169 1463 32 20 ett
222 1462 56 21 inom
301 1462 181 27 Borgareståndet
500 1462 124 22 framstäldt
639 1463 172 27 motionsförslag
833 1463 110 27 angående
959 1464 38 19 än-

170 1490 61 26 dring
246 1490 23 21 af
281 1491 99 26 gällande
395 1491 133 27 stadganden
546 1498 33 14 om
595 1492 196 26 ändringssökande
806 1492 6 20 i
828 1492 102 20 brottmål
941 1492 57 20 samt

169 1525 35 15 om
230 1520 121 26 utmätning
374 1519 23 21 af
421 1519 71 26 böter;
519 1520 40 21 och
584 1520 46 21 blef
650 1520 145 22 betänkandet
810 1522 51 20 utan
877 1520 121 21 diskussion
