1181 1773
237 116 54 22 1452
484 123 25 17 R.
522 127 18 12 o.
554 124 21 15 A.
588 122 57 17 1894.
670 123 23 16 31
706 122 47 21 Maj.

276 201 47 21 från
349 202 123 20 Allmänna
496 201 208 21 Besvärsutskottet:
732 203 33 19 att
790 201 120 21 Utskottets
932 206 105 16 samman-

204 229 202 27 jemkningsförslag
431 230 7 21 i
464 230 60 26 fräga
549 237 34 15 om
611 230 121 22 Utskottets
751 230 134 21 betänkande
901 230 40 21 N:o
957 230 28 21 20
1000 236 37 14 an-

207 258 82 27 gående
311 259 6 21 i
337 259 42 21 alla
395 259 66 21 Stånd
478 259 76 21 väckta
570 259 171 26 motionsförslag
757 265 34 15 om
807 258 136 27 päbjudande
957 258 24 21 af
993 258 44 22 all-

206 288 58 20 män
291 287 62 22 läro-
379 288 46 21 och
448 288 120 27 skolpligt
592 290 54 18 samt
670 288 109 26 angäende
802 289 31 19 ett
854 287 7 21 i
876 286 160 22 Bondeständet

206 316 64 20 väckt
293 316 180 27 petitionsförslag
488 323 34 14 om
537 316 199 21 landskommuners
752 316 142 26 förpligtande
910 318 32 18 att
957 316 79 20 inrätta

207 350 26 15 en
256 344 66 27 högre
344 345 106 21 folkskola
474 345 68 21 blifvit
558 345 23 21 af
594 345 100 27 samtliga
709 344 67 22 Ständ
792 344 119 27 godkändt;
928 344 107 21 äfvensom

277 418 46 22 från
347 418 175 22 Bankutskottet:
547 421 33 19 att
602 419 98 27 tillägget
715 419 33 21 till
763 418 122 22 Utskottets
901 418 134 22 betänkande

207 446 40 22 N:o
265 448 12 20 3
289 447 108 27 angående
408 447 118 23 Finlands
538 448 82 22 Banks
632 447 178 29 odisponerade
823 447 160 26 vinstmedel;
996 446 39 22 och

277 522 121 21 Utskottets
423 522 135 21 betänkande
585 522 40 22 N:o
653 523 13 19 2
688 522 110 27 angående
813 522 58 27 nytt
885 521 150 28 reglemente

207 550 48 22 och
280 557 33 20 ny
339 551 48 22 stat
411 551 41 22 för
478 551 118 22 Finlands
622 551 70 22 Bank
707 551 48 21 med
771 551 106 21 särskilda
892 551 7 20 i
914 550 121 21 Utskottets

207 579 71 20 dertill
295 580 93 21 hörande
403 580 296 27 sammanjemkningsförslag
714 581 109 26 upptagna
839 579 114 26 ändringar
968 579 68 21 blifvit

207 607 24 21 af
251 607 119 22 Ständerna
391 611 99 24 antagna,
516 609 93 20 hvarhos
632 609 198 26 ständerpluralitet
850 608 84 21 vunnits
950 607 33 21 för
998 607 38 22 Ut-

207 636 92 21 skottets
326 637 134 21 betänkande
487 637 39 21 N:o
553 638 11 19 7
589 637 109 26 angående
714 637 39 22 val
769 637 28 22 af
809 636 226 27 Bankfullmäktige

207 664 47 23 och
269 665 172 22 fastställande
458 665 27 22 af
497 666 153 21 instruktion
666 665 40 23 för
722 665 63 22 dem.

266 853 83 24 Arvoden
366 853 19 24 ät
401 854 128 23 ledamöterne
546 855 4 22 i
567 855 131 28 Expeditions-
715 854 34 23 och
763 854 215 28 Justeringsutskotten.

276 923 57 21 Från
359 923 165 22 Statsutskottet
549 923 54 22 hade
628 924 70 26 ingått
722 930 26 14 en
767 923 24 21 sä
806 923 91 27 lydande
913 923 122 21 skrifvelse:

269 1011 100 22 FINLANDS
384 1007 107 27 STÄNDERS

223 1068 307 28 STATSUTSKOTT.

620 1117 40 21 Till
685 1116 120 28 Höglofliga
823 1117 156 28 Ridderskapet
995 1117 39 21 och

282 1152 188 36 HELSINGFORS,
787 1145 80 21 Adeln!

279 1211 33 17 den
331 1212 22 17 30
371 1212 36 22 Maj
424 1212 51 18 1894.

338 1258 26 17 HM.
378 1258 39 18 192.

273 1342 34 22 Då
329 1343 36 21 det
381 1344 81 27 åligger
477 1344 164 22 Statsutskottet
656 1348 33 18 att
704 1346 32 20 till
752 1345 94 22 Stånden
862 1345 107 22 inkomma
985 1346 48 21 med

202 1370 82 28 förslag
311 1372 108 26 angående
447 1373 26 21 de
495 1374 92 20 arvoden
612 1374 165 21 medlemmarne
801 1374 6 20 i
830 1374 147 26 Expeditions-
993 1374 40 22 och

201 1398 232 28 Justeringsutskotten
450 1401 54 21 efter
519 1402 139 27 landtdagens
673 1403 43 21 slut
732 1409 39 20 ega
787 1402 102 27 uppbära,
903 1402 32 22 får
945 1403 88 21 Utskot-

201 1429 33 20 tet
249 1428 34 21 till
298 1428 133 28 fullgörande
447 1430 62 21 häraf
522 1432 109 20 vördsamt
646 1431 78 27 afgifva
738 1431 106 27 följande:

241 1457 42 31 I
308 1457 142 23 betraktande
478 1459 61 21 deraf
560 1461 32 19 att
608 1460 25 20 de
648 1459 69 22 finska
732 1460 133 26 lagtexterna
879 1460 8 20 i
902 1460 131 21 Ständernas

201 1483 124 23 skrifvelser
347 1487 68 21 under
431 1487 69 21 denna
514 1488 103 26 landtdag
631 1488 152 22 underkastats
799 1488 90 21 särskild
904 1488 130 27 granskning

201 1513 24 21 af
246 1516 104 24 experter,
365 1514 138 28 hvarigenom
519 1516 69 27 nägon
604 1517 124 27 ytterligare
742 1517 131 27 granskning
889 1517 22 21 af
925 1518 108 20 desamma
