1181 1773
439 132 119 22 Ändringar
568 134 8 17 i
588 134 142 21 Kyrkolagen.
911 128 54 21 1267

165 215 64 21 hafva
260 214 129 26 kyrkolagen
414 214 34 21 till
473 214 75 24 hands,
573 214 24 20 så
622 214 54 20 skall
698 214 37 26 jag
754 214 26 21 be
796 214 21 20 få
833 214 88 26 uppläsa
937 214 60 20 detta

165 250 63 15 mom.
245 248 17 16 c.
279 243 64 26 enligt
357 242 99 28 gällande
472 242 104 27 kyrkolag
591 242 31 21 till
638 242 123 26 jemförelse
776 243 48 21 med
840 243 26 20 de
884 248 84 15 momm.
978 248 17 15 c.

166 272 40 21 och
223 272 27 23 d.,
265 278 44 14 som
326 272 5 20 i
348 272 47 20 nåd.
412 278 61 20 prop.
489 271 113 27 föreligga:
633 271 65 21 Mom.
714 278 17 14 c.
747 272 6 20 i
764 277 28 15 nu
807 271 97 26 gällande
919 270 76 27 kyrko-

165 301 36 26 lag
216 300 68 26 lyder:
315 300 38 20 Till
370 300 40 21 den
427 300 71 26 heliga
518 300 126 20 nattvarden
666 300 34 20 må
719 300 19 26 ej
755 300 93 20 tillträde
864 300 81 20 lemnas
961 299 34 21 åt:

236 329 26 25 €.)
279 328 67 24 »dem,
362 328 73 21 hvilka
456 329 32 20 för
506 328 58 21 brott
579 328 23 20 af
616 328 100 27 verldslig
732 330 43 19 rätt
792 329 75 21 dömde
883 328 74 24 blifvit,
972 328 24 20 sä

167 358 61 25 länge
245 358 24 20 de
285 357 45 21 icke
347 357 131 21 underkasta
492 358 32 25 sig
540 357 90 21 särskild
647 357 69 23 skrift,
733 357 108 21 äfvensom
857 357 54 25 dem,
924 356 72 22 hvilka

168 386 21 21 af
205 386 140 26 domkapitlet
360 386 114 21 förklarats
490 392 52 14 vara
558 386 47 20 från
616 386 139 21 nattvardens
764 386 107 26 begående
880 385 116 21 tillsvidare

167 415 124 21 uteslutne.*

238 444 41 21 Det
295 449 60 21 synes
371 444 42 25 mig
429 445 32 18 att
477 443 59 21 detta
559 449 62 15 mom.
644 449 16 15 €.
678 445 24 19 är
717 443 50 21 vida
782 443 131 26 antagligare
927 444 27 19 än
971 442 25 21 de

169 472 129 27 detaljerade
322 472 162 25 bestämningar,
507 478 45 14 som
575 472 6 21 i
604 472 47 21 nåd.
675 479 60 20 prop.
753 472 54 26 ingå,
823 473 40 20 och
879 471 68 22 skulle
960 471 37 27 jag

167 501 28 26 pä
210 501 68 26 grund
295 501 22 20 af
331 501 52 23 skäl,
400 507 44 14 som
459 501 37 26 jag
512 501 34 20 vid
562 501 177 20 remissdebatten
756 501 54 20 hade
827 503 51 18 äran
889 500 107 24 framföra,

168 530 107 20 vördsamt
299 529 77 21 föreslå
399 532 32 18 att
451 529 23 21 R.
488 536 19 14 o.
524 530 24 20 A.
566 530 46 20 ville
629 529 97 21 förkasta
741 530 130 25 antagandet
885 529 23 21 af
924 529 8 27 $
949 529 25 20 65
990 528 7 21 i

169 559 48 20 dess
242 558 77 25 helhet,
345 558 26 21 dä
396 559 22 26 ju
443 557 67 27 några
535 559 114 25 ändringar
672 558 23 21 af
716 558 120 21 Ständerna
852 559 6 20 i
874 558 61 26 lagen
951 557 46 21 icke

168 587 72 20 kunna
264 587 113 26 företagas.
408 586 31 21 Pä
462 587 68 26 grund
554 587 21 20 af
597 587 25 20 de
646 587 52 25 skäl,
716 587 25 20 de
758 587 63 20 ärade
838 588 159 20 reservanterne

169 615 62 21 hafva
247 615 76 26 anfört,
339 615 67 21 skulle
420 615 38 26 jag
474 615 69 20 tillika
566 615 25 21 be
614 617 32 19 att
669 615 21 21 fä
706 615 75 21 förena
797 616 42 25 mig
855 622 32 15 om
905 616 35 20 det
955 615 42 20 för-

169 644 52 26 slag,
238 650 43 15 som
298 645 25 20 de
339 644 62 21 hafva
424 644 102 26 uppstält,
548 644 105 26 nämligen
669 647 32 18 att
717 644 23 27 $$
758 645 47 23 101,
824 645 39 20 104
879 644 38 21 och
934 644 41 20 394
991 643 6 20 i

169 673 130 26 kyrkolagen
315 673 68 20 skulle
399 673 143 20 oförändrade
561 672 100 21 förblifva
683 673 106 26 gällande.
819 673 61 20 Hvad
897 672 101 21 beträffar

170 701 66 27 öfriga
251 701 31 28 $$,
298 701 67 21 skulle
379 701 36 26 jag
431 701 107 27 tillstyrka
554 702 130 26 antagandet
700 701 22 21 af
736 702 41 20 den
793 701 47 21 nåd.
858 707 59 21 prop.

239 759 32 20 Hr
286 759 77 20 Norr
373 759 75 20 mén:
479 759 45 20 Den
541 759 126 24 institution,
684 765 45 15 som
745 759 40 20 bär
801 759 35 21 det
846 758 153 26 ålderdomliga

171 787 39 21 och
236 787 32 21 för
293 787 50 21 våra
368 789 52 19 öron
447 787 44 21 helt
516 787 73 21 säkert
612 787 142 26 egendomligt
777 788 113 26 klingande
913 789 86 18 namnet

171 815 122 27 kyrkotukt,
311 818 22 19 är
349 822 25 15 en
391 815 107 27 qvarlefva
514 816 46 20 från
576 816 40 21 den
633 816 36 25 tid,
690 817 26 20 då
732 817 82 26 kyrkan
829 816 46 21 icke
890 815 62 27 nöjde
968 816 31 26 sig

171 845 56 20 blott
241 845 48 20 med
305 847 32 18 att
352 845 78 20 herska
446 844 58 21 öfver
517 845 162 20 menniskornas
695 848 115 22 samveten,
820 847 50 18 utan
879 844 121 21 derutöfver

171 873 48 21 ville
235 873 140 21 normerande
392 873 82 27 ingripa
490 874 6 20 i
512 874 46 20 sina
574 873 149 22 medlemmars
738 874 95 26 görande
849 873 39 21 och
899 873 100 21 lätandei

172 902 123 21 allmänhet.
326 902 42 21 För
389 902 188 26 upprätthållande
600 902 22 21 af
645 908 25 15 en
686 903 67 20 sådan
769 905 56 24 yttre
841 902 159 26 maktställning

171 930 97 27 utgjorde
284 931 143 26 kyrkotukten
444 933 31 19 ett
490 931 77 26 vigtigt
590 931 68 21 medel
679 931 39 21 och
734 932 70 20 denna
820 931 116 21 omfattade
952 930 48 21 tidi-

171 965 50 20 gare
238 959 61 21 äfven
314 960 45 20 helt
375 960 67 20 andra
466 960 39 20 och
531 959 117 27 kraftigare
668 960 69 20 medel
753 962 27 18 än
796 960 46 20 Gud
860 960 36 20 ske
912 959 31 21 lof
962 966 39 14 nu-

171 994 60 15 mera
253 990 23 18 är
299 988 64 21 fallet.
394 988 51 20 Men
468 988 90 21 likasom
582 988 66 20 andra
671 988 126 27 fornborgar
813 988 38 21 har
864 988 60 21 äfven
941 988 59 21 detta

171 1016 93 27 kyrkans
279 1016 82 22 fordom
378 1017 23 21 så
416 1016 94 27 kraftiga
525 1017 53 20 fäste
594 1016 71 27 börjat
680 1017 72 21 skatta
767 1017 22 21 åt
803 1017 146 27 förgängelsen
961 1016 39 21 och

173 1046 99 20 förvittra
287 1046 67 20 under
369 1045 103 21 inverkan
488 1046 22 20 af
525 1046 40 20 den
581 1052 41 19 nya
637 1046 70 20 tidens
723 1045 68 21 friska
805 1046 84 20 fläktar.
919 1045 33 21 Då
961 1045 40 21 Ut-

173 1074 81 20 skottet
275 1075 48 20 med
345 1074 99 26 grätmild
468 1076 46 18 röst
537 1074 12 20 &
570 1074 38 20 sid.
632 1075 25 20 14
680 1074 81 26 klagar:
792 1074 52 26 ,Det
863 1076 24 19 är
902 1080 26 15 en
943 1074 58 20 känd

173 1102 37 21 sak
227 1104 32 19 att
274 1105 45 19 mot
335 1103 39 21 den
391 1102 243 27 evangelisk-lutherska
650 1103 81 26 kyrkan
748 1103 6 20 i
771 1104 72 20 landet
859 1103 76 21 riktats
946 1103 54 20 före-

172 1130 95 22 bråelser
283 1131 58 21 öfver
357 1134 31 18 att
403 1131 70 27 någon
496 1131 92 27 egentlig
611 1131 117 27 kyrkotukt
744 1132 57 20 inom
817 1132 122 20 densamma
955 1131 47 21 icke

173 1160 176 26 upprätthälles*,
365 1160 24 20 så
403 1160 81 20 uttalar
499 1160 113 20 Utskottet
628 1160 157 26 otvifvelaktigt
801 1166 25 15 en
842 1160 95 26 sanning,
953 1166 48 14 men

170 1188 37 26 jag
223 1190 45 19 tror
283 1191 31 18 att
330 1195 47 14 man
393 1189 114 25 misstager
522 1189 32 26 sig
570 1195 33 14 om
620 1189 88 27 styrkan
724 1189 23 21 af
761 1190 26 20 de
798 1190 149 25 strömningar,
955 1194 46 15 som

173 1217 152 21 åstadkommit
341 1218 35 20 det
391 1217 123 21 nuvarande
530 1217 103 27 sakläget,
649 1218 27 20 då
691 1224 48 14 man
752 1221 45 17 tror
806 1220 32 18 att
847 1224 25 15 en
879 1218 123 25 förändring

173 1246 70 20 kunde
259 1245 153 27 ävägabringas
427 1252 77 20 genom
528 1252 25 14 en
577 1246 116 26 skärpning
708 1246 22 21 af
745 1246 150 27 kyrkotukten.
925 1246 77 21 Dertill

173 1274 108 21 erfordras
297 1281 25 14 en
333 1281 70 14 annan
419 1274 39 21 och
481 1280 26 14 en
530 1274 118 27 kraftigare
670 1274 122 22 institution
808 1277 26 19 än
850 1274 152 28 kyrkotukten,

173 1302 84 21 hvilken
273 1303 46 21 icke
335 1310 45 14 mer
395 1303 39 21 har
450 1302 65 26 något
531 1303 89 21 rotfäste
635 1304 7 20 i
658 1303 36 21 det
713 1304 100 26 upplysta
835 1304 168 21 folkmedvetan-

174 1331 35 20 det
223 1330 38 22 och
279 1338 44 14 som
339 1332 108 20 dessutom
463 1331 44 21 står
522 1331 7 21 i
545 1332 55 25 bjert
616 1332 52 20 strid
685 1335 45 17 mot
746 1332 35 21 det
797 1333 30 20 alt
842 1338 45 15 mer
903 1332 39 21 och
957 1338 46 14 mer

173 1359 146 27 påträngande
334 1360 83 21 krafvet
432 1362 33 19 att
478 1360 116 26 religionen
618 1360 55 21 skall
688 1366 52 15 vara
755 1361 135 21 uteslutande
907 1367 26 15 en
948 1366 55 15 sam-

174 1390 67 19 vetets
257 1388 39 21 och
312 1389 90 26 hjertats
413 1389 45 20 sak.
489 1388 31 21 På
532 1388 68 27 grund
616 1389 64 21 häraf
694 1389 39 21 och
749 1389 28 21 då
790 1390 36 26 jag
837 1396 62 14 anser
910 1389 36 21 det
956 1389 47 21 icke

173 1417 57 26 ligga
245 1417 6 20 i
268 1417 37 21 vår
320 1418 60 20 makt
403 1419 32 19 att
458 1417 76 26 bringa
549 1417 148 27 utvecklingen
712 1420 33 18 att
759 1418 28 26 gå
802 1418 6 20 i
823 1424 70 15 annan
909 1418 94 26 riktning

175 1447 26 19 än
218 1446 111 24 härintills,
345 1446 24 20 så
385 1446 95 20 ansluter
492 1446 38 26 jag
546 1446 42 26 mig
603 1446 6 20 i
626 1446 41 20 allo
684 1446 32 21 till
736 1446 40 21 den
799 1447 61 26 åsigt,
885 1453 46 14 som
947 1448 56 19 utta-

174 1474 41 20 lats
230 1474 7 20 i
253 1474 38 21 den
309 1474 145 21 betänkandet
478 1474 98 26 bifogade
595 1475 165 26 reservationen,
784 1475 39 21 och
837 1475 65 27 yrkar
917 1474 28 27 på
960 1474 43 21 för-

174 1502 113 22 kastandet
309 1502 22 21 af
353 1504 25 20 de
401 1503 115 26 ändringar
531 1503 23 20 af
567 1503 99 26 gällande
682 1503 109 27 kyrkolag,
808 1510 45 15 som
869 1504 45 20 afse
929 1503 75 26 skärp-

173 1532 50 25 ning
239 1530 23 21 af
275 1532 152 26 kyrkotukten.
