1181 1773
220 112 56 21 1514
478 120 25 16 R.
516 124 18 12 o.
545 120 23 16 A.
581 120 58 16 1894.
664 120 8 16 1
685 120 55 16 Juni.

258 198 33 21 Hr
305 198 205 23 Landtmarskalken
526 200 142 27 tillkännagaf
681 201 33 19 att
728 200 68 26 pollet
808 200 109 21 äterstälts
929 199 33 21 för
972 199 46 21 Fri-

187 226 96 49 hemliga
305 228 58 20 ätten
386 227 39 21 N:o
450 229 12 20 9
487 228 157 28 Silfverhjelm,
660 228 24 21 af
698 229 57 21 Frih.
773 228 71 22 Carl
861 228 156 28 Silfverhjelm,

208 255 84 21 fverste.

257 324 96 21 Emedan
361 324 56 22 Frih.
427 325 142 27 Silfverhjelm
579 326 55 20 varit
646 326 76 21 utsedd
730 326 32 21 till
771 326 90 21 medlem
870 326 23 20 af
900 326 40 21 den
950 326 67 26 depu-

187 352 77 26 tation,
285 359 44 15 som
344 353 53 21 efter
411 354 140 27 landtdagens
567 354 43 21 slut
625 355 52 26 egde
696 355 32 21 till
744 355 25 21 H.
786 355 51 21 Exc.
853 354 164 27 Generalguver-

186 382 67 20 nören
278 382 116 21 äterlemna
416 382 268 26 landtmarskalksstafven,
709 384 39 20 och
772 383 75 21 härvid
867 383 150 27 tillkännagafs

186 411 34 19 att
235 409 34 21 Hr
283 410 120 22 Alexander
417 418 41 14 von
476 412 100 21 Collan
590 412 78 26 junior,
685 418 45 15 som
746 412 61 21 äfven
823 412 69 21 blifvit
900 412 76 21 utsedd
985 412 32 20 till

187 438 96 22 ledamot
307 439 7 21 i
337 440 64 26 sagda
425 440 130 27 deputation,
572 441 80 21 anmält
674 441 32 26 sig
728 447 51 14 vara
801 440 23 21 af
845 440 172 28 tjenstegöromäl

187 467 92 22 hindrad
298 470 32 19 att
345 469 35 20 vid
395 469 161 26 ifrägavarande
569 469 83 22 tillfälle
666 470 74 26 ätfölja
756 470 158 26 deputationen,
931 469 85 27 utsägos

186 495 8 21 i
217 496 72 21 stället
307 497 33 20 för
356 497 96 22 bemälde
478 498 80 21 Herrar
580 498 31 21 till
635 499 138 20 medlemmar
796 499 6 20 i
820 499 93 20 nämnda
929 499 88 26 deputa-

186 525 46 20 tion
248 525 43 21 Her
307 526 136 21 Idestam
460 527 38 21 och
515 527 135 21 Wahren.

423 732 180 29 Näringsbevillning
619 733 20 22 af
654 733 125 28 utländingar.

255 805 120 28 Föredrogs
398 807 38 21 och
460 807 123 26 godkändes
598 809 51 19 utan
666 807 119 21 diskussion
802 807 213 26 Bevillningsutskot-

183 835 44 20 tets
243 834 79 27 förslag
337 835 32 21 till
385 842 27 20 ny
427 836 205 27 sammanjemkning
647 835 23 22 af
684 836 25 21 de
730 835 123 27 skiljaktiga
867 835 76 24 beslut,
955 835 59 21 hvari

184 862 98 22 Ständen
305 866 86 19 stannat
413 865 35 20 vid
472 865 155 27 behandlingen
650 864 23 21 af
691 864 121 22 Utskottets
828 865 68 20 första
911 870 104 15 samman-

180 891 205 29 jemkningsförslag
400 893 131 21 beträffande
548 894 48 20 dess
612 894 135 21 betänkande
762 893 39 21 N:o
819 894 12 20 2
846 894 7 20 i
869 893 114 26 anledning
993 892 24 22 af

184 920 49 21 näd.
246 927 60 20 prop.
317 921 40 21 N:o
373 922 24 21 15
409 922 109 26 angäende
526 922 203 27 näringsbevillning
736 922 33 21 för
778 922 141 26 utländingar,
928 922 86 20 hvarom

183 948 241 28 Bevillningsutskottet
440 950 39 22 och
495 951 140 21 Medständen
651 951 69 21 skulle
730 957 75 21 genom
817 950 198 27 protokollsutdrag

183 978 66 20 undfä
265 979 162 21 underrättelse.

488 1196 224 29 Maltdrycksbevillning.

255 1268 120 28 Föredrogs
391 1270 38 21 och
452 1271 123 26 godkändes
591 1271 68 21 likaså
674 1272 51 19 utan
742 1270 119 22 diskussion
877 1270 138 26 Bevillnings-

182 1297 119 22 utskottets
324 1299 296 27 sammanjemkningsförslag
641 1300 7 20 i
671 1299 60 27 fråga
751 1305 34 15 om
801 1298 122 22 Utskottets
939 1298 74 21 betän-

182 1325 72 22 kande
277 1326 40 22 N:o
340 1327 13 21 3
373 1327 7 21 i
395 1328 113 26 anledning
524 1328 22 20 af
560 1328 48 21 nåd.
624 1334 60 20 prop.
701 1328 39 20 N:o
759 1328 26 21 10
801 1334 34 14 om
851 1326 114 27 bevillning
981 1326 32 22 för

183 1354 138 28 tillverkning
337 1355 22 21 af
373 1356 148 27 maltdrycker,
543 1356 88 22 hvarom
647 1356 236 27 Bevillningsutskottet
899 1356 39 20 och
954 1356 59 21 Med-

181 1383 93 21 stånden
287 1384 68 21 skulle
370 1384 27 27 på
413 1384 60 28 öfligt
489 1387 42 19 sätt
546 1386 144 20 underrättas.
