1181 1773
238 123 55 21 1214
486 130 25 16 R.
525 134 17 12 o.
554 130 24 17 A.
591 130 58 16 1894.
673 130 23 16 21
709 130 48 21 Maj.

430 238 148 28 Uppenbarande
594 238 20 23 af
628 238 182 28 statshamligketer.

275 306 40 21 Till
337 306 129 28 behandling
482 307 68 21 skulle
567 313 28 15 nu
610 306 109 27 företagas
734 306 165 27 Lagutskottets
913 306 68 21 andra
995 304 44 22 för-

207 334 46 27 slag
275 335 32 21 till
330 336 204 26 sammanjemkning
555 335 23 21 af
592 336 26 21 de
634 335 123 27 skiljaktiga
773 335 78 26 beslut,
868 334 6 21 i
889 334 72 22 hvilka
976 334 63 22 Stän-

207 363 41 21 den
271 365 85 19 stannat
377 364 36 21 vid
435 364 157 27 behandlingen
615 364 23 21 af
658 364 123 21 Utskottets
797 364 136 20 betänkande
948 363 39 21 N:o
1003 362 37 22 4i

207 392 113 27 anledning
335 392 23 22 af
371 392 48 22 näd.
435 399 60 21 prop.
511 393 40 21 N:o
570 394 24 20 13
611 393 109 27 angäende
735 398 79 18 ansvar
829 392 34 21 för
873 392 166 27 uppenbarande

207 420 24 22 af
252 421 202 26 statshemligheter,
478 428 47 14 men
544 422 45 21 blef
610 422 60 20 detta
692 420 297 28 sammanjemkningsförslag
1011 419 29 27 pä

207 448 80 28 förslag
307 450 24 21 af
351 450 32 21 Hr
405 450 25 21 K.
450 450 99 21 Antell
572 450 39 22 och
627 450 57 21 Frih.
710 450 25 21 R.
762 450 31 21 W.
809 450 96 21 Wrede
915 449 124 27 ytterligare

207 477 115 28 bordlagdt
337 479 32 21 till
385 478 124 28 Onsdagens
524 479 93 27 plenum.

294 639 145 29 Verkställighet
454 639 20 23 af
488 639 94 23 domstols
598 639 4 22 |
619 639 142 28 Kejsaradömet
777 639 41 23 dom
835 639 4 22 i
855 638 101 23 tvistemål.

277 708 120 27 Föredrogs
419 709 153 26 Laguskottets
594 708 135 21 betänkande
753 708 40 21 N:o
818 709 11 19 7
853 708 6 20 i
882 707 113 27 anledning
1017 706 24 21 af

211 736 48 22 näd.
281 743 59 20 prop.
356 737 39 21 N:o
414 739 17 23 1,
448 737 109 26 angäende
572 737 162 26 verkställighet
748 737 7 21 i
771 737 91 20 Finland
877 736 23 21 af
915 735 101 22 domstols
1031 735 8 21 i

209 765 163 27 Kejsaredömet
393 766 50 21 dom
466 766 6 21 i
494 765 117 26 tvistemål;
634 766 40 21 och
698 765 44 22 blef
760 765 60 22 detta
835 765 134 21 betänkande
985 764 55 21 efter

209 794 109 21 verkstäld
341 794 196 27 detaljeranskning
557 795 32 20 till
605 795 42 20 alla
662 795 59 20 delar
736 794 122 27 godkändt;
874 793 81 22 hvilket
970 792 69 22 skulle

208 829 76 20 genom
307 823 198 27 protokollsutärag
528 823 140 21 Medständen
688 823 39 21 och
747 823 152 26 Lagutskottet
915 822 30 21 till
961 822 79 21 känne-

209 851 49 21 dom
273 851 114 22 meddelas.

389 1023 175 29 *Handelsregister
579 1024 49 22 samt
644 1022 54 24 firma
713 1022 34 24 och
765 1023 90 28 prokura.

279 1092 54 26 Lag-
356 1092 39 21 och
415 1092 225 22 Ekonomiutskottets
655 1092 79 27 förslag
750 1092 33 21 till
799 1091 204 27 sammanjemkning
1018 1091 24 21 af

210 1120 105 22 Ständens
339 1120 123 28 skiljaktiga
484 1121 70 21 beslut
569 1121 35 21 vid
620 1120 155 26 behandlingen
791 1120 23 21 af
828 1120 122 22 Utskottets
965 1120 75 21 betän-

209 1149 70 21 kande
295 1149 39 21 N:o
351 1150 12 20 3
379 1150 7 20 i
402 1150 114 26 anledning
531 1149 23 22 af
568 1149 46 21 näd.
632 1156 59 20 prop.
708 1150 41 20 N:o
765 1150 34 25 21,
816 1148 110 28 angäende
941 1148 99 21 handels-

209 1178 90 26 register
320 1180 55 19 samt
399 1184 33 15 om
456 1178 62 21 firma
540 1178 40 21 och
602 1178 94 26 prokura
711 1178 112 26 föredrogs
839 1177 40 21 och
894 1176 146 28 godkändes
1025 1172 19 37 i

209 1206 49 26 allo,
282 1206 88 22 hvarom
391 1206 141 22 Medständen
547 1208 56 20 samt
618 1206 55 28 Lag-
688 1206 40 22 och
744 1206 215 22 Ekonomiutskottot
974 1205 66 21 borde

209 1240 76 21 genom
301 1235 199 27 protokollsutdrag
515 1236 143 20 underrättas.

524 1400 198 29 Folkskolebudgetan.

279 1469 121 27 Föredrogs
421 1470 40 20 och
482 1470 124 26 godkändes
630 1469 177 21 Statsutskottets
828 1468 79 27 förslag
929 1468 32 21 till
985 1474 55 15 sam-

209 1497 159 27 manjemkning
391 1498 23 21 af
436 1498 26 21 de
484 1498 122 27 skiljaktiga
629 1498 76 25 beslut,
727 1498 7 20 i
756 1497 73 21 hvilka
845 1497 94 21 Ständen
954 1498 87 20 stannat

209 1526 34 21 vid
267 1526 157 27 behandlingen
450 1527 22 20 af
493 1526 122 22 Utskottets
633 1526 136 22 betänkande
785 1526 40 22 N:o
842 1526 12 20 6
869 1526 8 21 i
892 1525 113 27 anledning
1019 1524 25 22 af
