1181 1773
476 129 202 22 Utsökningslagen.
909 124 54 21 1113

231 210 32 21 Hr
278 210 226 27 Montgomery:
535 210 41 26 Jag
591 210 39 20 har
645 210 33 21 för
694 210 42 21 min
753 210 34 21 del
802 210 47 22 icke
864 210 82 21 kunnat
961 210 32 20 bi-

163 238 68 28 draga
245 238 33 21 till
294 238 41 22 den
350 238 40 21 här
405 238 121 27 föreslagna
540 238 150 27 förändringen
705 238 32 22 uti
752 238 49 22 nåd.
812 244 61 21 prop.
883 238 41 22 och
933 238 61 21 detta

163 267 24 21 af
208 266 106 22 särskilda
336 266 53 22 skäl.
419 267 44 21 För
486 267 36 21 det
537 266 69 22 första
620 273 62 15 anser
696 267 36 27 jag
747 269 33 19 att
792 267 61 21 faran
867 266 47 22 icke
929 268 25 20 är
969 266 24 22 så

164 298 45 19 stor
225 296 7 20 i
247 294 61 28 fråga
324 302 33 14 om
373 295 67 21 sådan
455 295 147 27 förskämning
616 295 146 22 underkastad
779 296 110 26 egendom,
905 295 20 21 d.
940 301 19 15 v.
975 301 16 15 s.

164 324 73 26 sådan,
253 330 46 15 som
314 324 73 21 består
403 324 22 21 af
439 326 109 19 matvaror
563 324 40 22 och
618 324 69 21 andra
701 330 70 20 varor,
788 330 45 16 som
848 326 77 24 utgöra
936 323 57 22 före-

164 352 43 22 mål
221 352 34 22 för
269 359 17 15 s.
302 352 20 22 k.
337 352 201 22 delikatesshandel.
568 353 10 21 I
594 353 26 21 de
636 352 62 22 flesta
712 352 38 22 fall
766 354 38 20 äro
820 352 80 22 sådana
915 351 78 23 affärer

165 381 123 22 etablerade
303 381 7 21 i
326 381 79 26 städer,
421 382 39 20 der
475 380 163 22 öfverexekutor
654 383 24 19 är
693 383 59 19 nära.
783 381 71 27 Något
864 381 129 26 undantags-

164 410 38 22 fall
223 410 42 21 kan
288 410 131 21 förekomma
441 409 27 28 på
486 410 80 25 landet,
589 416 49 15 men
660 410 7 21 i
689 410 51 21 våra
759 410 67 27 dagar
841 412 24 19 är
881 410 36 21 det
931 409 62 21 äfven

164 439 47 22 från
233 438 145 28 landsbygden
394 438 47 22 icke
457 438 24 22 så
496 438 88 22 alldeles
600 438 58 22 svårt
672 438 40 22 och
728 441 61 24 tager
803 438 47 22 icke
865 438 24 22 så
904 438 88 27 mycken

165 468 32 21 tid
211 469 32 20 att
258 467 132 22 underställa
405 467 75 27 frågan
496 467 175 22 öfverexekutors
686 467 106 27 pröfning.
821 467 67 22 Detta
903 469 24 20 är
937 467 55 21 dock

165 496 34 21 för
220 496 43 27 mig
285 502 26 15 en
326 502 60 15 mera
401 496 107 21 sekundär
524 496 165 27 omständighet.
720 496 47 22 Den
782 496 114 27 vigtigaste
911 497 25 20 är
951 495 40 22 den

165 527 33 19 att
213 531 49 14 man
277 524 124 27 härigenom
416 525 82 21 lemnar
514 525 23 21 åt
552 525 223 27 utmätningsmannen
791 531 26 15 en
831 524 105 27 pröfning,
947 530 45 15 som

165 553 36 27 jag
223 559 62 16 anser
307 553 47 22 icke
376 553 53 21 böra
451 553 52 21 falla
525 554 57 21 inom
597 553 54 22 hans
666 553 134 27 befogenhet,
816 553 31 22 låt
863 553 64 22 också
942 559 51 15 vara

166 583 33 20 att
220 588 49 15 man
292 582 137 21 säkerställer
451 582 161 21 vederbörande
631 588 76 21 genom
730 584 52 25 pant
801 582 52 21 eller
869 583 86 26 borgen,
970 583 23 25 ty

167 610 64 22 också
247 610 40 22 den
303 611 52 21 skall
371 610 85 27 pröfvas
471 610 24 21 af
508 611 84 21 honom.
616 611 42 20 Det
673 612 24 20 är
712 610 35 22 för
759 610 66 27 öfrigt
839 611 81 26 ganska
935 611 58 21 svårt

165 641 33 19 att
213 639 74 27 afgöra
301 639 72 22 hvilka
388 645 69 20 varor,
466 645 46 16 som
528 641 37 20 äro
576 639 146 27 förskämning
732 639 163 22 underkastade.
908 651 24 4 —
944 639 49 21 Alla

165 673 64 16 varor
248 669 38 20 äro
303 668 36 21 det
353 668 7 21 i
375 669 71 20 större
461 668 52 21 eller
528 668 81 21 mindre
625 668 60 27 grad,
701 668 39 21 och
756 668 72 21 hvilka
843 674 64 15 varor
921 667 72 22 fordra

167 703 25 14 en
214 696 154 22 kostsammare
390 696 59 22 vård.
479 697 66 21 Detta
565 697 85 21 fordrar
665 697 64 21 också
745 703 26 15 en
786 697 81 26 ganska
882 696 59 27 långt
956 695 37 28 gå-

167 725 52 21 ende
243 725 105 27 pröfning.
379 725 49 21 Med
451 725 100 22 afseende
574 725 52 22 härå
649 725 39 21 har
701 725 37 27 jag
753 725 47 22 icke
815 725 70 22 funnit
899 725 46 21 skäl
961 726 33 19 att

166 753 101 22 förändra
289 754 160 27 propositionen
468 754 7 21 i
498 754 69 21 denna
582 754 41 25 del,
639 754 39 21 och
694 754 39 21 har
748 754 47 21 icke
808 754 83 21 kunnat
904 753 89 26 bidraga

166 782 33 21 till
215 782 36 22 det
265 782 87 28 förslag,
368 789 46 15 som
429 782 23 21 af
466 784 161 20 reservanterna
642 782 101 27 afgifvits.

235 839 33 22 Hr
282 840 26 21 A.
323 839 24 22 L.
363 845 40 16 von
419 839 171 27 Knorring:
606 839 32 22 Hr
653 839 148 28 Montgomery
816 839 39 22 har
868 839 65 22 bland
944 839 50 21 skä-

167 868 34 21 len
223 867 34 22 för
272 868 138 27 afstyrkande
425 868 23 22 af
463 869 157 21 reservationen
636 868 72 22 anfört
722 870 33 20 att
771 869 36 21 det
822 875 50 15 vore
887 868 58 22 svärt
960 867 33 22 för

167 897 181 26 utmätningsman
364 899 33 19 att
411 897 99 25 bedöma,
526 903 34 15 om
576 897 26 21 de
618 903 68 20 varor,
702 903 46 15 som
763 899 38 19 äro
811 896 86 22 afsedda
909 898 33 20 att
952 896 42 22 för-

167 925 71 27 säljas,
253 927 38 19 äro
306 925 146 27 förskämning
466 926 158 21 underkastade
640 926 51 21 eller
701 926 54 21 icke.
780 926 41 22 Om
832 926 59 21 detta
901 927 24 20 är
935 925 59 21 svärt

167 953 33 21 för
215 954 186 27 utmätningsman,
425 954 24 21 sä
464 954 68 22 mäste
548 955 37 21 det
600 960 52 15 vara
667 956 57 19 ännu
739 954 87 22 svärare
837 954 34 22 för
886 954 109 22 öfverexe-

167 982 70 26 kutor,
260 988 45 16 som
327 983 47 22 icke
395 985 43 19 sett
453 989 97 21 varorna,
566 983 40 21 och
622 985 46 19 tror
680 983 37 27 jag
732 983 72 22 derför
819 985 33 19 att
867 982 128 22 åtminstone

169 1011 58 21 detta
243 1011 46 22 skäl
304 1011 47 22 icke
366 1012 57 21 talar
437 1014 58 19 emot
510 1012 165 21 reservationen.

236 1068 33 21 Hr
291 1068 224 28 Montgomery:
546 1069 41 27 Jag
608 1068 39 22 ber
668 1068 22 22 fä
711 1070 54 26 göra
786 1068 31 22 Hr
832 1074 41 16 von
887 1068 108 26 Knorring

168 1097 151 27 uppmärksam
341 1097 28 27 pä
391 1099 33 20 att
444 1097 37 27 jag
503 1097 47 22 icke
572 1098 104 26 äberopat
698 1097 59 22 detta
773 1097 54 27 skäl,
841 1099 53 19 utan
909 1098 33 20 att
957 1096 38 21 här

168 1125 114 27 föreligger
305 1132 25 15 en
349 1126 100 27 pröfning
464 1126 24 21 af
501 1127 41 20 den
557 1128 35 20 art
606 1128 33 20 att
654 1126 41 22 den
710 1126 46 22 icke
771 1126 130 21 tillkommer
917 1126 78 20 utmät-

168 1154 117 27 ningsman,
302 1157 51 19 utan
369 1155 75 21 endast
460 1154 169 22 öfverexekutor.

438 1239 290 28 Omröstningsproposition:

236 1302 53 27 Den,
313 1308 45 16 som
381 1302 125 27 godkänner
528 1303 70 21 denna
622 1304 10 20 7
657 1302 11 28 $
690 1302 66 28 enligt
771 1302 122 22 Utskottets
909 1301 86 27 förslag,

167 1336 73 16 svarar
252 1330 33 27 ja;

235 1398 42 22 blir
292 1399 34 27 nej
342 1399 163 27 öfvervägande,
522 1399 164 22 omformuleras
702 1400 34 26 8:n
752 1400 7 20 i
775 1398 220 23 öfverensstämmelse

167 1427 48 22 med
230 1428 159 21 reservationen
404 1428 40 21 N:o
461 1429 12 19 3
489 1428 39 21 sid.
543 1428 59 21 XIII.

235 1495 50 22 Som
308 1496 123 26 voteringen
454 1502 33 16 om
504 1496 70 22 denna
588 1496 133 28 proposition
736 1495 62 23 utföll
813 1496 48 21 med
878 1496 26 20 19
917 1495 24 27 ja
956 1494 40 22 och

166 1524 27 20 20
215 1524 42 27 nej,
275 1524 56 22 hade
346 1525 25 21 R.
387 1531 19 15 o.
422 1525 26 21 A.
464 1524 89 22 beslutit
568 1527 33 19 att
616 1531 74 15 senare
700 1526 72 20 satsen
787 1524 23 21 af
832 1526 4 19 1
852 1530 63 16 mom.
931 1524 7 21 i
954 1524 12 20 7
983 1524 13 25 &
