1181 1773
231 128 55 21 1508
484 135 24 16 R.
521 139 17 13 o.
551 135 23 16 A.
586 135 56 16 1894.
667 134 23 17 31
703 134 48 22 Maj.

272 214 73 26 Enligt
360 214 45 21 frän
421 214 141 22 Medständen
578 214 106 27 ingängna
694 214 198 26 protokollsutdrag
903 214 54 21 hade
969 214 61 21 dessa

203 241 68 22 Stånd
287 242 32 22 till
335 242 117 22 ledamöter
468 243 38 21 och
518 243 138 27 suppleanter
666 244 6 20 i
683 243 129 21 förberörda
823 243 120 26 delegation
954 244 75 20 utsett:

272 311 32 21 till
320 312 127 21 ledamöter:

272 374 173 22 Presteständet
443 370 14 37 :
476 376 126 21 Professorn
618 376 57 20 Frih.
691 376 25 20 E.
732 375 25 21 G.
794 376 52 20 Palm
856 375 31 21 én
899 375 39 21 och
949 375 82 21 Profes-

203 409 50 15 sorn
269 403 24 21 O.
309 404 136 25 Donner;

272 432 188 27 Borgareständet:
490 433 138 28 Kanslirädet
643 432 49 22 Carl
708 432 78 22 Gustaf
805 432 170 22 Estlander
991 431 39 22 och

203 460 240 28 Politieborgmästaren
459 462 59 21 Elias
534 462 126 24 Öhman;
676 464 56 19 samt

273 490 171 22 Bondeständet:
482 490 126 22 Professorn
630 491 54 20 Eliel
712 490 133 27 Aspelin
866 490 39 21 och
928 489 58 22 Frih
1009 489 22 22 S.

204 517 204 29 Gripenberg;
424 519 107 22 äfvensom

273 589 32 20 till
321 589 137 26 suppleanter
467 595 5 14 :

273 651 168 22 Presteständet:
473 652 97 21 Doktorn
592 652 20 21 J.
634 652 20 21 J.
702 651 136 26 Tikkanen,
861 650 125 22 Professorn
1006 650 25 21 E.

205 680 170 22 Bonsdorff
390 681 39 21 och
445 681 97 21 Doktorn
558 681 81 20 Arthur
655 680 101 27 Hjelt;

273 709 180 27 Borgareständet
463 717 5 13 :
498 709 128 22 Arkitekten
641 709 79 21 Gustaf
728 709 20 20 N
780 710 101 24 yström,
892 707 140 22 Vicehärads-

204 737 114 28 höfdingen
334 739 116 21 Rudolf
463 738 109 27 Elving
588 738 39 21 och
642 737 152 22 Jurisdoktorn
809 737 53 21 Axel
878 737 88 24 Lille;
977 737 56 20 samt

273 767 173 21 Bondeständet
447 759 14 39 :
489 767 97 21 Doktorn
613 767 35 26 Hj.
674 767 183 26 Appelgren,
884 765 97 22 Doktorn
1007 763 24 22 O.

204 794 152 23 Relander
371 796 40 21 och
426 796 117 27 Magistern
559 795 56 22 Emil
630 795 186 21 Nervander.

274 944 89 22 Plenum
378 944 117 22 afslutades
510 945 28 21 kl.
558 946 24 20 12
597 944 28 28 pä
641 947 82 19 natten.

826 1012 21 17 In
860 1011 61 17 fidem:

780 1046 51 22 Clas
846 1054 17 14 v.
881 1045 82 22 Collan.

301 1241 153 34 Fredagen
474 1242 56 27 den
549 1242 15 26 1
583 1242 74 27 Juni
675 1242 42 26 kl.
736 1242 33 26 12
787 1240 39 34 pä
844 1241 103 33 dagen.

275 1316 24 20 R.
323 1322 19 15 o.
366 1317 37 21 A:s
425 1316 35 22 vid
478 1316 118 28 gårdagens
612 1316 239 27 eftermiddagsplenum
866 1315 81 21 fattade
963 1314 70 22 beslut

203 1344 127 26 justerades.

275 1418 32 22 Hr
329 1419 19 21 J.
369 1419 25 21 V.
411 1419 202 27 Segersträle
638 1419 72 21 anhöll
734 1425 34 15 om
791 1418 62 22 ordet
876 1418 40 21 och
936 1418 99 27 yttrade:

205 1446 34 22 Dä
261 1447 37 21 vid
319 1448 120 26 gärdagens
454 1448 146 27 aftonplenum
616 1447 222 27 Jernvägsutskottets
861 1446 80 27 förslag
956 1446 33 22 till
1004 1445 32 22 af-

205 1475 94 27 fattning
314 1476 23 21 af
350 1476 135 22 klämmarna
500 1477 7 20 i
522 1479 72 19 svaret
608 1477 28 26 pä
652 1477 40 20 den
708 1476 49 21 nåd.
772 1482 61 20 prop.
843 1476 109 26 angående
962 1475 75 21 vidare

203 1504 225 27 jernvägsbyggnader
443 1506 7 20 i
466 1506 72 20 landet
553 1506 85 20 förevar
654 1505 32 21 till
702 1505 137 25 behandling,
855 1510 38 15 var
906 1504 43 26 jag,
966 1504 71 20 säsom

205 1532 110 28 deltagare
341 1534 6 20 i
370 1533 177 22 Statsutskottets
573 1534 33 26 dä,
630 1534 67 21 under
720 1533 110 27 pågående
852 1533 93 27 plenum,
965 1532 73 21 hållna
