1181 1773
474 125 202 21 Utsökningslagen.
902 121 54 20 1117

158 206 154 22 ofvanstående
338 207 216 27 resolutionsförslag,
576 207 123 21 framstälde
722 206 33 22 Hr
778 206 207 22 Landtmarskalken

158 234 133 23 beträffande
307 236 10 20 1
335 235 13 28 &
363 236 7 20 i
385 235 103 27 förslaget
502 236 34 21 till
550 235 124 27 förordning
689 242 34 15 om
740 236 199 27 utsökningslagens
954 235 31 21 in-

158 263 91 22 förande
263 270 29 15 m.
307 270 28 15 m.
350 264 93 27 följande

429 354 291 28 Omröstningsproposition:

227 424 55 26 Den,
297 429 46 15 som
358 422 124 28 godkänner
499 424 10 20 1
527 423 12 27 $
555 423 65 27 enligt
635 422 122 23 Utskottets
773 423 86 27 förslag,
869 430 74 15 svarar
951 423 34 27 ja;

227 492 42 21 blir
284 492 33 27 nej
335 491 161 28 öfvervägande,
511 493 88 26 antages
613 492 11 27 8
643 493 9 20 1
669 492 66 27 enligt
750 492 48 22 nåd.
815 499 61 20 prop.

227 560 163 27 Propositionen
411 560 129 22 besvarades
562 560 48 22 med
630 560 156 27 öfvervägande
799 561 24 26 ja
845 560 39 22 och
900 567 37 14 var
953 559 34 22 så-

158 589 67 22 lunda
247 589 12 27 S
285 590 9 20 1
319 589 24 21 af
355 588 163 27 ifrågavarande
534 589 215 27 författningsförslag
763 591 93 25 antagen
871 589 7 21 i
893 589 94 27 enlighet

159 618 48 21 med
222 617 123 22 Utskottets
361 617 142 22 betänkande.

227 680 130 27 Återstoden
379 686 23 21 af
422 685 104 28 förslaget
548 686 32 21 till
599 686 123 27 förordning
738 692 34 15 om
787 686 200 27 utsökningslagens

160 714 111 22 införande
286 714 124 27 godkändes
425 716 53 20 utan
493 715 147 27 anmärkning.

227 783 30 22 Af
278 783 37 22 det
337 783 92 22 derefter
446 783 8 21 i
469 783 147 22 betänkandet
630 783 92 27 följande
738 783 103 28 förslaget
856 783 34 22 till
905 783 82 22 förord-

158 813 57 26 ning,
230 811 147 22 innefattande
392 811 150 28 upphäfvande
558 812 39 22 och
612 812 90 27 ändring
717 812 23 21 af
754 812 107 22 särskilda
876 812 27 28 $$
918 812 7 21 i
936 811 52 22 kon-

159 840 142 27 kursstadgan
324 840 23 21 af
368 841 40 21 den
431 841 12 21 9
467 840 121 22 November
607 841 61 26 1868,
684 840 89 27 gillades
793 843 52 19 utan
867 841 120 22 diskussion

158 869 123 22 Utskottets
303 869 81 27 förslag
406 869 33 21 till
461 869 81 27 lydelse
563 869 33 22 för
616 870 22 26 $$
655 871 19 26 6,
692 870 32 25 10,
742 870 32 26 11,
793 870 32 27 15,
841 871 26 21 18
883 869 40 23 och
938 869 28 22 20
981 869 6 21 i

158 898 94 22 nämnda
266 898 180 27 konkursstadga.

227 966 11 22 I
253 966 100 22 afseende
367 966 13 22 å
395 966 15 28 &
425 967 28 21 24
468 966 7 22 i
491 972 81 16 samma
587 966 76 28 stadga
677 967 86 27 yttrade

227 1034 59 22 Frih.
309 1034 231 28 Langenskiöld:
562 1034 42 28 Jag
626 1037 60 25 tager
708 1035 44 27 mig
772 1035 93 21 friheten
880 1034 56 22 fästa
952 1034 37 22 det

159 1063 120 27 Höglofliga
294 1063 101 22 Ståndets
411 1063 191 27 uppmärksamhet
611 1064 57 26 uppå
678 1070 26 15 en
714 1064 140 26 reservation,
864 1070 46 15 som
921 1063 67 21 finnes

158 1092 14 21 å
187 1098 47 21 pag.
250 1092 57 24 XIV,
326 1094 55 19 samt
395 1092 73 22 vidare
484 1092 13 21 å
512 1098 62 21 pagg.
592 1092 39 22 XV
646 1092 40 21 och
701 1092 58 22 XVI.
789 1092 68 22 Bland
868 1092 121 26 föreslagna

159 1121 115 27 ändringar
295 1121 32 21 uti
349 1120 158 27 konkurslagen
530 1123 56 19 samt
608 1120 160 22 förmånsrätts-
791 1121 39 21 och
845 1120 143 28 intecknings-

158 1150 179 26 förordningarna
351 1149 54 21 böra
419 1149 35 21 vid
465 1150 70 21 denna
545 1150 28 21 24
584 1150 12 26 $
606 1149 96 27 påpekas
711 1150 189 26 bestämningarna
909 1150 79 25 derom,

158 1180 34 19 att
214 1178 134 27 lönebelopp,
371 1184 46 15 som
440 1178 132 22 tillkommer
591 1178 136 27 tjenstehjon,
744 1184 45 15 som
805 1180 24 19 är
844 1178 95 22 anstäldt
954 1177 35 21 vid

158 1206 43 22 fast
223 1206 111 28 egendom,
357 1206 55 22 skall
433 1207 36 21 vid
492 1207 82 21 dennas
596 1207 112 21 exekutiva
730 1207 125 27 försäljning
874 1206 51 28 utgå
940 1206 49 21 med

159 1234 139 22 förmånsrätt
321 1241 25 15 ur
367 1235 171 27 köpeskillingen
560 1235 90 21 framom
666 1236 111 26 utskylder
791 1238 56 19 samt
861 1234 129 23 intecknade

159 1263 122 27 fordringar
297 1264 40 21 och
352 1270 70 15 annan
436 1264 96 26 fordran,
548 1270 46 15 som
610 1264 39 21 har
664 1266 96 25 panträtt
775 1264 7 21 i
797 1264 136 26 fastigheten,
949 1263 40 21 och

158 1294 34 19 att
215 1292 72 27 dylika
308 1292 121 27 fordringar
451 1292 47 22 icke
520 1292 92 22 behöfva
630 1293 7 21 i
652 1292 95 22 konkurs
762 1292 101 22 bevakas.
893 1292 42 22 Det
950 1292 40 21 har

159 1320 70 22 såsom
253 1321 66 21 motiv
339 1320 34 22 för
393 1321 71 27 dylika
487 1321 159 27 bestämningar
668 1322 89 26 anförts,
780 1323 33 20 att
832 1321 159 27 billighetssyn-

159 1349 93 27 punkter
274 1349 73 22 talade
369 1349 32 21 för
424 1351 32 20 ett
479 1350 69 26 dylikt
569 1350 123 26 stadgande,
715 1356 49 15 men
779 1350 72 27 dylika
866 1350 45 21 skäl
927 1355 62 21 synas

159 1378 44 26 mig
224 1377 47 22 icke
293 1384 52 15 vara
367 1378 24 21 så
409 1378 94 26 talande,
519 1380 34 19 att
567 1385 50 15 man
632 1378 33 22 för
680 1378 109 22 desamma
805 1378 39 22 bör
858 1378 76 27 frångå
949 1378 41 21 den

159 1406 89 27 princip,
267 1412 46 16 som
335 1406 7 21 i
361 1406 64 27 öfrigt
440 1406 58 27 gjort
512 1407 32 26 sig
559 1407 7 21 i
581 1414 28 14 nu
624 1406 162 28 ifrågavarande
802 1406 189 28 lagstiftningsför-

160 1434 46 27 slag
220 1434 107 28 gällande,
342 1437 33 19 att
389 1435 95 26 fordran,
500 1441 47 15 som
564 1435 39 21 har
618 1437 96 25 panträtt
729 1436 7 21 i
751 1436 43 21 fast
809 1436 110 26 egendom,
935 1434 56 22 skall

160 1463 63 21 hafva
237 1463 139 21 förmånsrätt
391 1463 90 22 framför
496 1464 74 21 andra.
594 1464 101 27 Billighet
710 1464 71 21 kunde
796 1464 35 21 väl
841 1464 65 21 också
916 1462 75 22 kräfva

161 1493 32 19 att
215 1491 69 27 öfriga
306 1492 130 27 tjenstehjon
458 1492 48 22 icke
528 1492 70 22 skulle
616 1492 90 22 behöfva
721 1493 7 21 i
743 1492 137 22 husbondens
895 1492 95 22 konkurs

160 1520 83 21 bevaka
265 1520 47 22 sina
332 1520 140 22 innestående
488 1520 135 28 lönebelopp,
639 1527 48 15 men
702 1522 24 21 så
741 1521 60 27 långt
816 1521 39 21 har
871 1528 49 14 man
936 1520 55 22 dock
