1181 1773
227 118 54 20 1296
477 124 25 18 R.
514 129 18 12 o.
545 124 22 16 A.
581 124 56 16 1894.
661 124 27 16 24
700 123 47 21 Maj.

197 210 48 14 man
268 204 72 22 säkert
364 204 45 22 icke
433 204 103 21 behöfver
558 204 78 22 frukta,
658 206 33 19 att
706 204 108 26 Styrelsen
830 202 7 21 i
852 203 59 21 detta
927 202 98 22 afseende

198 232 69 21 skulle
289 233 80 21 förfara
387 233 64 21 altför
466 233 98 27 rigoröst,
581 236 52 18 utan
649 240 49 14 man
714 234 92 19 tvärtom
822 232 39 20 har
876 232 47 20 skäl
938 234 32 18 att
985 233 40 22 tro,

198 263 31 19 att
252 261 108 27 Styrelsen
384 262 68 20 skulle
472 262 7 21 i
494 262 42 20 allo
552 268 52 14 vara
620 262 94 26 benägen
730 263 33 19 att
779 260 77 26 bevilja
872 260 25 21 de
912 260 113 24 lättnader,

199 295 45 15 som
270 290 127 21 kommunen
421 290 42 21 kan
486 296 51 15 vara
560 290 6 20 i
589 290 66 21 behof
673 290 27 21 af.
716 302 28 2 —
759 290 32 20 Pä
805 289 38 21 sid.
861 290 27 20 64
902 289 7 20 i
925 289 64 21 slutet
1004 288 23 21 af

197 318 68 21 första
288 319 83 26 stycket
393 321 62 25 säger
471 319 58 21 Frih.
545 325 40 14 von
599 319 141 21 Willebrand:
757 318 59 27 ,Kan
833 318 78 20 allmän
926 317 100 26 läropligt

197 353 61 15 anses
282 347 77 27 vädlig,
386 348 23 20 sä
434 348 42 20 blir
496 348 33 20 väl
553 347 69 21 vädan
642 348 18 26 ej
677 348 88 22 mindre,
783 347 26 21 dä
825 348 69 19 rätten
910 348 33 19 att
957 345 69 21 införa

198 375 101 27 läropligt
314 376 140 21 öfverlemnas
470 376 22 21 ät
508 376 149 21 kommunen".
688 376 40 26 Jag
744 376 55 20 hade
815 376 65 20 redan
895 376 34 20 vid
942 376 84 20 senaste

199 404 85 26 plenum
301 404 82 22 tillfälle
399 407 32 19 att
446 405 90 27 päpeka,
553 404 88 22 hvarför
654 405 36 26 jag
706 411 62 15 anser
784 406 33 19 att
833 404 70 26 dylika
919 403 106 21 omtalade

199 432 66 22 vädor
280 434 118 26 säkerligen
414 434 69 21 blefve
500 434 104 27 betydligt
620 434 87 26 mindre,
724 440 34 14 om
774 433 127 21 kommunen
917 432 55 22 hade
983 434 43 19 rätt

197 464 33 18 att
245 462 124 26 bestämma,
385 469 34 14 om
435 463 101 26 läropligt
551 463 54 20 skall
622 463 91 20 existera
729 463 52 20 eller
792 463 53 20 icke.
855 475 22 2 —
889 462 83 25 Längre
985 462 40 21 ned

197 490 28 27 pä
248 497 81 15 samma
350 491 46 21 sida
412 492 64 20 berör
491 491 57 21 Frih.
564 498 41 14 von
622 491 131 21 Willebrand
769 491 142 26 stiliseringen
927 491 22 20 af
963 491 11 20 1
990 491 13 26 8
1019 490 6 21 i

197 519 200 28 motionsförslaget.
429 520 56 21 Frih.
510 527 40 14 von
569 520 132 21 Willebrand
717 526 63 14 anser
795 521 33 19 att
843 519 121 21 densamma
979 519 46 21 icke

198 549 23 19 är
237 548 49 21 fullt
301 549 72 26 tydlig,
390 549 27 20 dä
433 549 36 21 det
484 549 47 20 icke
547 548 101 27 framgär,
664 549 104 20 huruvida
785 548 47 21 med
848 548 55 21 hvad
917 549 37 20 der
965 550 60 24 säges

197 577 55 20 afses
269 577 100 27 skolpiigt
390 578 52 20 eller
458 578 106 26 läropligt.
595 577 113 21 Friherren
731 579 72 24 säger:
828 577 137 24 ,Emellertid
984 577 41 20 kan

199 606 109 26 uttrycket
324 606 97 24 ,tillfälle
437 607 88 20 beredas
548 608 33 19 att
604 606 82 21 erhålla
709 606 162 26 undervisning”
888 605 59 21 äfven
964 611 61 15 anses

198 633 69 27 åsyfta
288 635 105 26 läropligt,
409 635 32 20 för
457 635 24 20 så
492 635 45 20 vidt
545 635 24 26 ju
582 637 32 19 ett
623 635 59 24 barn,
692 641 43 14 som
745 635 22 20 af
773 635 133 20 föräldrarne
915 635 45 20 icke
972 635 53 20 satts

198 663 6 20 i
227 663 61 20 skola
311 664 39 20 och
374 663 45 21 icke
443 664 55 20 läres
520 664 85 20 hemma
621 664 52 21 eller
688 663 147 25 annorstädes,
853 663 110 26 onekligen
979 665 24 18 är
1019 663 5 20 i

198 691 81 22 saknad
302 692 22 21 af
344 692 83 21 tillfälle
451 693 32 20 till
505 693 169 26 undervisning".
704 692 44 27 Mig
763 692 108 21 förefaller
887 692 35 20 det
938 691 87 21 alldeles

198 720 105 26 sjelfklart
326 723 38 22 att,
389 721 26 20 då
431 721 39 20 här
485 723 61 23 säges
562 723 32 18 att
609 721 95 26 ,tillfälle
720 721 39 20 bör
776 721 106 23 beredas”,
899 720 23 21 så
938 720 87 27 betyder

198 749 65 26 detta,
281 751 32 19 att
328 751 69 19 staten
413 749 55 22 skall
484 750 78 21 bereda
578 750 82 21 tillfälle
677 750 32 20 till
725 750 156 25 undervisning.
913 749 49 21 Icke
979 751 47 18 tän-

197 777 39 21 ker
251 784 48 14 man
322 778 72 21 härvid
411 778 28 27 på
454 779 104 20 hemmets
574 778 132 21 förhållande
722 779 31 20 till
771 779 86 20 barnen.
887 777 42 21 Det
944 779 23 18 är
983 777 43 21 lika

198 806 77 27 tydligt
291 813 44 14 som
351 813 34 14 om
402 807 107 26 Styrelsen
526 807 68 21 skulle
610 807 86 21 utfärda
712 809 30 19 ett
757 807 124 26 stadgande,
898 809 31 18 att
940 806 33 21 för
983 806 42 20 alla

197 834 53 21 barn
272 836 7 20 i
297 835 90 21 Finland
403 836 39 20 bör
458 836 90 21 beredas
564 836 83 21 tillfälle
663 837 32 19 att
711 835 82 21 erhålla
808 835 217 27 gratisundervisning

198 865 15 18 t.
237 870 31 14 ex.
285 864 6 20 i
306 864 120 26 stenografi.
458 865 38 20 Ett
511 865 77 20 sådant
604 865 116 25 stadgande
736 864 69 21 skulle
819 864 24 27 ju
858 864 46 21 icke
919 863 106 25 innebära,

199 895 32 17 att
253 893 44 20 alla
319 893 52 21 barn
388 893 138 27 ovilkorligen
542 894 62 20 skola
617 893 81 21 erhålla
714 894 69 20 denna
799 892 154 26 undervisning.
983 892 42 21 Det

198 921 71 21 kunde
292 922 68 20 finnas
383 921 112 24 föräldrar,
513 929 44 14 som
574 922 69 21 skulle
658 928 57 19 anse,
731 925 32 17 att
781 922 35 20 det
832 928 49 14 vore
897 921 128 26 fullkomligt

198 950 88 26 onödigt
301 950 32 20 för
349 950 80 21 barnen
446 952 32 19 att
493 951 45 21 lära
554 951 31 26 sig
602 951 60 20 detta
677 952 61 19 ämne
755 951 39 20 och
811 952 32 19 att
858 950 80 20 barnen
954 950 70 20 bättre

197 978 72 21 kunde
291 980 98 19 använda
411 980 32 20 sin
459 980 37 25 tid,
512 980 40 20 och
568 986 44 14 som
629 980 90 20 sålunda
734 980 47 20 icke
797 979 42 21 läte
855 979 46 21 dem
919 978 83 26 deltaga
1018 978 6 20 i

199 1006 68 21 denna
288 1008 224 26 gratisundervisning.
544 1008 48 20 Men
608 1008 6 20 i
630 1009 42 19 alla
688 1008 37 21 fall
740 1008 69 20 skulle
823 1007 36 27 jag
875 1014 56 18 anse,
947 1010 32 18 att
995 1008 30 19 ett

199 1035 68 26 dylikt
291 1036 115 26 stadgande
429 1043 51 14 vore
495 1037 129 26 fullkomligt
640 1037 76 27 tydligt
732 1036 39 21 och
787 1036 94 21 korrekt.
898 1048 27 2 —
941 1035 30 21 På
986 1035 39 21 sid.

199 1064 26 20 65
248 1066 69 24 yttrar
332 1064 57 21 Frih.
405 1071 41 14 von
462 1065 138 24 Willebrand,
616 1068 32 18 att
664 1066 35 20 det
714 1065 46 21 icke
776 1064 67 22 finnes
859 1064 68 21 någon
943 1064 83 26 garanti

198 1092 33 21 för
247 1095 32 18 att
295 1093 181 21 skoldirektionen
493 1094 6 20 i
515 1094 25 20 de
556 1094 132 26 kommuner,
705 1094 37 20 der
753 1094 100 26 läropligt
864 1093 81 24 införts,
957 1093 68 20 skulle

198 1121 27 26 på
240 1121 97 27 lämpligt
353 1124 43 18 sätt
411 1122 73 20 kunna
496 1122 133 21 kontrollera
645 1123 25 20 de
687 1123 63 20 barns
767 1122 128 26 kunskaper,
906 1122 70 20 hvilka
987 1127 39 14 un-

198 1150 96 20 dervisas
309 1150 84 21 hemma
409 1151 39 20 och
463 1151 46 21 icke
524 1152 7 20 i
546 1151 114 21 folkskola.
691 1151 74 21 Såsom
779 1151 38 26 jag
832 1150 54 21 hade
902 1152 51 18 äran
964 1150 63 20 fram-

198 1178 57 20 hålla
271 1179 34 21 vid
320 1181 84 19 senaste
421 1180 91 25 plenum,
530 1182 24 18 är
570 1180 35 20 det
621 1180 46 20 icke
682 1180 133 26 nödvändigt
829 1181 32 19 att
877 1179 66 26 dylikt
953 1178 74 21 förhör

199 1208 108 24 anställes,
329 1214 47 14 men
399 1208 44 21 ifall
468 1208 126 21 kommunen
611 1208 109 26 verkligen
736 1214 63 15 anser
815 1208 60 20 detta
889 1207 136 26 nödvändigt,

199 1236 26 20 då
248 1236 42 20 kan
314 1236 39 20 den
376 1236 72 21 säkert
470 1238 63 20 ställa
554 1237 24 21 så
601 1237 38 27 till,
655 1239 32 19 att
702 1237 40 21 den
758 1237 63 20 äfven
837 1236 39 21 har
891 1236 87 27 tillgång
993 1234 33 22 till

201 1270 108 20 personer,
333 1265 70 20 hvilka
425 1266 73 20 kunna
520 1267 52 25 göra
596 1266 41 20 det.
654 1278 24 2 —
694 1266 61 20 Efter
771 1266 31 20 alt
819 1265 35 21 det
870 1265 95 25 myckna,
981 1270 45 15 som

201 1292 58 21 Frih.
276 1299 40 15 von
332 1293 132 21 Willebrand
477 1296 61 24 säger
551 1297 45 18 mot
606 1294 201 26 motionsförslaget,
819 1294 68 20 skulle
898 1300 47 14 man
956 1295 70 24 vänta,

202 1323 31 19 att
256 1321 43 21 han
322 1321 45 21 helt
382 1322 39 21 och
438 1322 66 21 hållet
520 1323 68 20 skulle
604 1322 72 27 afböja
692 1322 72 26 hvarje
781 1322 88 26 ingrepp
885 1321 45 21 från
946 1324 81 18 statens

201 1350 52 26 sida,
274 1350 39 21 och
336 1356 48 14 man
400 1350 99 22 förvånas
515 1351 71 21 derför
602 1352 58 20 öfver
675 1353 32 19 att
722 1351 42 20 han
781 1351 54 21 dock
851 1351 38 20 sist
905 1350 39 21 och
959 1350 68 21 slutli-

199 1385 40 19 gen
255 1378 90 22 föreslår
361 1378 32 21 till
410 1379 130 21 Ständernas
556 1380 120 26 antagande
691 1386 25 14 en
727 1379 92 27 petition
831 1379 78 25 derom,
920 1381 32 19 att
963 1379 25 20 H.
998 1378 27 21 M.

198 1407 49 21 ville
264 1408 32 20 till
312 1408 98 26 pröfning
426 1411 94 23 upptaga
535 1408 74 26 frågan
626 1408 114 26 ,huruvida
757 1408 40 21 och
813 1408 48 20 med
877 1407 71 21 hvilka
958 1406 69 22 medel

199 1435 133 21 inrättandet
348 1436 22 20 af
383 1436 119 22 folkskolor
518 1437 5 21 i
540 1436 186 22 landskommerna
741 1436 79 26 kunde,
836 1436 7 20 i
858 1436 65 26 högre
937 1436 52 26 grad
1000 1437 27 19 än

199 1463 108 22 härintills
322 1464 63 26 skett,
402 1465 112 21 befordras
529 1467 27 19 än
572 1466 47 24 ock,
635 1466 6 20 i
653 1465 36 21 fall
705 1465 116 26 anledning
836 1465 71 20 dertill
923 1464 103 21 förekom-

198 1498 52 20 mer,
272 1493 32 20 till
329 1494 250 21 nästsammanträdande
596 1494 90 21 Ständer
702 1493 105 21 öfverlåta
823 1494 48 20 nåd.
887 1499 58 20 prop.
961 1493 7 20 i
984 1494 43 19 äm-

199 1522 57 20 net".
288 1522 41 20 Det
345 1524 23 18 är
384 1522 35 21 väl
435 1522 110 27 antagligt,
561 1525 33 18 att
609 1523 7 20 i
631 1529 26 14 en
674 1522 56 27 dylik
744 1522 135 27 proposition
894 1521 68 21 skulle
978 1520 49 28 ingå
