1181 1773
229 131 55 21 1114
475 137 25 17 R.
514 142 17 12 o.
544 138 22 16 A.
580 138 58 16 1894.
666 137 22 17 17
700 137 49 20 Maj.

201 216 13 22 3
235 216 56 27 Kap.
314 216 67 22 borde
403 216 83 22 erhålla
501 216 67 22 sådan
583 217 87 27 lydelse,
686 222 46 16 som
748 216 23 22 af
784 216 33 21 Hr
831 216 94 22 Jusélius
941 216 31 20 uti
987 215 40 21 den

200 245 146 21 betänkandet
360 245 112 27 vidfogade
488 246 68 27 tredje
571 246 159 21 reservationen
745 245 128 27 föreslagits.

269 308 128 28 Återstoden
420 314 23 21 af
464 314 13 22 3
500 314 56 27 Kap.
579 314 107 21 äfvensom
706 314 76 26 början
797 313 24 21 af
834 314 14 20 4
863 313 54 27 Kap.
934 315 15 19 t.
966 319 19 15 o.
1000 319 28 15 m.

200 343 12 25 8
227 343 14 20 4
255 342 124 27 godkändes
394 344 52 20 utan
462 343 128 21 diskussion.

268 410 135 22 Beträffande
419 412 13 20 5
448 411 13 27 $
483 412 7 20 4
506 411 54 27 Kap.
579 410 111 22 anmärkte

269 479 32 21 Hr
320 479 24 21 A.
365 479 23 22 L.
411 486 40 15 von
467 479 171 28 Knorring:
663 479 42 22 Det
720 479 7 21 i
743 479 157 21 humanitetens
916 479 90 21 intresse
1021 479 7 20 i

201 507 70 27 tredje
291 508 158 21 reservationen
467 507 126 22 framstälda
608 507 207 28 ändringsförslaget
830 507 33 22 till
879 507 68 22 denna
963 507 12 27 $
991 507 38 21 ber

199 535 37 28 jag
256 535 21 22 fä
299 537 175 21 rekommendera
495 537 33 21 till
549 537 36 21 det
608 537 120 26 Höglofliga
751 536 101 22 Ständets
867 536 161 27 godkännande.

272 604 31 21 Hr
326 604 223 28 Montgomery:
575 605 41 27 Jag
638 605 55 21 skall
717 605 26 21 be
765 604 21 22 fä
803 604 118 27 uppriktigt
936 605 95 21 erkänna

204 635 33 19 att
252 633 60 21 detta
327 633 86 27 förslag,
429 640 46 15 som
491 633 133 27 föreligger
620 629 12 36 i
640 633 123 22 Utskottets
774 633 141 26 betänkande,
927 633 46 22 icke
983 633 48 21 fullt

204 661 143 22 tillfredsstält
371 663 48 26 mig,
443 663 68 20 ehuru
524 665 37 24 jag
576 663 47 20 icke
639 664 120 19 reserverat
774 662 43 26 mig
832 664 58 19 emot
905 662 125 25 detsamma,

203 690 89 21 emedan
315 691 36 21 det
365 693 64 24 utgör
452 697 25 15 en
499 691 205 26 sammanjemkning
726 691 23 21 af
770 691 26 20 de
812 691 57 20 olika
885 690 85 27 äsigter,
986 697 45 14 som

203 719 49 21 rädt
266 719 57 21 inom
339 719 118 24 Utskottet,
473 719 39 22 och
528 720 36 21 det
580 721 23 19 är
618 720 43 21 min
677 719 53 21 fulla
745 718 141 27 öfvertygelse
901 721 33 18 att
945 719 35 21 det
990 719 42 21 för-

203 748 52 26 slag,
278 753 45 16 som
346 747 33 22 Hr
400 748 94 21 Jusölius
517 748 39 21 och
572 748 69 27 någon
658 754 69 15 annan
740 747 24 21 af
777 750 164 19 reservanterna
955 749 77 20 under-

203 776 64 26 stödt,
291 776 8 21 i
320 776 42 21 alla
380 776 37 21 fall
433 777 47 20 icke
496 777 96 21 kommer
607 779 32 19 att
655 777 62 20 vinna
732 776 198 27 ständerpluralitet
945 776 33 21 för
993 776 38 26 sig.

202 805 43 21 Det
259 811 51 14 vore
325 805 108 26 verkligen
448 805 56 22 ändä
520 805 95 27 lyckligt,
633 811 34 15 om
683 805 23 21 sä
722 805 85 27 mycket
815 805 68 21 skulle
895 805 80 26 vinnas,
987 810 45 15 som

203 839 28 15 nu
246 833 40 21 här
301 835 24 20 är
340 833 120 28 föreslaget.

271 902 58 21 Frih.
350 903 25 21 R.
399 903 24 21 A.
447 903 117 21 Wrede:
594 903 42 26 Jag
656 902 39 22 ber
718 902 47 22 åter
785 904 32 20 att
833 902 6 21 i
855 902 67 21 likhet
937 902 49 21 med
1001 901 33 22 Hr

203 936 41 16 von
259 930 109 28 Knorring
383 932 21 20 få
420 932 85 20 biträda
520 932 159 21 reservationen
695 931 39 21 N:o
752 932 25 19 3.'

272 998 59 22 Frih.
346 1005 42 15 von
403 1000 91 21 Born:
518 999 41 27 Jag
570 1000 96 21 deremot
677 999 96 21 anhäller
783 998 21 22 fä
814 998 87 22 förorda
911 998 124 22 Utskottets

204 1026 142 28 betänkande,
369 1034 45 15 som
437 1028 67 26 enligt
524 1028 44 21 min
583 1028 137 26 uppfattning
735 1029 160 25 representerar
910 1027 125 26 tillräckligt

205 1056 48 20 med
269 1056 108 27 filantropi
392 1056 28 27 pä
436 1057 59 21 detta
510 1056 94 26 omräde,
618 1057 39 21 och
673 1056 33 22 för
720 1058 72 19 resten
808 1058 24 19 är
847 1058 32 18 ett
889 1056 147 26 förmedlings-

205 1084 82 27 förslag
309 1084 90 22 emellan
415 1085 24 21 de
456 1084 56 22 bäda
526 1085 182 27 ytterligheterna,
725 1085 40 21 den
781 1091 40 15 ena
836 1084 163 26 representerad
1014 1083 24 22 af

205 1112 50 22 näd.
270 1119 67 21 prop.,
352 1114 41 20 den
408 1114 68 21 andra
491 1114 138 26 ovilkorligen
644 1113 23 21 af
682 1114 164 20 reservationen.

478 1210 280 27 Omröstningsproposition
765 1217 4 13 :

277 1278 54 26 Den,
353 1284 46 16 som
421 1278 125 28 godkänner
566 1279 12 20 5
602 1279 12 25 S
633 1280 13 19 4
665 1278 53 26 Kap.
734 1278 67 26 enligt
816 1277 121 21 Utskottets
953 1276 87 27 förslag,

209 1312 74 15 svarar
293 1306 32 26 ja;

280 1374 41 21 blir
343 1374 34 27 nej
401 1374 161 27 öfvervägande,
581 1374 163 22 omformuleras
760 1375 13 20 2
789 1380 64 15 mom.
867 1374 24 20 af
904 1374 34 27 8:n
953 1374 7 21 i
975 1374 67 26 enlig-

210 1402 38 21 het
262 1402 49 21 med
327 1402 102 27 förslaget
444 1403 6 21 i
466 1403 69 27 tredje
550 1404 159 20 reservationen
724 1403 13 21 å
753 1403 38 21 sid.
808 1402 57 22 XIV.

283 1470 40 22 Vid
342 1471 85 21 anstäld
442 1471 97 27 votering
555 1470 75 22 utföllo
646 1473 99 19 rösterna
760 1471 49 21 med
825 1471 26 21 16
865 1470 23 27 ja
904 1470 39 22 och
960 1470 25 20 17
1002 1469 41 27 nej,

215 1498 33 22 till
264 1498 53 27 följd
332 1498 77 22 hvaraf
429 1500 6 21 2
452 1506 62 15 mom.
531 1500 23 21 af
568 1500 12 26 $
596 1501 12 20 5
624 1500 68 21 skulle
708 1499 83 22 erhälla
807 1499 40 21 den
863 1500 6 20 i
885 1498 160 22 reservationen

214 1527 33 21 HI
262 1527 23 21 af
297 1527 32 22 Hr
343 1528 94 21 Juselius
453 1528 120 27 föreslagna
587 1528 87 27 lydelse.
