1181 1773
221 128 55 22 1092
476 135 24 17 R.
514 140 17 12 o.
544 136 21 16 A.
580 136 56 16 1894.
662 137 20 15 17
695 136 49 20 Maj.

192 221 49 15 man
264 214 23 22 af
310 216 90 21 150.000
421 215 60 21 mark
497 222 88 15 snarare
601 222 51 15 vara
667 216 32 21 för
714 216 52 21 liten
782 218 27 19 än
825 216 32 21 för
872 218 46 19 stor
933 215 39 22 och
987 214 34 22 får

191 243 108 27 tillstyrka
320 245 32 19 att
371 244 69 21 denna
455 244 127 22 subvention
598 244 88 27 lemnas,
702 251 47 15 men
765 245 47 21 icke
827 244 28 28 pä
871 245 66 21 andra
952 244 69 22 vilkor

191 274 27 19 än
234 272 70 22 säsom
320 272 132 22 subvention.

260 340 33 21 Hr
307 347 41 15 von
363 341 175 21 Frenckell:
562 340 63 22 Såväl
641 342 7 20 i
664 342 39 20 den
718 341 244 27 jernvägskommission,
975 348 44 14 som

191 369 28 28 pä
234 369 69 27 grund
319 369 22 21 af
355 372 84 18 senaste
456 369 102 22 Ständers
575 370 72 21 derom
662 370 75 27 gjorda
748 370 99 21 anhällan
859 370 67 21 under
937 372 82 19 senaste

192 399 24 21 är
237 404 38 14 var
297 398 80 21 samlad
401 398 39 22 och
460 398 64 21 bland
541 401 65 19 annat
622 398 46 21 haft
683 400 33 20 att
731 401 58 24 yttra
805 398 32 27 sig
852 405 34 15 om
902 400 69 20 sätten
986 398 34 21 för

191 428 143 26 uppmuntran
357 426 22 22 af
401 427 95 21 enskilda
509 427 125 27 jernvägars
650 427 121 27 uppkomst,
789 434 45 14 som
856 428 31 20 uti
907 427 112 26 Jernvägs-

191 455 107 22 utskottet
322 455 40 22 har
385 456 36 27 jag
443 456 56 21 varit
522 455 24 22 af
567 457 40 20 den
626 456 56 27 äsigt
697 458 32 19 att
752 456 117 21 tillsvidare
892 456 127 21 ätminstone

189 485 182 26 jernvägspapper
393 485 7 21 i
423 484 48 21 värt
493 485 49 20 land
563 485 47 21 icke
625 485 66 21 borde
708 485 64 20 blifva
788 485 231 26 spekulationspapper,

190 513 120 22 aliraminst
333 513 33 26 dä,
389 513 69 22 såsom
482 520 28 14 nu
526 513 38 21 här
580 513 96 25 föreslås,
692 513 35 22 det
743 519 50 15 vore
809 520 26 14 en
850 513 168 26 stadskommun,

191 549 45 14 som
253 542 68 21 skulle
337 542 52 21 söka
404 542 125 21 koncession
546 542 33 21 för
595 542 128 27 anläggning
736 542 23 21 af
768 542 82 21 enskild
858 542 94 27 jernväg.
970 542 49 21 Just

191 571 32 21 till
245 571 136 20 undvikande
404 571 22 20 af
448 573 32 19 att
502 573 53 24 göra
577 571 54 20 slika
644 571 224 27 jernvägsbyggnader
883 571 32 20 till
930 571 89 21 föremäl

191 600 33 21 för
239 599 69 21 osund
323 599 135 26 spekulation
474 599 39 21 har
529 599 111 22 Utskottet
656 606 28 14 nu
700 599 110 26 föreslagit
826 601 32 20 att
869 601 70 20 staten
950 599 68 22 skulle

190 627 50 28 ingä
263 628 69 21 säsom
356 628 99 21 aktionär
478 628 6 21 i
507 629 111 25 företaget.
650 628 31 21 En
698 628 101 21 kommun
815 628 23 21 af
852 628 40 21 den
908 629 59 26 ringa
983 628 36 21 be-

190 657 82 26 tydelse
295 656 70 21 såsom
387 657 109 24 trafikant,
519 663 45 15 som
588 656 122 27 Nykarleby
726 657 55 26 stad,
797 657 42 20 kan
853 657 24 26 ju
892 657 125 21 förutsättas

191 685 131 22 öfverskatta
337 685 41 22 den
393 685 165 27 varugvantitet,
568 691 45 16 som
622 685 27 27 pä
660 686 40 21 den
711 685 107 22 blifvande
827 685 115 27 jernvägen
951 685 67 21 skulle

192 716 164 24 transporteras,
373 714 39 21 och
429 715 32 20 till
478 721 24 14 en
519 713 74 28 början
610 714 127 21 ätminstone
754 714 69 21 skulle
833 714 81 21 kanske
925 714 45 21 icke
981 721 37 14 ens

191 743 196 21 driftkostnaderna
403 743 65 20 blifva
491 743 107 21 betäckta.
629 743 39 20 Om
690 749 28 14 nu
741 743 128 21 statsverket
890 743 51 21 eller
957 742 60 22 Stän-

191 771 66 21 derna
282 771 54 21 ifrån
359 771 274 22 kommunikationsfonden
656 771 68 21 skulle
747 773 12 18 ä
777 771 62 22 fonds
854 772 79 26 perdus
948 772 70 20 lemna

190 807 25 14 en
239 800 126 21 subvention
388 801 32 20 till
443 800 111 27 byggande
574 800 23 21 af
608 800 89 27 jernväg
712 800 39 21 och
766 799 190 28 jernvägstrafiken
971 800 46 21 icke

190 829 69 20 skulle
282 829 63 21 täcka
368 828 202 28 driftkostnaderna,
586 829 23 21 sä
631 835 50 15 vore
698 829 35 21 det
749 835 25 15 en
790 829 110 26 möjlighet
916 830 31 19 att
960 828 58 27 jern-

189 859 67 24 vägen
280 857 68 21 skulle
371 857 81 27 nödgas
475 857 97 22 afstanna
596 858 48 21 med
668 858 32 20 sin
716 857 87 22 rörelse.
835 857 38 22 Om
890 857 127 21 statsverket

189 886 97 21 deremot
301 885 49 27 sjelf
363 886 69 22 skulle
448 892 50 15 vara
514 886 70 22 säsom
600 886 99 22 aktionär
716 886 131 27 berättigadt
862 888 33 20 att
907 885 74 22 utöfva
991 892 26 15 en

189 915 42 21 viss
247 914 92 22 kontroll
349 916 39 20 och
403 914 51 22 ifall
470 915 24 21 af
507 915 67 21 behof
588 917 14 19 t.
619 922 19 14 o.
652 922 26 14 m.
690 916 134 20 intervenera
834 915 48 21 med
893 914 124 28 ytterligare

189 943 134 26 subvention,
335 944 24 20 sä
374 944 71 20 kunde
461 943 50 21 slikt
526 944 110 21 undvikas.
666 944 42 26 Jag
722 944 83 20 känner
819 944 46 20 icke
881 943 75 27 mänga
972 943 44 25 fali,

189 972 38 21 der
249 978 26 15 en
295 972 134 21 existerande
443 972 89 27 jernväg
547 972 68 22 skulle
630 972 64 22 hafva
709 972 56 21 måst
779 972 86 21 inställa
881 972 96 21 trafiken.
1007 972 11 21 I

187 1000 38 21 vår
247 1000 78 22 närhet
347 1000 67 22 finnes
429 1002 41 20 den
491 1002 24 21 så
535 1001 85 21 kallade
639 1000 217 28 Systerbäcksbanan,
872 1006 45 16 som
933 1000 40 22 fått
989 1000 30 22 lof

189 1031 33 19 att
245 1029 90 21 sålunda
359 1029 86 25 förfara,
470 1036 47 15 men
540 1030 8 20 i
567 1030 117 21 allmänhet
699 1030 62 20 torde
777 1030 60 20 detta
852 1036 51 14 vara
917 1029 100 26 temligen

189 1057 90 27 sällsynt
301 1058 40 21 och
364 1058 6 21 i
387 1058 62 26 ingen
465 1058 101 21 händelse
582 1058 121 21 önskvärdt.
734 1058 47 21 Har
796 1064 49 15 man
861 1058 64 21 också
940 1058 77 20 räknat

188 1086 69 25 miste,
275 1086 23 21 så
307 1086 32 22 till
349 1087 48 21 vida
413 1089 33 19 att
456 1093 49 15 man
521 1087 94 21 hvarken
631 1086 33 22 får
679 1088 62 20 ränta
757 1087 52 21 eller
825 1092 37 16 ens
878 1086 139 21 driftkostna-

189 1115 67 21 derna
279 1115 92 27 betalda,
394 1116 24 20 så
440 1117 24 19 är
487 1116 55 20 dock
564 1115 72 27 hvarje
660 1116 51 20 liten
727 1122 51 20 gren
794 1115 36 21 vid
845 1115 171 21 stambanenätet

187 1143 124 27 någonting,
327 1150 45 15 som
395 1144 67 21 tillför
483 1144 105 21 bannätet
608 1144 7 21 i
635 1144 31 21 sin
682 1144 73 21 helhet
770 1144 70 26 någon
855 1143 105 27 förtjenst,
977 1144 39 20 och

185 1172 46 26 just
245 1172 34 21 för
294 1174 33 20 att
341 1172 116 27 förebygga
471 1172 106 28 följderna
592 1172 24 22 af
626 1179 25 14 en
663 1172 56 27 dylik
730 1172 287 27 spekulationseventualitet

187 1201 40 21 har
245 1201 37 26 jag
297 1201 32 21 för
342 1201 43 21 min
401 1201 33 21 del
451 1203 69 19 röstat
535 1201 32 21 för
582 1203 33 19 att
630 1202 67 20 hellre
712 1201 89 21 förorda
815 1201 159 26 aktieteckning
989 1202 27 19 än

187 1229 127 22 subvention
337 1230 40 21 och
399 1230 33 21 får
448 1230 37 26 jag
499 1230 51 21 utbe
566 1232 32 19 ett
614 1230 90 26 benäget
720 1230 117 21 understöd
853 1229 46 21 från
916 1229 100 21 Ståndets

187 1258 47 21 sida
249 1258 34 21 för
298 1258 123 22 Utskottets
438 1258 141 22 betänkande.

255 1332 32 21 Hr
310 1332 22 21 C.
353 1332 24 21 G.
400 1332 256 28 Standertskjöld:
680 1332 211 27 Jernvägsutskottet
911 1332 33 20 vid
962 1332 52 21 1891

186 1360 35 22 års
244 1361 104 26 landtdag
370 1361 97 21 uttalade
490 1361 70 21 såsom
584 1362 31 20 sin
638 1361 60 27 åsigt,
721 1363 32 19 att
775 1361 36 21 det
826 1360 63 21 bästa
903 1362 66 19 sättet
985 1362 31 18 att

185 1389 134 21 understöda
337 1390 185 26 jernvägsföretag
544 1396 50 15 vore
617 1392 32 18 att
669 1390 69 20 lemna
761 1390 48 20 dem
836 1389 75 26 bidrag
927 1388 12 21 å
954 1388 62 22 fonds

186 1418 80 26 perdus
289 1418 40 21 och
352 1419 65 26 ansåg
440 1418 70 21 såsom
533 1418 134 27 lämpligaste
688 1418 55 21 mått
761 1418 33 21 för
810 1418 97 26 bidraget
922 1423 51 15 vara
988 1417 28 26 %/;

185 1446 48 21 utaf
255 1446 80 22 banans
358 1447 239 27 anläggningskostnad.
626 1446 112 22 Utskottet
761 1446 73 27 utgick
857 1446 27 21 då
906 1446 47 20 från
975 1445 41 21 den

186 1474 61 26 åsigt,
272 1477 32 19 att
325 1481 34 15 om
382 1478 31 18 ett
435 1476 102 21 samhälle
558 1475 65 27 ansåg
639 1477 31 19 ett
682 1475 184 27 jernvägsföretag
882 1474 79 27 nyttigt
976 1473 40 21 och

185 1502 104 28 behöfligt
311 1503 33 21 för
365 1505 68 24 orten,
454 1510 47 15 men
516 1504 47 21 icke
579 1504 71 21 kunde
665 1502 97 23 anskaffa
778 1504 35 20 det
829 1503 84 21 utöfver
929 1502 88 22 statsbi-

186 1532 76 26 draget
278 1532 139 27 erforderliga
432 1532 115 22 tillskottet
563 1532 32 22 till
606 1532 266 27 anläggningskostnaden,
886 1531 23 22 så
920 1530 95 22 vittnade
