1181 1773
229 110 55 21 1390
481 116 25 17 R.
519 121 17 12 o.
549 117 21 16 A.
586 117 55 16 1894.
666 117 27 16 28
706 116 47 21 Maj.

268 196 31 21 Hr
313 196 219 27 Montgomery,
548 203 45 15 som
604 197 96 26 yttrade:
720 197 11 21 I
747 197 36 21 det
796 196 43 27 jag,
856 197 88 21 likasom
956 196 73 22 säkert

199 224 73 27 hvarje
288 225 89 21 medlem
394 225 23 21 af
431 225 59 21 detta
506 225 74 26 Ständ,
596 225 87 21 förenar
698 226 43 26 mig
757 232 34 14 om
807 226 26 20 de
849 226 86 27 uttryck
945 225 22 21 af
975 224 53 27 hög-

199 253 94 27 aktning,
316 260 45 14 som
383 254 31 20 Hr
437 254 206 21 Landtmarskalken
660 254 12 21 ä
688 254 103 21 Ständets
806 256 81 24 vägnar
902 255 78 20 uttalat
995 254 32 20 till

198 282 71 20 minne
293 282 22 21 af
335 282 36 21 vär
394 282 132 27 bortgängne
548 283 127 26 oförgätlige
698 282 159 26 ständsbroder,
879 283 38 21 ber
934 283 36 27 jag
995 284 33 19 att

199 310 31 21 till
248 310 31 21 Hr
297 311 207 21 Landtmarskalken
520 311 40 21 och
580 311 35 21 det
631 311 120 27 Höglofliga
766 311 91 21 Ständet
871 312 22 21 fä
908 311 119 24 hemställa,

200 345 33 14 om
250 339 53 25 icke,
320 340 47 20 med
384 339 98 21 afseende
498 340 13 20 ä
527 340 39 20 den
584 340 101 26 ställning
699 339 78 22 Grefve
793 341 84 26 August
889 340 90 21 Armfelt
989 346 38 14 un-

200 368 38 20 der
254 368 43 20 alla
312 368 127 27 landtdagar
455 368 47 21 frän
520 369 54 21 1863
590 368 91 27 intagiti
692 368 60 22 detta
764 368 73 27 Ständ,
850 369 36 21 det
897 369 129 26 förtroende,

199 396 40 21 den
264 396 137 27 högaktning,
417 397 41 21 den
474 397 93 27 vänskap
584 397 41 21 han
641 398 75 20 vunnit
730 404 77 20 genom
823 398 46 20 sina
885 398 49 20 ädla
950 397 76 21 karak-

198 424 179 28 tärsegenskaper
393 428 55 18 samt
462 432 76 20 genom
555 426 31 21 sin
602 426 132 26 pligttrogna
750 426 39 21 och
806 426 160 22 mönstervärda
976 432 49 14 van-

198 453 33 22 del
255 454 70 21 säsom
348 454 140 27 medborgare
513 454 39 22 och
576 455 82 20 enskild
677 461 84 20 person,
778 454 24 22 R.
820 461 19 15 o.
856 455 24 21 A.
897 455 55 27 ville,
967 454 59 27 ihäg-

197 482 129 22 kommande
347 483 31 20 alt
393 484 65 25 detta,
476 483 37 21 och
531 483 26 21 dä
574 483 35 21 det
625 490 27 14 nu
669 484 6 20 i
691 483 66 22 slutet
772 484 23 20 af
810 484 129 26 landtdagen
955 486 24 18 är
993 483 32 20 för

197 511 24 20 R.
239 517 18 15 0.
274 511 25 21 A.
319 511 95 27 omöjligt
432 514 33 19 att
480 519 75 20 genom
572 519 26 14 en
614 514 69 19 större
698 513 171 26 representation
884 514 91 19 närvara
990 512 35 21 vid

197 539 52 21 hans
271 540 147 27 jordfästning,
434 547 50 14 anse
501 541 97 26 lämpligt
613 544 32 18 att
660 547 76 20 genom
753 541 169 21 öfversändande
938 541 46 21 utaf
998 547 26 14 en

197 567 168 22 blomsterkrans
389 569 32 21 till
438 569 53 21 hans
506 569 50 26 grift
572 569 56 26 gifva
643 572 31 18 ett
689 571 56 25 yttre
762 570 75 21 tecken
853 570 23 21 af
890 571 25 20 de
932 569 91 26 känslor,

196 597 48 20 med
260 597 71 21 hvilka
347 598 23 20 R.
388 604 17 15 o.
423 599 25 20 A.
464 598 74 21 erfarit
554 598 52 21 hans
622 598 106 27 bortgäng
744 599 39 20 och
795 599 78 21 hedrar
884 599 52 20 hans
947 599 76 20 minne.

265 665 68 21 Sedan
343 666 31 21 Hr
383 666 150 21 Lindelöf
543 667 126 21 understödt
680 667 60 21 detta
750 666 87 28 förslag,
847 667 69 21 beslöt
924 667 23 21 R.
959 673 18 15 o.
989 667 33 26 A.,

195 694 27 25 pä
245 694 32 21 Hr
300 695 218 22 Landtmarskalkens
543 695 162 27 framställning,
723 696 102 26 enhälligt
849 697 32 20 att
896 696 35 21 vid
946 695 76 22 Grefve

194 722 103 21 Armfelts
318 723 142 27 jordfästning
486 724 68 21 skulle
576 724 27 26 pä
625 724 25 21 R.
677 730 18 15 o.
720 725 35 20 A:s
771 726 80 25 vägnar
867 725 114 26 nedläggas
996 731 26 14 en

194 751 71 25 krans,
283 757 33 15 om
333 752 62 21 hvars
411 752 137 21 anskatfande
564 753 39 21 och
619 753 131 21 afsändande
765 753 156 21 Riddarhusets
936 753 86 26 tjenste-

195 781 49 20 män
261 781 52 25 egde
329 781 91 26 besörja.

474 981 130 29 Landtdagens
620 982 115 23 afslutande.

262 1048 120 28 Föredrogs
389 1056 25 14 en
423 1050 46 21 från
479 1050 25 22 H.
521 1051 50 21 Exc.
578 1050 226 27 Generalguvernören
812 1051 32 21 till
853 1051 31 21 Hr
894 1051 127 21 Landtmar-

193 1076 88 22 skalken
290 1078 121 21 inkommen
419 1079 110 21 skrifvelse
538 1079 32 21 för
581 1080 40 20 den
630 1080 27 20 26
666 1080 6 20 i
680 1080 68 21 denna
760 1080 78 20 mänad
849 1080 48 20 med
907 1080 114 20 tillkänna-

191 1106 99 25 gifvande
306 1108 31 19 att
353 1106 142 22 innevarande
511 1108 102 26 landtdag
628 1108 82 27 jemlikt
726 1109 64 26 nådig
805 1108 116 27 befallning
936 1108 83 21 komme

191 1136 33 19 att
239 1134 91 22 afslutas
346 1136 40 20 den
403 1136 12 21 2
431 1136 191 22 nästinstundande
638 1138 56 20 Juni.

506 1306 56 30 Närdig
578 1307 130 29 tacksägelse.

259 1368 129 28 Ytterligare
397 1370 55 21 hade
459 1370 47 21 frän
515 1371 27 21 H.
551 1371 277 27 Exc.Generalguvernören
844 1371 32 21 till
892 1371 31 21 Hr
938 1371 80 21 Landt-

190 1396 137 22 marskalken
335 1398 89 21 anländt
433 1405 25 15 en
475 1399 115 26 skrifvelse,
608 1400 59 20 hvari
678 1400 143 25 meddelades,
832 1401 33 20 att
875 1400 60 21 Hans
944 1400 75 20 Excel-

190 1425 45 21 lens
251 1426 70 21 säsom
338 1432 49 15 svar
402 1427 13 21 &
431 1428 26 20 de
472 1428 33 21 till
521 1428 66 21 Deras
603 1428 126 26 Majestäter
744 1428 117 22 framförda
872 1428 146 26 underdäniga

189 1454 180 27 lyckönskningar
392 1456 49 20 med
462 1456 114 27 anledning
591 1456 23 22 af
628 1456 105 28 ärsdagen
749 1456 34 22 för
799 1456 68 22 Deras
882 1456 136 27 Majestäters

189 1482 71 27 heliga
276 1482 89 28 kröning
380 1483 42 22 fätt
437 1487 109 24 emottaga
562 1487 30 19 ett
608 1485 6 21 i
630 1486 76 20 svensk
723 1485 155 27 öfversättning
893 1485 24 21 sä
927 1484 91 28 lydande

189 1510 116 27 telegram
293 1506 15 36 :
