1181 1773
221 116 54 20 1406
466 123 24 16 R.
504 127 17 12 o.
533 123 23 16 A.
570 123 57 16 1894.
654 123 28 16 28
695 123 48 21 Maj.

189 200 101 22 behofvet
305 201 106 27 päkallad,
434 202 80 21 tilläter
536 203 33 26 sig
591 202 232 27 bevillningsutskottet
845 202 88 21 härmed
955 202 62 21 vörd-

190 232 55 18 samt
269 230 84 21 anhålla
383 232 32 19 att
435 231 157 27 Ridderskapet
614 231 38 21 och
676 231 74 25 Adeln,
785 238 51 18 som,
866 231 66 27 enligt
961 231 56 21 hvad

189 258 48 21 dess
261 258 104 22 utskottet
387 259 100 21 tillsända
508 260 198 26 protokollsutdrag
730 260 33 21 för
785 260 168 26 Ridderskapets
977 260 39 21 och

189 287 81 21 Adelns
286 288 157 21 sammanträde
459 289 39 20 den
515 289 27 21 30
558 289 59 26 April
633 288 195 27 vidhandengifver,
851 289 35 20 vid
902 288 115 27 handlägg-

189 316 76 25 ningen
291 316 23 20 af
336 316 116 22 utskottets
477 317 80 26 förslag
583 318 31 20 till
635 317 203 27 sammanjemkning
863 317 23 21 af
909 318 25 20 de
951 317 65 21 delvis

189 344 122 26 skiljaktiga
335 345 76 26 beslut,
435 346 58 20 hvari
517 346 93 20 Ständen
627 348 85 18 stannat
727 346 34 20 vid
777 346 155 26 behandlingen
948 346 23 21 af
984 347 32 19 ut-

189 373 91 20 skottets
296 373 133 21 betänkande
445 374 40 21 N:o
502 375 11 21 2
530 374 109 26 angäende
660 374 241 28 näringsbevillning
925 374 39 22 för
981 374 34 22 ut-

188 401 140 28 länningar,
344 402 86 22 beslutit
446 403 32 21 till
494 404 106 20 utskottet
616 403 158 21 återremittera
783 403 60 21 detta
855 403 160 27 sammanjemk-

188 430 142 27 ningsförslag
352 432 6 20 i
382 431 35 21 det
440 432 99 20 afseende
556 432 66 27 sagda
637 432 198 27 protokollsutdrag
849 432 124 26 innehäller,
988 444 27 2 —

188 459 48 20 ville
252 459 49 26 ingå
316 461 6 19 i
335 461 72 26 slutlig
422 460 98 27 pröfning
533 461 21 20 af
564 461 140 21 omförmälda
715 460 299 27 sammanjemkningsförslag.

401 546 30 21 Pä
447 547 248 26 Bevillningsutskottets
712 549 90 24 vägnar:

498 643 22 21 S.
543 644 27 19 W.
588 650 40 14 von
647 643 67 21 Troil.

803 701 56 27 Aug.
875 701 68 27 Hjelt.

253 853 32 21 Hr
305 854 206 22 Landtmarskalken
535 855 142 26 tillkännagaf
698 857 32 19 att
754 857 63 19 nästa
838 855 85 26 plenum
944 855 68 21 blifvit

184 884 68 19 utsatt
268 883 32 21 till
317 884 156 27 morgondagen
489 884 28 20 kl.
534 885 12 19 6
563 890 17 15 e.
604 891 26 13 m.
656 886 54 19 samt
725 886 33 19 att
773 884 238 21 Talmanskonferensen

183 913 70 19 ansett
269 912 122 26 lämpligast
414 914 32 19 att
469 913 32 21 för
524 913 140 26 landtdagens
686 913 135 21 äterstäende
846 913 65 26 dagar
927 914 25 20 de
968 914 43 20 sär-

183 940 68 20 skilda
268 940 94 22 Ständen
387 942 52 25 egde
463 943 81 19 utsätta
565 942 45 20 sina
635 942 61 24 plena
715 942 28 26 pä
758 942 26 20 de
800 942 62 26 tider,
879 948 44 14 som
939 942 73 26 hvarje

182 968 68 21 Ständ
267 968 33 21 för
316 970 31 26 sig
363 970 102 26 önskade,
482 970 54 21 dock
552 973 32 18 att
600 970 5 21 i
617 970 119 21 allmänhet
744 970 58 21 tiden
811 970 48 21 frän
867 970 98 26 kl.
905 964 26 37 12
939 964 23 37 pä
974 970 37 21 da-

182 1003 40 20 gen
239 997 32 21 till
294 997 28 21 kl.
345 998 13 20 3
380 1005 17 14 e.
421 1005 27 14 m.
473 999 66 21 borde
562 998 68 22 hällas
648 1000 70 25 öppen
733 999 34 21 för
781 999 128 21 Utskottens
924 999 87 21 arbeten

249 1173 90 22 Plenum
354 1175 117 21 afslutades
486 1176 28 20 kl.
532 1176 48 20 9.40
596 1182 17 14 e.
630 1182 26 15 m.

786 1260 21 17 In
819 1260 62 17 fidem:

754 1294 51 22 Clas
821 1302 17 13 v.
857 1294 82 21 Collan.
