1181 1773
223 115 56 21 1512
478 122 26 17 R.
516 126 18 13 o.
546 122 23 17 A.
582 122 57 17 1894.
664 123 9 16 1
686 122 54 17 Juni.

264 202 33 20 1:o
319 201 57 21 Herr
398 202 25 20 A.
439 202 134 21 Herckmans
589 208 27 15 m.
633 202 19 21 fl.
668 202 181 27 motionsförslag,
865 202 108 27 angående
989 204 37 19 än-

193 229 63 27 dring
271 230 23 20 af
308 230 145 27 stadgandena
469 236 33 16 om
519 231 53 27 ogift
588 230 88 28 gvinnas
691 230 201 28 myndighetsälder.

263 259 34 21 2:0
320 258 56 22 Herr
397 259 25 21 A.
439 259 135 21 Herckmans
589 266 27 14 m.
632 259 20 21 fi.
667 260 92 26 petition
775 260 110 26 angående
901 260 89 27 ändring
1005 259 23 22 af

193 286 69 27 681
281 287 47 27 kap.
344 287 24 21 G.
384 288 21 19 B.

264 316 33 21 3:0
320 316 82 21 Herrar
423 316 25 21 A.
470 316 113 27 Nyberghs
606 316 39 22 och
667 316 26 22 K.
716 317 27 21 H.
759 316 110 22 Renlunds
883 316 89 28 petition
988 323 36 15 an-

193 344 82 26 gäende
291 344 148 28 omarbetning
454 345 23 21 af
490 345 98 27 gällande
604 345 178 27 konkursstadga.

264 374 33 20 4:o
312 373 57 21 Herr
383 374 20 21 J.
419 374 121 21 Pelkonens
555 374 91 26 petition
662 380 34 15 om
712 374 75 27 tillägg
801 374 33 21 till
857 375 6 25 $
879 374 26 21 86
921 374 8 20 i
945 373 79 22 Värne-

191 400 134 28 pligtslagen.

263 431 33 21 5:0
312 430 80 22 Herrar
407 430 24 22 G.
448 430 32 22 W.
497 431 137 21 Liukkonens
649 431 38 21 och
705 432 25 20 A.
746 431 73 21 Lilius'
835 431 91 28 petition
942 437 42 24 om
991 438 32 14 re-

192 459 69 22 vision
277 459 24 21 af
313 459 98 28 gällande
427 460 151 27 författningar
594 467 34 14 om
644 460 282 27 löftesmannaansvarighet.

265 528 22 27 d)
303 528 47 21 frän
365 528 160 22 Bondeständet
540 529 112 22 inkomna:

265 597 32 20 1:o
312 597 57 21 Herr
384 597 22 22 P.
423 597 126 28 Leppänens
565 604 26 15 m.
608 598 20 21 fi.
645 599 89 26 petition
751 605 33 14 om
798 598 226 33 lagstiftningsätgärd,

192 625 139 27 hvarigenom
347 626 77 21 mellan
440 627 111 21 husbonde
567 627 39 21 och
622 627 98 27 inhysing
736 628 67 21 under
817 627 57 22 vissa
889 627 68 21 vilkor
972 627 51 22 träf-

192 653 49 22 fade
258 653 52 22 aftal
326 654 69 22 blefve
411 655 107 22 bindande
533 655 63 22 äfven
611 655 33 22 för
659 657 68 26 tredje
743 663 56 14 man.

263 685 33 19 2:0
320 683 55 22 Herr
391 683 21 22 T.
429 684 139 21 Poutiainens
583 685 173 26 motionsförslag
771 685 110 26 angående
897 685 90 26 ändring
1003 683 22 23 af

192 711 147 27 stadgandena
356 719 33 14 om
406 713 53 26 ogift
474 713 89 26 gvinnas
578 713 201 27 myndighetsälder.

263 741 33 20 3:o
312 741 56 20 Herr
383 741 26 21 H.
426 741 124 26 Landgrens
566 742 90 27 petition
667 748 33 15 om
714 742 137 27 aflägsnande
867 742 23 21 af
899 743 40 20 den
950 744 72 25 tunga,

192 774 45 15 som
255 769 137 22 anskaffande
407 770 22 21 af
443 770 79 27 ojäfvig
537 771 88 21 domare
640 771 66 21 vällar
723 771 156 21 rättssökande.

262 799 34 20 4:0
312 798 56 21 Herr
382 799 19 21 J.
419 799 96 27 Torppas
530 806 28 15 m.
574 799 21 21 fl.
611 799 90 27 petition
712 800 110 26 angående
833 800 90 27 ändring
933 799 23 21 af
964 799 60 21 stad-

191 826 100 27 gandena
306 833 33 14 om
356 827 133 22 öfverlätelse
505 828 23 20 af
541 828 113 27 arfvejord.

261 855 35 21 5:o
312 855 56 22 Herr
383 856 32 21 W.
431 856 105 21 Penttiläs
552 835 89 48 petition
658 863 33 15 om
708 857 91 27 ändring
814 857 24 37 af
850 856 105 27 sjölagens
965 857 58 21 stad-

190 883 85 27 ganden
291 890 34 15 om
340 884 38 27 på-
393 885 40 21 och
448 885 146 27 afmönstring.

261 913 35 21 6:0
319 914 56 20 Herr
397 913 37 21 W.
460 914 104 21 Penttiläs
587 914 90 27 petition
698 914 108 27 angående
822 914 91 27 ändring
927 914 23 21 af
963 914 59 22 stad-

190 941 99 27 gandena
305 948 34 14 om
355 942 131 22 aflemnande
502 942 23 22 af
538 943 123 21 märkrulla.

261 971 34 20 7:o
317 970 81 22 Herrar
419 971 20 22 J.
463 972 95 26 Torppas
582 972 39 20 och
638 972 22 21 C.
676 971 20 21 J.
712 971 80 21 Slottes
807 971 90 27 petition
913 971 110 27 angående

191 1004 28 21 ny
233 998 108 28 reglering
355 1000 23 20 af
391 1000 351 27 värnepligtsuppbådsområdena.

261 1027 34 21 8:o
319 1028 32 21 Hr
372 1029 25 21 A.
419 1029 24 21 F.
466 1028 127 22 Danielsons
616 1029 81 21 motion
715 1028 109 27 angående
840 1028 89 27 ändring
944 1028 23 21 af
980 1029 13 20 6
1009 1028 13 27 &

192 1056 9 20 1
219 1054 51 28 kap.
287 1056 24 22 G.
327 1056 24 21 B.

261 1085 34 21 9:0
317 1085 57 21 Herr
396 1086 26 20 K.
444 1086 114 21 Ruhanens
580 1086 90 27 petition
692 1092 33 15 om
741 1086 142 21 utarbetande
899 1086 24 20 af
936 1086 34 26 lag
985 1092 36 14 an-

192 1112 83 28 gäende
297 1115 44 19 rätt
363 1114 33 21 för
411 1114 79 27 gvinna
506 1117 32 19 att
553 1115 89 26 fungera
657 1114 70 22 säsom
743 1114 86 24 ombud,
845 1114 91 26 godman
951 1120 28 15 m.
993 1120 28 15 m.

262 1142 47 21 10:o
331 1142 56 21 Herr
410 1143 22 21 GC.
455 1143 18 21 J.
490 1143 80 22 Slottes
586 1150 26 14 m.
628 1143 19 21 fi.
664 1144 90 26 petition
770 1143 109 27 angående
895 1143 90 26 ändring
1000 1142 24 22 af

189 1169 201 29 Värnepligtslagen
413 1172 80 20 derhän
516 1174 32 19 att
568 1172 93 26 yngling,
684 1178 45 15 som
751 1172 48 32 fyllt
823 1172 25 20 16
864 1172 31 24 är,
921 1171 18 27 ej
955 1159 67 33 mätte

189 1198 47 22 utfä
251 1205 50 26 pass
317 1199 32 21 till
365 1200 82 21 utrikes
462 1202 36 20 ort
512 1200 64 22 innan
592 1200 42 22 han
650 1200 97 27 fullgjort
762 1200 32 22 sin
810 1200 121 27 skyldighet
946 1202 33 20 att
990 1200 32 21 in-

189 1226 58 22 finna
263 1228 32 26 sig
310 1228 33 21 vid
360 1228 92 27 uppbäd.

450 1325 32 22 Pä
496 1326 162 27 Lagutskottets
674 1328 89 25 vägnar:

478 1400 78 20 Robert
573 1400 153 28 Montgomery.

701 1491 72 28 Björn
794 1490 157 28 Wasastjerna.
