1181 1773
225 109 55 21 1258
482 117 24 17 R.
519 122 17 12 o.
550 118 22 16 A.
585 118 57 16 1894.
666 118 26 16 23
704 118 49 20 Maj.

194 195 34 21 väl
244 197 30 23 ut,
289 202 45 15 som
345 202 34 15 om
394 196 20 21 vi
429 196 91 22 sälunda
535 197 69 21 skulle
620 198 85 20 komma
720 197 106 27 längsamt
841 198 33 20 till
890 198 71 25 mälet,
976 204 47 15 men

194 224 20 20 vi
237 224 86 21 komma
345 225 54 21 fram
422 226 88 21 säkrare
532 226 38 21 och
588 226 36 21 det
640 228 24 19 är
680 226 83 26 mycket
779 226 82 27 möjligt
876 229 32 19 att
923 228 20 19 vi
959 226 64 22 ocksä

192 252 87 21 komma
301 253 112 22 snabbare.
444 255 31 21 Hr
490 254 146 22 Wallensköld
652 255 91 21 nämnde
758 256 124 25 visserligen
897 255 65 21 ocksä
979 258 38 22 att,

194 287 34 15 om
252 281 69 27 någon
345 282 150 28 bristfällighet
511 283 69 21 skulle
595 283 49 27 ingå
660 284 6 20 i
681 284 146 26 föreliggande
843 283 179 27 motionsförslag,

193 310 24 20 sä
239 316 51 15 vore
313 311 59 21 detta
395 312 45 21 icke
457 312 23 21 sä
496 312 78 26 farligt,
591 312 89 21 emedan
696 319 48 14 man
761 319 49 15 vore
826 313 6 20 i
849 312 82 22 tillfälle
946 313 35 20 vid
997 319 25 15 en

193 338 94 26 följande
310 339 102 27 landtdag
435 343 32 19 att
490 340 94 27 afhjelpa
600 341 80 21 sädana
696 341 181 27 bristfälligheter.
908 341 65 21 Detta
989 348 32 14 re-

193 373 132 21 sonnemang
341 374 61 20 synes
418 370 43 26 mig
477 370 45 20 icke
539 369 58 21 hälla
612 370 77 23 streck,
704 370 55 20 först
775 370 39 20 och
831 370 80 26 främst,
927 370 94 25 emedan,

193 402 34 14 om
254 396 129 22 Ständernas
409 399 80 20 motion
512 398 148 21 sanktioneras
686 398 23 21 af
733 398 123 27 Monarken,
879 398 36 21 det
933 398 27 22 dä
975 398 46 21 icke

193 431 59 14 mera
276 425 62 21 beror
361 426 26 26 pä
410 426 119 22 Ständerna
546 427 70 20 allena
631 428 32 20 att
679 427 69 21 införa
764 427 121 27 ändringar,
902 427 39 21 och
957 428 64 20 innan

193 453 40 21 den
258 453 69 22 blifvit
349 455 88 26 ändrad,
462 457 71 20 kunna
556 456 62 21 svära
642 457 137 25 olägenheter
796 457 121 24 derigenom
937 455 83 28 uppstä.

193 481 61 22 Hvad
272 483 63 21 sedan
352 483 101 22 beträffar
469 485 25 20 de
511 484 79 27 förslag
606 485 32 20 till
654 485 115 26 petitioner
784 485 7 20 i
807 485 81 26 frägan,
898 491 44 14 som
952 485 69 20 blifvit

192 511 81 27 gjorda,
295 514 24 19 sä
334 513 41 20 kan
389 513 36 26 jag
441 513 53 25 icke,
511 513 67 21 ehuru
592 513 36 26 jag
644 514 105 20 erkänner
764 517 33 17 att
813 514 40 21 den
869 514 67 26 tredje
952 519 67 15 reser-

191 540 108 24 vationen,
315 541 55 20 hvad
399 543 153 25 motiveringen
579 542 106 25 beträffar,
713 543 38 20 har
767 542 106 26 ätskilliga
890 542 129 27 förtjenster,

192 569 95 20 erkänna
305 571 32 19 att
353 570 36 21 det
402 571 84 26 förslag,
495 577 45 14 som
550 570 22 21 af
579 571 57 20 Frih.
647 577 41 14 von
696 571 132 20 Willebrand
837 571 123 25 framstälts,
969 577 50 15 vore

191 597 98 27 lämpligt
312 600 32 19 att
366 599 73 26 läggas
462 600 31 21 till
512 599 68 26 grund
596 599 34 20 för
646 600 166 21 ständerbeslut.
843 600 41 21 Det
899 606 61 20 synes
976 600 43 26 mig

192 632 51 15 vara
266 627 64 20 altför
355 627 47 22 litet
421 628 71 26 gjordt
508 631 32 18 att
556 628 52 21 efter
624 629 36 20 det
676 629 68 20 denna
760 628 59 27 fräga
835 629 32 20 vid
885 628 50 21 tlere
951 629 68 20 landt-

191 655 68 26 dagar
281 656 53 20 varit
356 656 51 24 före,
431 657 119 21 Ständerna
572 657 46 20 icke
639 657 68 21 skulle
724 658 77 25 begära
817 657 68 26 nägon
902 663 68 14 annan
986 657 33 21 ät-

190 683 53 26 gärd
259 685 26 20 än
302 685 55 20 Frih.
371 691 41 15 von
428 685 131 22 Willebrand
576 685 94 22 föreslär,
696 686 42 21 Det
753 692 62 19 synes
824 686 43 26 mig
874 692 50 14 vara
932 686 87 21 alldeles

191 712 130 27 nödvändigt
343 716 32 19 att
395 717 50 24 taga
461 716 68 25 steget
544 714 65 27 nägot
624 715 79 26 längre.
733 715 84 26 Frägan
833 716 24 19 är
872 714 65 21 ocksä
952 714 65 21 redan

190 741 24 21 sä
236 742 85 25 mycket
336 743 83 26 dryftad
436 744 38 20 och
493 743 125 25 behandlad,
635 745 32 18 att
683 743 55 20 vissa
753 743 187 26 hufvudprinciper
955 749 62 20 synas

190 776 51 14 vara
264 771 81 25 ganska
367 772 64 25 gifna,
456 772 66 21 ehuru
546 772 131 21 beträffande
700 773 66 20 sättet
781 772 34 21 för
831 773 61 20 deras
908 771 109 27 genomfö-

190 799 65 20 rande
279 801 56 19 ännu
353 800 46 21 icke
415 801 63 20 räder
493 801 124 26 fullständig
634 801 88 20 klarhet.
753 801 42 26 Jag
811 801 37 20 ber
863 800 70 21 derför
948 802 32 19 att
996 799 21 22 fä

189 829 58 25 säga,
265 830 31 18 att
309 828 36 27 jag
361 829 31 20 till
408 829 43 20 alla
467 829 58 21 delar
541 829 102 21 omfattar
659 829 35 21 det
710 829 79 26 förslag
804 829 33 21 till
853 829 95 26 petitiou,
964 828 53 21 hvil-

189 856 37 21 ket
248 856 111 27 framlagts
381 857 23 20 af
421 858 58 20 Frih.
503 857 21 21 af
539 858 107 26 Schultén,
664 859 39 20 och
719 864 33 14 om
769 858 81 21 hvilket
862 858 36 26 jag
915 857 44 21 haft
975 857 41 21 till-

188 885 51 21 fälle
261 888 33 18 att
310 886 64 21 redan
389 886 43 21 före
449 888 83 25 plenum
550 887 81 21 erhålla
654 887 117 21 kännedom.
803 887 45 20 Mot
864 887 58 21 detta
937 886 80 26 förslag

189 913 39 21 har
250 914 24 20 af
295 914 56 21 Frih.
369 921 39 14 von
424 916 57 20 Born
498 916 110 20 anmärkts
624 918 32 18 att
672 922 24 14 en
713 916 65 20 sådan
795 915 139 27 obligatorisk
949 915 66 21 indel-

188 943 51 26 ning
265 943 31 20 uti
324 944 193 21 folkskoledistrikt
539 944 32 21 för
590 944 73 26 hvarje
679 944 107 25 kommun,
803 950 45 15 som
865 944 38 20 här
919 943 96 21 föresläs,

188 971 47 21 icke
250 977 51 15 vore
316 972 87 26 lämplig
419 973 39 20 och
474 974 5 20 i
496 973 106 21 särskilda
618 973 113 21 afseenden
747 973 71 20 kunde
827 972 96 21 medföra
933 972 83 26 olägen-

187 999 67 22 heter.
285 1000 43 21 För
349 1001 42 20 min
408 1002 33 20 del
457 1003 45 19 tror
516 1002 36 26 jag
568 1003 98 22 tvärtom,
682 1004 33 18 att
730 1008 25 14 en
772 1002 107 25 indelning
895 1000 47 22 utaf
956 1001 59 20 kom-

187 1034 105 15 munerna
307 1030 6 20 i
329 1029 193 22 folkskoledistrikt
538 1032 24 18 är
577 1030 46 21 icke
640 1030 74 21 endast
730 1037 25 14 en
771 1030 42 26 god
829 1030 67 26 grund
913 1030 32 20 för
961 1029 54 21 folk-

187 1057 174 21 skoleväsendets
383 1059 72 21 vidare
479 1059 121 26 utveckling
615 1060 6 20 i
637 1059 160 25 kommunerna,
814 1062 50 17 utan
881 1061 14 18 t.
911 1064 18 14 o.
946 1064 27 14 m.
989 1064 26 14 en

185 1086 89 21 alldeles
291 1086 120 27 nödvändig
427 1088 152 26 förutsättning
595 1088 33 20 för
644 1094 24 14 en
685 1087 65 21 sädan
766 1087 127 26 utveckling.
916 1086 99 21 Vihafva

183 1114 25 26 ju
231 1117 44 18 sett
299 1116 39 20 och
365 1116 65 26 derpä
456 1116 67 20 skulle
542 1116 72 21 kunna
629 1116 85 21 anföras
731 1116 80 26 otaliga
826 1116 101 26 exempel,
943 1115 72 21 hvilka

185 1145 60 19 stora
261 1144 88 26 misstag
365 1144 153 21 kommunerna
534 1144 44 21 ofta
595 1145 78 26 begätt,
690 1144 26 21 dä
732 1145 25 20 de
773 1145 91 20 inrättat
879 1150 25 15 en
917 1144 51 20 eller
976 1150 39 19 par

186 1172 73 20 skolor
283 1172 27 26 pä
326 1172 80 22 sädana
422 1173 80 26 platser
517 1174 37 20 och
572 1174 47 20 med
636 1174 80 20 sädana
732 1174 142 20 dimensioner
889 1175 33 18 att
937 1172 26 21 de
980 1172 35 21 be-

185 1200 54 27 tagit
255 1201 32 25 sig
303 1202 121 26 derigenom
440 1202 110 26 möjlighet
566 1204 32 18 att
613 1202 79 21 inrätta
708 1202 78 25 skolor,
803 1202 38 20 der
857 1202 25 20 de
893 1202 121 20 sedermera

185 1232 54 18 mest
265 1230 69 20 skulle
361 1230 107 26 behöfvas,
494 1231 50 20 eller
567 1232 37 19 der
620 1230 26 21 de
662 1232 37 19 äro
715 1230 134 26 nödvändiga
864 1230 33 20 för
913 1232 32 18 att
961 1229 52 21 bild-

184 1258 163 26 ningsbehofvet
362 1259 57 20 inom
436 1259 127 21 kommunen
580 1259 68 21 blefve
664 1259 143 26 tillgodosedt.
827 1258 56 21 Frih.
899 1264 41 14 von
955 1258 58 20 Born

184 1286 40 20 har
239 1286 71 21 anfört
328 1287 69 21 säsom
414 1288 95 26 exempel
525 1288 27 26 pä
568 1288 140 26 olägenheten
724 1288 23 20 af
760 1287 206 26 distriktsindelning
981 1289 32 18 att

183 1314 38 21 det
245 1315 72 21 kunde
340 1316 71 21 hända
435 1319 33 18 att
490 1317 6 20 i
520 1323 25 13 en
562 1316 106 24 kommun,
685 1323 45 14 som
746 1318 24 18 är
785 1316 85 20 indelad
886 1316 6 20 i
908 1318 31 18 ett
954 1316 58 20 antal

184 1343 93 27 distrikt,
301 1344 35 21 det
359 1344 68 22 skulle
451 1345 84 20 anmäla
558 1346 32 25 sig
606 1345 26 19 20
649 1345 51 21 barn
717 1345 56 21 inom
790 1344 73 26 hvarje
879 1344 86 20 distrikt
980 1344 33 20 för

182 1371 85 22 inträde
283 1372 6 21 i
304 1372 113 26 folkskola,
433 1374 41 20 och
488 1376 33 18 att
536 1374 66 20 under
619 1373 80 21 sädana
715 1373 148 21 förhällanden
879 1372 69 27 nägon
958 1372 54 21 folk-

183 1400 62 21 skola
261 1401 40 21 alls
317 1402 45 20 icke
379 1402 68 20 skulle
463 1402 86 21 komma
564 1404 32 19 att
611 1402 31 21 uti
654 1402 128 21 kommunen
791 1402 96 25 inrättas,
899 1401 67 21 ehuru
977 1406 36 15 an-

182 1429 55 21 talet
252 1429 202 27 bildningssökande
471 1431 52 20 barn
538 1431 72 20 kunde
625 1430 27 27 gä
667 1432 55 20 ända
731 1431 31 20 till
774 1431 40 20 100
823 1430 52 21 eller
883 1429 128 21 derutöfver.

181 1456 42 28 Jag
238 1460 47 18 tror
299 1460 32 19 att
347 1465 48 14 man
411 1459 47 21 icke
473 1459 70 21 såsom
558 1465 61 15 norm
635 1459 33 21 för
684 1459 132 21 bedömande
831 1458 24 21 af
868 1458 69 21 denna
952 1457 60 26 fråga

181 1485 103 22 behöfver
302 1487 51 21 eller
370 1487 38 21 bör
424 1491 50 23 taga
487 1488 25 20 de
528 1488 131 26 kommuner,
676 1488 71 20 hvilka
764 1488 71 20 kunna
851 1487 44 21 helt
911 1487 39 21 och
966 1486 46 20 häl-

181 1514 30 21 let
233 1515 68 21 sakna
321 1515 125 22 folkskolor.
478 1516 77 21 Dessas
570 1517 58 20 antal
644 1518 24 19 är
681 1517 24 26 ju
720 1516 7 20 i
740 1515 123 27 jemförelse
879 1515 47 21 med
943 1514 68 27 öfriga
