1181 1773
459 120 240 32 Stämpelbevillningen.
924 121 41 21 989

165 206 92 21 rörande
273 206 79 26 diplom
367 206 13 21 å
395 206 58 26 adlig
470 206 39 21 och
524 206 107 26 friherrlig
646 206 113 27 värdighet
771 206 181 26 stämpelafgiften
961 206 33 20 för

165 234 224 22 naturalisationsbref
403 234 13 22 å
431 234 93 27 beviljad
540 237 44 19 rätt
599 237 33 19 att
646 235 64 21 vinna
725 235 148 21 introduktion
890 234 26 27 på
927 234 68 21 finska

162 263 140 22 riddarhuset
323 263 34 21 för
379 263 134 21 främmande
535 264 57 26 adlig
608 264 39 20 och
663 263 108 27 friherrlig
787 265 32 19 ätt
835 263 68 21 skulle
919 264 75 26 utgöra

165 298 55 20 resp.
237 292 62 24 1,000
315 292 40 21 och
376 292 63 25 1,500
455 292 61 21 mark
532 294 56 19 samt
603 291 33 22 för
651 292 102 21 utländsk
769 292 110 21 adelsman
894 293 33 20 att
942 297 51 21 upp-

165 322 62 25 tagas
241 320 68 21 under
325 320 65 22 redan
406 320 153 22 introducerad
574 323 33 19 ätt
622 321 32 21 till
669 321 42 21 800
727 320 68 22 mark.

233 388 113 27 Förslaget
368 389 67 21 under
456 388 126 22 rubrikerna
605 388 146 28 Obligationer
775 388 40 22 och
831 388 69 22 Order
919 391 76 23 antogs

166 419 52 20 utan
234 417 127 21 diskussion.

233 485 115 28 Angående
363 486 26 21 de
405 486 48 21 med
468 485 125 22 bokstafven
609 485 17 22 P
638 486 140 27 begynnande
787 486 127 21 rubrikerna
923 485 72 21 anhöll

234 549 32 21 Hr
281 549 74 21 Rein
370 555 34 15 om
421 549 61 21 ordet
497 549 40 21 och
552 550 56 20 utlät
624 549 42 27 sig:
693 549 74 21 Under
782 549 104 21 rubriken
897 549 98 27 ,Privile-

164 577 81 27 giibref
265 577 53 22 eller
346 578 241 21 tillständsresolution*
619 578 39 21 har
682 577 113 22 Utskottet
827 577 111 27 föreslagit
969 583 26 15 en

165 606 91 27 ändring
271 607 7 20 i
294 606 48 21 nåd.
358 612 67 21 prop.,
440 607 106 26 nämligen
562 607 56 20 hvad
635 607 66 26 angår
722 606 156 27 privilegiibref
892 606 33 21 för
933 606 62 27 utgif-

165 635 69 21 vande
249 635 24 20 af
285 635 108 26 periodisk
413 635 69 21 skrift.
513 635 54 20 Nåd.
591 641 59 21 prop.
673 637 106 25 upptager
801 635 33 21 för
857 635 80 21 sådana
952 635 43 26 pri-

165 663 128 27 vilegiebref
307 670 26 15 en
349 663 61 27 afgift
433 663 23 22 af
476 664 27 21 20
525 663 68 21 mark.
623 663 113 22 Utskottet
751 664 40 21 har
806 664 86 21 nedsatt
907 663 88 27 afgiften

167 692 33 21 till
217 693 26 20 10
258 692 70 21 mark.
359 691 75 22 Såsom
449 693 66 20 motiv
530 692 34 21 för
580 693 60 20 detta
654 692 81 27 förslag
749 692 125 21 framhåller
885 692 110 21 Utskottet

164 721 15 20 å
195 721 38 21 sid.
251 721 83 21 11—12
350 723 32 19 att
397 721 36 21 det
448 721 162 26 allmännyttiga
626 721 62 27 syfte,
703 721 7 21 i
726 721 81 21 hvilket
823 721 40 21 den
874 720 121 28 periodiska

166 755 89 21 pressen
282 749 83 25 verkar,
391 751 38 25 gör
454 750 124 21 densamma
602 749 89 27 förtjent
716 749 23 21 af
764 752 33 19 att
813 749 23 21 så
850 749 85 28 mycket
950 755 45 15 som

165 778 84 27 möjligt
264 785 51 14 vara
331 778 81 21 befriad
427 777 48 22 från
491 778 86 26 afgifter
592 779 40 20 och
647 779 90 26 pålagor
753 778 40 21 och
808 778 59 21 detta
878 778 24 21 så
913 777 83 27 mycket

166 813 53 19 mer,
235 813 46 15 som
297 807 32 20 uti
343 807 49 20 vårt
407 807 49 20 land
472 807 104 26 tidnings-
592 807 39 22 och
646 807 193 26 tidskriftsföretag
854 806 142 27 ickeiregeln

165 835 72 21 lemna
252 835 47 21 sina
314 841 63 20 egare
391 835 70 27 någon
478 835 126 22 ekonomisk
618 836 62 21 vinst.
711 836 39 20 Att
760 835 181 28 tidningspressen
949 841 46 14 ver-

165 864 40 20 kar
230 864 6 20 i
261 864 159 27 allmännyttigt
443 864 62 26 syfte,
528 866 24 19 är
572 864 38 27 jag
631 864 46 21 icke
696 864 71 26 hugad
783 866 32 19 att
831 864 100 24 bestrida,
948 869 47 15 men

167 899 82 15 samma
263 893 67 21 motiv
346 893 70 21 kunde
432 892 86 22 anföras
534 893 32 21 till
582 893 83 21 förmån
680 893 33 21 för
733 893 138 27 nedsättning
885 894 7 20 i
907 892 89 27 afgiften

167 922 34 20 för
217 921 108 27 åtskilliga
339 922 67 20 andra
429 922 148 26 inrättningar.
608 922 38 20 Ett
669 922 80 26 apotek
771 925 15 17 t.
803 928 30 14 ex.
850 924 25 18 är
890 921 64 21 också
969 927 26 15 en

166 950 118 26 inrättning
299 950 23 20 af
336 950 158 27 allmännyttigt
509 950 61 27 syfte,
586 950 40 22 och
640 950 36 28 jag
692 952 24 19 är
731 950 46 22 icke
793 950 130 26 fullkomligt
933 950 63 20 säker

165 978 30 27 på
209 980 33 20 att
257 985 26 15 en
299 978 82 27 tidning
396 979 61 21 alltid
473 981 24 19 är
512 979 106 27 nyttigare
633 981 27 19 än
675 981 31 19 ett
718 979 86 27 apotek.
835 978 112 22 Utskottet
957 978 39 21 har

166 1007 57 21 dock
238 1007 19 27 ej
273 1007 110 27 föreslagit
405 1008 137 26 nedsättning
558 1007 22 21 af
594 1008 181 26 stämpelafgiften
791 1008 33 20 för
839 1008 85 26 apotek.
954 1007 41 26 Jag

165 1038 48 19 tror
228 1038 33 19 att
276 1036 7 21 i
298 1036 57 21 vissa
369 1036 38 21 fall
423 1042 25 15 en
472 1036 66 27 dåligt
557 1037 59 20 skött
631 1036 82 27 tidning
729 1036 42 21 kan
787 1038 52 24 göra
853 1042 60 16 mera
929 1036 66 21 skada

165 1066 29 19 än
217 1066 31 20 ett
269 1065 38 20 illa
329 1065 59 21 skött
410 1065 86 26 apotek.
526 1065 112 21 Utskottet
656 1065 97 21 deremot
767 1064 74 28 tyckes
856 1065 63 21 hafva
933 1064 62 21 tänkt

167 1092 40 28 sig,
223 1095 32 19 att
271 1094 181 26 tidningspressen
471 1094 68 21 under
554 1094 44 21 alla
612 1094 148 21 förhållanden
775 1094 54 20 skall
845 1094 66 20 verka
923 1094 72 25 välgö-

166 1122 73 21 rande.
270 1122 58 21 Utan
352 1124 33 18 att
406 1122 127 26 ifrågasätta
558 1124 32 20 att
612 1122 47 21 icke
682 1123 48 20 dess
746 1128 54 20 gagn
817 1122 139 22 öfverhufvud
972 1123 24 19 är

167 1153 62 23 stort,
245 1152 46 20 tror
303 1151 38 27 jag
356 1151 54 21 dock
429 1153 33 19 att
484 1151 110 26 undantag
616 1150 74 22 finnas.
722 1150 139 28 Utgifvandet
876 1150 23 22 af
913 1157 26 15 en
955 1150 40 21 tid-

167 1179 52 27 ning
235 1180 23 20 är
274 1179 109 21 dessutom
403 1179 63 21 äfven
489 1181 31 19 ett
543 1179 155 27 affärsföretag,
721 1186 35 14 om
775 1180 64 20 också
854 1180 47 20 icke
916 1179 79 21 uteslu-

168 1208 66 21 tande
249 1209 32 20 ett
296 1208 83 21 sådant.
410 1208 45 21 Och
471 1208 55 21 hvad
543 1209 37 20 det
594 1208 139 25 vidkommer,
749 1210 32 19 att
797 1207 198 28 tidningspressen
985 1203 14 36 i

167 1236 48 21 vårt
230 1236 50 21 land
303 1237 47 21 icke
373 1237 82 21 lemnar
478 1237 32 21 sin
530 1243 63 20 egare
609 1236 70 27 någon
695 1236 125 22 ekonomisk
835 1237 62 27 vinst,
912 1236 24 22 så
951 1238 45 19 tror

164 1265 38 26 jag
225 1265 54 21 dock
301 1267 32 19 att
356 1266 67 20 sällan
444 1265 69 27 någon
537 1266 83 26 tidning
642 1266 101 26 grundas,
759 1267 52 19 utan
827 1268 32 18 att
874 1265 122 27 grundaren

167 1293 82 27 hoppas
265 1295 33 19 att
312 1294 106 26 företaget
431 1294 80 26 jemväl
527 1294 55 21 skall
598 1294 97 26 inbringa
710 1294 71 26 någon
796 1294 61 21 vinst.
887 1294 109 21 Redaktö-

167 1328 62 15 rerne
251 1322 34 21 för
307 1322 137 27 tidningarna
467 1323 62 21 äfven
552 1323 8 21 i
582 1322 48 22 vårt
651 1322 51 22 land
723 1322 56 22 lefva
802 1322 54 22 dock
871 1322 8 21 i
894 1322 25 22 de
935 1322 62 21 flesta

167 1350 38 22 fall
228 1351 48 21 med
299 1351 119 21 inkomsten
440 1351 24 21 af
486 1352 46 20 sina
550 1351 58 25 blad,
625 1351 51 21 eller
692 1350 21 22 få
729 1351 128 21 åtminstone
873 1351 123 26 derigenom

166 1381 71 19 större
252 1379 52 21 eller
320 1380 81 20 mindre
416 1380 93 21 tillskott
524 1380 33 20 till
580 1380 46 20 sina
641 1380 124 24 inkomster,
781 1380 86 21 hvarför
883 1380 36 20 det
935 1379 61 21 äfven

167 1414 26 14 ur
216 1408 70 21 denna
306 1408 107 27 synpunkt
435 1414 62 21 synes
519 1409 43 26 mig
583 1408 70 27 billigt
672 1410 33 19 att
720 1408 90 27 belägga
826 1408 134 27 utgifvandet
975 1407 23 21 af

167 1436 82 27 tidning
265 1437 48 21 med
329 1436 154 28 stämpelafgift
504 1437 33 21 till
553 1439 32 19 ett
603 1437 65 26 något
684 1436 66 27 högre
766 1437 83 27 belopp.
880 1436 33 22 Då
929 1436 68 21 slutli-

166 1471 41 20 gen
223 1472 26 14 en
265 1465 61 26 afgift
340 1466 23 20 af
376 1466 27 20 20
419 1466 61 20 mark
502 1466 47 20 icke
568 1465 27 27 på
610 1465 66 27 något
691 1467 44 20 sätt
751 1466 41 20 kan
809 1472 61 14 anses
885 1464 112 22 motverka

166 1493 193 27 tidningspressens
381 1494 122 26 utveckling
525 1494 7 21 i
555 1494 79 25 landet,
657 1494 24 21 sä
699 1494 69 22 skulle
781 1494 37 27 jag
834 1494 113 21 hemställa
963 1499 34 15 om

163 1522 50 21 icke
228 1522 49 21 näd.
293 1528 72 21 prop:s
381 1522 80 27 förslag
476 1522 72 22 kunde
562 1522 133 27 godkännas.
