1181 1773
229 132 56 22 1350
476 139 25 17 R.
515 144 17 12 0.
545 140 23 16 A.
582 139 57 17 1894.
667 139 26 17 26
706 139 48 21 Maj.

199 218 56 27 miga
271 219 80 25 derom,
366 220 32 20 att
413 219 214 27 speciallagstiftning
643 220 6 20 i
664 221 78 25 ämnet,
757 219 33 21 för
806 221 33 19 att
854 222 75 23 trygga
944 218 84 22 arbeta-

199 253 49 15 rens
271 249 50 24 rätt,
341 249 24 19 är
381 247 22 21 af
417 248 101 21 behofvet
533 248 109 27 päkallad.
673 248 87 21 Säledes
776 247 113 21 förefinnes
905 248 66 26 enligt
985 247 43 21 min

198 276 136 26 uppfattning
349 276 6 21 i
371 276 68 21 denna
455 276 34 21 del
504 277 120 26 egentligen
639 276 47 22 icke
701 276 143 27 nägonstädes
857 276 83 21 tvekan.

268 304 62 22 Hvad
346 305 102 21 särskildt
463 305 162 21 förhållandena
636 306 6 20 i
654 305 47 21 vårt
712 305 48 21 land
773 304 108 26 beträffar,
894 304 24 22 sä
929 304 38 21 hav
978 304 50 22 äbe-

199 334 74 25 ropats
295 335 33 19 att
351 334 40 20 den
414 337 59 18 stora
496 334 143 21 allmänheten
662 334 39 20 hos
724 340 34 14 oss
773 340 51 14 vore
841 333 38 21 bra
894 340 41 20 nog
950 333 27 27 pä
993 333 35 21 det

199 361 76 21 oklara
297 362 47 21 med
367 362 26 21 de
412 362 112 27 principer,
546 369 45 14 som
608 362 36 22 det
659 362 39 21 här
713 362 68 26 gäller
796 364 32 19 att
843 362 129 26 genomföra,
989 362 39 21 och

199 390 26 21 de
241 390 162 28 konsegvenser,
414 398 46 14 som
476 391 130 27 lagstiftning
622 391 27 26 pä
665 391 59 21 detta
740 390 87 22 omräde
843 390 68 22 skulle
927 390 100 22 medföra.

198 418 41 27 Jag
261 418 42 22 kan
327 419 45 22 icke
396 420 95 20 erkänna
513 421 33 19 att
566 420 145 21 förhällandet
726 426 50 14 vore
792 420 81 20 sädant.
904 419 83 27 Frägan
1003 421 25 19 är

197 447 24 27 ju
245 447 62 22 äfven
328 448 39 21 hos
389 454 34 15 oss
446 448 46 22 icke
514 455 34 20 ny,
572 448 39 22 och
630 448 102 21 särskildt
747 448 64 21 hafva
827 448 119 21 Ständerna
962 448 65 21 redan

198 475 58 22 förut
272 476 46 22 haft
333 477 114 26 anledning
462 479 32 19 att
510 480 50 24 taga
576 477 119 26 befattning
711 477 48 21 med
775 477 129 21 densamma.
934 476 43 22 Det
990 483 37 14 var

198 504 28 27 pä
241 505 69 27 grund
326 505 22 21 af
363 512 25 15 en
403 506 24 21 af
439 506 120 21 Ständerna
574 506 35 21 vid
627 507 53 20 1882
697 505 35 22 års
748 505 103 26 landtdag
861 505 77 21 atläten
950 505 77 21 under-

199 533 64 26 dänig
279 534 89 26 petition
384 535 80 25 derom,
480 538 32 18 att
528 537 31 19 ett
571 534 116 27 lagförslag
697 534 67 21 skulle
776 534 119 27 föreläggas
906 534 121 21 Ständerna

198 562 111 27 angäende
330 563 163 26 arbetsgifvares
515 563 121 27 skyldighet
658 566 32 18 att
712 563 79 21 bereda
807 563 118 26 ersättning
941 563 22 21 ät
978 563 48 20 ska-

199 591 54 21 dade
269 591 104 26 arbetare,
393 598 45 15 som
455 592 107 27 Styrelsen
579 592 90 21 tillsatte
685 592 39 21 den
741 592 68 21 första
825 591 100 24 komit&n,
942 591 84 22 hvilken

198 619 55 21 hade
278 619 141 28 beredningen
441 621 23 20 af
484 621 89 21 ärendet
592 621 36 27 sig
644 621 130 26 uppdragen,
791 621 39 20 och
847 621 83 20 hvilken
947 621 79 21 komit6

198 648 60 27 afgaf
277 649 37 20 sitt
337 649 135 22 betänkande
496 650 61 21 1884.
588 649 64 21 Ofver
668 650 60 20 detta
744 649 134 22 betänkande
895 649 130 21 affordrades

199 677 27 21 dä
249 677 110 21 utlätande
382 678 46 21 frän
452 678 42 21 alla
517 678 79 26 städer,
613 678 42 21 alla
670 678 187 27 yrkesföreningar
872 678 39 21 och
927 677 47 21 frän
990 684 36 14 en-

198 706 70 21 skilda
283 712 107 20 personer.
422 707 112 26 Förslaget
549 707 7 20 i
572 707 68 20 denna
656 707 34 20 del
706 707 125 20 föranledde
847 706 117 21 emellertid
980 707 45 20 icke

198 735 140 26 proposition,
361 735 64 21 innan
449 735 53 27 ånyo
526 735 34 21 vid
578 736 54 21 1888
648 735 34 21 års
698 735 103 26 landtdag
817 741 25 15 en
858 742 27 20 ny
900 735 89 27 petition
1005 734 22 21 af

198 763 121 22 Ständerna
334 763 67 25 afläts,
417 764 7 21 i
440 764 53 27 syfte
509 766 33 19 att
558 764 107 27 Styrelsen
682 764 68 21 skulle
766 763 124 22 införskaffa
906 764 119 26 utredning,

199 797 34 16 om
257 792 39 21 och
319 791 6 21 i
340 792 84 21 hvilken
440 793 147 26 utsträckning
602 793 223 26 arbetareförsäkring
841 792 98 27 möjligen
955 792 70 21 kunde

197 820 89 21 införas.
316 820 83 27 Frågan
423 821 44 22 blef
488 822 48 20 med
557 821 113 27 anledning
692 821 63 21 häraf
773 821 54 27 ånyo
841 821 143 21 underkastad
1000 827 25 15 en

197 849 93 21 komités
313 849 103 27 pröfning.
447 849 136 22 Beträffande
606 851 39 20 den
667 850 33 21 del
723 850 22 21 af
762 849 81 27 frågan,
860 856 45 15 som
921 849 55 22 afser
991 856 35 15 ar-

198 877 113 23 betarenes
327 878 168 22 säkerställande
510 879 34 21 för
559 878 117 28 olycksfall,
692 879 24 21 så
731 879 104 21 stannade
851 879 69 21 denna
935 878 90 22 komités

197 907 109 26 majoritet
321 907 35 21 vid
371 910 32 18 ett
418 907 85 27 förslag,
520 914 46 14 som
581 908 6 20 i
598 908 42 20 alla
656 908 119 26 väsentliga
792 908 59 20 delar
872 908 39 20 och
925 907 100 21 särskildt

197 936 7 20 i
219 936 121 26 principielt
355 935 119 22 hänseende
498 936 181 21 öfverensstämde
696 936 47 21 med
760 937 41 20 den
817 936 126 26 föregående
959 936 66 21 komi-

197 964 55 21 téns.
283 964 131 22 Differensen
438 965 76 21 mellan
538 965 25 21 de
580 965 56 21 båda
652 965 143 21 komitéernas
811 965 79 26 förslag
905 966 24 19 är
944 964 81 27 ganska

198 992 61 26 ringa
275 992 40 22 och
330 993 67 27 ligger
412 993 177 27 hufvudsakligen
605 994 44 21 deri
665 996 32 19 att
713 994 41 20 den
770 1000 75 14 senare
857 993 94 21 komitön
959 992 66 28 ansåg

198 1021 31 27 sig
252 1021 54 21 böra
327 1022 28 26 gå
375 1022 65 26 något
463 1022 72 27 längre
550 1022 7 21 i
573 1022 145 26 detaljerande
734 1022 22 21 af
770 1022 155 21 understödens
942 1021 83 27 belopp.

197 1049 66 22 Öfver
286 1050 69 21 denna
379 1050 92 22 komités
495 1051 80 27 förslag
597 1051 133 21 infordrades
753 1050 55 28 ånyo
832 1050 124 22 utlåtanden
978 1050 47 21 från

197 1078 100 26 samtliga
312 1078 72 22 städer
399 1080 6 20 i
422 1080 78 25 landet,
516 1079 47 21 från
579 1080 98 26 samtliga
692 1079 192 27 yrkesföreningar,
895 1079 47 21 från
953 1079 72 21 veder-

197 1106 96 22 börande
311 1107 197 27 fackmyndigheter
524 1108 39 21 och
579 1108 47 21 från
642 1108 96 21 enskilda
753 1114 102 20 personer
871 1108 39 21 och
926 1107 48 22 stod
990 1108 35 20 det

197 1135 53 21 hvar
266 1136 39 20 och
321 1142 26 15 en
362 1136 46 22 fritt
420 1139 32 18 att
462 1137 7 20 i
480 1136 65 22 saken
556 1139 58 25 yttra
622 1137 36 26 sig.
674 1137 10 21 I
692 1137 73 26 sjelfva
777 1136 74 22 verket
861 1136 106 21 inkommo
979 1136 46 21 icke

197 1164 82 21 mindre
295 1166 26 19 än
338 1165 40 21 116
394 1165 132 21 utlåtanden.
557 1165 29 21 Af
600 1166 62 20 dessa
672 1166 109 20 uttalades
792 1166 74 20 endast
877 1166 6 20 i
894 1166 13 20 8
918 1165 40 21 den
970 1164 55 27 åsigt

196 1195 33 19 att
245 1192 74 27 frågan
335 1194 56 20 ännu
407 1194 71 21 kunde
494 1194 62 24 hvila,
574 1194 75 21 medan
665 1194 25 21 de
707 1194 69 26 öfriga
793 1194 40 20 108
849 1194 78 26 ansågo
945 1200 24 14 en
981 1193 43 27 lag-

197 1221 98 27 stiftning
316 1222 7 20 i
344 1223 71 20 ämnet
437 1228 51 15 vara
511 1222 21 21 af
547 1222 99 22 behofvet
662 1223 107 25 påkallad,
786 1222 67 21 ehuru
868 1222 107 26 åsigterna
990 1228 34 15 om

197 1250 40 21 den
260 1252 41 24 väg
324 1256 49 15 man
395 1250 67 22 borde
478 1251 53 21 inslå
546 1257 52 15 voro
614 1251 81 21 delade.
726 1251 85 27 Frågan
827 1251 38 21 har
881 1251 82 21 således
978 1250 47 22 icke

196 1278 57 21 blott
276 1278 67 22 blifvit
365 1279 58 21 inom
442 1279 120 21 Ständerna
577 1281 77 20 tvänne
670 1280 79 26 gånger
765 1280 127 24 behandlad,
908 1279 45 21 icke
969 1279 56 21 blott

196 1307 56 21 varit
273 1308 88 20 föremål
385 1308 32 20 för
438 1310 78 19 tvänne
530 1308 116 21 komitéers
661 1308 190 26 undersökningar,
866 1311 51 18 utan
934 1308 36 20 har
986 1314 39 15 un-

196 1335 38 21 der
249 1337 78 20 tvänne
343 1336 106 21 särskilda
464 1336 79 22 skeden
560 1336 68 22 blifvit
644 1337 60 27 gjord
720 1337 32 21 till
769 1336 89 22 föremål
871 1336 34 21 för
915 1336 40 22 den
967 1339 58 19 stora

195 1363 156 23 allmänhetens
375 1364 105 28 pröfning,
496 1366 89 20 hvarvid
599 1366 116 26 yttranden
730 1366 47 21 från
793 1365 58 21 olika
866 1365 43 21 håll
924 1365 100 27 afgifvits.

195 1392 44 22 Det
264 1394 24 20 är
310 1393 43 26 mig
375 1393 59 21 svårt
458 1396 31 19 att
510 1394 55 21 fatta
586 1397 32 18 att
633 1401 49 14 man
698 1394 69 21 under
782 1394 80 21 sådana
877 1393 148 22 förhållanden

195 1420 72 22 kunde
290 1422 48 20 med
359 1422 26 20 de
400 1422 128 27 föregående
543 1422 65 22 ärade
624 1423 96 21 talarene
735 1424 59 25 säga,
810 1424 32 19 att
858 1422 40 21 den
913 1425 58 18 stora
987 1422 39 20 all-

195 1449 114 22 mänheten
325 1450 46 21 icke
387 1450 46 22 haft
448 1451 114 27 anledning
578 1453 32 19 att
624 1453 58 20 sätta
697 1452 32 26 sig
744 1451 23 21 in
779 1452 7 20 i
799 1450 55 22 hvad
866 1450 75 27 frågan
953 1450 72 27 gäller.

265 1478 38 21 Ett
325 1478 47 21 skäl
395 1482 32 18 att
449 1479 72 27 afböja
543 1480 160 26 propositionen
718 1480 53 21 eller
787 1479 122 21 Utskottets
924 1479 79 26 förslag
1019 1478 7 21 i

195 1506 61 21 detta
271 1508 61 20 ämne
354 1507 42 21 kan
412 1508 66 26 enligt
493 1508 43 21 min
552 1508 64 21 tanke
632 1509 35 21 vid
679 1508 78 22 sådant
777 1508 133 21 förhållande
923 1507 103 27 föreligga

195 1534 77 22 endast
294 1541 34 15 om
351 1542 50 15 man
419 1543 63 15 anser
498 1537 40 21 den
554 1537 88 27 princip,
658 1537 27 27 på
701 1537 87 21 hvilken
803 1536 138 27 lagförslaget
957 1536 68 21 blifvit
