1181 1773
213 120 56 22 1112
456 126 25 17 R.
494 131 18 13 o.
524 127 24 17 A.
561 126 58 18 1894.
644 126 22 17 17
678 126 48 22 Maj.

184 206 66 21 orden
273 205 63 28 eller
357 206 54 21 varit
433 206 123 28 fullmäktig
576 206 6 22 i
598 206 84 22 saken”.
713 206 43 22 Det
770 212 39 15 var
823 212 28 15 en
866 205 147 22 försummelse

183 233 24 22 af
228 234 43 28 mig
293 236 33 25 att
348 234 47 22 icke
411 234 101 27 päminna
527 241 34 15 om
578 235 70 21 denna
662 234 132 22 reservation
809 234 59 27 vid
857 229 16 37 $
884 234 19 27 8,
916 240 49 16 men
977 234 37 27 jag

184 262 69 22 skulle
269 262 128 23 åtminstone
412 263 133 22 beträffande
560 264 11 26 &
588 264 12 21 9
615 263 51 27 vilja
680 265 52 26 göra
748 264 41 21 den
804 263 105 27 gällande.

253 320 33 21 Hr
308 320 25 21 A.
356 320 24 22 L.
402 326 41 16 von
461 320 158 28 Knorring
634 320 72 22 anhöll
722 320 62 22 äfven
799 322 33 20 att
847 320 22 22 fä
883 320 133 22 understöda

185 348 160 22 reservationen
360 349 40 21 N:o
415 351 13 20 3
443 350 8 20 i
466 349 70 22 denna
551 349 42 22 del.

454 446 282 28 Omröstningsproposition
743 453 4 14 :

253 509 54 26 Den,
323 515 45 16 som
385 510 124 27 godkänner
524 510 13 27 $
553 511 13 20 9
582 510 66 27 enligt
662 509 124 22 Utskottets
801 509 86 28 förslag,
899 515 74 16 svarar
981 509 34 27 ja;

253 577 43 22 blir
319 578 34 27 nej
377 578 161 28 öfvervägande,
560 579 79 21 införes
661 578 13 21 &
690 580 54 20 1:sta
759 578 66 22 raden
841 578 23 21 af
877 578 38 21 sid.
931 579 14 20 4
960 577 55 22 efter

184 606 66 22 orden
267 623 9 9 ,
281 609 61 24 parts
357 607 175 22 vederdeloman*
547 607 67 22 orden
628 607 64 27 ,eller
708 607 54 22 varit
777 607 122 27 fullmäktig
913 607 8 21 i
931 607 84 21 saken”.

253 669 83 22 Genom
357 671 33 20 att
404 670 92 22 besvara
511 670 70 21 denna
596 670 132 27 proposition
744 670 49 21 med
808 669 157 27 öfvervägande
979 669 34 27 nej

183 698 55 21 hade
249 698 26 21 R.
286 705 18 14 o.
318 699 26 20 A.
356 699 96 26 godkänt
462 698 154 22 ofvananförda
630 699 6 21 i
647 699 69 26 tredje
727 699 159 21 reservationen
894 698 121 27 föreslagna

184 727 248 28 redaktionsförändring
448 727 22 22 af
485 729 10 25 $
512 728 12 21 9
540 727 7 22 i
562 727 55 27 Kap.
634 729 18 20 1.

252 789 59 22 Utan
327 790 140 27 anmärkning
482 790 90 27 gillades
587 790 123 22 äterstoden
723 789 24 22 af
762 791 9 20 1
789 789 61 28 Kap.,
865 789 50 22 hela
929 790 14 21 2
958 789 55 27 Kap.

183 860 56 20 samt
255 859 28 26 $$
300 859 53 21 1--6
369 859 24 22 af
406 859 13 22 3
433 859 55 28 Kap.

253 927 42 22 Vid
311 928 12 20 7
339 928 12 27 &
368 928 13 21 3
396 928 54 28 Kap.
465 928 67 22 utbad
548 928 32 27 sig

251 995 34 21 Hr
299 996 26 21 A.
341 996 24 21 L.
381 1002 40 16 von
439 996 157 27 Knorring
615 996 61 22 ordet
691 996 39 22 och
745 995 98 28 yttrade:
865 995 46 22 Här
926 995 39 21 ber
977 995 39 27 jag

182 1023 22 21 få
227 1023 101 27 påminna
349 1031 35 15 om
407 1025 41 21 den
470 1025 24 21 af
511 1025 32 21 Hr
558 1024 92 22 Jusö6lius
665 1024 174 22 undertecknade
855 1024 159 22 reservationen

184 1052 41 21 och
247 1052 88 22 förorda
358 1054 131 27 antagandet
511 1053 24 21 af
554 1054 36 21 det
612 1053 173 27 tilläggsförslag,
809 1059 46 15 som
877 1052 43 22 han
940 1052 7 22 i
962 1052 51 22 den-

183 1086 83 16 samma
281 1081 62 27 gjort.

251 1149 59 22 Frih.
352 1150 222 27 Langenskiöld:
598 1150 42 22 Det
650 1156 38 15 var
698 1150 42 22 min
751 1149 66 27 afsigt
827 1151 33 20 att
869 1151 53 25 göra
933 1155 82 16 samma

181 1177 82 27 förslag
285 1184 45 15 som
353 1179 31 21 Hr
406 1185 41 15 von
462 1179 114 27 Knorring,
592 1178 87 22 hvarför
691 1178 37 28 jag
743 1178 40 22 ber
798 1180 33 19 att
846 1177 22 22 fä
883 1178 132 21 understöda

181 1205 87 22 honom.
299 1206 42 22 Det
363 1213 62 21 synes
447 1214 51 14 vara
520 1209 45 20 rätt
588 1207 120 27 opraktiskt
726 1209 33 19 att
774 1207 77 25 stadga
866 1206 37 22 det
917 1206 96 22 ansökan

182 1240 35 16 om
241 1234 127 28 försäljning
387 1235 24 21 af
423 1236 7 21 i
445 1238 45 19 mät
505 1239 64 24 tagen
584 1236 110 26 egendom,
710 1242 45 15 som
772 1237 24 19 är
811 1234 144 22 underkastad
970 1235 43 21 för-

181 1262 114 28 skämning
311 1264 53 21 eller
379 1266 60 20 snart
453 1265 109 25 förstöres,
578 1264 55 22 skall
647 1266 64 25 göras
727 1264 40 22 hos
783 1263 170 27 öfverexekutor,
968 1265 46 19 sär-

181 1291 67 22 skildt
270 1292 13 21 &
305 1292 80 22 landet.
415 1293 33 21 En
468 1293 58 27 dylik
541 1293 100 21 anhållan
656 1293 68 21 skulle
740 1294 51 26 taga
807 1292 24 22 sä
846 1292 50 26 lång
910 1292 31 21 tid
957 1292 6 21 i
975 1298 38 14 an-

181 1320 66 26 spräk
270 1322 33 20 att
325 1320 41 22 den
385 1322 109 26 egendom,
508 1328 45 15 som
569 1328 48 15 man
633 1321 48 22 ville
696 1321 22 21 fä
732 1320 89 27 försäld,
837 1321 64 21 innan
916 1320 97 22 tillständ

181 1348 78 22 hunnit
280 1350 109 26 utverkas,
411 1350 70 21 blefve
504 1350 81 26 skämd,
608 1350 51 22 eller
682 1350 95 22 förstörd
799 1350 52 21 eller
866 1349 55 21 hade
936 1349 78 21 fallit
1003 1344 14 38 i

181 1377 73 21 värde.
285 1378 43 21 Det
342 1384 63 21 synes
419 1379 44 27 mig
478 1378 72 22 derför
565 1379 84 27 mycket
664 1384 60 16 mera
738 1378 109 28 praktiskt
863 1378 39 21 och
915 1377 40 22 alls
966 1378 48 20 icke

181 1405 104 22 riskabelt
300 1408 33 19 att
347 1406 71 22 tillåta
433 1408 181 26 utmätningsman
630 1409 32 19 att
677 1407 98 21 meddela
789 1408 32 20 ett
831 1406 70 27 dylikt
911 1406 104 26 tillstånd,

181 1434 102 21 särskildt
305 1440 34 16 om
361 1441 56 20 man,
441 1436 70 21 såsom
534 1436 7 21 i
556 1436 158 21 reservationen
729 1435 129 27 föreslagits,
874 1434 140 22 säkerställer

179 1462 153 28 godsegarens,
355 1464 37 21 det
414 1466 25 19 är
461 1464 141 26 gäldenärens
620 1466 44 20 rätt
678 1470 77 20 genom
771 1463 112 22 föreskrift
897 1464 33 20 att
945 1462 70 27 dylikt

180 1486 109 59 Sean.
301 1491 34 22 får
357 1492 109 22 meddelas
489 1493 76 21 endast
580 1495 45 19 mot
640 1493 81 27 borgen
736 1492 54 22 eller
805 1494 52 25 pant
872 1492 33 21 för
920 1490 93 22 kostnad

180 1524 25 17 och
235 1526 76 15 skada.
