1181 1773
469 122 221 34 Afskedshelsningar.
910 124 54 20 1533

165 210 50 26 ning
231 209 66 21 borde
312 209 28 26 på
355 210 78 20 andras
448 209 119 21 bekostnad
584 210 140 20 tillerkännas
740 209 115 21 företräde.
881 208 30 21 På
926 209 68 26 grund

165 238 24 20 af
207 238 40 20 den
264 238 112 26 utredning
392 238 110 26 angående
518 238 160 21 statsbehofven
694 238 40 20 och
750 240 119 24 utvägarna
885 238 32 20 till
932 238 62 20 deras

165 266 144 25 bestridande,
325 273 44 14 som
384 267 68 20 under
467 266 141 27 landtdagens
624 266 49 26 lopp
690 267 92 25 vunnits,
799 266 62 21 hafva
877 266 117 21 emellertid

166 294 120 22 Ständerna
301 297 42 19 sett
358 296 31 26 sig
404 296 6 20 i
426 294 83 22 tillfälle
526 298 33 18 att
573 298 51 18 utan
640 295 159 21 förfördtelande
809 295 23 20 af
841 295 78 26 vigtiga
930 296 64 19 stats-

167 324 104 20 intressen
295 324 40 20 och
357 324 47 20 med
427 324 139 26 iakttagande
581 324 23 20 af
618 324 38 20 full
673 324 82 26 hänsyn
771 324 31 20 till
819 323 137 27 möjligheten
972 322 23 22 af

167 352 137 21 oförutsedda
326 352 89 27 utgifter
437 353 6 20 i
460 352 104 26 väsentlig
580 352 48 21 män
643 352 117 21 inskränka
776 352 26 20 de
817 352 122 26 föreslagna
954 358 41 20 nya

168 381 179 21 skattebördorna
369 381 39 21 och
431 381 75 21 dervid
522 382 63 20 hafva
601 381 120 21 Ständerna
737 381 54 21 dock
807 383 54 19 trott
877 381 31 26 sig
925 381 71 20 kunna

167 412 81 18 emotse
272 412 31 18 ett
326 410 102 26 betydligt
447 410 119 20 öfverskott
581 410 7 20 i
604 410 133 20 statsfonden
754 410 35 20 vid
805 409 107 27 utgången
928 409 22 21 af
963 410 33 20 in-

167 438 83 27 gäende
274 438 147 27 finansperiod.
453 438 44 21 Och
521 439 55 20 hvad
597 438 254 27 jernvägsbyggnaderna
867 438 71 27 angär,
959 438 38 21 har

168 467 68 21 under
252 467 118 27 gärdagens
385 468 50 25 lopp
452 469 31 19 ett
498 468 136 25 enstämmigt
651 467 70 21 beslut
738 467 22 20 af
774 467 43 20 alla
833 467 66 21 Ständ
909 467 86 26 ernätts,

168 496 66 26 enligt
256 496 81 21 hvilket
358 496 57 21 olika
438 496 132 21 landsdelars
586 496 66 21 behof
666 496 22 21 af
702 496 133 21 förbättrade
851 496 146 21 kommunika-

168 525 70 20 tioner
257 525 142 26 tillgodosetts
416 525 38 20 och
462 524 216 27 jernvägsarbetenas
684 524 74 27 jemna
766 525 99 26 fortgäng
874 525 122 26 betryggats

168 556 51 17 utan
244 555 32 19 att
292 554 81 20 landets
389 554 163 26 rörelsekapital
572 554 2 20 i
590 560 82 14 samma
687 553 52 26 grad
757 559 45 15 som
819 554 25 20 de
860 559 74 15 senare
945 553 51 21 ären

168 582 57 21 skett
241 583 72 20 dervid
329 582 80 21 bindes.

238 611 40 21 Vid
304 611 154 26 behandlingen
484 611 22 20 af
527 611 41 20 alla
584 611 62 20 dessa
661 611 71 26 frägor
748 610 39 21 har
803 611 39 20 den
860 613 59 18 stora
933 610 64 27 insigt

169 639 40 21 och
235 639 126 24 erfarenhet,
389 640 35 20 det
449 646 75 14 varma
540 640 38 21 och
594 640 101 26 upplysta
710 639 91 21 intresse
817 639 32 21 för
865 639 132 21 framätskri-

169 668 70 21 dande
253 669 28 26 pä
297 669 41 20 alla
354 668 107 25 omräden,
478 675 44 14 som
538 669 6 20 i
561 669 35 20 det
611 668 121 26 Höglofliga
749 667 89 22 Ständet
853 670 24 19 är
893 668 24 21 sä
926 668 71 25 mäng-

169 697 64 26 sidigt
261 697 176 26 representeradt,
463 697 7 20 i
497 697 43 21 rikt
562 697 54 21 mätt
631 697 57 26 gjort
703 697 32 26 sig
750 697 104 26 gällande.
883 697 114 20 Tacksamt

169 725 136 22 erkännande
331 726 64 25 detta,
421 725 33 21 fär
478 725 181 26 Borgareständet
684 725 103 26 derjemte
803 725 56 27 gifva
874 725 86 26 uttryck
975 724 23 21 ät

169 754 32 21 sin
223 753 62 28 lifligt
309 755 70 20 kända
394 754 187 21 tillfredsställelse
597 754 99 21 deröfver
712 756 32 19 att
759 754 36 21 vid
811 755 70 20 denna
895 753 103 26 landtdag

169 783 71 20 säsom
263 783 36 21 vid
321 783 22 21 sä
359 783 76 26 mänga
450 783 128 25 föregäende
594 783 7 20 i
616 783 72 25 frägor
704 789 35 14 om
755 783 36 20 det
807 783 62 20 bästa
885 784 66 19 sättet
966 784 32 19 att

169 811 104 27 betrygga
295 812 40 21 och
357 811 101 22 befordra
476 811 151 21 fosterlandets
643 811 62 26 lycka
721 811 40 21 och
777 811 97 27 välgäng,
890 812 61 20 detta
965 810 33 21 för

169 840 46 20 alla
231 840 65 21 Ständ
313 847 158 19 gemensamma
486 840 49 26 mäl,
551 840 164 26 uppfattningen
731 840 39 21 hos
786 840 157 26 Ridderskapet
959 839 39 21 och

169 869 70 21 Adeln
255 871 54 19 samt
318 869 180 26 Borgareständet
506 869 70 21 varit
570 864 13 35 i
587 869 35 21 det
630 869 119 26 väsentliga
761 868 236 22 öfverensstämmande.

242 898 53 21 1894
311 898 34 21 ärs
360 898 156 26 Borgareständ
534 898 96 21 anhäller
645 900 32 18 att
692 897 22 21 fä
729 904 52 14 vara
796 898 115 20 inneslutet
927 898 5 20 i
948 897 51 21 Väl-

169 926 67 21 borne
260 927 30 20 Hr
311 926 217 22 Landtmarskalkens
544 929 55 18 samt
614 926 169 26 Ridderskapets
799 926 38 21 och
853 926 80 21 Adelns
948 925 51 27 häg-

169 955 78 21 komst.

239 1041 60 21 Härä
313 1042 88 20 svarade
418 1041 30 21 Hr
463 1041 217 21 Landtmarskalken:

239 1115 43 21 För
307 1115 36 21 det
367 1115 24 21 R.
413 1122 18 14 o.
448 1115 25 21 A.
490 1115 80 26 egnade
586 1121 74 15 varma
675 1115 144 24 erkännande,
834 1121 46 15 som
895 1115 104 26 Borgare-

172 1143 86 21 ståndet
286 1150 29 14 nu
339 1144 7 20 i
372 1144 180 21 afskedsstunden
576 1144 86 26 uttalat,
686 1143 91 27 betygar
803 1144 25 20 R.
856 1150 18 15 o.
898 1144 26 20 A.
947 1149 53 15 sann

171 1172 146 22 tacksamhet!
347 1172 26 21 R.
395 1179 19 15 o.
437 1173 37 20 A:s
497 1173 35 20 vid
548 1172 166 21 ständermötets
731 1172 76 26 början
822 1172 63 27 hysta
899 1172 102 26 förhopp-

170 1200 51 27 ning
245 1200 28 27 pä
297 1201 104 26 väsentlig
426 1201 221 21 öfverensstämmelse
672 1201 91 21 emellan
779 1201 47 20 dess
841 1201 40 21 och
896 1201 105 25 Borgare-

169 1229 98 21 ständets
291 1230 135 26 uppfattning
452 1230 40 20 och
512 1230 174 26 äskädningssätt
701 1230 39 20 har
756 1230 47 20 icke
819 1230 68 20 under
902 1229 98 21 landtda-

170 1264 52 19 gens
237 1258 99 27 fortgäng
352 1258 70 21 blifvit
436 1258 74 21 sviken
526 1258 40 21 och
582 1258 122 26 derigenom
720 1260 38 18 äro
768 1258 90 26 banden,
870 1264 45 15 som
927 1257 74 21 förena

171 1286 26 21 de
212 1286 67 27 bägge
296 1286 100 27 Stånden,
405 1289 26 18 än
442 1288 86 25 trängre
540 1287 184 21 sammanknutna.

239 1315 26 21 R.
281 1322 19 14 o.
317 1316 24 20 A.
358 1316 65 20 beder
438 1316 182 26 Borgareständet
635 1322 51 14 vara
702 1316 135 26 öfvertygadt
849 1322 34 14 om
897 1314 42 22 fast
949 1315 53 21 fort-

170 1349 52 15 varo
246 1344 23 20 af
283 1344 24 21 R.
325 1350 18 15 o.
359 1344 37 21 A:s
411 1344 124 27 uppriktiga
550 1344 137 26 högaktning,
704 1344 124 21 förtroende
843 1344 40 21 och
899 1344 102 25 vänskap.

241 1417 59 21 Härä
315 1418 98 21 afträdde
429 1418 159 26 deputationen.
