1181 1773
231 122 56 22 1040
472 128 24 17 R.
510 133 17 13 o.
540 130 22 16 A.
576 129 58 17 1894.
659 129 22 17 16
693 129 48 21 Maj.

200 208 43 20 slut
259 208 80 22 derom,
355 210 32 19 att
397 214 25 15 en
431 208 229 27 jernvägsanläggning
670 209 66 21 mätte
749 209 82 21 utföras
843 208 76 21 mellan
929 208 99 21 städerna

200 230 47 27 Äbo
271 236 39 22 och
334 236 136 27 Helsingfors.
508 237 10 21 I
542 238 40 20 den
601 238 136 24 reservation,
754 243 45 15 som
815 238 24 20 är
854 236 98 28 vidfogad
967 236 61 22 Jern-

200 265 169 26 vägsutskottets
386 266 133 20 betänkande
535 266 40 21 N:o
593 267 9 19 1
620 266 108 26 angäende
745 266 113 26 petitioner
874 272 34 14 om
919 266 109 26 jernvägs-

200 294 129 26 byggnader,
352 294 67 21 finner
439 301 49 14 man
504 296 31 20 ett
550 294 86 27 uttryck
652 294 24 21 af
690 295 25 20 de
732 294 85 27 äsigter,
834 294 72 21 hvilka
920 294 27 26 gä
963 296 23 19 ut
1001 294 27 26 pä

201 324 32 19 att
256 322 63 21 linien
342 317 210 32 Äbo-—Helsingfors
567 323 48 21 icke
631 323 65 21 borde
712 323 21 21 få
750 323 83 27 byggas.
866 323 43 21 Der
926 323 37 21 har
979 329 48 15 man

199 351 52 20 stält
267 351 32 26 sig
314 351 27 26 pä
356 352 40 20 den
411 351 139 27 ständpunkt,
566 354 32 18 att
614 352 19 20 vi
649 358 76 20 genom
741 351 52 21 vära
808 358 41 20 nya
862 351 166 27 jernvägsbygg-

200 379 66 21 nader
291 380 53 20 böra
367 380 87 21 framför
476 381 30 20 alt
531 380 53 21 söka
606 380 113 22 framkalla
735 380 25 21 lif
775 380 38 21 och
829 380 72 26 odling
916 381 6 20 i
939 380 88 25 trakter,

199 408 39 20 der
261 409 5 19 i
290 408 53 21 brist
362 408 27 27 pä
404 409 208 21 kommunikationer
628 409 98 21 kulturen
743 409 45 21 stär
803 409 54 21 efter
873 409 25 21 de
914 409 113 27 lyckligare

200 436 81 21 lottade
305 437 86 21 delarne
406 438 22 21 af
442 438 80 22 landet.
553 438 75 21 Denna
644 438 108 27 synpunkt
767 438 79 21 saknar
861 437 114 27 ingalunda
991 437 37 21 sitt

200 465 155 26 berättigande,
379 467 39 20 och
442 467 83 20 landets
549 467 90 21 Ständer
655 467 63 21 hafva
734 467 65 20 också
813 467 68 20 under
897 473 26 14 en
938 466 52 27 följd
1006 466 23 21 af

199 494 25 21 år
247 493 48 22 fullt
311 495 88 21 beaktat
414 498 32 18 att
461 495 68 21 finska
544 497 71 19 staten
632 496 33 20 vid
682 496 121 26 byggandet
818 495 22 21 af
853 495 114 26 jernvägar
981 495 46 20 icke

199 523 76 20 endast
298 523 38 20 bör
359 524 96 27 tillämpa
478 524 39 21 den
534 524 96 21 enskilda
646 523 167 22 affärsmannens
829 524 131 26 synpunkter
975 523 52 21 eller

199 551 81 27 hänsyn
303 552 32 21 till
359 554 78 19 största
461 553 86 26 möjliga
568 553 138 24 rentabilitet,
730 555 51 18 utan
805 552 64 21 ocksä
885 553 39 20 och
940 551 87 22 framför

197 580 32 20 alt
256 582 38 19 bör
316 581 65 20 tänka
403 581 27 26 pä
453 581 162 21 utsträckandet
636 581 22 21 af
676 581 73 27 sjelfva
762 582 163 26 jernvägsnätet
940 581 86 23 derhän,

198 610 33 19 att
247 609 31 20 alt
294 609 154 22 vidsträektare
465 610 58 21 delar
539 609 23 22 af
576 610 74 21 landet
664 610 35 21 mä
714 610 82 21 erhålla
811 611 36 20 det
863 610 79 26 vigtiga
958 609 69 21 medel

200 637 33 20 för
249 638 31 20 sin
296 639 127 26 utveckling,
440 645 44 14 som
498 639 142 26 jernvägarne
652 641 82 24 utgöra.
758 639 123 20 Emellertid
895 639 66 20 mäste
973 638 54 21 dock

198 665 61 22 äfven
277 667 68 20 denna
361 667 45 20 sida
422 667 22 21 af
456 667 203 27 jernvägspolitiken
676 667 63 21 hafva
755 667 45 20 sina
810 669 93 24 gränser.
925 667 40 20 Det
977 673 50 14 vore

198 697 51 18 utan
275 695 72 21 tvifvel
372 696 45 21 icke
442 696 129 24 välbetänkt,
596 703 34 13 om
654 703 48 14 man
722 696 69 21 under
806 702 111 20 omsorgen
933 697 32 19 att
980 695 47 21 föra

197 723 54 20 fram
275 724 154 21 fruktbärande
451 724 257 21 kommunikationslinier
731 725 32 20 till
787 725 25 20 de
834 724 59 21 delar
911 724 21 21 af
948 724 77 25 landet,

198 751 73 21 hvilka
292 752 32 21 stä
341 753 58 26 längt
414 753 54 21 efter
484 753 25 21 de
526 753 67 26 öfriga
608 753 93 26 delarne,
718 753 69 21 skulle
803 753 112 20 underläta
931 755 31 18 att
978 755 49 23 taga

197 781 7 20 i
228 781 147 21 betraktande.
399 781 71 21 hvilka
493 782 65 21 behof
572 788 44 15 som
632 782 115 21 förefinnas
763 782 6 21 i
786 782 25 20 de
827 782 58 20 äldre
901 781 126 27 kulturbyg-

199 809 72 20 derna.
302 809 38 21 Ett
363 810 75 21 sådant
461 811 157 26 förfaringssätt
641 817 57 17 vore,
720 817 34 14 om
772 817 25 14 en
811 810 121 26 jemförelse
947 810 80 20 tillätes

198 838 48 26 mig,
263 838 89 26 ungefär
367 839 118 23 enahanda,
502 846 44 14 som
564 845 34 15 om
614 845 78 20 egaren
708 839 22 21 af
745 845 24 14 en
787 839 162 26 landtegendom
960 838 67 21 under

197 866 68 21 ifvern
289 869 32 19 att
344 868 110 20 utsträcka
476 868 46 20 sina
545 867 125 27 nyodlingar
686 868 67 20 skulle
770 867 116 21 försumma
902 867 39 21 den
957 867 70 26 gamla

199 895 114 21 bolåkerns
336 902 39 14 ans
391 896 37 21 och
446 896 56 21 vård.
533 896 42 21 Det
591 897 42 20 kan
649 897 46 21 icke
710 896 49 21 med
775 896 48 21 fullt
839 896 46 21 skäl
901 896 78 26 påstås,
995 897 32 19 att

197 923 52 21 våra
272 924 69 21 äldsta
364 924 160 28 kulturbygder,
549 926 25 20 de
590 926 89 25 trakter,
694 926 37 20 der
747 924 84 22 arbetet
846 924 67 27 pågår
928 927 54 18 mest
996 924 31 21 in-

199 952 84 25 tensivt,
300 953 65 21 redan
381 954 69 20 skulle
466 960 50 14 vara
532 954 124 26 tillräckligt
673 954 156 26 tillgodosedda
844 954 47 20 med
909 953 59 21 detta
983 959 43 15 mo-

197 980 68 21 derna
288 982 270 21 kommunikationsmedel.
598 983 54 19 Hela
674 983 39 20 den
737 982 86 21 sträcka
844 982 23 20 af
887 982 78 23 landet,
981 988 46 14 som

197 1009 68 26 ligger
288 1013 69 17 vester
380 1017 33 14 om
437 1011 139 26 Helsingfors,
599 1011 151 25 genomskäres
773 1011 23 20 af
816 1012 78 19 tvänne
907 1010 118 26 jernvägar.

197 1038 47 20 Den
268 1044 40 14 ena
323 1040 24 19 är
364 1039 95 26 Hyvinge
471 1052 9 2 -
490 1040 154 26 Hangöbanan,
660 1046 44 14 som
721 1039 39 27 går
775 1039 127 21 afskärande
919 1039 56 21 öfver
991 1040 37 19 nä-

198 1068 47 19 stan
269 1067 42 20 alla
335 1067 25 21 de
381 1070 63 24 vägar
468 1068 38 21 och
530 1068 119 26 riktningar
664 1068 7 20 i
688 1068 71 21 hvilka
775 1070 70 18 vestra
861 1068 94 26 Nylands
972 1073 57 15 sam-

197 1094 79 22 färdsel
299 1097 36 19 rör
358 1096 37 26 sig.
424 1096 43 21 Det
486 1098 24 19 är
526 1097 40 20 den
583 1099 58 18 stora
657 1096 137 26 utförsvägen
810 1097 33 20 för
859 1096 24 21 de
901 1096 67 26 öfriga
983 1096 44 20 inre

198 1124 40 20 och
255 1124 120 26 nordligare
392 1125 86 21 delarne
493 1126 23 20 af
530 1125 72 21 landet
618 1126 31 20 till
666 1125 166 21 vinterhamnen.
863 1124 70 22 Sedan
947 1124 39 27 går
1001 1130 27 14 en

197 1158 71 14 annan
285 1152 47 21 linie
348 1152 54 22 ifrån
418 1153 129 21 Tavastland
563 1154 54 20 fram
633 1154 32 20 till
681 1154 37 20 vår
734 1154 83 20 kulturs
829 1160 74 19 vagga,
915 1148 46 26 Åbo
973 1153 54 25 stad,

198 1183 51 18 utan
267 1184 32 17 att
315 1187 75 20 genom
407 1182 31 20 sin
454 1182 124 26 sträckning
593 1184 77 24 utgöra
686 1189 24 13 en
728 1182 93 26 naturlig
837 1181 128 21 förbindelse
976 1182 51 20 mel-

197 1208 35 21 lan
245 1203 47 27 Åbo
309 1210 39 20 och
364 1210 47 21 dess
427 1210 91 27 omnejd.
534 1211 48 20 Men
599 1210 134 27 Helsingfors
745 1211 38 20 och
794 1205 47 26 Åbo
859 1210 64 20 hafva
933 1209 94 21 hvarken

197 1244 26 13 en
249 1238 67 20 sådan
339 1238 129 22 förbindelse
491 1239 48 21 med
562 1239 161 21 vinterhamnen
745 1240 76 25 Hangö
845 1238 52 22 eller
919 1245 25 14 en
961 1238 66 21 sådan

197 1266 130 21 förbindelse
350 1267 106 26 inbördes,
480 1274 45 14 som
542 1268 68 20 skulle
627 1272 107 16 motsvara
751 1267 100 21 behofvet
867 1267 26 26 på
909 1270 64 22 orter,
990 1267 37 21 der

196 1294 229 22 affärsverksamheten
441 1296 65 20 redau
523 1296 105 21 bedrifves
644 1303 58 14 mera
718 1296 101 21 intensivt
835 1296 38 20 och
890 1302 59 14 mera
961 1296 67 26 enligt

196 1323 75 21 nutida
286 1323 54 26 kraf,
353 1326 28 18 än
397 1325 5 19 i
419 1324 82 21 landets
517 1325 45 20 inre
578 1325 65 21 delar.

265 1352 41 26 Jag
329 1352 53 21 skall
406 1353 47 21 icke
476 1353 114 27 uppehålla
614 1354 35 20 det
672 1354 64 20 ärade
753 1353 101 21 Ståndets
869 1352 30 21 tid
917 1352 47 21 med
979 1354 48 19 när-

196 1386 59 14 mare
278 1381 125 27 utläggning
425 1382 24 20 af
470 1382 26 20 de
518 1382 52 25 skäl,
592 1388 45 15 som
654 1382 44 20 tala
713 1382 34 20 för
763 1381 190 21 åstadkommande
967 1381 24 20 af
1001 1387 26 15 en

196 1408 72 22 direkt
281 1409 226 27 jernvägssträckning
523 1410 77 21 mellan
616 1410 133 26 Helsingfors
766 1410 39 21 och
821 1404 55 27 Åbo.
906 1410 46 20 Den
968 1410 59 26 bety-

196 1437 64 25 delse,
277 1438 62 20 dessa
362 1438 66 21 banor
443 1438 67 22 måste
526 1438 63 22 hafva
604 1439 61 21 äfven
681 1439 34 21 för
731 1438 177 27 mellanliggande
923 1440 64 23 orter,
1003 1440 25 18 är

196 1466 117 26 uppenbar,
331 1468 39 19 när
385 1473 49 15 man
450 1470 60 24 tager
525 1468 5 20 i
548 1468 141 20 betraktande
706 1470 32 18 att
754 1468 38 20 der
807 1469 37 19 äro
861 1467 26 21 de
903 1469 54 19 mest
971 1466 56 21 folk-

195 1496 46 18 täta
267 1495 39 21 och
329 1495 61 21 äfven
413 1496 6 20 i
443 1496 99 21 afseende
564 1496 12 20 å
600 1496 90 21 industri
710 1498 55 19 mest
781 1495 143 21 framstående
940 1495 86 27 bygder.

195 1522 299 29 Rentabilitetsberäkningen
511 1524 33 21 mä
558 1525 37 26 jag
606 1524 60 21 äfven
680 1525 69 21 lemna
761 1524 88 21 derhän.
874 1524 41 20 Det
926 1526 24 18 är
961 1524 66 26 omöj-
