1181 1773
223 120 54 21 1322
471 126 24 16 R.
508 130 18 12 o.
540 126 21 16 A.
575 126 57 16 1894.
657 126 26 16 25
696 125 47 21 Maj.

191 205 50 27 ingä
265 205 64 21 bland
350 206 144 20 inkomsterna
510 206 6 20 i
532 205 134 27 statsfonden
682 204 40 21 och
737 204 84 22 säledes
837 205 76 25 utgöra
929 206 31 19 ett
975 204 45 21 icke

192 234 89 20 alldeles
303 234 118 27 obetydligt
443 234 99 21 tillskott.
573 233 68 22 Äfven
662 234 68 20 denna
747 232 158 27 omständighet
920 232 39 21 har
975 232 45 22 icke

192 262 70 21 blifvit
285 262 109 22 förbisedd
417 262 22 21 af
461 262 236 27 Finansexpeditionen,
719 268 48 14 men
783 262 36 20 det
834 261 41 21 blir
890 261 131 27 nödvändigt

191 293 34 19 att
240 291 59 26 gifva
315 291 21 21 ät
352 292 101 26 äklagare
469 298 25 14 en
511 292 119 25 ersättning
645 290 35 21 för
696 290 39 21 den
751 289 63 21 andel
825 290 30 21 uti
867 290 98 25 sakören,
976 296 45 14 som

191 320 27 20 de
243 320 76 20 hittills
344 320 53 26 haft,
420 320 40 21 och
484 320 62 20 torde
570 320 39 20 den
632 320 69 26 utgift,
723 326 45 14 som
785 319 120 26 derigenom
923 318 98 21 äsamkas

192 348 141 27 statsfonden,
356 348 85 22 komma
457 351 32 18 att
504 348 49 21 fullt
568 349 71 26 uppgä
655 348 33 20 till
704 348 39 20 den
760 354 88 19 summa,
865 354 44 14 som
925 348 6 20 i
947 348 74 20 betän-

191 376 81 22 kandet
287 379 24 19 är
326 378 124 26 kalkylerad
467 378 69 20 säsom
552 377 93 21 inkomst
661 377 7 20 i
684 376 139 22 statsfonden.
854 376 62 27 Uppä
931 382 46 21 pag.
996 376 22 20 11

191 405 40 21 har
254 406 165 21 Statsutskottet
442 406 86 21 nedsatt
550 406 41 20 den
614 406 23 20 af
656 405 235 26 Finansexpeditionen,
918 405 48 21 med
991 404 28 20 af-

191 435 79 21 seende
294 434 12 22 å
322 435 99 26 stegrade
436 434 88 27 utgifter
540 434 32 21 för
588 434 129 27 postverket,
734 434 137 26 kalkylerade
888 433 132 25 medelutgif-

191 465 36 19 ten
251 464 67 21 under
339 464 47 21 9:de
402 464 26 21 H.
444 464 23 21 T.
485 464 113 26 3,030,000
613 463 61 21 mark
690 463 32 20 till
735 463 69 26 jemnt
820 463 12 20 3
848 462 103 27 miljoner.
981 461 40 26 Jag

192 491 38 22 ber
247 494 32 19 att
295 492 73 21 härtill
383 493 21 20 fd
420 493 103 20 anmärka
539 494 32 19 att
586 491 158 26 framställning
761 491 69 21 blifvit
840 491 61 26 gjord
912 491 108 26 angäende

191 520 72 21 tillökt
285 521 51 21 eller
355 521 120 21 förbättrad
492 523 42 19 stat
550 521 33 20 för
599 521 124 26 postverket
738 520 40 21 och
794 520 62 21 torde
872 520 83 21 säledes
970 526 50 14 vara

191 551 32 19 att
245 552 80 19 emotse
349 556 26 15 en
397 549 122 27 förhöjning
542 549 5 21 i
564 549 62 21 dessa
642 549 94 26 utgifter,
753 555 45 14 som
814 549 48 20 fullt
877 549 96 20 kommer
989 550 31 19 att

191 580 100 25 motväga
309 578 41 21 den
365 585 89 19 summa,
470 579 48 20 med
534 578 85 21 hvilken
636 578 117 26 utgifterna
769 578 4 20 i
792 577 143 21 betänkandet
952 577 67 20 blifvit

190 606 152 22 förminskade.
373 607 9 21 1
398 607 52 26 följd
466 607 22 21 af
502 607 40 21 den
558 607 88 23 olikhet,
658 613 43 14 som
715 607 6 20 i
733 606 125 26 kalkylerna
872 606 58 21 öfver
940 606 81 21 inkom-

191 637 44 19 ster
264 635 39 21 och
324 636 86 26 utgifter
433 636 113 21 förefinnes
572 635 90 21 emellan
686 635 238 26 Finansexpeditionens
948 634 72 26 kalkyl

191 664 39 21 och
254 664 175 21 Statsutskottets
455 665 122 25 beräkning,
602 664 185 26 hufvudsakligast
810 663 54 21 hvad
881 666 74 23 posten
971 663 49 21 tull-

190 693 97 20 intrader
303 693 106 23 beträffar,
427 693 39 21 har
482 693 166 21 Statsutskottet
663 693 34 20 för
710 692 181 26 budgetperioden
905 692 69 21 funnit
985 692 35 20 det

190 721 121 26 disponibla
335 721 140 22 öfverskottet
498 723 5 20 i
520 722 133 21 statsfonden
675 721 70 26 uppgä
761 721 32 20 till
810 723 97 18 närmare
923 722 12 20 9
952 720 68 26 miljo-

190 756 39 15 ner
253 750 67 27 mark,
344 750 27 21 dä
394 751 117 20 detsamma
534 751 97 20 deremot
656 750 6 21 i
686 749 239 26 Finansexpeditionens
948 749 72 26 kalkyl

190 779 117 20 beräknats
329 779 33 20 till
385 780 110 25 6,681,911
522 779 61 21 mark
606 780 26 19 31
656 779 70 26 penni,
747 779 38 20 och
803 780 23 18 är
840 778 35 21 det
891 778 80 26 möjligt
989 780 31 17 att

190 807 145 21 statsfondens
357 808 119 26 disponibla
495 808 122 26 behällning
633 808 41 20 blir
690 809 67 19 större
774 809 26 18 än
817 807 54 20 hvad
887 807 30 20 uti
934 807 86 20 Finans-

191 836 160 26 expeditionens
373 837 71 26 kalkyl
466 839 22 18 är
512 839 109 24 upptaget.
652 837 49 20 Med
717 836 100 21 afseende
833 835 12 20 å
861 835 36 21 det
914 835 106 26 betydliga

190 864 122 27 disponibla
335 865 124 24 öfverskott,
476 871 44 15 som
534 865 5 20 i
556 865 42 20 alla
614 865 111 21 händelser
741 864 39 21 bör
797 864 84 21 komma
896 866 32 19 att
943 863 77 27 uppstå

190 894 7 20 i
223 893 139 25 statsfonden,
385 894 39 21 har
447 894 164 22 Statsutskottet
632 894 110 26 föreslagit
763 895 46 25 ,att
833 892 118 22 Ständerna
966 894 6 19 i
988 893 31 20 sin

189 922 175 21 svarsskrifvelse
387 923 12 21 å
420 923 40 21 den
483 923 48 21 nåd.
547 929 59 20 prop.
624 922 48 21 ville
686 922 117 21 framställa
820 922 40 20 den
876 921 144 26 underdåniga

190 950 107 27 anhållan,
313 953 32 19 att
361 951 25 21 H.
411 951 25 21 K.
458 952 35 25 M.
513 951 83 21 utöfver
612 952 36 20 det
663 950 84 27 belopp,
764 957 33 14 om
814 950 63 21 hvars
892 950 128 26 öfverföring

190 979 92 27 tidigare
307 980 128 25 förordnats,
459 980 7 20 i
489 980 66 21 nåder
577 980 83 21 täcktes
684 979 43 21 låta
749 979 23 21 af
786 979 36 21 det
838 979 123 24 öfverskott,
974 984 45 15 som

189 1008 70 20 under
275 1007 169 27 finansperioden
462 1010 140 20 1895—1897
619 1008 41 21 kan
676 1009 6 19 i
699 1008 106 21 allmänna
821 1007 132 21 statsfonden
968 1013 52 20 upp-

189 1036 40 26 stå,
254 1037 105 21 öfverföra
382 1037 136 27 erforderligt
539 1037 77 27 belopp
632 1037 32 21 till
681 1036 221 27 bevillningsfonden*,
919 1039 54 17 samt
989 1039 31 17 att

190 1065 127 25 Ständerna,
339 1066 27 20 då
390 1066 25 20 de
437 1066 75 27 medel,
532 1072 45 15 som
602 1065 123 21 derutöfver
740 1066 72 20 kunna
828 1071 51 14 vara
894 1064 125 26 disponibla,

190 1094 81 20 erhölle
287 1100 26 15 en
328 1094 33 20 för
376 1094 73 21 landet
464 1095 133 26 synnerligen
613 1094 98 26 gagnelig
720 1094 140 26 användning,
873 1099 34 15 om
919 1093 25 21 de
956 1093 63 20 blifva

189 1122 103 21 anvisade
307 1122 69 22 såsom
392 1123 76 27 bidrag
484 1123 31 21 till
526 1123 265 27 jernvägsanläggningars
803 1122 137 24 bekostande,
951 1121 68 21 skulle

189 1150 114 22 hemställa
327 1153 46 22 ,att
396 1152 25 20 H.
442 1152 29 20 M.
487 1152 84 26 nådigst
586 1152 49 20 ville
649 1151 82 21 tilldela
747 1150 272 22 kommunikationsfonden

189 1180 70 26 någon
283 1179 34 21 del
338 1180 23 20 af
375 1180 26 20 de
417 1180 243 26 öfverskottstillgångar
675 1180 5 20 i
697 1180 108 20 allmänna
819 1179 138 25 statsfonden,
974 1185 45 14 som

189 1208 68 21 under
280 1208 142 22 instundande
438 1209 143 26 finansperiod
596 1208 86 27 pröfvas
698 1208 46 21 icke
759 1214 51 15 vara
826 1208 33 20 för
875 1208 66 20 andra
956 1209 64 19 stats-

189 1236 100 21 ändamål
310 1236 122 28 behöfliga*.
463 1238 49 20 Med
536 1238 99 20 afseende
658 1237 52 21 derä
725 1239 33 18 att
773 1236 126 27 pröfningen
915 1236 22 20 af
951 1236 68 20 denna

189 1264 24 21 af
233 1265 165 21 Statsutskottet
421 1266 117 26 tillstyrkta
561 1266 145 26 underdäniga
728 1264 127 22 hemställan
878 1264 94 21 kommer
987 1266 32 19 att

189 1293 52 21 bero
264 1294 23 20 af
301 1294 26 20 H.
344 1294 25 21 K.
388 1294 35 24 M.,
439 1294 23 21 sä
478 1301 62 14 anser
552 1294 38 27 jag
606 1295 42 26 mig
663 1294 35 21 vid
714 1294 59 21 detta
789 1293 84 21 tillfälle
888 1293 45 21 icke
949 1293 71 21 kunna

188 1322 51 26 ingä
255 1322 7 20 i
277 1322 65 27 nägot
357 1323 111 21 uttalande
483 1324 90 20 rörande
589 1330 28 14 nu
632 1322 163 27 ifrägavarande
811 1321 161 27 framställning.

259 1408 33 20 Hr
313 1408 25 21 L.
361 1408 155 21 Mechelin:
547 1408 43 21 För
606 1408 47 22 den,
672 1414 46 15 som
733 1408 7 21 i
756 1407 167 22 Statsutskottet
938 1407 81 21 medar-

189 1436 60 21 betat
271 1437 29 26 pä
318 1436 190 22 ästadkommande
523 1437 22 21 af
559 1437 36 21 det
609 1437 142 25 betänkande,
768 1436 81 21 hvilket
864 1442 29 14 nu
907 1436 113 26 föreligger

188 1464 33 21 till
244 1465 136 27 granskning,
404 1466 42 21 kan
470 1466 35 21 det
527 1466 47 20 icke
589 1472 50 14 vara
655 1468 65 18 annat
736 1467 26 19 än
779 1464 84 27 mycket
878 1463 142 22 tillfredsstäl-

189 1492 63 22 lande
279 1496 30 18 att
334 1494 83 21 landets
441 1494 65 21 ärade
528 1494 129 21 Finanschef
677 1494 47 20 icke
747 1496 43 18 sett
806 1494 32 26 sig
854 1493 117 21 föranläten
988 1494 31 19 att

188 1521 121 22 framställa
331 1521 50 23 flere
405 1522 51 22 eller
479 1529 58 15 mera
560 1523 120 26 betydande
703 1522 166 26 anmärkningar
889 1523 56 19 emot
961 1521 59 21 detta
