1181 1773
464 119 154 17 Prokuratorns
631 120 120 16 berättelse.
937 114 52 20 1221

192 200 37 25 got
251 199 85 25 referat,
359 201 51 19 utan
427 200 35 20 det
478 200 38 20 har
531 200 56 20 varit
602 200 131 26 nödvändigt
748 202 33 19 att
795 200 70 21 införa
880 200 117 20 detsamma
1013 199 7 21 i

193 228 157 21 reservationen
367 228 69 21 såsom
453 228 126 25 motivering
594 228 32 21 till
640 231 171 19 reservanternes
827 228 144 27 slutyrkande,
987 230 34 18 att

192 256 163 27 ifrågavarande
370 256 110 22 uttalande
498 257 6 21 i
523 257 144 21 betänkandet
679 257 47 21 icke
738 257 47 21 haft
797 257 65 26 något
873 257 46 21 skäl
934 256 33 21 för
981 256 38 26 sig.

192 284 32 21 Hr
245 285 54 20 Rein
322 285 72 26 tyckes
411 291 51 15 anse
477 287 38 24 att,
532 292 34 14 om
582 285 120 21 Ständerna
716 286 47 21 icke
779 286 70 20 uttala
865 286 31 26 sig
911 285 109 27 angående

193 313 170 21 önskvärdheten
386 313 23 21 af
428 316 33 19 att
476 314 142 26 prokuratorn
634 314 102 21 särskildt
752 314 91 26 redogör
859 314 39 25 för,
913 314 55 20 huru
984 313 35 21 nå-

191 348 41 20 gon
256 342 41 20 viss
320 342 35 26 lag
375 342 52 21 eller
441 344 43 19 viss
498 342 126 27 författning
640 343 60 21 blivit
716 343 104 22 efterlefd,
837 342 118 22 Ständerna
971 342 48 21 der-

192 370 47 21 med
255 370 68 21 skulle
333 371 113 26 godkänna
458 374 32 18 att
500 372 69 20 denna
583 371 126 26 författning
720 372 47 20 icke
780 371 101 21 behöfver
892 371 126 21 efterlefvas.

191 399 41 26 Jag
248 399 37 21 ber
300 399 72 21 härtill
387 399 22 21 fä
424 400 103 20 anmärka
541 402 33 19 att
590 400 92 21 förutom
693 400 163 27 ifrägavarande
870 400 150 26 författningar

192 428 109 26 angäende
324 428 67 20 finska
414 428 87 27 spräket
523 429 43 23 det,
582 428 69 22 säsom
667 429 32 20 Hr
714 429 54 21 Rein
784 428 33 26 väl
833 429 39 21 har
888 429 31 26 sig
934 428 85 26 bekant,

192 457 67 20 finnes
281 463 25 14 en
330 459 45 19 stor
390 458 76 25 mängd
483 457 54 21 bäde
553 458 108 21 allmänna
676 458 168 27 lagstadganden
861 458 38 21 och
915 457 105 21 särskilda

191 485 157 27 författningar,
371 485 70 22 hvilka
464 487 82 25 reglera
569 487 181 26 tjenstemännens
775 487 125 26 åligganden
922 486 32 21 uti
969 485 50 21 flere

192 514 123 26 rigtningar,
332 514 39 21 och
387 517 32 18 att
435 515 81 20 antalet
531 515 23 20 af
568 516 46 20 dem
631 517 23 19 är
670 515 24 21 så
709 517 56 19 stort
780 517 31 19 att
827 516 26 19 de
864 515 67 21 finska
944 514 75 27 språk-

191 543 184 26 förordningarna,
398 543 58 21 såväl
475 544 31 20 till
522 544 86 26 omfång
624 550 44 15 som
685 544 64 21 också
765 544 132 21 beträffande
912 544 70 26 vigten
998 542 23 21 af

191 571 63 21 deras
269 571 99 24 innehåll,
385 574 76 24 utgöra
476 578 25 15 en
517 574 77 24 ytterst
610 572 108 27 obetydlig
734 573 33 21 del
784 573 64 20 deraf.
870 573 33 20 Då
918 578 50 15 vore
984 571 35 21 det

189 600 24 26 ju
234 600 87 21 alldeles
337 601 145 26 märkvärdigt
502 603 32 19 att
549 601 73 21 fordra
638 603 32 19 att
686 601 141 26 prokuratorn
844 601 54 21 skall
914 601 105 26 redogöra

191 628 32 21 för
245 628 54 21 huru
323 629 62 20 dessa
407 629 151 27 författningar
581 630 68 21 blifvit
672 630 118 25 efterlefda,
811 630 26 21 då
852 637 49 14 man
917 630 40 21 alls
972 629 46 21 icke

191 659 66 19 sätter
279 658 6 20 i
309 657 60 26 fråga
394 660 32 18 att
441 658 42 20 han
499 658 53 21 skall
567 659 104 26 redogöra
687 659 37 25 för,
741 659 56 20 huru
813 659 68 26 öfriga
895 658 120 21 förrattnin-

191 692 38 20 gar
244 686 132 21 beträtfande
392 687 180 26 tjenstemännens
588 687 125 26 åligganden
731 687 63 21 hafva
809 687 116 27 iakttagits,
941 687 33 20 för
986 688 33 19 att

192 721 28 14 nu
235 714 46 21 icke
298 715 44 20 tala
357 721 33 14 om
407 715 169 26 lagstiftningens
585 715 67 27 öfriga
660 716 95 27 oändligt
768 716 131 21 vidsträckta
911 715 106 24 områden,

192 743 33 20 för
250 743 71 21 hvilka
348 749 24 15 en
389 744 135 26 redogörelse
547 745 6 20 i
575 745 64 26 detalj
662 745 135 26 naturligtvis
820 745 45 20 icke
884 745 41 21 kan
940 743 79 27 ifråga-

192 771 92 22 komma.
315 772 42 21 Det
372 774 24 19 är
412 772 88 27 således,
516 779 33 14 om
566 773 108 26 uttrycket
689 773 88 22 förlätes
792 773 49 27 mig,
858 776 51 18 utan
925 773 30 20 alt
964 779 55 14 sam-

192 801 107 25 manhang
321 803 32 18 att
374 801 67 26 pästä,
465 804 32 17 att
512 802 69 21 deruti
598 802 68 21 skulle
682 802 56 27 ligga
754 805 31 18 ett
801 801 180 22 underkännande
997 801 23 20 af

192 829 70 26 vigten
284 829 23 21 af
327 831 32 19 att
381 830 64 21 ocksä
470 830 60 21 dessa
547 830 149 27 författningar
712 831 127 21 efterlefvas.
869 831 41 26 Jag
926 833 45 18 tror
986 832 33 18 att

191 857 46 22 icke
255 857 54 22 blott
325 858 195 21 undertecknarene
536 859 22 21 af
573 859 69 21 denna
657 860 131 20 reservation
804 862 51 18 utan
872 859 72 26 hvarje
959 859 60 20 med-

191 886 42 21 lem
249 887 6 20 i
271 886 90 22 Ständet
377 888 27 25 pä
420 888 36 20 det
472 887 97 27 lifligaste
586 888 83 24 önskar,
686 890 32 19 att
730 889 61 21 dessa
802 888 150 26 författningar
964 888 55 20 lika-

191 921 45 15 som
260 916 43 20 alla
325 916 78 26 lagbud
425 916 61 21 skola
510 916 22 21 af
551 917 82 21 landets
649 918 127 26 tjenstemän
792 919 83 24 strängt
891 916 127 22 efterlefvas.

193 943 103 27 Slutligen
320 944 37 22 ber
377 944 36 27 jag
435 947 32 19 att
490 945 20 21 fä
530 945 73 21 förena
619 946 41 26 mig
676 952 34 14 om
726 946 57 21 Frih.
801 952 39 14 von
856 946 68 20 Borns
939 945 80 25 förslag

192 972 133 22 beträffande
350 974 154 25 prokuratorns
531 974 126 26 tillgörande
682 975 47 21 med
756 975 99 21 afseende
879 974 12 20 &
920 974 98 26 lagarnas

192 1001 162 21 handhafvande
370 1002 6 20 i
391 1002 119 27 Kejserliga
526 1002 98 22 Senaten.

261 1058 31 21 Hr
307 1059 80 21 Rein:
404 1059 43 21 Hrr
463 1060 147 26 Montgomery
626 1060 39 21 och
682 1060 123 26 Furuhjelm
822 1060 63 21 hafva
895 1060 122 25 framhällit,

192 1086 101 22 hurusom
312 1088 36 20 det
364 1094 49 14 vore
429 1088 97 26 omöjligt
541 1088 33 21 för
590 1088 142 27 prokuratorn
749 1091 29 19 att
795 1089 50 26 följa
861 1089 23 21 sä
901 1095 54 19 noga
971 1089 48 20 med

191 1115 137 27 tidningarna
351 1116 5 20 i
379 1116 74 22 landet
476 1117 38 21 och
534 1117 28 26 pä
577 1118 67 25 grund
660 1117 24 21 af
698 1118 54 20 hvad
769 1118 25 20 de
810 1118 107 20 innehålla
933 1117 86 27 vidtaga

191 1144 190 26 embetsätgärder.
413 1145 49 21 Men
475 1145 37 27 jag
528 1146 38 20 ber
581 1146 21 20 fä
617 1145 114 22 framhälla
747 1146 55 20 hvad
818 1146 142 26 prokuratorn
971 1145 50 27 sjelf

191 1174 61 24 säger
275 1174 5 19 i
305 1174 30 20 sin
359 1174 115 20 berättelse
496 1174 14 21 å
528 1174 39 21 sid.
585 1175 47 21 106.
663 1175 48 20 Han
727 1176 62 25 säger
804 1175 7 20 i
827 1175 60 26 fråga
903 1182 33 14 om
953 1174 65 21 kritik

190 1201 23 21 af
227 1202 186 26 myndigheternas
433 1202 145 22 verksamhet:
595 1203 83 25 ,såvidt
693 1204 122 20 densamma
832 1204 61 26 eljest
908 1206 24 18 är
947 1202 23 21 af
983 1205 34 19 art

190 1232 33 18 att
238 1230 85 21 komma
339 1231 31 20 till
385 1231 155 21 allmänhetens
556 1232 126 26 kännedom,
697 1234 23 18 är
737 1232 40 21 den
787 1232 40 21 roll
837 1233 181 26 tidningspressen

190 1258 6 20 i
219 1258 52 21 vära
293 1259 66 27 dagar
375 1260 69 26 spelar
460 1260 46 21 icke
522 1260 88 21 alldeles
626 1260 149 26 betydelselös.
805 1261 85 21 Notiser
906 1261 38 21 och
961 1260 56 21 med-

190 1286 111 26 delanden,
317 1288 72 21 hvilka
404 1288 35 21 vid
455 1294 24 15 en
496 1290 99 20 närmare
610 1290 129 26 granskning
755 1289 94 21 befinnas
863 1290 92 26 oriktiga
967 1289 52 21 eller

190 1314 45 22 helt
257 1316 40 21 och
321 1316 65 21 hållet
409 1317 129 26 ogrundade,
554 1317 132 21 förekomma
702 1318 34 20 väl
752 1318 44 21 ofta
811 1319 6 19 i
833 1324 92 20 pressen,
941 1324 49 14 men
1005 1317 13 21 å

189 1344 68 20 andra
277 1345 60 21 sidan
354 1344 62 22 hafva
430 1351 76 21 genom
522 1346 124 21 densamma
660 1346 46 21 icke
722 1346 68 21 sällan
806 1346 27 21 fel
850 1347 38 21 och
905 1346 114 21 förseelser

189 1372 7 20 i
219 1372 91 26 tjensten
332 1373 69 21 blifvit
423 1374 133 26 uppdagade.
586 1374 44 22 Och
654 1374 27 22 dä
703 1375 79 26 följden
806 1375 63 21 häraf
882 1375 135 27 naturligtvis

189 1400 71 21 blifvit
284 1402 47 23 den,
354 1404 32 19 att
405 1402 107 21 desamma
528 1404 121 20 sedermera
666 1403 67 21 blifvit
750 1404 88 20 föremål
853 1404 34 20 för
901 1404 65 26 laglig
982 1404 35 20 be-

189 1429 61 26 ifran,
267 1430 68 21 måste
350 1430 143 22 förhållandet
504 1431 106 27 sjelffallet
625 1432 63 20 hafva
698 1432 92 26 bidragit
801 1432 87 25 derhän,
901 1435 32 18 att
944 1432 75 21 veder-

189 1458 96 21 börande
305 1459 48 20 med
377 1459 23 21 så
419 1460 88 26 mycken
520 1462 70 19 större
606 1466 84 21 omsorg
705 1461 113 26 vinnlägga
833 1461 32 27 sig
880 1468 34 14 om
931 1461 84 21 ordent-

189 1486 66 32 lighet
278 1487 39 21 och
334 1488 219 26 samvetsgrannhet
541 1482 15 40 i
576 1489 44 21 sina
643 1489 226 26 tjensteåligganden".
899 1489 62 21 Altså
976 1489 42 21 kan

187 1520 38 21 jag
240 1515 45 21 icke
302 1515 67 21 förstå
385 1518 66 19 annat
466 1518 26 19 än
508 1519 31 19 att
556 1518 143 26 prokuratorn
716 1518 112 26 erkänner,
844 1520 33 19 att
889 1518 42 20 han
941 1524 77 20 genom
