1181 1773
468 119 222 33 Afskedshelsningar.
909 120 52 22 1531

234 205 107 21 Välborne
368 206 31 20 Hr
423 206 191 21 Landtmarskalk!
647 206 121 26 Höglofliga
794 206 134 26 Ridderskap
954 205 40 21 och

165 234 66 21 Adel!

234 291 33 21 Då
282 290 100 22 Finlands
397 290 92 22 Ständer
506 291 53 21 efter
575 292 102 20 slutfördt
692 291 48 21 värf
755 291 34 21 stå
805 292 51 20 redo
872 293 33 19 att
920 291 73 21 åtskil-

163 320 40 26 jas,
219 319 96 21 anhåller
334 319 160 21 Presteståndet
509 322 33 18 att
556 326 76 20 genom
649 326 41 18 oss,
706 321 49 20 dess
771 320 138 26 deputerade,
925 320 21 21 få
962 320 32 20 till

165 348 121 27 Höglofliga
307 348 157 27 Ridderskapet
484 348 39 22 och
539 349 67 21 Adeln
623 348 102 22 framföra
741 349 32 21 sin
789 348 160 22 vördnadsfulla
964 348 31 22 af-

166 377 167 26 skedshelsning.

234 405 43 21 Oro
302 405 56 27 fylde
383 405 50 21 våra
459 406 81 25 sinnen,
568 406 27 21 då
617 406 19 21 vi
653 406 106 21 samlades
775 406 32 21 till
823 406 59 21 detta
897 406 98 20 ständer-

165 436 63 24 möte,
255 434 38 21 och
322 434 68 21 denna
415 440 37 15 oro
475 434 39 21 har
536 435 68 21 under
626 435 95 22 arbetets
736 434 55 27 gång
807 435 46 21 icke
869 434 125 25 försvunnit,

165 470 48 14 men
236 463 120 22 Ständerna
378 463 65 21 hafva
462 464 94 25 redligen
572 464 39 21 och
628 464 54 21 efter
699 464 62 21 bästa
776 464 63 26 insigt
856 463 85 22 slutfört
957 463 38 21 sitt

165 491 54 22 värf.
248 492 78 25 Många
351 492 39 21 och
417 492 79 26 vigtiga
520 492 64 21 hafva
608 493 25 20 de
656 493 73 26 frågor
752 493 62 24 varit,
831 499 43 14 som
891 492 103 26 förelegat

166 521 59 20 detta
240 521 150 27 ständermöte,
406 521 39 21 och
462 521 25 20 de
503 521 62 20 flesta
580 521 64 21 hafva
655 521 68 21 blifvit
732 521 183 21 slutbehandlade.
933 521 61 20 Huru

165 550 20 20 vi
201 549 68 21 utfört
284 550 89 24 arbetet,
389 549 73 21 derom
478 549 131 22 tillkommer
625 550 36 21 det
676 550 19 27 ej
712 556 35 15 oss
763 552 32 19 att
811 550 73 23 döma;
901 556 26 14 en
935 550 60 20 kom-

165 578 77 21 mande
265 578 30 21 tid
319 578 53 21 skall
395 578 75 21 härom
491 578 52 21 fälla
567 579 31 20 sin
622 579 55 20 dom.
708 579 38 20 Ett
762 580 24 19 är
802 579 54 20 dock
872 579 57 20 visst.
961 578 33 21 En

165 606 87 27 önskan,
268 607 150 21 fosterlandets
434 607 40 26 väl,
491 607 39 21 har
546 608 56 20 varit
617 613 122 20 gemensam
756 607 33 21 för
805 608 42 20 alla
864 607 77 25 Stånd;
958 613 34 14 om

165 637 27 19 än
208 635 219 27 meningsbrytningar
443 635 142 27 förekommit,
601 636 24 21 så
641 636 39 21 har
696 636 36 21 det
748 637 56 20 varit
820 643 33 14 om
877 636 55 20 huru
948 635 45 21 må-

165 664 30 21 let
217 664 85 21 säkrast
325 664 38 21 och
385 664 103 21 snabbast
512 665 69 20 skulle
601 665 69 21 ernäs.
701 665 42 21 Det
758 665 39 20 har
813 665 68 20 blifvit
897 667 30 18 ett
944 664 49 21 ord-

165 692 64 27 spräk
252 695 32 19 att
306 693 53 21 strid
381 695 24 18 är
426 693 28 24 lif,
477 699 47 15 men
540 693 108 21 forntiden
664 693 55 21 hade
735 696 31 18 ett
782 700 90 14 sannare
889 693 103 26 ordspräk

166 721 7 21 i
199 721 85 26 enighet
310 721 97 21 tiliväxer
433 722 37 21 det
494 723 67 26 ringa,
584 722 7 21 i
614 723 99 26 oenighet
736 722 103 21 förstöres
856 723 35 20 det
907 723 86 19 största.

165 750 87 21 Olikhet
277 751 7 20 i
304 750 230 21 lefnadsförhällanden
551 751 39 21 och
607 751 206 21 verksamhetskrets
829 751 67 20 vällar
913 750 80 21 olikhet

164 779 7 21 i
187 779 136 26 uppfattning
339 779 38 20 och
393 779 67 20 danar
476 779 48 21 med
540 786 26 14 en
582 780 42 20 viss
640 780 158 26 nödvändighet
810 780 55 20 olika
875 779 118 26 riktningar

165 807 40 22 och
227 808 7 20 i
257 807 105 21 särskilda
383 807 83 27 frägors
482 808 129 26 behandling
627 810 23 19 är
667 809 35 20 det
718 809 51 25 godt
785 810 32 19 att
832 808 66 21 saken
913 807 32 21 fär
961 807 32 21 sin

165 836 213 27 ändamälsenligaste
401 837 116 26 belysning.
549 837 48 21 Men
620 837 34 21 för
676 837 48 21 värt
739 837 60 20 lands
815 837 87 20 framtid
918 838 23 19 är
957 836 36 21 det

164 864 23 21 af
201 865 70 21 nöden
287 867 32 18 att
334 865 6 20 i
356 865 99 26 politiska
471 865 71 27 frägor
558 872 26 15 en
600 866 85 26 enighet
700 866 7 21 i
720 865 189 27 grundäskädning
922 865 71 25 ernäs;

165 894 39 21 och
231 894 88 21 framför
345 894 30 21 alt
401 894 87 26 aktning
511 894 34 21 för
567 895 77 21 andras
668 894 147 27 öfvertygelse,
832 894 61 21 äfven
909 894 28 21 dä
953 894 40 20 den

165 922 72 27 bryter
264 924 31 26 sig
323 923 47 20 med
394 923 37 21 vär
458 923 97 21 enskilda
571 924 91 26 mening,
680 925 24 19 är
719 924 34 20 för
769 929 34 15 oss
820 930 25 14 en
861 922 96 27 lifsfräga
971 922 24 21 af

165 953 80 19 största
273 952 114 26 betydelse.
417 952 79 20 Trohet
521 954 45 19 mot
591 952 56 25 Gud,
669 952 71 21 trohet
756 954 44 18 mot
816 952 89 24 fursten,
921 951 72 21 trohet

164 983 46 18 mot
234 980 139 21 fosterlandet
398 982 24 19 är
448 980 36 21 det
498 987 107 20 program,
622 987 45 15 som
684 981 47 21 frän
748 982 61 20 forna
825 981 56 21 tider
897 980 44 21 ledt
957 980 36 20 det

164 1008 69 22 finska
254 1009 78 21 folkets
355 1009 163 26 handlingssätt,
545 1010 58 21 detta
629 1016 100 20 program
746 1010 38 20 har
801 1010 58 20 burit
875 1010 46 20 värt
937 1008 56 21 folks

165 1038 54 20 öden
243 1037 55 22 fram
325 1037 32 21 till
383 1038 40 20 den
439 1038 101 26 ställning
556 1038 19 21 vi
591 1044 28 14 nu
635 1038 113 21 innehafva
763 1038 39 21 och
819 1038 60 29 detta
894 1043 99 21 program

164 1066 43 21 kan
222 1068 26 19 än
264 1067 7 20 i
287 1067 40 25 dag
342 1073 51 14 vara
409 1066 35 21 det
460 1067 135 26 nödvändiga
610 1067 80 21 bandet
706 1067 33 21 för
755 1073 34 15 oss
805 1067 49 21 alla.

233 1094 59 22 Fullt
314 1096 136 20 erkännande
473 1096 40 20 den
529 1095 144 22 framstäende
688 1096 64 20 andel
768 1095 121 27 Höglofliga
903 1094 90 22 Ridder-

164 1123 76 27 skapet
255 1124 40 20 och
310 1124 68 21 Adeln
393 1124 55 26 tagit
463 1124 6 20 i
485 1124 85 21 arbetet
585 1124 61 21 äfven
662 1124 36 21 vid
713 1131 28 14 nu
757 1124 156 26 tilländalupna
924 1123 69 21 landt-

164 1152 47 27 dag,
234 1152 40 21 den
297 1152 47 21 rika
359 1152 121 22 erfarenhet
495 1153 39 21 och
551 1153 133 27 mängsidiga
699 1152 232 26 embetsmannainsigt,
947 1158 45 14 som

163 1180 61 22 detta
240 1181 119 26 Höglofliga
374 1181 67 21 Ständ
456 1182 52 20 stält
524 1182 6 20 i
547 1181 132 22 Ständernas
694 1182 73 21 arbete
779 1182 39 20 och
827 1182 88 20 hvarom
924 1181 69 20 landt-

163 1209 208 27 dagshandlingarna
387 1210 52 21 bära
455 1210 73 22 vittne,
544 1210 95 22 frambär
654 1210 162 21 Presteständet
832 1210 31 21 till
880 1210 35 20 det
932 1210 59 25 Hög-

163 1236 72 28 lofliga
256 1238 157 27 Ridderskapet
429 1239 39 21 och
484 1239 69 21 Adeln
570 1240 36 20 sitt
622 1245 73 15 varma
711 1239 136 21 erkännande
863 1239 33 21 för
912 1238 36 20 det
963 1244 29 14 nu

163 1266 106 21 slutförda
285 1268 129 20 samarbetet
430 1268 40 20 och
486 1268 117 20 innesluter
618 1268 32 26 sig
666 1268 5 20 i
680 1268 64 25 Eder,
757 1268 106 20 Välborne
873 1268 31 20 Hr
911 1266 82 22 Landt-

163 1295 127 27 marskalks,
316 1296 39 21 och
383 1296 119 26 Höglofliga
527 1296 168 27 Ridderskapets
721 1296 40 21 och
787 1296 79 21 Adelns
886 1295 107 26 välvilliga

162 1323 120 27 hägkomst.

231 1410 32 21 Hr
271 1410 208 21 Landtmarskalken
488 1411 89 21 svarade
584 1410 13 21 å
605 1411 25 21 R.
639 1416 19 15 o.
668 1411 36 21 A:s
713 1412 80 24 vägnar
801 1410 27 27 pä
837 1410 92 27 följande
938 1411 54 20 sätt:

231 1466 119 28 Hjertligen
375 1468 75 20 tackar
476 1468 24 20 R.
524 1474 19 14 o.
565 1468 25 20 A.
606 1468 33 20 för
655 1468 25 20 de
697 1467 124 21 framburna
837 1467 154 21 afskedsorden

162 1495 47 21 från
234 1495 169 22 Presteständet!
443 1496 61 21 Hvad
530 1496 84 21 frukter
639 1496 130 21 Ständernas
792 1498 81 24 trägna,
890 1498 102 19 samvets-

161 1530 82 20 granna
265 1524 75 22 arbete
360 1525 33 20 vid
410 1524 69 22 denna
495 1525 104 26 landtdag
614 1525 86 21 komma
715 1527 33 19 att
765 1525 74 26 bringa
854 1525 32 20 till
901 1525 92 21 fromma
