1181 1773
456 123 60 17 Skol-
528 124 38 16 och
578 122 117 22 lärotvång.
908 118 54 21 1307

163 205 67 19 annat
245 210 25 14 en
286 203 112 26 utredning
414 210 34 14 om
464 204 36 20 det
515 204 57 20 antal
589 204 75 24 elever,
681 210 45 14 som
742 204 110 20 förmodas
863 204 32 20 till
905 210 26 14 en
943 203 49 21 bör-

163 232 37 26 jan
223 232 85 20 komma
331 235 31 17 att
385 232 79 21 besöka
482 232 196 26 läroinrättningen,
695 232 81 21 hvilket
791 232 59 20 antal
866 232 39 20 bör
921 232 70 26 uppgå

165 261 32 21 till
220 260 63 21 minst
305 261 34 20 30.
370 260 39 21 Om
429 267 28 14 nu
473 261 83 21 således
572 261 55 21 blott
642 267 25 15 en
684 261 52 21 eller
752 261 65 25 några
833 260 20 21 få
870 261 70 20 elever
955 266 37 14 an-

164 289 59 21 mäla
245 289 30 26 sig
295 289 39 21 och
351 289 34 21 det
400 289 46 21 icke
463 290 41 20 kan
520 290 106 26 uppvisas,
642 291 33 19 att
690 290 125 26 tillräckligt
831 290 77 26 många
923 289 68 21 skulle

165 318 86 20 komma
267 320 31 18 att
313 318 80 20 besöka
407 318 81 26 skolan,
504 318 24 20 så
544 318 66 21 måste
626 318 141 21 kommunens
783 318 120 26 skyldighet
919 320 32 19 att
962 318 30 20 in-

165 348 58 19 rätta
245 352 25 14 en
287 352 26 20 ny
329 346 60 21 skola
404 346 90 25 förfalla,
511 348 51 19 enär
577 347 128 20 kommunen
722 346 27 22 då
765 346 46 21 icke
826 346 42 20 kan
884 346 65 22 räkna
965 346 28 26 på

163 374 139 26 statsbidrag.
334 375 44 20 Den
395 375 138 27 bestämning,
550 382 44 14 som
608 375 37 27 jag
660 381 50 21 nyss
726 376 98 26 uppläste
840 381 25 15 ur
881 375 11 25 $
907 376 14 19 4
931 375 7 21 i
949 381 44 15 mo-

164 403 167 26 tionsförslaget,
347 403 45 21 står
407 404 95 24 sålunda,
519 410 33 14 om
568 404 40 20 den
624 404 55 20 skall
692 404 71 20 tolkas
775 404 70 20 såsom
859 403 31 21 Hr
901 403 92 21 Wallen-

165 432 63 21 sköld
244 432 39 20 har
297 432 56 27 gjort
365 432 42 25 det,
419 433 6 20 i
440 433 52 20 strid
504 432 48 21 med
564 432 258 27 folkskoleförordningen
831 432 40 20 och
880 432 39 20 hör
927 432 32 21 till
968 432 25 21 de

165 461 90 21 formela
278 461 179 26 bristfälligheter,
481 468 45 14 som
549 461 85 21 vidläda
657 461 103 26 förslaget
784 462 39 20 och
839 461 65 20 bland
921 461 71 20 hvilka

167 489 67 27 några
257 490 65 20 andra
345 490 64 20 redan
425 490 58 21 förut
500 489 68 22 blifvit
583 490 118 21 anmärkta.
733 489 137 22 Beträffande
886 490 35 20 det
937 490 6 20 i
959 489 11 28 8
982 490 12 20 5

166 518 104 27 ingäende
293 519 132 26 stadgandet,
448 521 32 18 att
502 521 105 24 guvernör
626 519 54 20 efter
695 519 120 20 inhemtadt
830 518 99 27 yttrande
945 524 50 20 eger

165 547 100 20 meddela
280 547 70 26 utslag
365 547 58 20 öfver
439 547 23 21 af
476 548 127 20 kommunen
619 547 116 26 uppgjordt
751 547 79 26 förslag
845 547 32 20 till
889 547 106 20 distrikts-

167 575 114 26 indelning,
306 576 79 25 nödgas
404 575 36 27 jag
462 575 100 22 vidhålla,
584 578 32 19 att
639 576 69 21 denna
729 576 133 25 bestämning
877 575 47 22 icke
940 575 55 21 blott

167 604 47 21 icke
230 606 23 18 är
270 604 91 27 lämplig,
377 606 50 19 utan
444 605 61 20 äfven
521 605 109 20 stridande
643 607 57 18 emot
712 605 40 20 den
763 604 96 25 ordning,
872 610 44 15 som
927 604 68 26 gäller

167 633 34 20 för
219 633 154 26 behandlingen
389 633 22 21 af
425 634 93 20 ärenden
534 633 38 21 hos
586 634 26 20 de
628 633 94 21 centrala
738 633 181 27 myndigheterna.
949 633 46 20 Den

168 663 24 18 är
215 661 106 26 olämplig,
344 661 65 21 redan
432 662 71 21 derför
518 664 32 18 att
566 669 48 14 man
628 662 24 26 ju
668 662 46 21 icke
730 661 38 22 hos
785 661 162 26 öfverstyrelsen
963 661 33 20 för

169 690 148 21 skolväsendet
340 690 41 21 kan
404 690 116 21 förutsätta
543 691 39 20 den
606 690 130 27 detaljerade
761 690 119 21 kännedom
904 696 33 14 om
954 689 42 21 alla

169 719 125 20 kommuner
317 719 7 20 i
347 719 78 25 landet,
449 722 32 18 att
504 719 39 21 den
562 719 115 26 lämpligen
692 719 72 21 kunde
779 719 94 26 granska
888 718 72 27 dylika
975 717 23 21 af

166 747 50 20 dem
240 747 117 26 uppgjorda
379 747 86 27 förslag.
496 747 92 22 Snarare
612 748 37 20 bör
672 754 48 14 man
744 748 72 20 kunna
839 747 116 20 förutsätta
971 753 25 14 en

168 775 67 21 sådan
259 776 118 21 kännedom
401 776 38 21 hos
462 778 158 25 guvernörerna
642 776 53 21 hvar
717 776 57 21 inom
791 777 37 20 sitt
843 776 42 21 län.
915 775 42 21 Det
973 777 24 18 är

168 804 73 21 derför
253 805 123 26 onaturligt,
393 807 31 18 att
440 805 163 26 öfverstyrelsen
620 805 68 20 skulle
704 805 89 26 fungera
809 804 69 21 såsom
895 806 30 19 ett
941 804 56 27 slags

167 835 76 24 expert
259 833 22 20 åt
295 834 217 25 guvernörsembetet.
543 833 49 21 Men
608 833 161 26 bestämningen
785 835 24 19 är
825 833 108 21 dessutom
949 833 48 20 stri-

168 862 71 20 dande
264 864 45 18 mot
333 862 39 21 den
394 863 84 26 vanliga
500 862 198 26 arbetsordningen,
721 862 70 21 såsom
805 862 36 26 jag
857 862 6 20 i
878 861 39 27 går
932 861 65 21 redan

169 890 55 21 hade
241 892 51 19 äran
308 892 83 20 nämna.
422 891 31 21 Hr
468 890 146 22 Wallensköld
631 891 88 21 anförde
735 891 130 26 visserligen,
881 892 32 19 att
925 896 24 15 en
961 890 36 26 dy-

169 919 30 21 lik
215 919 134 27 bestämning
364 919 67 27 ingått
448 919 60 21 äfven
524 920 6 20 i
544 920 36 20 det
596 920 80 26 förslag
691 920 32 20 till
739 920 111 20 införande
861 919 23 21 af
893 918 55 21 skol-
959 918 38 21 och

169 948 118 26 lärotvång,
305 954 44 15 som
365 948 22 20 af
401 948 89 26 Kejserl.
507 948 92 22 Senaten
616 948 53 21 hade
685 948 112 27 uppgjorts
813 948 38 21 och
867 947 131 21 understälts

170 976 60 21 Hans
253 976 111 27 Majestäts
380 977 121 25 afgörande,
517 983 48 15 men
580 977 47 21 icke
643 978 73 20 vunnit
732 977 73 26 nådigt
821 976 66 21 bifall.
917 976 81 20 Härvid

170 1005 38 21 ber
229 1004 37 27 jag
288 1005 21 21 få
331 1006 108 24 anmärka,
459 1008 32 18 att
506 1006 6 20 i
529 1012 25 14 en
571 1006 57 26 dylik
643 1005 60 27 fråga
719 1012 45 14 som
781 1006 68 20 denna
865 1004 88 22 framför
968 1004 30 20 alt

169 1034 43 20 den
234 1033 33 21 för
283 1034 160 26 öfverstyrelsen
460 1034 98 26 gällande
574 1034 157 21 instruktionen
748 1034 68 21 måste
832 1034 63 21 hafva
911 1032 87 22 vitsord.

172 1062 36 21 Uti
225 1062 68 21 denna
309 1063 134 26 instruktion,
460 1069 45 15 som
521 1065 24 18 är
560 1063 99 21 utfärdad
676 1064 40 20 den
732 1064 13 19 4
761 1063 120 21 November
899 1062 60 26 1869,
975 1063 24 19 är

169 1090 103 27 stadgadt
288 1091 54 21 hvad
359 1091 162 27 öfverstyrelsen
537 1092 6 20 i
560 1092 117 20 allmänhet
693 1092 39 20 har
748 1094 32 18 att
795 1093 58 25 göra.
879 1091 44 20 Der
933 1089 66 22 finnes

171 1120 63 26 ingen
258 1120 132 26 bestämning
413 1120 5 20 i
442 1120 35 20 det
500 1120 60 27 syfte,
582 1122 31 19 att
629 1121 59 20 detta
704 1120 135 21 embetsverk
855 1120 52 26 egde
922 1118 78 26 afgifva

173 1148 111 20 utlätande
307 1148 32 21 till
360 1149 67 20 andra
442 1149 147 26 myndigheter
604 1150 26 19 än
646 1149 90 27 Kejserl.
753 1148 99 22 Senaten.
884 1148 61 20 Hvad
962 1147 38 20 här

171 1176 91 21 föresläs
286 1177 67 21 skulle
376 1178 82 20 säledes
481 1180 76 24 utgöra
576 1177 116 27 nägonting
708 1180 52 23 nytt.
792 1177 41 21 Det
848 1183 50 15 vore
915 1182 25 14 en
957 1176 44 20 för-

170 1205 92 26 ändring
285 1206 5 20 i
314 1206 69 20 denna
405 1206 128 20 instruktion
558 1206 39 21 och
619 1206 69 21 skulle
704 1206 68 20 tillika
788 1205 102 22 innebära
906 1211 25 15 en
947 1204 54 21 afvi-

171 1234 60 20 kelse
253 1234 47 20 frän
323 1234 26 21 de
364 1234 159 28 instruktioner,
539 1240 45 15 som
600 1235 6 20 i
623 1234 118 21 allmänhet
756 1234 68 21 finnas
840 1233 113 22 utfärdade
969 1232 32 21 för

171 1262 27 21 de
221 1263 96 20 centrala
338 1263 165 21 embetsverken.
534 1263 42 26 Jag
599 1263 38 21 ber
656 1263 101 21 särskildt
773 1263 22 21 få
811 1262 82 27 påpeka
909 1262 92 26 följande

171 1290 119 27 stadgande
314 1292 30 20 uti
360 1292 91 20 berörda
466 1292 136 20 instruktion.
632 1292 11 20 I
659 1292 12 26 $
688 1292 26 20 10
731 1298 62 14 mom.
810 1292 12 20 2
838 1292 96 25 stadgas:
959 1292 43 24 att

171 1318 166 28 Ofverstyrelsen
353 1320 79 26 åligger
448 1322 32 19 att
496 1320 121 26 handlägga
633 1321 39 20 och
689 1320 113 21 förbereda
818 1320 42 21 alla
873 1320 26 20 de
910 1318 41 22 mål
963 1318 39 21 och

171 1347 95 21 ärenden
282 1348 108 26 angäende
406 1349 155 24 skolväsendet,
578 1349 72 21 hvilka
665 1349 53 20 böra
731 1348 60 21 Hans
802 1348 112 26 Majestäts
925 1347 78 26 nädiga

171 1376 118 26 afgörande
311 1377 160 21 underställas*.
501 1378 11 20 I
527 1377 101 21 händelse
645 1378 35 20 det
696 1377 54 21 hade
767 1377 83 21 tillåtits
867 1375 135 27 öfverstyrel-

172 1411 39 15 sen
234 1404 33 21 för
291 1405 148 21 skolväsendet
462 1408 32 18 att
516 1406 6 20 i
539 1406 208 21 öfverenstämmelse
764 1406 87 20 härmed
867 1405 79 26 afgifva
961 1406 42 24 ytt-

173 1434 67 20 rande
263 1434 32 20 uti
318 1434 40 21 den
381 1434 22 20 af
421 1434 89 26 Kejserl.
527 1434 92 21 Senaten
636 1434 133 21 behandlade
784 1434 81 26 frägan,
883 1434 63 20 innan
963 1432 40 20 den

173 1462 40 21 hos
236 1461 92 22 Senaten
351 1463 94 26 företogs
465 1463 31 20 till
513 1463 123 26 afgörande,
653 1463 23 21 sä
692 1462 65 27 vägar
770 1463 37 25 jag
821 1462 69 21 uttala
905 1462 41 20 den
961 1460 43 21 för-

173 1490 85 26 modan,
282 1493 33 19 att
337 1498 26 14 en
382 1492 57 26 dylik
454 1492 134 26 bestämning
611 1498 45 14 som
672 1492 40 20 den
728 1498 29 14 nu
772 1490 169 28 ifrägavarande,
957 1489 47 21 icke

173 1519 8 20 i
203 1518 139 28 lagförslaget
365 1520 54 20 hade
441 1518 90 23 kommit
552 1523 33 18 att
600 1520 90 26 intagas.
720 1520 41 26 Jag
777 1520 36 20 vill
828 1519 46 21 icke
890 1517 115 28 uppehälla
