1181 1773
404 136 257 22 Jernvägsbyggnaderna
672 136 8 17 i
692 136 77 17 landet.
917 130 54 21 1047

172 216 66 22 heller
253 217 56 21 inom
326 218 59 20 detta
399 217 68 22 Stånd
482 218 108 27 påyrkats.
619 218 43 21 Det
677 219 25 19 är
717 217 76 22 endast
808 217 7 21 i
828 223 26 15 en
865 216 136 26 reservation,

172 251 45 15 som
233 252 49 15 man
297 246 39 21 har
351 246 117 27 ifrågasatt,
483 248 33 20 att
531 246 69 22 denna
615 246 56 22 bana
686 246 69 21 skulle
765 246 82 21 lemnas
857 245 12 21 å
880 246 53 20 sido.
953 244 49 22 Men

171 274 8 21 i
202 274 67 22 likhet
291 275 48 21 med
361 274 56 22 hvad
440 275 32 21 Hr
494 275 104 21 Mechelin
621 276 65 20 redan
710 274 95 26 anförde,
828 274 37 22 vill
887 274 61 21 äfven
964 273 38 27 jag

172 302 106 27 begränsa
293 303 60 21 detta
375 303 59 21 bifall
450 304 33 20 till
498 304 104 21 bandelen
618 303 225 27 Keuru—Jyväskylä,
859 303 20 21 d.
893 309 18 14 v.
927 309 16 15 s.
961 302 41 21 den

172 331 41 27 del,
236 331 88 22 hvarom
348 332 51 21 1891
425 332 34 21 års
474 332 102 27 landtdag
591 332 145 27 petitionerat.
767 332 62 21 Hvad
845 332 46 21 åter
906 331 95 21 vidkom-

171 366 47 15 mer
233 360 80 22 banans
324 360 143 27 fortsättning,
476 361 69 21 såsom
561 361 23 21 af
593 361 212 27 Jernvägsutskottet
815 360 125 27 föreslagits,
951 359 51 22 eller

172 389 105 21 bandelen
293 389 237 28 Suonnejoki—Kuhjo,
538 390 70 21 såsom
624 390 6 20 i
646 390 49 20 nåd.
711 396 61 20 prop.
785 389 134 25 framställes,
931 388 24 22 så
965 388 37 21 vill

168 418 40 27 jag
230 418 70 21 lemna
321 418 60 21 dessa
397 418 55 21 båda
468 418 101 22 bandelar
584 418 117 22 tillsvidare
716 418 115 21 beroende.
859 417 42 27 Jag
915 418 40 20 har
969 416 33 22 så-

173 452 46 16 som
233 447 46 21 före
295 447 59 21 detta
369 447 91 21 medlem
476 447 6 21 i
497 447 215 27 Jernvägsutskotten
728 447 68 21 under
811 446 107 27 åtskilliga
933 445 68 22 landt-

173 475 66 27 dagar
261 475 56 22 varit
338 476 6 20 i
367 475 82 22 tillfälle
465 477 32 20 att
512 475 51 28 följa
578 476 49 21 med
641 476 76 27 frågan
732 482 35 15 om
784 475 218 26 sammanbindnings-

173 504 81 21 banans
276 504 94 27 riktning
392 505 5 20 i
419 505 43 20 alla
478 505 46 20 dess
540 505 90 26 detaljer
645 505 39 21 och
700 507 36 18 vet
751 504 96 25 sålunda,
863 506 32 19 att
910 504 40 21 den
966 503 35 21 vid

172 535 85 18 senaste
278 533 102 26 landtdag
402 533 120 26 föreslagna
536 533 123 27 riktningen
674 533 33 21 för
722 534 70 20 denna
808 533 55 21 bana
877 532 45 22 icke
938 533 63 26 utgör

172 563 67 19 annat
253 563 27 19 än
295 564 32 19 ett
341 561 229 28 kompromissförslag.
600 562 168 27 Ursprungligen
785 561 51 22 eller
850 561 35 21 vid
902 561 54 21 1885
967 560 34 21 års

173 590 108 27 landtdag,
291 590 51 21 eller
358 592 80 19 rättare
453 592 57 19 ännu
525 591 97 26 tidigare,
638 591 67 21 redan
720 591 36 20 vid
774 591 53 20 1882
843 590 34 21 års
892 589 109 27 landtdag,

172 618 71 27 ingick
258 619 8 20 i
281 619 36 21 det
332 619 85 27 förslag,
433 625 45 15 som
494 619 23 21 af
530 620 43 26 mig
588 619 45 22 blef
642 619 125 26 inlemnadt,
778 625 35 15 om
824 619 35 21 det
869 618 68 22 finska
944 618 57 27 jern-

173 649 123 25 vägsnätets
317 647 126 27 utveckling,
460 650 32 19 att
507 648 281 27 sammanbindningsbanan
803 647 68 22 skulle
886 647 52 26 utgå
953 646 48 21 från

172 675 35 22 S:t
227 676 88 21 Michels
331 677 53 20 stad.
414 677 34 20 Då
463 677 36 21 det
514 677 120 21 sedermera
649 677 36 21 vid
702 677 55 21 1885
773 677 35 20 års
823 676 101 27 landtdag
938 675 63 27 gälde

173 706 34 19 att
221 705 21 20 få
257 705 185 21 Savolaksbanans
464 705 112 27 slutpunkt
598 706 22 21 åt
636 705 62 22 söder
714 705 75 27 flyttad
805 705 32 21 till
848 704 96 22 Kouvola
954 703 47 22 från

174 733 102 27 Kaipiais,
292 734 67 21 måste
375 733 125 28 tillräckligt
515 735 87 20 talande
616 734 47 21 skäl
678 734 34 21 för
727 740 27 15 en
764 734 66 21 sådan
840 733 98 27 flyttning
948 738 53 21 upp-

171 762 72 25 sökas,
265 762 39 21 och
321 762 26 21 då
362 762 110 21 framhölls
488 763 77 26 Kieppi
580 763 79 21 station
678 763 3 20 i
697 762 138 27 Mäntyharju
849 762 70 21 såsom
934 761 67 27 lämp-

173 790 30 27 lig
224 791 159 26 utgångspunkt
401 791 33 20 för
450 797 25 15 en
491 791 66 21 sådan
572 791 272 26 sammanbindningsbana.
875 790 126 21 Sedermera

173 819 36 20 vid
233 820 54 21 1888
311 819 34 21 års
365 819 107 27 landtdag,
490 820 26 21 då
531 820 170 26 kanaliseringen
717 820 23 21 af
754 820 83 21 Keitele
849 820 152 25 vattensystem

172 848 41 21 och
229 848 70 21 dettas
314 848 198 27 sammanbindning
526 850 48 20 med
590 849 130 26 Suonnejoki
731 848 180 27 jernvägsstation
923 847 78 26 ifråga-

173 876 57 25 kom,
251 877 24 21 så
297 876 123 22 framhöllos
443 877 46 22 åter
511 877 139 27 synpunkter,
666 877 72 22 hvilka
753 877 139 21 framkallade
908 876 93 22 beslutet

171 906 34 20 att
227 906 281 26 sammanbindningsbanan
530 906 68 21 skulle
619 906 77 27 dragas
716 906 33 21 till
769 906 135 26 Suonnejoki.
934 905 67 21 Detta

172 934 34 20 för
228 936 32 19 att
282 934 71 27 undgå
368 934 250 28 kanaliseringsarbeten.
648 935 51 21 Man
715 934 72 28 tyckte
803 935 35 21 det
853 940 50 15 vara
918 933 82 27 lämpli-

170 968 53 20 gare
245 964 32 20 att
299 962 73 22 förena
394 964 154 26 vattendragen
567 964 7 20 i
588 970 50 15 norr
653 964 49 21 med
717 963 130 27 Suonnejoki
862 962 79 22 station
957 968 42 15 me-

171 991 47 21 dels
240 991 89 27 jernväg
344 994 27 18 än
386 998 76 20 genom
478 992 70 21 kanal.
574 992 94 22 Sålunda
683 992 94 27 uppkom
788 992 101 26 förslaget
899 997 34 15 om
945 996 54 16 sam-

173 1019 233 27 manbindningsbanan
421 1020 280 28 Suonnejoki—Jyväskylä.
725 1020 70 22 Häraf
803 1020 92 27 framgår
906 1021 33 19 att
952 1019 47 21 från

171 1048 103 27 landtdag
296 1049 33 21 till
347 1049 103 27 landtdag
465 1049 107 27 åsigterna
588 1056 33 14 om
637 1052 57 19 rätta
709 1049 122 27 riktningen
846 1049 33 21 för
893 1054 106 16 samman-

171 1076 184 28 bindningsbanan
371 1078 46 20 från
431 1078 116 27 Jyväskylä
562 1080 82 19 österut
659 1078 128 21 förändrats.
811 1078 41 26 Jag
868 1078 68 20 måste
952 1076 45 22 der-

170 1105 35 21 för
219 1112 51 15 anse
289 1106 68 21 denna
371 1106 60 27 fråga
448 1108 56 19 ännu
525 1107 47 21 icke
601 1113 52 15 vara
682 1113 77 21 mogen
788 1106 34 22 för
846 1106 75 22 beslut.
959 1106 40 20 Un-

171 1134 39 21 der
231 1134 81 22 sådana
333 1135 154 26 förhållanden,
510 1136 39 20 och
566 1136 27 20 då
605 1136 37 26 jag
657 1136 47 20 icke
720 1136 42 20 kan
777 1135 74 21 förena
865 1135 43 27 mig
923 1140 34 16 om
973 1140 26 14 en

171 1163 120 27 nordostlig
313 1164 93 26 riktning
427 1164 29 26 på
478 1164 292 26 sammanbindningsbanans
792 1164 137 26 fortsättning
951 1162 48 21 från

169 1191 123 27 Jyväskylä,
317 1192 24 21 så
363 1192 67 21 måste
450 1192 38 27 jag
510 1199 56 19 anse,
590 1195 32 19 att
644 1192 73 27 hvarje
736 1193 61 25 bana,
814 1198 45 16 som
875 1192 75 26 drages
965 1190 34 22 till

172 1220 83 22 Keitele
269 1223 159 25 vattensystem,
446 1228 49 14 vare
510 1222 32 26 sig
557 1223 32 19 att
604 1222 122 20 densamma
742 1221 63 27 utgår
820 1221 46 21 från
876 1219 122 29 Jyväskylä,

169 1248 132 28 Suonnejoki
327 1250 50 21 eller
399 1250 70 26 någon
492 1256 69 15 annan
583 1250 75 27 punkt,
680 1250 66 21 borde
761 1250 110 21 betraktas
886 1250 70 20 såsom
971 1254 27 15 en

172 1277 84 26 bibana,
280 1278 40 21 och
342 1278 89 21 sålunda
452 1278 62 22 äfven
529 1279 73 21 kunna
616 1278 83 22 utföras
715 1278 132 27 smalspårig,
863 1278 71 21 derest
949 1283 50 15 man

170 1312 64 15 anser
253 1306 77 22 sådant
345 1313 50 15 vara
411 1307 128 27 förmånligt.
570 1307 61 21 Hvad
647 1307 47 21 åter
708 1307 101 21 sträckan
823 1306 178 27 Keuru—Jyväs-

170 1334 51 27 kylä
241 1335 140 26 vidkommer,
396 1336 24 20 så
434 1336 68 20 måste
515 1336 37 26 jag
567 1336 33 21 för
615 1336 43 20 min
674 1336 34 21 del
723 1336 108 21 bestämdt
846 1335 57 21 hålla
918 1334 33 28 på,
968 1335 32 20 att

170 1363 71 21 denna
263 1363 56 22 bana
341 1364 54 21 skall
410 1364 80 27 byggas
506 1364 131 27 bredspårig.
667 1364 41 27 Jag
723 1364 43 21 kan
781 1364 106 27 nämligen
902 1364 47 21 icke
964 1362 35 22 be-

171 1391 73 22 trakta
269 1392 70 21 denna
361 1392 78 22 bandel
464 1393 69 21 såsom
556 1396 66 18 annat
642 1395 27 19 än
692 1399 26 15 en
741 1393 35 21 del
791 1392 48 22 utaf
852 1399 26 15 en
893 1391 108 22 blifvande

169 1420 274 27 sammanbindningsbana,
459 1428 45 14 som
520 1422 54 20 skall
590 1422 74 20 förena
676 1421 64 21 Wasa
751 1422 40 21 och
801 1421 201 22 Savolaksbanorna

170 1454 53 16 vaar
237 1449 126 27 hvarandra,
379 1450 39 21 och
433 1450 69 21 under
516 1450 81 21 sådana
611 1450 148 21 förhållanden
774 1450 67 21 måste
854 1450 38 26 jag
904 1455 51 15 anse
965 1448 37 22 det

171 1478 48 20 med
243 1477 34 21 för
292 1478 73 21 landet
379 1478 136 22 ekonomiskt
530 1478 172 27 fördelaktigare,
718 1480 33 20 att
767 1479 69 21 denna
851 1478 54 22 bana
921 1478 80 26 bygges

171 1506 131 26 bredspårig,
326 1508 27 20 än
368 1509 32 19 att
415 1507 51 26 byta
482 1513 33 15 om
532 1507 106 27 spårvidd,
654 1507 70 21 såsom
740 1507 40 21 här
795 1506 69 22 blifvit
879 1506 122 26 föreslaget.

170 1534 65 21 Utom
251 1537 32 19 att
299 1535 40 21 den
355 1535 119 27 besparing,
490 1542 45 14 som
550 1536 66 27 enligt
632 1536 26 21 de
673 1535 114 27 uppstälda
798 1535 124 27 kalkylerna
932 1534 69 22 skulle
