1181 1773
224 129 57 21 1050
474 136 24 16 R.
512 140 17 12 o.
543 136 22 16 A.
580 136 57 16 1894.
666 136 21 16 16
700 136 48 20 Maj.

192 215 60 21 tland
268 214 119 27 förefinnes,
404 215 67 21 måste
484 216 38 26 jag
537 216 61 24 dock,
614 216 64 21 stödd
693 216 27 26 på
735 222 26 14 en
774 216 73 26 längre
858 215 43 21 tids
912 214 110 22 erfarenhe

192 244 41 20 och
249 244 122 21 tilltroende
387 244 42 26 mig
445 244 60 21 äfven
528 246 33 20 att
576 244 66 27 något
657 244 72 22 kunna
752 244 91 21 bedöma
865 244 69 21 denna
955 244 66 26 fråga,

192 278 53 15 anse
268 274 33 19 att
317 272 27 27 på
359 274 68 25 grund
443 272 22 22 af
478 273 47 21 vårt
548 274 60 20 lands
624 273 145 25 ekonomiska,
785 279 60 15 mera
859 274 26 19 än
901 279 49 14 man
965 272 36 22 det
1016 273 7 20 i

193 300 136 28 Helsingfors
344 302 27 25 på
386 302 57 20 vissa
459 302 43 20 håll
518 302 36 21 vill
570 304 40 24 tro,
626 302 112 26 betryckta
753 302 53 26 läge,
823 301 38 21 och
877 301 26 21 de
919 301 24 21 så
953 301 70 27 dåliga

192 329 87 21 tiderna
294 330 7 20 i
313 330 98 21 afseende
427 330 13 21 å
461 330 75 27 sjöfart
551 330 40 22 och
607 332 65 20 annat
687 330 86 24 förvärf,
788 330 47 21 icke
848 330 54 21 blott
917 330 64 21 bland
997 330 26 21 de

194 358 85 21 bofaste
293 358 146 27 jordegarene,
456 359 26 21 de
498 360 38 20 der
551 359 82 27 nödgas
648 359 79 21 afsätta
743 360 31 20 sin
790 358 95 27 spanmål
901 358 32 22 till
949 358 74 27 priser,

192 386 167 28 understigande
382 388 293 26 produktionskostnaderna,
698 388 40 21 och
753 388 82 20 hvilkas
851 387 58 21 kraft
925 389 32 19 att
971 386 52 21 bära

191 415 84 21 skatter
289 416 52 26 icke,
357 416 69 21 såsom
443 416 36 21 det
494 416 110 27 uppgifves
620 416 24 21 af
657 416 55 25 dem,
726 422 46 15 som
797 422 20 15 se
833 416 31 21 alt
883 416 7 21 i
905 415 118 27 rosenrödt,

196 444 69 26 ökats,
281 449 51 16 utan
348 445 6 20 i
369 445 146 27 verkligheten
538 445 96 21 deremot
651 445 104 27 betydligt
769 445 110 25 minskats,
895 447 51 18 utan
961 444 62 21 äfven

195 472 66 21 bland
285 473 76 27 många
386 474 74 21 idkare
476 474 22 21 af
512 475 70 20 större
598 474 122 23 industrier,
736 475 31 20 ett
783 473 125 28 afbrytande
923 473 100 21 fullkom-

195 501 39 26 ligt
250 501 24 21 af
287 502 51 21 våra
351 502 225 27 jernvägsbyggnader
591 503 33 20 väl
641 503 46 21 icke
703 503 53 20 böra
771 503 86 20 komma
872 503 5 20 i
893 502 66 27 fråga,
975 508 48 15 men

193 530 56 21 dock
265 533 45 18 stor
330 531 134 26 sparsamhet
480 531 52 21 böra
547 531 109 27 iakttagas
672 531 113 21 framdeles
800 532 7 20 i
822 531 74 26 frågan
907 537 33 14 om
953 531 70 26 anläg-

194 559 81 26 gandet
298 559 23 21 af
342 566 41 20 nya
399 562 71 23 vägar,
485 560 84 21 hvadan
586 561 88 20 arbeten
690 560 73 21 härför
778 560 19 26 ej
813 560 66 21 borde
895 559 106 21 bedrifvas
1016 559 7 21 i

196 594 81 14 samma
293 588 148 27 utsträckning
456 595 44 14 som
518 589 104 23 hitintills,
639 591 51 18 utan
706 589 115 25 desamma,
837 588 127 21 åtminstone
980 588 43 21 tills

195 616 74 21 vidare
295 616 104 27 betydligt
423 618 119 25 reduceras,
566 617 145 21 motsättande
731 617 37 27 jag
783 617 33 21 för
831 617 42 21 min
896 617 33 20 del
952 617 72 20 derför

197 646 146 25 upptagandet
359 645 23 21 af
395 646 150 27 projekterade
561 648 69 19 större
646 646 41 25 lån,
697 646 39 21 och
745 647 36 20 det
793 646 90 21 oaktadt
891 645 37 27 jag
938 645 7 21 i
956 645 68 21 denna

193 673 62 27 fråga
269 674 61 21 torde
346 674 86 21 komma
454 677 32 18 att
509 677 57 18 stöta
582 675 27 26 på
625 675 79 26 patrull
720 675 39 21 och
775 675 69 20 denna
859 674 55 27 åsigt
929 674 18 27 ej
964 674 59 21 delas

193 702 24 21 af
231 709 26 14 en
274 705 45 18 stor
335 703 40 23 del,
392 703 80 21 kanske
488 704 26 20 de
530 703 61 22 flesta
606 704 23 21 af
644 703 100 21 Ståndets
760 703 65 21 ärade
841 703 143 21 medlemmar.

264 731 75 21 Ehuru
362 732 35 21 det
420 733 31 20 uti
468 738 24 15 en
508 732 23 21 af
551 732 25 21 de
592 732 120 21 inlemnade
733 732 183 21 reservationerna
939 731 84 21 anföres

192 761 35 19 att
243 759 166 22 inskränkandet
425 761 23 20 af
462 767 40 20 nya
516 761 124 26 jernvägars
656 761 111 26 byggande
783 761 68 21 skulle
866 760 63 21 lända
943 763 81 18 statens

195 787 93 22 finanser
303 789 32 20 till
351 789 73 27 skada,
440 789 41 21 kan
495 789 38 27 jag
548 789 33 22 för
597 790 43 20 min
655 789 34 21 del
705 789 19 26 ej
740 789 49 21 dela
804 789 69 21 denna
888 789 61 26 åsigt.

263 817 29 20 Ju
309 823 56 15 mera
384 824 47 15 man
455 817 67 26 lånar,
539 818 60 21 desto
613 825 58 14 mera
687 819 67 20 sätter
770 824 48 15 man
834 818 31 26 sig
880 817 6 21 i
903 817 68 26 skuld,
988 817 36 20 det

194 845 39 20 har
257 845 37 27 jag
316 846 29 21 alt
368 847 65 20 sedan
456 847 43 20 min
522 847 103 20 barndom
650 847 125 21 esomoftast
798 847 49 20 hört
862 852 106 21 upprepas
984 845 40 22 och

193 874 70 21 måste
279 874 22 21 af
315 881 52 20 egen
383 875 122 22 erfarenhet
520 876 40 21 och
576 875 67 21 sådan
659 875 98 27 omkring
772 875 43 27 mig
829 875 95 21 erkänna
939 874 85 22 sannin-

191 909 42 20 gen
250 903 65 21 deraf.

264 932 39 20 Ett
329 932 127 22 forcerande
483 933 23 21 af
529 933 72 26 dylika
624 932 88 21 arbeten
736 932 39 21 har
797 932 108 21 dessutom
921 932 54 20 visat
991 932 32 26 sig

195 959 63 21 hafva
273 960 33 21 till
321 960 52 27 följd
396 961 169 21 arbetskraftens
580 962 124 26 ytterligare
721 961 132 27 fördyrande,
866 961 31 20 till
912 962 55 19 stort
975 966 48 15 men

196 988 33 21 för
245 988 134 26 jordbruket,
402 990 111 21 hvarutom
538 990 36 20 det
596 990 56 21 visat
674 990 31 26 sig
720 992 33 18 att
768 990 62 20 dessa
845 989 34 21 för
895 989 59 21 detta
967 988 56 26 jern-

192 1017 155 27 vägsarbetare
370 1018 51 22 ökat
444 1019 149 27 proletariatet
616 1020 6 19 i
646 1018 46 21 vårt
715 1018 50 21 land
785 1018 39 21 och
839 1018 28 26 på
883 1018 58 20 äldre
957 1018 66 26 dagar

193 1048 88 18 stannat
298 1046 153 22 kommunerna
466 1047 31 21 till
513 1048 48 20 last.

264 1074 26 21 Vi
314 1075 53 21 böra
389 1076 71 20 derför
482 1076 75 21 främst
580 1076 52 20 söka
656 1075 20 21 få
698 1075 149 21 annuiteterna
869 1076 12 20 å
897 1074 51 21 våra
963 1074 59 21 äldre

189 1103 269 27 jernvägsobligationslån
488 1104 87 27 erlagda
602 1104 39 21 och
668 1104 54 21 först
757 1104 86 21 dernäst
867 1103 48 21 fullt
945 1103 78 21 afsluta

193 1131 52 21 våra
261 1132 116 26 påbörjade
393 1133 73 27 bunor,
482 1133 69 21 såsom
568 1133 40 21 den
624 1133 105 21 Karelska
744 1139 28 14 m.
787 1132 28 27 fl.,
830 1132 39 21 och
881 1132 60 24 blott,
952 1132 71 20 derest

195 1162 32 19 ett
253 1160 119 22 öfverskott
398 1162 5 20 i
429 1162 275 20 kommunikationsfonden
727 1160 95 28 uppstår,
845 1160 86 22 dermed
955 1160 68 26 bygga

192 1195 43 19 nya
251 1188 74 28 banor,
340 1190 5 20 i
362 1190 80 21 hvilket
465 1190 37 21 fall
514 1190 38 27 jag
574 1190 34 20 för
629 1190 43 20 min
688 1190 40 25 del,
745 1190 27 20 då
787 1190 106 20 erkännas
908 1189 67 21 måste
991 1191 32 19 att

192 1217 87 21 landets
295 1224 62 14 norra
374 1221 57 18 orter
447 1218 63 21 hafva
533 1220 32 20 ett
588 1218 124 27 oafvisligen
728 1220 70 19 större
814 1217 65 22 behof
891 1217 24 21 af
928 1217 95 21 kommu-

194 1246 177 21 nikationsmedel
396 1248 27 20 än
450 1248 26 20 de
500 1247 70 27 södra,
592 1246 76 22 främst
690 1246 98 22 förordar
809 1246 128 26 byggandet,
953 1246 70 20 såsom

191 1275 65 25 sagdt
280 1274 53 22 efter
355 1275 56 21 hand
433 1282 45 14 som
495 1276 51 20 våra
561 1276 114 26 tillgångar
690 1276 36 20 det
742 1275 111 26 medgifva,
869 1275 40 21 och
925 1276 50 19 utan
991 1276 32 19 att

191 1309 51 15 man
254 1303 105 27 tillgriper
370 1310 41 20 nya
421 1304 42 26 lån,
474 1304 62 21 hvars
547 1304 122 21 annuiteter
677 1304 106 26 möjligen,
799 1303 84 21 oaktadt
893 1303 42 26 alla
945 1303 78 21 vackra

192 1331 106 27 kalkyler,
322 1332 70 21 kunde
416 1333 65 21 blifva
503 1332 63 22 svåra
588 1336 32 18 att
642 1333 7 21 i
664 1339 26 14 en
706 1332 86 22 framtid
809 1332 92 26 erlägga,
917 1332 23 20 af
953 1332 70 20 banan

194 1360 226 28 Keuru—Jyväskylä,
437 1364 55 18 samt
508 1362 94 20 derefter
616 1364 82 24 genast,
715 1361 22 21 af
752 1361 63 21 linien
831 1360 192 21 Nummela—Hel-

190 1388 102 28 singfors,
308 1389 85 21 hvilken
409 1390 45 21 lilla
470 1390 37 25 bit,
523 1390 54 21 efter
593 1390 48 21 mitt
656 1390 137 21 förmenande
809 1389 47 21 icke
871 1388 55 22 blott
939 1389 84 20 komme

190 1419 36 19 att
248 1420 77 24 genast
345 1420 82 20 ersätta
448 1418 218 25 trafikkostnaderna,
693 1421 52 18 utan
774 1418 109 21 dessutom
905 1418 69 20 lemna
997 1423 26 15 en

190 1446 20 26 €j
227 1446 110 26 obetydlig
352 1447 61 21 vinst.

263 1475 10 20 I
289 1475 115 25 petitionen
427 1476 40 21 N:o
490 1476 12 20 2
526 1476 38 21 har
581 1476 31 20 Hr
635 1476 117 26 Malmgren
769 1475 138 26 omständligt
922 1474 102 22 relaterat

192 1503 27 21 de
235 1506 61 18 stora
311 1504 121 21 fördelarne
448 1504 24 21 af
486 1511 24 14 en
522 1505 67 20 banas
606 1504 89 22 ledande
716 1504 60 26 längs
793 1504 131 21 sistnämnda
942 1502 81 22 sträck-

192 1532 58 26 ning,
271 1532 85 21 hvarför
376 1533 37 27 jag
435 1534 19 26 ej
472 1532 34 22 vill
521 1533 115 27 uppehålla
655 1532 90 22 Ståndet
761 1532 48 22 med
825 1532 162 27 uppräknandet
1002 1530 24 22 af
