1181 1773
329 128 119 21 Bevillning
461 128 32 17 för
506 128 44 17 fast
562 129 100 20 egendom
674 128 39 17 och
726 128 96 16 inkomst.
912 122 51 21 1331

237 208 31 21 På
279 208 92 27 begäran
387 208 98 22 lemnade
500 208 33 21 Hr
549 208 206 21 Landtmarskalken
772 208 61 20 ordet
849 208 22 20 åt

237 265 58 21 Frih.
311 265 24 21 R.
352 266 25 20 A.
393 265 105 25 Wrede,
514 272 44 14 som
574 265 96 27 yttrade:
697 265 42 21 Det
755 265 42 21 kan
813 265 105 21 måhända
934 270 61 15 anses

169 293 132 27 öfverflödigt
325 296 32 19 att
379 296 57 24 yttra
460 294 31 26 sig
506 294 6 20 i
529 294 69 20 denna
613 294 66 26 fråga,
695 294 28 20 då
739 294 36 20 det
790 293 53 21 efter
859 294 36 20 det
909 293 84 27 ärende,

169 328 44 15 som
237 324 72 19 senast
331 322 132 26 behandlats,
486 324 24 19 är
532 322 127 27 uppenbart.
680 324 32 18 att
728 322 68 26 någon
813 322 66 20 sådan
894 322 101 20 inkomst-

169 350 119 28 bevillning,
312 351 87 21 hvarom
422 351 7 21 i
448 352 59 20 detta
522 351 136 21 betänkande
674 352 23 19 är
712 350 67 26 fråga,
796 350 46 22 icke
860 350 98 22 behöfver
974 350 22 20 af

169 380 120 20 Ständerna
313 382 94 24 antagas,
431 386 48 14 men
500 380 36 26 jag
559 380 37 20 ber
618 379 55 21 dock
696 381 32 19 att
745 379 21 21 få
781 382 56 24 yttra
854 380 65 24 några
934 379 61 21 ord
983 375 16 35 i

169 408 65 21 saken
250 408 48 22 med
314 408 111 26 anledning
442 408 66 24 deraf,
525 410 33 19 att
573 415 26 14 en
616 408 77 20 allmän
708 408 210 26 inkomstbevillning
929 408 66 24 enligt

169 438 43 20 min
232 437 71 24 tanke,
320 437 66 21 ehuru
402 437 70 21 denna
487 437 137 26 beskattning
640 437 69 20 denna
725 436 56 27 gång
796 436 45 21 icke
859 436 68 21 blifvit
943 436 52 21 nöd-

169 466 83 26 vändig,
273 466 113 25 sannolikt,
400 466 23 26 ja
438 466 120 26 säkerligen
574 466 44 20 förr
634 465 52 22 eller
701 472 75 14 senare
792 466 53 20 skall
862 466 37 20 hos
915 471 34 15 oss
965 465 28 20 in-

169 495 58 20 föras
243 495 38 20 och
297 495 73 26 frågan
387 495 72 20 derom
476 497 51 18 utan
544 495 72 20 tvifvel
632 495 96 20 kommer
743 496 32 19 att
791 494 57 21 hålla
864 495 31 25 sig
905 495 27 25 på
945 494 50 25 dag-

171 523 116 26 ordningen
303 524 55 20 ända
373 523 43 21 tills
432 523 85 21 skatten
533 523 69 20 blifvit
616 523 76 20 införd.
718 523 41 26 Jag
775 523 41 20 kan
827 523 46 21 icke
885 523 111 20 underlåta

170 554 32 18 att
225 552 70 20 uttala
317 552 42 20 min
383 552 121 26 synnerliga
523 551 188 21 tillfredsställelse
727 551 58 21 öfver
801 552 39 21 den
857 551 137 27 ståndpunkt,

171 586 43 15 som
238 581 237 25 Bevillningsutskottet
498 581 77 26 intagit
598 581 47 20 med
665 580 100 21 afseende
781 581 12 20 å
809 580 100 26 förslaget
925 581 5 20 i
947 580 47 21 nåd.

171 615 59 20 prop.
254 609 71 21 derom
348 611 32 18 att
401 615 63 20 egare
488 609 23 20 af
525 609 42 21 fast
583 609 103 26 egendom
702 609 70 20 skulle
788 609 93 20 förutom
897 610 98 20 inkomst-

171 637 120 26 bevillning,
314 637 79 27 jemväl
421 638 143 21 underkastas
589 637 91 22 särskild
707 637 226 27 fastighetsbevillning
955 637 40 21 och

171 666 82 21 således
276 666 26 26 på
326 666 87 21 dubbelt
436 668 44 19 sätt
501 666 116 21 beskattas.
649 666 42 21 Det
707 666 62 21 torde
784 667 54 20 varit
855 673 23 14 en
896 666 99 25 temligen

171 694 77 21 allmän
265 695 140 26 uppfattning,
422 697 32 19 att
466 695 59 21 detta
535 694 81 27 förslag
628 695 88 20 innebar
727 701 26 14 en
766 695 81 26 ganska
857 697 45 18 stor
913 695 82 26 obillig-

171 723 43 21 het.
244 723 32 21 De
297 724 72 25 motiv,
385 730 44 14 som
446 723 236 27 Bevillningsutskottet
698 723 27 26 på
740 725 13 19 2
770 723 39 21 och
825 724 12 20 3
853 724 52 21 sidd.
922 723 23 21 af
959 724 37 19 sitt

171 751 134 22 betänkande
325 752 99 27 framlagt
439 752 33 21 för
488 752 138 21 förkastande
641 752 23 21 af
678 752 40 21 den
734 752 126 27 ifrågasatta
875 752 120 26 fastighets-

172 780 146 27 bevillningen,
342 783 36 18 äro
397 781 65 20 också
477 781 65 25 enligt
558 781 42 20 min
616 781 66 20 tanke
697 781 47 20 icke
760 781 55 20 blott
831 781 6 20 i
852 781 42 20 allo
911 781 84 26 riktiga,

171 811 50 19 utan
245 809 60 22 äfven
329 809 48 21 fullt
392 810 153 20 uttömmande.
576 809 41 26 Jag
632 809 38 21 ber
686 809 77 21 endast
777 812 33 18 att
825 809 22 21 få
862 810 87 26 tillägga
964 811 32 19 att

169 838 36 26 jag
221 840 45 19 tror
281 840 32 19 att
329 838 57 21 öfver
401 838 81 21 hufvud
497 838 47 21 icke
560 838 69 26 någon
643 838 58 21 skatt
712 838 133 26 rättvisligen
856 839 41 20 kan
910 838 85 27 åläggas

171 866 101 27 fastighet
288 867 27 26 på
330 867 78 23 landet,
419 867 24 20 så
456 867 62 26 länge
531 867 25 20 de
568 867 122 21 nuvarande
701 867 180 26 grundskatterna
891 867 106 21 fortbestå

171 896 47 20 med
237 896 40 20 den
293 895 118 27 fördelning
427 896 26 20 de
469 902 28 14 nu
513 895 69 21 hafva.
612 896 43 20 Det
670 897 24 19 är
711 896 122 26 visserligen
849 899 48 18 sant
913 898 31 18 att
961 896 35 20 det

170 924 84 26 belopp,
278 924 85 21 hvartill
381 925 62 20 dessa
458 924 152 26 grundskatter
625 925 78 25 uppgå,
719 924 54 21 efter
789 925 25 20 de
830 925 166 26 nedsättningar,

171 958 44 15 som
232 953 67 20 under
315 959 73 15 senare
404 953 54 21 tider
475 952 63 21 hafva
553 955 35 24 egt
604 959 53 17 rum,
674 953 46 21 icke
736 952 80 22 företer
831 954 68 26 någon
911 959 84 21 synner-

170 981 55 27 ligen
242 981 93 27 betydlig
350 987 89 19 summa,
454 988 48 14 men
518 981 69 21 såsom
603 981 67 21 kändt
686 983 37 19 äro
738 982 62 20 dessa
811 982 81 21 skatter
902 981 94 22 särdeles

171 1010 80 26 ojemnt
267 1010 109 21 fördelade
392 1010 27 26 på
434 1010 156 26 fastigheterna
605 1010 6 20 i
628 1010 56 20 olika
700 1010 60 21 delar
775 1010 23 21 af
812 1011 71 20 landet
899 1011 38 21 och
954 1010 42 21 till-

169 1038 53 27 följd
238 1038 62 22 häraf
314 1038 66 21 finnes
395 1039 36 20 det
447 1045 26 14 en
489 1038 33 21 hel
539 1038 77 26 mängd
632 1038 133 27 fastigheter,
781 1039 101 21 särskildt
895 1040 7 20 i
913 1039 83 21 landets

170 1068 64 20 södra
257 1067 39 21 och
312 1068 57 20 ännu
384 1073 58 15 mera
457 1067 7 21 i
480 1068 48 20 dess
544 1068 110 26 sydvestra
670 1068 65 25 delar,
753 1068 72 20 hvilka
840 1068 64 21 redan
920 1070 37 18 äro
973 1068 24 20 så

170 1097 62 25 tungt
248 1096 133 25 beskattade,
397 1098 32 18 att
445 1096 25 20 de
486 1096 46 20 icke
548 1096 69 21 skulle
633 1096 71 21 kunna
720 1096 52 21 bära
788 1096 68 27 någon
872 1097 125 26 ytterligare

169 1124 65 21 skatt.
260 1124 101 21 Deremot
376 1124 71 21 kunde
464 1124 36 21 det
516 1124 144 27 ifrågasättas,
672 1124 26 21 då
707 1125 24 26 ju
743 1131 25 15 en
779 1125 83 27 måttlig
870 1125 109 27 jordskatt
990 1126 7 19 i

169 1153 44 21 alla
223 1152 112 22 händelser
343 1154 24 20 är
375 1159 25 15 en
409 1153 81 26 ganska
498 1153 87 27 lämplig
594 1153 54 21 form
656 1153 23 21 af
686 1154 143 26 beskattning,
838 1154 104 21 huruvida
949 1153 48 21 icke

169 1182 42 20 fast
227 1182 102 26 egendom
346 1182 5 20 i
363 1182 47 20 stad
421 1182 72 20 kunde
505 1181 6 21 i
522 1188 26 14 en
560 1182 52 21 eller
622 1188 71 14 annan
704 1181 54 22 form
769 1182 142 21 underkastas
923 1182 73 26 fastig-

169 1210 168 26 hetsbevillning,
354 1210 67 21 ehuru
437 1210 46 21 icke
499 1210 6 20 i
522 1210 152 26 sammanhang
690 1211 48 20 med
754 1210 241 27 inkomstbevillningen.

238 1239 41 26 Jag
293 1239 85 26 återgår
394 1245 27 14 nu
447 1238 33 21 till
495 1238 74 26 sjelfva
584 1239 243 27 inkomstbevillningen.
857 1240 42 20 Det
914 1241 24 19 är
951 1239 24 27 ju
990 1239 7 21 i

168 1267 53 21 visst
243 1267 98 21 afseende
364 1267 133 27 synnerligen
517 1268 203 25 tillfredsställande,
737 1270 33 18 att
785 1268 125 26 Ständerna,
927 1269 70 20 såsom

167 1295 36 27 jag
218 1296 98 27 nämnde,
331 1296 69 21 denna
419 1295 56 27 gång
490 1296 47 20 icke
559 1296 93 21 behöfva
668 1296 63 26 åtaga
747 1296 31 27 sig
793 1296 66 21 sådan
876 1297 121 26 bevillning,

169 1330 47 15 men
233 1324 65 21 saken
314 1324 39 21 har
369 1324 63 22 också
448 1330 26 15 en
490 1330 70 15 annan
576 1325 46 21 sida
638 1325 39 21 och
692 1325 33 21 för
741 1326 42 20 min
800 1326 34 20 del
849 1326 42 20 kan
901 1325 36 27 jag
950 1325 47 21 icke

168 1358 51 15 anse
235 1352 36 21 det
285 1359 52 15 vara
352 1354 64 20 annat
431 1354 27 19 än
475 1353 99 27 önskligt,
590 1355 33 19 att
642 1354 6 20 i
664 1360 26 14 en
705 1353 87 21 framtid
809 1354 68 21 denna
893 1354 58 20 skatt
965 1354 32 20 in-

168 1381 63 21 föres.
262 1381 66 21 Detta
344 1384 23 18 är
383 1381 93 27 önskligt
492 1382 65 20 redan
568 1382 48 20 från
629 1382 116 21 rättvisans
755 1382 114 27 synpunkt.
899 1382 98 21 Beskatt-

169 1410 77 26 ningen
261 1410 6 20 i
284 1409 47 22 vårt
346 1410 49 21 land
411 1412 24 18 är
450 1410 47 20 icke
510 1410 66 26 jemn.
607 1410 87 21 Oafsedt
711 1411 41 21 den
768 1411 113 26 ojemnhet,
892 1417 44 14 som
948 1416 50 20 eger

169 1444 46 15 rum
231 1438 49 21 med
295 1438 99 22 afseende
409 1438 13 21 å
437 1438 167 26 grundskattens
620 1439 120 27 fördelning
755 1439 6 21 i
778 1440 57 20 olika
851 1440 58 20 delar
920 1439 22 21 af
951 1440 47 20 lan-

169 1467 36 21 det
230 1467 39 21 och
294 1469 14 19 t.
333 1473 18 15 o.
375 1473 26 15 m.
427 1466 79 21 mellan
531 1468 130 26 lägenheter,
686 1474 46 14 som
758 1468 87 20 alldeles
869 1470 78 24 gränsa
965 1468 32 20 till

168 1495 127 26 hvarandra,
321 1495 24 21 så
368 1496 65 26 ligger
457 1495 36 21 det
513 1496 25 26 ju
560 1496 66 21 redan
649 1502 26 14 en
696 1496 111 26 obillighet
821 1496 43 21 deri
881 1498 32 19 att
928 1496 69 26 någon

168 1530 70 15 annan
263 1524 71 21 direkt
357 1524 58 21 skatt
434 1523 47 21 icke
503 1524 143 22 förekommer
668 1526 27 19 än
715 1525 62 21 dessa
792 1525 151 26 grundskatter
958 1524 40 21 och
