1181 1773
500 128 145 20 Patentlagen.
904 123 52 19 1401

230 208 31 21 Hr
276 208 25 21 E.
317 207 189 27 Furuhjelm:
537 208 42 20 Det
594 208 108 20 förefaller
717 208 43 26 mig
771 208 132 26 synnerligen
914 208 73 20 inkon-

161 239 88 24 seqvent
265 239 32 18 att
313 236 120 21 Ständerna
449 237 6 20 i
472 237 35 20 det
515 243 39 14 ena
570 236 66 26 fallet,
653 236 106 26 nämligen
776 237 5 20 i
797 236 60 26 fråga
873 243 32 14 om
917 236 71 26 påläg-

161 265 78 27 gandet
255 265 22 21 af
291 265 85 26 afgifter
392 265 33 21 för
440 266 127 25 inskrifnivg
582 266 6 20 i
605 265 185 26 handelsregister,
799 265 61 21 skola
870 264 120 22 förbehålla

162 294 31 26 sig
206 293 73 27 sjelfva
295 294 101 26 rättighet
413 294 30 20 till
461 294 69 20 denna
546 294 141 26 beskattning,
704 300 47 14 men
768 294 30 20 uti
815 294 36 20 det
867 294 66 20 andra
949 292 40 21 fal-

161 322 36 25 let,
214 323 19 20 d.
249 329 19 14 v.
284 329 15 14 s.
317 322 131 21 beträffande
464 322 194 26 patentafgifterna,
675 322 129 21 öfverlemna
819 322 62 20 deras
897 322 93 20 bestäm-

161 351 77 21 mande
253 351 22 21 ät
291 352 137 25 Regeringen.
460 350 40 25 Jag
515 351 36 21 vill
569 351 124 27 ytterligare
708 351 115 21 framhälla
838 353 32 18 att
885 350 104 27 patentaf-

161 380 92 26 gifterna
268 380 72 20 kunna
356 380 55 26 stiga
433 379 32 21 till
487 380 107 25 ätskilliga
619 380 81 21 100-tal
721 380 66 26 mark,
800 380 75 20 medan
892 380 97 26 registre-

162 408 172 26 ringsafgifterna
355 408 70 27 uppgå
448 408 76 21 endast
546 408 32 21 till
601 408 65 26 några
690 409 68 20 tiotal.
779 420 25 3 —
829 408 40 26 Jag
888 408 103 20 vidhäller

163 437 70 21 derför
247 438 49 20 mitt
311 437 90 26 tidigare
416 436 75 27 gjorda
506 437 101 26 yrkande.

232 505 31 22 Hr
278 506 24 20 L.
318 505 162 21 Mechelin:
511 505 42 21 Det
573 505 145 27 föreliggande
733 506 102 26 förslaget
850 506 40 20 kan
907 511 61 21 synas
984 505 6 20 i

163 534 68 27 nägon
255 534 48 21 män
326 534 160 26 inkonsegvent,
509 536 39 19 när
568 541 48 14 man
630 534 77 27 jemför
723 535 70 20 denna
805 535 60 26 fräga
880 535 47 20 med
943 534 46 23 den,

163 569 45 15 som
225 563 30 20 Hr
270 563 123 26 Furuhjelm
410 563 154 23 berörde,
522 558 36 36 men
572 563 37 26 jag
624 565 45 18 tror
685 565 32 18 att
733 563 38 21 här
788 563 54 21 dock
854 570 25 14 en
887 562 105 26 väsentlig

163 591 81 22 olikhet
267 593 24 19 är
313 591 33 21 för
367 592 91 20 handen.
488 591 45 21 När
554 592 36 21 det
605 592 61 25 gälde
683 592 61 25 lagen
761 598 32 15 om
810 591 61 21 firma
887 592 38 21 och
941 597 50 20 pro-

163 620 60 23 kura,
246 620 23 21 sä
291 627 37 14 var
349 621 35 20 det
405 620 60 26 fråga
482 627 33 14 om
531 620 91 26 afvifter,
639 627 44 14 som
700 621 68 20 måste
784 621 82 20 betalas
882 620 21 21 af
917 619 75 27 hvarje

163 649 160 26 näringsidkare
340 649 6 20 i
362 649 84 23 landet;
463 649 53 20 hvar
532 649 39 20 och
587 655 26 14 en
629 649 111 26 förpligtas
757 652 32 18 att
801 649 42 20 läta
854 649 138 26 inregistrera

163 677 32 21 sin
211 677 66 26 firma,
294 677 38 21 och
348 679 7 19 i
375 677 39 22 och
427 678 48 20 med
492 678 118 21 detsamma
626 678 40 20 blir
682 678 40 20 han
740 678 82 26 skyldig
838 680 32 18 att
886 677 71 21 betala
966 683 25 14 en

163 706 66 26 afgift.
261 707 74 20 Denna
351 706 38 21 har
405 706 71 21 derför
493 713 58 14 mera
573 707 66 20 likhet
660 707 46 20 med
730 713 25 14 en
772 707 57 20 skatt
845 708 27 19 än
888 705 104 27 patentaf-

163 735 97 25 gifterna,
283 741 45 14 som
352 735 176 26 hufvudsakligen
548 735 60 20 skola
625 737 75 24 utgöra
717 741 26 14 en
759 735 118 26 ersättning
892 735 21 20 ät
929 736 63 19 stats-

163 763 74 21 verket
253 763 33 21 för
301 763 48 21 dess
364 763 150 21 omkostnader
530 764 6 20 i
552 764 114 25 anledning
681 763 23 21 af
718 764 183 25 patentväsendet.

234 827 31 20 Br
289 826 70 21 Alexis
374 826 204 27 Gripenberg:
609 827 32 20 Hr
663 827 104 20 Mechelin
787 827 38 20 har
841 827 64 20 redan
922 825 71 21 anfört

165 855 80 26 ganska
258 855 96 26 vägande
369 855 46 21 skäl
429 857 45 19 mot
482 855 200 26 patentafgifternas
694 855 142 21 betraktande
847 855 69 20 säsom
929 855 65 20 skatt.

164 883 41 27 Jag
221 883 38 21 ber
274 886 33 18 att
321 883 32 21 till
369 884 62 21 dessa
447 883 46 22 skäl
516 884 22 20 fä
554 884 88 26 tillägga
654 886 56 18 ännu
727 886 37 23 ett,
781 890 44 15 som
842 884 55 20 talar
913 884 32 20 för
961 884 32 19 att

165 912 70 21 denna
251 912 61 26 afgift
328 912 87 21 fastmer
429 912 69 21 mäste
514 913 111 21 betraktas
648 913 69 21 säsom
734 919 25 15 en
777 914 116 24 ersättning
909 912 32 21 för
958 912 36 20 det

165 941 67 27 skydd
256 944 69 18 staten
350 941 88 21 bereder
461 941 233 26 patentinnehafvaren.
725 942 42 20 Det
790 943 23 18 är
829 942 104 26 nämligen
953 941 40 20 den

166 970 189 26 omständigheten,
376 972 32 18 att
424 970 226 26 patentinnehafvaren
666 970 42 20 kan
724 970 138 26 undandraga
879 970 30 25 sig
925 970 68 25 erläg-

165 998 80 26 gandet
260 998 22 21 af
297 999 68 20 denna
380 999 61 26 afgift
458 999 54 20 hvad
529 999 63 20 stund
609 999 41 20 han
666 999 95 25 behagar
779 999 38 20 och
829 1001 32 18 att
872 999 35 20 det
919 998 76 26 skydd,

166 1032 45 16 som
228 1027 61 26 lagen
305 1027 115 24 meddelar,
437 1028 5 20 i
460 1028 39 20 och
516 1028 46 20 med
579 1028 117 20 detsamma
712 1027 90 27 upphör.
833 1027 31 21 Hr
880 1026 114 27 Stjernvall

165 1055 40 21 har
227 1058 54 24 sagt,
305 1058 32 18 att
357 1056 220 26 anmälningsafgiften
594 1056 68 21 skulle
678 1062 50 14 vara
745 1062 24 14 en
785 1056 114 26 tillräcklig
915 1056 77 20 ersätt-

166 1084 50 26 ning
239 1084 32 21 för
295 1085 35 20 det
353 1085 82 25 besvär,
459 1085 225 26 patentmyndigheten
706 1085 39 20 har
761 1084 47 21 med
824 1084 169 26 registreringen.

167 1119 18 14 o.
201 1119 16 14 s.
234 1119 17 15 v.
283 1113 77 21 Härtill
377 1114 37 20 ber
427 1114 37 26 jag
480 1113 22 21 få
517 1113 81 25 anföra,
615 1116 32 18 att
662 1113 220 27 ansökningsafgiften
899 1113 37 20 har
952 1112 42 20 till-

167 1141 90 21 kommit
273 1142 135 20 uteslutande
425 1142 79 27 derför,
518 1144 34 18 att
567 1142 143 26 ansökningar
726 1148 34 14 om
777 1144 72 24 patent
861 1142 32 21 för
905 1147 90 20 omogna

166 1170 149 26 uppfinningar
337 1170 45 21 icke
403 1170 68 21 skulle
492 1170 84 27 hoptals
594 1171 32 20 till
642 1170 224 27 patentmyndigheten
882 1170 114 26 inkomma,

166 1199 40 21 och
222 1201 31 18 att
275 1199 40 21 den
336 1199 60 26 ringa
418 1199 61 26 afgift
501 1200 23 20 af
544 1200 27 20 30
595 1200 65 24 mark,
677 1206 45 14 som
744 1200 6 20 i
766 1199 76 21 sädant
857 1198 98 22 afseende
972 1199 23 19 är

165 1227 119 26 föreslagen
305 1230 33 18 att
351 1228 113 26 uppbäras,
479 1228 47 20 icke
542 1234 37 15 ens
595 1228 136 21 närmelsevis
747 1228 96 20 kommer
858 1230 32 18 att
905 1226 92 22 betäcka

167 1256 303 26 annonseringskostnaderna.

432 1341 284 27 Omröstningsproposition
723 1348 5 14 :

239 1404 54 24 Den,
309 1410 45 15 som
370 1404 125 26 godkänner
510 1404 27 20 22
554 1405 12 25 &
582 1404 66 26 enligt
663 1404 122 21 Utskottets
795 1404 133 21 betänkande
939 1403 59 21 oför-

171 1432 88 26 ändrad,
275 1438 73 15 svarar
361 1433 31 26 ja;

237 1494 41 21 blir
300 1495 33 26 nej
357 1495 162 27 öfvervägande,
540 1494 169 22 äterremitteras
726 1496 69 20 denna
809 1496 14 26 &
839 1496 32 20 till
887 1495 112 21 Utskottet

167 1522 34 22 för
216 1525 34 19 att
271 1524 142 26 omredigeras
429 1524 97 25 sälunda,
542 1526 32 18 att
590 1524 6 20 i
613 1524 123 20 densamma
751 1524 61 21 äfven
828 1524 53 20 skall
898 1523 48 26 ingä
962 1523 36 20 be-
