1181 1773
363 134 113 17 Arbetares
488 134 120 21 försäkring
620 134 32 17 för
660 134 119 20 olycksfall.
903 128 54 20 1347

157 214 44 21 viss
226 214 81 27 dräglig
329 216 63 24 gräns
414 220 76 20 genom
506 216 32 19 att
553 214 71 21 lemna
640 214 23 21 så
678 214 46 21 små
739 214 118 21 understöd
873 220 44 14 som
933 213 52 27 möj-

157 243 40 26 ligt
222 242 39 22 och
286 242 86 21 försöka
398 243 68 21 drifva
491 243 26 21 de
538 242 115 22 nödstälda
668 243 40 21 och
724 242 77 27 fattiga
817 242 33 21 till
865 242 27 21 de
907 243 80 20 största

159 271 88 27 möjliga
269 271 177 27 ansträngningar
468 274 32 18 att
523 272 73 26 sjelfva
612 273 56 19 ännu
684 271 90 27 bidraga
789 271 32 21 till
837 271 32 21 sin
885 271 101 21 utkomst.

158 300 43 20 Det
226 299 108 21 förefaller
359 300 42 26 mig
427 300 71 21 derför
513 302 33 18 att
570 306 52 14 vara
647 306 24 15 en
688 300 85 26 mycket
788 300 53 20 sund
858 299 81 27 princip
954 301 33 19 att

158 328 54 21 söka
235 328 97 21 åhvälfva
356 335 24 14 en
397 328 33 22 del
447 329 47 21 utaf
508 328 214 27 fattigvårdstungan,
739 328 40 22 och
792 328 37 27 jag
844 328 81 26 hoppas
941 328 46 21 icke

160 357 56 21 blott
231 357 70 21 derna
316 357 40 25 del,
373 364 43 14 som
433 364 27 14 nu
476 358 97 20 kommer
588 358 6 20 i
610 357 66 27 fråga,
693 360 51 18 utan
761 358 6 20 i
783 363 25 15 en
824 356 87 21 framtid
926 357 61 21 äfven

161 386 84 26 mycket
273 386 129 26 betydligare
430 386 59 21 delar
514 386 23 20 af
557 386 215 26 fattigvärdstungan,
789 385 28 27 på
832 385 26 21 de
873 385 114 21 industrier

160 414 51 21 eller
235 414 72 27 yrken,
332 415 47 20 med
404 414 71 22 hvilka
491 414 25 22 de
536 421 108 20 personer,
660 420 44 16 som
721 414 69 21 blifvit
805 414 114 21 nödstälda
933 414 7 20 i
955 414 33 20 sin

159 443 108 28 egenskap
292 442 22 22 af
335 443 103 23 arbetare,
460 444 124 26 sysselsätta
600 444 37 26 sig.
668 443 87 22 Samma
770 443 81 26 princip
867 442 66 21 finnes
948 441 40 22 vis-

160 472 91 26 serligen
273 473 65 20 redan
360 472 95 27 uttryckt
470 473 7 20 i
493 472 37 21 vår
546 472 122 21 nuvarande
684 472 133 26 lagstiftning
831 477 76 21 genom
923 471 65 21 fram-

159 500 100 21 hållande
281 501 48 20 utaf
349 501 121 21 husbondes
492 501 120 26 skyldighet
635 503 33 19 att
690 501 54 21 söka
759 500 116 27 förebygga
890 500 39 21 och
945 499 41 22 för-

159 529 78 21 hindra
258 531 32 19 att
313 529 61 21 deras
394 530 5 20 i
421 529 65 27 tjenst
502 530 92 21 varande
610 529 99 22 arbetare
725 529 69 21 skulle
810 529 50 21 falla
876 528 111 27 fattigvår-

161 558 39 21 den
228 558 32 21 till
285 558 48 21 last.
363 558 42 21 Det
429 560 24 19 är
472 565 82 14 samma
571 558 87 27 princip,
678 558 65 26 enligt
758 557 92 26 hvilken,
866 557 70 22 såsom
952 557 36 21 det

161 592 61 21 synes
245 587 49 26 mig,
317 587 130 26 lagstiftaren
468 587 34 21 väl
517 587 43 21 kan
576 587 76 26 ålägga
668 587 25 21 de
709 587 57 20 olika
781 587 80 26 yrkena
882 588 33 19 att
930 585 57 27 sörja

160 615 34 21 för
217 615 128 21 åtminstone
367 615 38 21 den
423 615 34 21 del
473 615 23 22 af
510 615 62 22 deras
588 615 82 27 fattiga,
686 615 85 21 hvilken
787 621 75 20 genom
879 614 109 27 olycksfall

160 643 69 22 blifvit
251 644 132 21 urståndsatt
406 647 32 18 att
453 644 81 21 arbeta.
565 645 31 20 En
618 650 69 15 annan
703 644 38 21 sak
757 646 24 19 är
797 644 46 25 den,
860 643 27 27 på
903 643 84 21 hvilken

159 673 69 26 grund
251 672 166 27 arbetsgifvaren
438 673 55 20 skall
508 673 166 26 skyldigkännas
696 675 33 18 att
744 673 91 20 bekosta
850 672 137 21 arbetarenes

161 701 170 21 säkerställande
346 701 33 20 för
393 701 60 21 faran
470 703 32 20 att
517 701 52 22 falla
583 701 142 27 fattigvården
742 701 32 21 till
790 701 47 21 last.
868 701 42 20 Det
925 706 62 21 synes

161 730 43 26 mig
227 736 46 15 som
296 736 34 15 om
353 730 36 21 det
409 736 51 15 vore
476 730 26 26 på
518 730 31 21 alt
564 732 44 19 sätt
623 730 121 27 lyckligare,
761 736 34 15 om
811 731 30 20 ett
857 731 44 19 sätt
916 729 71 21 kunde

161 758 100 26 utfinnas,
285 758 80 21 hvilket
380 759 67 20 skulle
464 758 70 22 direkt
549 759 101 26 påminna
666 759 113 20 arbetaren
795 765 34 14 om
845 758 40 21 den
901 757 87 27 förplig-

161 787 60 25 telse,
237 793 46 15 som
299 787 65 26 enligt
379 787 42 21 min
437 787 137 27 uppfattning
589 787 80 26 åligger
685 787 72 26 hvarje
773 787 86 27 myndig
870 786 117 26 menniska,

161 815 72 27 hvarje
257 816 85 26 myndig
357 822 55 17 man,
427 817 33 20 att
475 816 81 21 förutse
572 816 110 26 följderna,
698 815 65 22 också
779 816 26 20 de
820 815 107 26 tillfälliga
942 814 46 27 följ-

161 845 67 20 derna
249 844 24 21 af
287 845 39 20 den
343 845 104 26 ställning,
462 845 7 20 i
484 845 86 21 hvilken
586 845 42 20 han
644 845 87 26 begifvit
746 845 38 26 sig,
801 844 39 21 och
856 844 53 21 söka
917 843 71 22 säker-

161 873 63 21 ställa
250 873 31 27 sig
305 873 34 21 för
366 873 25 21 de
412 873 70 27 vådor,
505 880 45 15 som
566 873 74 27 åtfölja
656 873 130 21 densamma.
816 873 40 26 Jag
872 873 36 21 vill
923 878 66 21 gerna

160 901 113 27 medgifva,
301 904 32 19 att
358 902 113 21 arbetaren
493 902 7 21 i
523 902 78 27 många
616 902 74 22 länder
705 902 40 21 och
761 902 61 21 äfven
837 902 40 21 hos
893 907 34 15 oss
942 901 47 21 icke

160 930 61 22 alltid
249 930 56 22 visar
330 930 40 22 den
395 931 123 27 myndighet
542 932 40 20 och
605 932 40 20 den
668 931 124 27 sjelfkänsla
807 932 32 20 att
854 930 72 21 kunna
941 930 48 21 fullt

161 958 101 28 uppfatta
287 960 44 20 sina
355 959 143 27 förpligtelser
521 960 7 20 i
550 960 60 21 detta
625 960 127 26 hänseende,
769 960 39 20 och
822 959 36 27 jag
873 958 116 27 medgifver

162 988 69 24 äfven,
247 989 32 19 att
302 988 36 21 det
361 988 87 21 lättaste
473 988 39 22 och
528 992 55 18 mest
598 988 112 28 praktiska
726 990 65 19 sättet
807 990 32 19 att
854 988 46 21 lösa
915 987 75 27 frågan

161 1018 24 19 är
207 1018 34 19 att
264 1016 75 27 ålägga
362 1017 166 27 arbetsgifvaren
553 1020 32 18 att
601 1017 57 27 sörja
674 1017 38 25 för,
729 1019 34 19 att
778 1017 69 21 denna
861 1016 128 26 försäkring,

162 1046 59 20 detta
249 1045 168 21 säkerställande
444 1046 34 20 för
494 1046 133 25 arbetarene,
644 1045 46 22 icke
706 1046 134 20 försummas.
871 1045 40 26 Jag
927 1050 64 15 anser

161 1074 80 26 vidare,
265 1076 32 19 att
321 1074 32 21 för
376 1074 181 21 industriidkaren
574 1075 39 21 och
628 1074 169 27 arbetsgifvaren
815 1074 34 21 det
864 1074 49 21 fullt
927 1075 25 19 ut
967 1074 24 20 är

161 1102 125 26 detsamma,
303 1109 34 15 om
353 1103 41 21 han
410 1103 83 21 betalar
508 1103 228 27 försäkringspremien
752 1103 45 21 helt
805 1102 40 22 och
856 1102 66 22 hållet
939 1102 52 21 eller

162 1137 34 15 om
220 1131 115 21 arbetaren
357 1132 95 26 deltager
478 1132 32 20 uti
536 1138 81 15 samma
644 1132 87 26 premie.
762 1132 97 20 Premien
875 1130 94 22 drabbar
984 1130 7 20 i

161 1160 43 20 alla
219 1160 37 20 fall
272 1160 105 21 industrin
400 1160 39 21 och
454 1160 97 22 kommer
567 1161 6 21 i
588 1161 44 20 alla
646 1160 37 22 fall
698 1162 33 20 att
746 1160 83 21 betalas
844 1160 23 20 af
881 1160 41 21 den
933 1159 22 21 af
965 1159 26 21 de

159 1188 58 21 båda
241 1191 108 24 parterna,
373 1188 84 22 hvilken
480 1188 34 22 för
536 1189 93 21 tillfället
644 1195 76 20 genom
736 1189 62 27 lagen
814 1195 34 15 om
863 1188 72 22 anbud
952 1188 39 20 och

160 1216 130 26 efterfrågan
312 1217 69 21 dertill
404 1218 90 26 tvingas,
518 1220 22 25 ty
564 1224 33 15 om
613 1218 170 26 arbetsgifvaren
798 1218 83 21 betalar
896 1216 95 27 premien

159 1245 32 21 uti
213 1252 26 14 en
256 1245 99 24 industri,
371 1246 37 21 der
423 1246 95 21 anbudet
534 1246 22 21 af
572 1246 98 22 arbetare
686 1248 24 19 är
725 1248 69 20 större
810 1248 27 19 än
852 1245 141 27 efterfrågan,

159 1273 24 21 så
198 1275 24 19 är
239 1274 36 20 det
291 1280 25 15 en
333 1275 40 20 lätt
388 1274 38 22 sak
441 1274 33 22 för
490 1275 79 27 honom
585 1277 33 19 att
632 1281 76 21 genom
724 1275 141 21 nedsättande
877 1274 23 21 af
909 1274 82 20 arbets-

159 1302 63 21 lönen
246 1302 57 22 hålla
327 1303 31 27 sig
373 1303 117 21 skadeslös.
520 1304 32 20 Är
568 1304 94 26 återigen
679 1304 36 21 det
730 1305 103 19 motsatta
848 1302 143 22 förhållandet

158 1330 99 27 gällande
283 1332 32 20 uti
340 1338 25 14 en
391 1332 97 25 industri,
510 1333 23 20 så
548 1332 56 21 skall
619 1332 62 21 alltid
696 1332 228 26 försäkringspremien
939 1330 52 22 falla

158 1359 171 26 arbetsgifvaren
352 1360 32 21 till
407 1360 47 21 last.
486 1361 42 21 Det
552 1362 24 20 är
595 1360 23 22 så
634 1361 64 21 enkla
712 1360 235 22 nationalekonomiska
962 1359 30 22 la-

157 1394 40 20 gar
216 1389 33 19 att
263 1388 37 26 jag
315 1390 77 20 nästan
408 1389 72 21 skäms
495 1391 33 19 att
544 1389 94 27 åberopa
654 1390 52 20 dem.
739 1389 50 21 Som
803 1389 36 27 jag
854 1389 67 21 redan
937 1388 55 21 hade

159 1418 52 19 äran
227 1416 122 26 framhålla,
365 1424 62 14 anser
439 1418 38 26 jag
492 1424 26 14 en
534 1418 141 26 obligatorisk
690 1418 121 26 försäkring
827 1420 56 18 emot
899 1416 93 22 dödsfall

159 1445 39 21 och
225 1445 169 22 invaliditetsfall
418 1452 52 15 vara
494 1446 48 21 icke
568 1446 55 22 blott
650 1446 129 27 nödvändig,
805 1448 51 19 utan
881 1446 62 21 äfven
965 1451 26 15 en

157 1473 86 27 mycket
258 1480 89 20 gynsam
363 1474 83 27 lösning
462 1474 22 22 af
497 1474 83 28 frågan,
597 1475 58 21 såväl
670 1476 34 20 för
719 1475 114 21 arbetaren
849 1481 45 15 som
910 1474 82 21 arbets-

157 1502 104 26 gifvaren,
285 1509 48 15 men
349 1503 55 21 dock
419 1504 68 20 under
503 1510 25 14 en
544 1504 162 26 förutsättning,
721 1504 106 26 nämligen
843 1503 47 26 den,
907 1504 32 20 att
953 1502 39 21 vil-

157 1530 68 22 koren
247 1531 34 21 för
305 1531 69 21 denna
397 1532 121 26 försäkring
538 1532 94 27 gestalta
647 1532 32 26 sig
695 1532 90 22 sålunda
799 1534 32 19 att
846 1530 148 27 försäkringen
