1181 1773
458 134 60 17 Skol-
530 134 39 17 och
581 133 115 22 lärotvång.
908 128 53 21 1261

161 214 80 21 införas
251 214 76 21 endast
337 214 37 21 der
383 214 125 27 tillräckligt
518 214 82 21 tillfälle
609 214 67 21 finnes
682 214 76 21 beredt
766 214 32 21 till
808 214 183 21 folkskoleunder-

161 243 90 25 visning.
281 242 40 27 Jag
346 242 67 22 måste
437 243 54 21 dock
514 242 33 21 för
569 244 41 20 min
636 243 33 21 del
685 243 53 26 hysa
754 243 79 24 tvifvel,
849 242 105 21 huruvida
969 242 22 21 åt

162 271 130 21 kommunen
317 271 66 21 borde
409 272 140 20 öfverlemnas
576 271 128 27 befogenhet
730 274 34 18 att
790 271 69 21 införa
873 270 118 26 lärotvång.

162 300 74 26 Enligt
262 300 41 20 min
328 300 65 21 tanke
418 300 66 21 borde
512 300 55 21 dock
592 306 25 15 en
644 300 23 20 så
688 300 66 26 vigtig
769 300 122 26 skyldighet
906 300 85 26 stadgas

162 334 76 20 genom
255 334 25 14 en
297 330 82 20 statens
395 328 187 27 lagstiftningsakt,
596 329 47 21 icke
658 335 76 19 genom
750 330 32 19 ett
791 328 200 21 kommunalbeslut.

162 356 11 22 I
198 356 138 27 förbigående
362 357 34 21 må
422 359 95 25 nämnas,
542 359 32 19 att
590 358 36 20 det
640 358 47 20 icke
703 359 24 19 är
743 357 88 25 barnen,
847 363 45 15 som
908 357 83 21 komme

163 387 32 19 att
219 385 118 27 förpligtas,
360 389 51 17 utan
427 386 134 21 föräldrarna
576 386 40 21 och
631 386 153 21 mälsmännen.
816 386 60 20 Hvad
892 386 100 20 städerna

162 414 139 26 vidkommer,
317 415 42 20 kan
376 415 113 27 anledning
506 421 50 14 vara
571 415 33 21 för
619 415 83 21 handen
719 416 33 19 att
768 417 50 23 taga
835 414 66 21 under
917 415 75 20 allvar-

163 443 39 27 ligt
226 442 161 27 öfvervägande,
402 450 33 15 om
452 444 46 21 icke
514 444 110 21 städernas
640 444 65 21 redan
722 443 135 21 existerande
873 443 120 26 skyldighet

163 475 32 18 att
219 472 56 27 sörja
298 471 33 22 för
353 472 83 21 tillfälle
459 473 31 20 till
507 473 151 26 undervisning
673 473 67 20 borde
756 471 21 22 få
793 473 31 20 sin
840 472 153 25 motsvarighet

164 501 6 20 i
195 501 146 26 skyldigheten
365 501 34 20 för
421 501 107 21 föräldrar
550 501 39 21 och
613 501 103 21 målsmän
736 503 33 18 att
784 503 56 18 sätta
856 501 46 20 sina
918 501 74 20 barn
980 497 16 35 i

164 529 61 21 skola
248 529 39 21 och
309 529 139 27 regelbundet
464 529 57 22 hålla
537 530 46 21 dem
601 530 43 21 der.
675 530 76 21 Denna
767 530 46 20 sida
829 529 22 20 af
866 529 72 26 frågan
955 529 38 20 har

163 557 70 21 blifvit
255 558 82 21 mindre
360 558 203 27 uppmärksammad
586 559 34 20 vid
637 559 69 20 denna
721 558 103 26 landtdag
839 558 40 21 och
895 560 23 19 är
935 558 58 20 detta

164 586 66 21 också
252 586 127 27 förklarligt,
403 587 26 21 då
452 587 162 21 förhållandena
636 587 28 27 på
684 587 146 26 landsbygden
846 589 37 18 äro
900 587 32 26 de,
947 593 45 14 som

164 615 183 26 hufvudsakligast
374 615 86 27 påkalla
486 615 82 28 åtgärd.
598 616 41 26 Jag
665 616 36 20 vill
719 615 48 22 icke
787 621 96 21 upprepa
898 616 26 20 de
940 615 52 25 skäl,

165 649 44 15 som
236 643 81 22 anförts
344 647 44 18 mot
414 645 132 26 antagandet
567 645 21 20 af
602 645 36 21 det
654 645 22 20 af
690 644 112 21 Utskottet
816 644 119 26 framlagda
950 644 43 26 lag-

164 672 109 27 förslaget,
301 673 80 21 hvilket
404 673 24 26 ju
453 673 6 20 i
487 673 42 21 alla
554 673 36 21 fall
606 673 69 21 skulle
690 673 7 20 i
714 673 103 21 särskilda
833 673 60 20 delar
908 673 85 26 påkalla

164 700 150 27 förändringar
337 702 32 20 för
391 704 32 19 att
438 702 72 21 kunna
526 701 94 22 befinnas
636 701 204 22 tillfredsställande.
871 701 40 26 Jag
927 701 66 20 finner

165 729 37 21 det
225 729 72 22 derför
320 737 51 14 vara
393 731 31 20 till
448 733 55 18 stort
517 737 55 20 gagn
588 731 34 20 för
637 731 59 20 detta
712 731 79 26 vigtiga
807 730 84 26 ärende,
907 732 33 18 att
955 729 39 21 här

165 758 68 21 under
256 759 101 21 debatten
379 759 119 21 framstälts
514 760 80 25 förslag
609 759 32 21 till
656 759 92 26 petition
763 759 7 20 i
786 761 71 18 ämnet
873 759 47 20 med
937 760 57 19 utta-

165 787 64 21 lande
250 787 23 21 af
293 787 26 22 de
343 787 178 27 hufvudgrunder,
538 789 66 26 enligt
619 788 71 21 hvilka
707 787 116 27 lagförslag
839 788 72 20 derom
928 787 66 21 borde

164 817 114 25 uppgöras.
310 816 63 21 Såväl
395 817 58 20 Frih.
472 817 24 20 af
509 816 113 22 Schulténs
638 823 46 14 som
700 817 58 20 Frih.
774 823 41 14 von
831 817 68 20 Borns
914 815 80 27 förslag

165 844 40 21 har
229 845 23 26 ju
277 844 32 21 till
337 845 133 26 hufvudsyfte
491 846 66 25 detta,
573 847 33 19 att
621 845 103 27 befrämja
739 845 149 26 utvecklingen
904 844 23 21 af
941 844 53 21 folk-

165 872 233 27 skoleorganisationen
423 873 28 27 på
477 874 151 27 landsbygden.
660 874 32 20 En
718 874 52 21 ärad
791 874 68 21 talare
875 873 38 21 har
929 873 66 21 redan

165 902 118 21 framhållit
298 904 32 19 att
345 902 145 28 föreliggande
506 903 77 21 ärende
599 905 24 19 är
638 905 31 19 ett
684 902 23 21 af
721 903 26 20 de
763 903 54 20 allra
833 902 112 27 vigtigaste
960 902 35 20 vid

165 930 70 21 denna
253 931 110 27 landtdag.
396 932 33 20 Då
450 932 38 26 jag
504 932 59 20 delar
579 932 69 20 denna
663 932 137 26 uppfattning
816 931 39 21 och
871 931 27 21 då
911 931 36 26 jag
963 930 33 21 till

165 958 53 27 följd
242 960 60 20 deraf
320 960 64 21 också
400 960 67 21 måste
483 966 51 16 anse
550 960 36 21 det
601 961 134 25 synnerligen
752 960 115 20 önskvärdt
883 962 32 18 att
930 958 65 28 något

166 988 87 21 rådrum
275 988 75 22 funnes
373 989 31 21 till
428 991 33 19 att
480 991 99 19 närmare
595 989 114 26 öfverväga
724 989 27 20 de
767 988 5 21 i
789 988 64 24 afton,
871 988 83 21 utöfver
969 988 26 21 de

165 1016 8 21 i
198 1016 146 22 betänkandet
366 1017 103 27 ingående
492 1018 115 32 förslagen,
628 1017 127 21 framstälda
778 1024 41 20 nya
841 1017 106 26 förslagen
963 1016 32 21 till

166 1045 90 26 petition
278 1046 6 20 i
307 1047 78 23 ämnet,
404 1046 23 21 så
449 1046 67 27 vågar
536 1046 37 27 jag
595 1046 84 26 föreslå,
702 1048 33 19 att
751 1046 100 21 ärendets
866 1045 130 27 behandling

166 1074 47 20 icke
237 1074 69 21 skulle
328 1074 7 21 i
351 1075 47 26 dag,
415 1077 51 19 utan
481 1075 55 21 först
551 1075 35 21 vid
601 1063 170 45 morgondagens
787 1075 85 27 plenum
888 1074 107 24 slutföras,

165 1101 34 22 för
224 1105 33 19 att
281 1103 85 21 rådrum
389 1104 65 20 måtte
480 1110 35 15 oss
538 1104 90 21 beredas
643 1106 33 18 att
691 1105 98 19 närmare
805 1104 114 26 öfverväga
934 1103 26 21 de
975 1102 23 22 af

165 1130 74 22 Frihh.
256 1132 23 20 af
293 1131 101 23 Schultén
409 1132 40 21 och
464 1138 41 15 von
521 1132 57 22 Born
594 1132 153 22 framlemnade
755 1132 114 26 förslagen.
891 1132 40 26 Jag
939 1132 58 20 lutar

165 1159 35 21 för
215 1160 42 20 min
274 1160 34 21 del
324 1161 122 32 visserligen
462 1161 23 21 åt
500 1162 120 26 antagande
636 1161 23 21 af
672 1161 58 21 Frih.
747 1160 24 22 af
786 1160 113 22 Schulténs
909 1160 87 26 förslag,

166 1194 49 15 men
231 1191 46 19 tror
292 1189 61 27 dock,
369 1192 32 18 att
416 1190 56 20 vissa
488 1190 182 26 omständigheter
684 1190 7 20 i
706 1190 59 20 Frih.
781 1196 41 14 von
833 1190 68 20 Borns
909 1188 87 27 förslag,

165 1217 72 21 såvidt
259 1218 26 20 de
307 1206 47 33 icke
374 1219 96 21 deremot
492 1214 74 40 strida,
583 1218 66 21 borde
662 1218 80 27 jemväl
758 1218 97 21 beaktas.
885 1217 70 21 Också
970 1223 27 15 en

166 1245 129 27 föregående
317 1247 68 21 talare
400 1247 46 25 har,
462 1253 35 15 om
510 1247 38 27 jag
563 1247 47 21 icke
624 1247 83 21 minnes
723 1248 63 25 orätt,
801 1246 118 22 framhållit
935 1246 60 21 önsk-

166 1261 94 39 ligheten
283 1274 24 22 af
328 1276 99 21 ärendets
450 1275 117 27 afgörande
589 1276 35 21 vid
643 1278 31 19 ett
689 1263 129 33 kommande
834 1276 92 26 plenum.
956 1274 41 27 Jag

167 1290 38 33 ber
229 1303 84 21 således
336 1306 31 19 att
382 1304 21 21 få
418 1292 75 33 förena
508 1304 44 27 mig
567 1310 34 16 om
616 1306 33 20 att
664 1305 101 21 ärendets
781 1304 71 22 vidare
868 1303 129 26 behandling

166 1330 118 27 uppskötes
299 1332 44 21 tills
363 1333 2 20 i
380 1339 95 20 morgon.

236 1388 59 21 Frih.
317 1395 42 15 von
382 1389 213 23 Willebrand:
633 1390 33 21 Då
688 1390 155 26 bordläggning
867 1389 23 21 af
909 1388 88 22 ärendet

166 1416 122 27 föreslagits
310 1418 40 21 och
371 1418 101 27 förslaget
494 1419 145 24 understödts,
662 1418 40 22 och
723 1418 100 21 ärendets
839 1417 158 27 handläggning

166 1446 83 21 således
272 1446 107 22 måhända
397 1447 46 21 icke
459 1447 98 21 kommer
572 1449 32 19 att
619 1448 7 20 i
642 1448 41 26 dag
698 1447 108 25 slutföras,
823 1446 85 21 hvartill
923 1446 73 26 påtag-

167 1474 57 26 ligen
247 1474 66 22 finnes
329 1476 53 25 skäl,
399 1476 26 20 då
438 1475 24 27 ju
477 1476 107 21 särskilda
598 1476 6 20 i
621 1476 38 21 sak
674 1475 237 24 öfverensstämmande,
927 1481 48 14 men
990 1474 7 21 i

166 1502 56 22 form
246 1503 152 27 divergerande
420 1504 80 26 förslag
515 1504 34 21 till
564 1504 89 27 petition
675 1504 125 26 framstälts,
823 1510 62 15 anser
903 1503 37 27 jag
955 1503 42 26 mig

167 1531 53 21 böra
236 1532 56 20 afstå
307 1532 46 21 från
369 1532 61 21 ordet
445 1532 56 21 intill
517 1534 49 20 dess
580 1533 69 21 denna
664 1533 60 26 fråga
740 1532 41 21 blir
795 1532 90 27 afgjord,
902 1538 47 14 men
962 1537 36 15 an-
