1181 1773
377 124 277 17 Vinterkommunikationen
667 124 27 20 på
706 118 73 22 Åland.
907 117 54 21 1337

163 203 66 21 slutet
245 204 22 20 af
281 204 61 21 19:de
357 204 74 21 seklet.
463 204 32 20 En
519 204 58 26 dylik
592 204 183 20 kommunikation
793 203 113 23 användes,
922 202 69 22 såvidt

162 232 36 27 jag
213 234 41 22 vet,
270 232 47 21 icke
332 232 27 26 på
379 232 66 26 något
468 234 65 19 annat
555 231 62 22 ställe
636 232 6 20 i
658 232 93 26 Europa.
782 232 45 21 Den
845 232 37 20 har
897 231 95 27 upphört

164 260 77 22 mellan
258 260 100 22 Gottland
375 261 39 21 och
437 260 97 27 Sveriges
552 261 92 21 fastland
660 260 34 21 för
709 261 27 21 50
752 260 24 21 år
791 260 65 21 sedan
873 260 38 21 och
927 260 65 21 också

164 288 127 26 längesedan
313 290 6 20 i
342 290 81 20 danska
444 290 88 24 sunden,
556 290 38 20 der
612 289 40 21 den
668 296 89 14 numera
772 289 107 26 begagnas
895 288 74 22 endast
985 288 6 21 i

164 318 86 21 nödfall.
275 318 42 20 För
333 318 62 26 öfrigt
411 324 66 20 egnar
492 318 32 26 sig
539 324 25 15 en
580 318 66 21 sådan
663 318 183 20 kommunikation
861 318 74 20 endast
946 323 45 15 som

164 346 157 26 nödfallsutväg
343 346 56 21 öfver
422 347 92 21 smalare
534 348 80 24 vatten,
635 346 109 21 äfvensom
764 346 46 21 från
826 346 111 26 ångfartyg
952 346 41 26 lig-

165 375 68 27 gande
249 375 34 21 vid
299 375 112 29 iskanten,
420 375 27 21 då
468 382 48 14 man
532 375 53 21 skall
602 375 106 21 landsätta
724 381 139 21 passagerare
878 375 39 21 och
932 374 59 27 gods.

165 404 78 20 Mellan
260 398 69 27 Åland
345 404 38 20 och
399 404 46 20 Åbo
461 404 69 21 måste
546 404 54 28 dock
615 404 59 20 alltid
691 410 25 15 en
732 404 66 20 sådan
809 403 182 21 kommunikation

166 438 53 15 vara
234 432 111 27 ifrågasatt
360 432 144 22 menförestid.
536 428 64 26 Öfver
616 426 80 28 Ålands
712 432 39 21 haf
765 433 95 20 deremot
871 432 41 20 kan
924 432 69 20 denna

165 461 184 21 kommunikation
365 461 65 26 enligt
446 462 42 20 min
504 462 64 21 tanke
584 461 130 26 fullkomligt
730 461 103 26 upphöra.
865 461 75 26 Någon
956 467 36 14 an-

168 496 42 15 nan
227 490 116 26 postföring
359 491 26 20 än
401 490 48 21 med
466 491 57 20 Sofia
547 489 101 22 behöfves
664 491 33 20 väl
714 490 47 21 icke
776 490 77 21 mellan
870 484 67 27 Åland
953 489 40 21 och

166 518 92 27 Sverige.
289 518 39 21 Om
352 519 59 21 detta
431 519 69 27 fartyg
522 519 46 21 icke
589 519 41 20 kan
647 519 114 26 uppehålla
776 519 217 25 kommunikationen,

166 547 23 21 så
212 547 61 21 torde
296 547 72 21 hafvet
390 548 79 21 endera
491 554 51 15 vara
563 547 99 27 temligen
686 547 33 21 väl
739 547 74 26 fruset,
830 547 51 21 eller
897 547 38 21 ock
951 547 42 20 kan

166 578 75 24 posten
262 576 24 26 ju
307 576 28 25 gå
354 576 32 21 till
401 577 57 20 fasta
473 577 89 20 Finland
578 576 40 21 och
634 576 121 21 sedermera
771 576 40 21 den
827 576 84 26 vanliga
926 577 66 24 vägen

167 605 48 20 med
231 604 43 21 lika
289 605 83 26 mycket
387 605 52 25 skäl,
457 611 45 15 som
518 606 47 20 med
577 605 81 21 isbåtar
674 604 59 21 öfver
747 599 80 26 Ålands
838 605 41 20 haf.
910 604 83 27 Frågan

167 639 34 15 om
213 635 33 19 att
261 633 70 21 denna
352 633 118 27 postföring
491 634 68 21 skulle
582 633 97 27 upphöra
694 633 61 21 torde
771 633 54 21 dock
840 633 46 21 icke
902 639 49 15 vara
967 638 26 15 en

167 661 23 22 så
205 662 87 21 alldeles
308 662 61 21 enkel
383 663 46 23 sak,
452 663 88 20 emedan
562 663 59 20 detta
641 662 117 26 stadgande
774 661 60 26 ingår
849 662 6 20 i
871 661 124 27 postdekla-

167 691 98 20 rationon
282 691 77 20 mellan
374 691 89 20 Finland
480 691 39 21 och
536 691 85 26 Sverige
637 691 38 20 och
692 691 69 20 denna
777 690 133 21 deklaration
926 691 67 20 måste

167 719 27 21 då
210 719 89 26 troligen
316 719 54 21 först
385 719 117 22 förändras.
534 720 42 21 Det
591 721 24 19 är
631 726 26 14 nu
675 719 69 21 denna
759 719 45 24 sak,
817 725 44 15 som
870 719 39 20 den
919 724 76 15 senare

167 747 106 22 klämmen
289 748 6 20 i
313 747 176 22 Statsutskottets
505 748 135 21 betänkande
663 747 69 21 berör.
763 748 41 25 Jag
820 748 67 21 måste
903 747 90 21 visserli-

167 783 40 20 gen
233 776 105 27 medgifva
363 779 32 19 att
417 777 37 26 jag
480 777 65 21 hellre
572 777 68 20 skulle
662 778 42 19 sett
719 778 32 19 att
767 777 68 20 denna
851 777 56 20 kläm
924 775 70 22 direkt

167 805 68 21 skulle
258 805 73 21 berört
353 805 159 27 upphäfvandet
535 805 23 21 af
579 806 69 21 denna
669 805 118 26 postföring
806 805 58 20 öfver
880 805 71 20 hafvet
966 805 27 20 än

167 836 147 24 postrotarnes
337 834 108 21 befriande
465 834 47 21 från
531 835 46 20 sina
596 834 132 27 åligganden,
751 833 80 21 hvilket
855 835 24 19 är
903 839 25 15 en
943 839 51 15 cura

167 863 112 27 posterior,
291 869 34 14 om
337 869 24 14 en
367 863 55 26 gång
433 863 145 27 postföringen
591 863 88 27 upphör.
697 862 77 21 Derför
785 862 67 21 skulle
861 862 36 27 jag
905 861 50 27 vilja
963 861 31 21 af-

168 891 55 21 fatta
235 891 106 21 klämmen
357 892 29 23 så,
402 894 32 18 att
450 892 36 20 det
505 892 126 26 otidsenliga
646 893 66 19 sättet
728 892 32 20 för
776 891 144 27 postföringen
936 890 59 21 öfver

168 914 79 26 Ålands
263 920 38 21 haf
315 920 66 21 måtte
401 920 103 27 upphöra,
520 927 48 14 men
584 920 27 21 då
627 920 121 21 Utskottets
764 920 57 20 kläm
837 920 7 20 i
859 920 39 20 sak
907 919 88 21 innebär

168 948 119 21 detsamma
303 949 38 21 och
357 949 36 21 det
407 955 29 15 nu
452 950 46 20 icke
517 949 67 21 finnes
607 949 89 21 chancer
712 948 33 21 för
768 951 32 18 att
823 949 88 25 ändring
926 948 69 20 skulle

169 977 72 21 kunna
256 978 6 20 i
279 977 122 21 densamma
417 978 165 24 åstadkommas,
606 978 24 20 så
646 977 85 21 förenar
745 977 36 26 jag
797 978 42 26 mig
854 978 5 20 i
875 977 42 21 allo
931 976 65 22 också

169 1005 132 22 beträffande
317 1006 39 21 den
373 1012 74 15 senare
462 1006 106 21 klämmen
586 1006 6 21 i
607 1006 121 21 Utskottets
746 1006 139 25 betänkande,
903 1012 44 15 som
957 1005 39 26 jag

169 1034 84 21 således
268 1035 7 20 i
291 1035 41 20 allo
348 1035 129 26 godkänner.

238 1120 32 20 Hr
285 1120 217 27 Montgomery:
533 1120 74 21 Ehuru
623 1120 36 21 det
681 1120 5 20 i
710 1120 37 21 det
769 1120 49 21 hela
833 1122 58 24 taget
906 1121 24 19 är
945 1121 51 19 onö-

169 1147 46 27 digt
229 1150 33 19 att
277 1148 52 21 orda
346 1154 33 15 om
395 1149 69 24 saker,
480 1154 44 16 som
542 1149 72 21 kunna
629 1155 61 15 anses
706 1155 51 14 vara
773 1148 102 27 afgjorda,
891 1148 24 21 så
930 1148 68 21 finner

167 1176 37 27 jag
219 1177 43 26 mig
277 1177 23 21 af
313 1177 42 21 min
371 1177 70 26 gamla
457 1178 93 26 vänskap
574 1178 40 21 och
637 1177 134 21 tacksamhet
786 1177 33 21 för
834 1172 69 26 Åland
920 1176 77 21 manad

169 1208 33 18 att
217 1205 70 21 uttala
302 1206 42 20 min
361 1206 183 21 tillfredsställelse
560 1206 34 21 för
610 1206 36 21 det
661 1206 86 26 förslag,
763 1212 45 15 som
824 1212 28 14 nu
867 1206 74 26 gjorts,
957 1205 40 21 och

169 1234 34 20 för
218 1233 122 22 Utskottets
363 1234 149 27 tillstyrkande
538 1235 23 21 af
582 1235 123 21 detsamma.
737 1234 48 21 Med
807 1235 40 20 den
870 1234 128 26 föregående

169 1262 66 20 ärade
252 1262 82 22 talaren
348 1264 23 19 är
384 1263 36 27 jag
435 1270 51 14 ense
502 1264 79 26 derom,
597 1266 32 18 att
645 1258 68 26 Åland
729 1264 6 20 i
753 1263 35 21 det
799 1263 49 21 hela
859 1262 69 22 blifvit
939 1262 60 21 miss-

169 1290 48 27 bytt
233 1290 46 22 från
295 1291 36 21 det
347 1290 67 22 finska
429 1292 151 21 fosterlandets
604 1292 52 20 sida.
686 1292 60 26 Föga
768 1298 42 20 nog
830 1291 37 21 har
882 1292 67 26 gjorts
965 1290 34 22 för

171 1319 59 21 detta
245 1319 110 27 landskap,
368 1320 80 21 hvilket
464 1320 96 21 deremot
575 1320 12 21 å
603 1321 31 21 sin
650 1321 46 20 sida
711 1320 81 26 ganska
808 1320 83 26 mycket
906 1319 94 26 bidragit

170 1347 31 21 till
213 1350 82 19 statens
308 1348 117 22 inkomster
440 1349 40 21 och
496 1349 58 21 öfver
564 1349 80 21 hufvud
653 1351 59 25 taget
727 1351 24 19 är
766 1349 52 26 högt
833 1348 130 25 beskattadt,
973 1354 26 15 en

170 1376 144 26 beskattning,
336 1383 44 15 som
404 1378 6 20 i
433 1377 59 21 äldre
512 1378 55 20 tider
582 1378 82 26 ganska
680 1378 32 20 väl
729 1378 56 24 bars,
802 1384 46 14 men
864 1384 28 14 nu
908 1376 47 22 med
969 1376 29 21 af-

170 1405 91 26 tagande
289 1405 120 27 skeppsfart
430 1406 74 26 tyckes
527 1406 98 27 begynna
646 1406 64 21 blifva
733 1406 139 26 betungande.
903 1406 40 25 Jag
963 1404 36 21 vill

171 1434 47 20 icke
233 1434 66 20 breda
315 1437 24 18 ut
355 1435 42 26 mig
411 1435 73 20 vidare
500 1434 7 22 i
523 1435 69 21 denna
608 1435 46 24 sak,
669 1441 45 15 som
727 1435 38 26 jag
781 1441 62 14 anser
855 1434 33 21 för
904 1433 95 27 afgjord;

170 1462 37 20 vill
229 1462 55 21 dock
305 1464 78 20 nämna
405 1463 133 21 beträffande
559 1470 75 14 senare
650 1470 62 14 mom.
728 1464 6 20 i
751 1462 248 25 utskottsbetänkandet,

170 1496 45 16 som
230 1491 36 26 jag
281 1491 66 21 också
367 1492 33 20 för
421 1492 42 20 min
487 1491 33 21 del
542 1492 124 26 tillstyrker,
688 1495 32 17 att
735 1492 55 20 hvad
806 1498 45 14 som
867 1491 81 27 utgjort
963 1490 38 20 det

170 1518 164 28 hufvudsakliga
356 1520 196 21 missförhållandet
574 1520 6 21 i
603 1520 60 27 fråga
678 1526 34 15 om
728 1520 143 26 postföringen
887 1520 28 26 på
930 1514 69 26 Åland
