1181 1773
446 137 60 17 Skol-
519 138 38 16 och
570 137 116 21 lärotväng.
896 132 51 21 1251

150 218 70 25 lande,
237 217 27 27 på
279 217 88 27 ungefär
382 224 80 14 samma
486 217 131 27 ståndpunkt
640 224 45 14 som
704 218 119 22 Utskottet,
840 218 79 21 hvilket
934 218 45 20 der-

151 248 57 19 emot
224 246 46 21 icke
286 246 41 20 kan
342 248 61 24 sägas
419 252 52 14 vara
486 246 59 21 fallet
562 246 47 21 med
626 246 39 21 den
682 246 68 22 första
766 247 64 20 ärade
847 247 88 23 talaren,
947 246 31 21 Hr

150 274 105 22 Lindelöf.
287 274 31 21 Hr
333 274 99 22 Lindelöf
446 275 74 26 gjorde
536 275 81 21 diverse
633 275 166 27 anmärkningar
815 278 44 18 mot
875 275 104 21 särskilda

150 303 93 27 punkter
267 303 31 21 uti
320 304 202 26 motionsförslaget,
545 304 39 20 och
608 304 37 20 ber
659 304 37 26 jag
712 306 32 18 att
759 304 49 20 med
824 304 66 26 några
905 304 38 20 ord
958 304 21 20 få

151 332 86 21 bemöta
253 332 32 20 Hr
300 332 107 21 Lindelöfs
427 332 171 26 anmärkningar.
629 332 32 21 Hv
676 332 99 21 Lindelöf
789 332 54 22 fäste
859 333 31 26 sig
905 332 74 21 främst

151 360 35 21 vid
209 360 12 27 $
245 361 12 20 5
278 361 7 20 i
310 361 200 26 motionsförslaget,
535 361 37 21 der
595 361 36 21 det
647 361 55 21 talas
719 368 34 14 om
770 361 209 27 distriktsindelning.

151 390 32 20 Hr
198 389 99 21 Lindelöf
317 389 77 27 frågar,
411 389 55 21 huru
489 390 51 20 eller
563 391 39 19 när
626 390 72 20 skolor
719 390 5 20 i
741 390 62 20 dessa
819 390 86 20 distrikt
919 390 62 21 skola

151 418 97 25 inrättas,
273 418 38 20 och
333 420 61 24 säger
409 420 33 19 att
458 419 59 20 detta
533 418 45 21 icke
594 418 94 27 framgår
704 418 22 21 af
740 418 40 26 &:n.
809 418 42 27 Jag
865 418 115 26 medgifver

152 448 33 19 att
205 447 59 20 detta
279 446 45 21 icke
340 446 92 27 framgår
448 447 22 20 af
484 447 55 20 hvad
555 453 45 15 som
616 449 61 25 säges
693 448 6 20 i
715 447 11 26 &
743 448 19 25 5,
778 453 47 15 men
842 448 35 20 det
888 447 93 27 framgår

152 476 77 26 tydligt
249 475 23 20 af
292 475 54 21 hvad
368 482 45 15 som
436 477 61 25 säges
519 476 7 20 i
545 477 8 19 1
576 482 62 15 mom.
661 476 23 21 af
698 476 12 27 &
725 477 20 23 4,
761 476 38 21 der
815 477 36 20 det
866 476 60 21 heter
941 478 39 23 att,

153 504 24 21 så
192 506 59 19 snart
267 504 52 21 barn
335 505 94 20 anmälas
459 504 32 21 till
506 505 85 20 inträde
607 505 6 20 i
628 505 107 20 folkskola
759 505 40 21 och
814 508 104 23 utrymme
934 505 47 20 icke

153 533 113 20 förefinnes
277 533 5 20 i
293 533 116 20 förhanden
422 533 92 21 varande
533 533 61 21 skola
609 534 51 20 eller
675 533 78 27 skolor,
769 534 100 25 antingen
885 540 25 15 en
926 533 55 21 skild

153 561 61 21 skola
230 562 67 21 måste
318 562 90 21 inrättas
431 562 52 21 eller
507 568 25 15 en
556 562 127 21 biträdande
700 562 70 21 lärare
787 565 94 24 antagas.
913 562 69 21 Slutet

153 589 23 21 af
190 596 62 15 mom.
269 591 59 26 lyder
350 591 115 26 nämligen:
496 591 127 25 ,hvarjemte
646 591 127 21 kommunen
804 591 38 20 bör
865 591 60 24 tillse,
949 593 33 18 att

153 617 61 26 barn,
230 619 71 20 hvilka
317 619 50 20 söka
389 619 84 21 inträde
494 619 7 20 i
526 619 66 25 skola,
616 619 46 21 icke
683 619 79 21 afvisas
778 620 33 20 för
827 619 107 21 bristande
949 623 34 17 ut-

154 651 101 23 rymme.*
285 648 69 21 Häraf
373 647 93 28 framgår
489 648 56 21 altså
560 650 38 22 att,
622 650 38 19 när
683 649 5 19 i
713 655 25 14 en
762 649 100 20 kommun
885 648 98 21 anmälan

153 678 68 24 göres,
237 679 32 18 att
285 676 51 21 barn
353 677 66 20 önska
434 677 85 20 inträda
535 677 6 20 i
557 677 113 25 folkskola,
687 677 39 20 och
743 677 6 20 i
761 677 117 20 förhanden
890 677 91 20 varande

155 705 60 20 skola
241 705 51 21 eller
316 705 71 21 skolor
412 705 46 21 icke
484 705 72 21 vidare
581 706 67 20 finnes
670 708 106 24 utrymme
799 705 33 21 för
851 712 40 20 nya
907 706 76 25 elever,

155 733 128 22 kommunen
310 734 44 25 bör,
371 734 6 20 i
393 733 36 22 fall
446 734 40 21 den
512 735 46 20 icke
581 734 67 21 finner
666 734 124 27 lämpligare
805 736 32 19 att
853 735 89 20 tillsätta
958 740 24 15 en

155 762 126 21 biträdande
295 763 74 25 lärare,
383 763 80 20 inrätta
472 769 24 14 en
513 769 27 20 ny
556 763 66 24 skola,
639 763 87 20 hvarvid
743 763 128 21 kommunen
887 769 48 20 eger
951 765 33 18 att

156 791 119 21 bestämma
290 792 6 20 i
313 791 80 21 hvilket
414 791 86 21 distrikt
523 792 70 20 denna
608 792 61 20 skola
685 791 124 26 lämpligast
824 792 42 20 kan
881 792 103 26 placeras.

155 832 29 3 —
200 820 31 20 Hr
247 819 97 22 Lindelöf
359 821 110 20 anmärkte
486 822 32 18 att
533 820 70 21 denna
614 820 206 26 distriktsindelning
831 820 58 21 öfver
906 819 78 22 hufvud

156 851 59 24 taget
231 850 24 19 är
270 848 129 27 öfvertlödig,
415 849 75 20 främst
506 849 27 26 pä
548 849 68 26 grund
633 849 66 25 deraf,
716 851 33 18 att
765 849 35 20 det
814 849 23 26 ju
846 849 54 21 dock
911 849 74 20 räcker

157 884 25 14 en
198 877 85 27 rundlig
297 877 38 26 tid,
351 878 64 20 innan
434 877 42 21 alla
492 877 51 21 vära
559 877 125 21 kommuner
700 877 22 21 fä
733 878 46 20 sina
789 877 196 22 skolförhällanden

157 906 117 26 reglerade,
291 906 39 21 och
346 908 32 19 att
393 906 67 21 under
476 907 57 20 tiden
550 906 49 21 hela
615 907 40 20 den
671 906 76 27 gjorda
758 907 133 26 indelningen
904 907 81 20 kunnat

157 934 66 22 blifva
239 935 106 27 olämplig.
375 935 40 26 Jag
438 935 116 26 medgifver
578 937 32 19 att
626 936 59 20 detta
700 936 42 20 kan
759 935 91 25 inträffa,
866 942 47 14 men
928 935 58 21 inser

157 964 47 21 icke
227 966 32 18 att
281 970 26 14 en
329 964 56 26 dylik
405 964 114 26 olägenhet
541 964 47 20 icke
612 964 67 20 skulle
703 964 72 20 kunna
790 964 105 26 afhjelpas
910 970 76 20 genom

158 999 27 21 ny
209 992 209 26 distriktsindelning.
449 992 133 21 Fördelarna
604 992 23 21 af
642 992 205 27 distriktsindelning
863 995 36 19 äro
916 993 6 20 i
938 992 49 21 mitt

158 1022 62 26 tycke
236 1022 87 20 alldeles
345 1021 97 27 ofantligt
458 1024 64 23 stora,
539 1021 24 21 sä
579 1022 31 20 till
627 1021 49 21 vida
691 1021 112 26 nämligen,
814 1024 32 18 att
854 1022 27 26 pä
889 1021 68 27 grund
966 1021 23 20 af

158 1050 88 26 lämplig
274 1050 205 26 distriktsindelning
502 1050 156 26 otvifvelaktigt
681 1050 25 20 de
730 1050 70 20 skilda
825 1050 162 21 kommunernas

159 1078 118 22 folkskolor
291 1079 85 20 komma
391 1081 32 19 att
442 1078 66 21 blifva
523 1079 48 21 bäst
586 1079 119 26 placerade.
736 1079 43 21 Det
794 1080 24 19 är
832 1079 23 26 ju
867 1079 78 21 bekant
955 1080 33 19 att

159 1114 29 14 nu
204 1107 45 21 ofta
263 1108 117 20 folkskolor
396 1108 96 25 placeras
512 1110 78 24 ytterst
606 1108 117 26 olämpligt,
740 1109 15 19 t.
772 1114 31 14 ex.
820 1108 23 20 sä
859 1110 51 18 nära
926 1107 61 20 hvar-

160 1137 73 25 andra,
250 1139 32 18 att
298 1136 55 21 blott
368 1136 69 26 nägon
460 1136 52 21 liten
530 1136 34 21 del
580 1136 23 20 af
617 1136 140 21 kommunens
773 1136 52 20 barn
841 1136 27 26 pä
883 1136 68 26 grund
967 1136 23 20 af

161 1164 107 22 afständet
283 1165 72 20 kunna
370 1165 81 21 besöka
474 1165 106 21 skolorna.
612 1165 133 21 Bestämmes
764 1164 36 21 det
816 1165 117 21 emellertid
949 1166 39 23 att,

160 1195 40 19 när
215 1199 26 15 en
257 1194 66 20 andra
339 1194 58 20 skola
413 1194 91 20 inrättas
520 1194 7 20 i
542 1200 26 14 en
588 1200 104 19 kommun,
708 1194 38 20 der
761 1193 59 21 förut
835 1194 36 20 det
887 1193 54 21 blott
951 1192 38 21 fin-

161 1228 38 15 nes
215 1228 32 20 en,
264 1222 69 21 denna
348 1222 65 20 andra
430 1222 60 21 skola
506 1222 46 21 icke
568 1222 33 20 fär
616 1223 90 20 inrättas
715 1222 147 20 omedelbart
856 1217 9 36 i
873 1221 116 27 grannska-

161 1252 37 25 pet
214 1251 22 20 af
250 1251 40 20 den
305 1251 65 24 förra,
386 1253 52 18 utan
453 1251 7 21 i
476 1253 31 19 ett
522 1251 74 26 längre
619 1251 48 21 bort
682 1250 87 26 beläget
785 1251 90 25 distrikt,
891 1250 24 21 sä
931 1250 58 21 kom-

161 1285 46 15 mer
230 1280 59 20 detta
312 1280 138 26 ovilkorligen
472 1282 32 18 att
525 1280 63 20 lända
607 1279 172 21 folkskolesaken
792 1280 7 19 i
814 1280 127 20 kommunen
957 1279 33 21 till

161 1308 98 20 fromma.
290 1308 43 21 Det
347 1310 24 19 är
387 1308 69 21 denna
472 1308 70 26 tanke,
559 1314 45 15 som
620 1308 58 26 legat
693 1308 33 20 till
741 1308 68 26 grund
825 1308 33 20 för
869 1308 122 21 Utskottets

162 1336 71 21 beslut
248 1338 33 19 att
303 1337 6 20 i
335 1337 194 26 motionsförslaget
544 1339 96 24 upptaga
656 1337 40 20 den
712 1336 19 27 $,
748 1342 45 15 som
810 1338 35 19 rör
861 1336 130 21 distriktsin-

163 1365 118 26 delningen,
298 1365 39 21 och
351 1366 35 26 jag
401 1366 36 20 vill
459 1366 89 26 päpeka,
565 1368 33 18 att
614 1365 60 21 äfven
690 1365 159 21 reservationen
865 1366 39 20 N:o
921 1366 12 19 2
947 1365 44 25 just

163 1400 63 14 anser
241 1394 232 26 distriktsindelningen
489 1400 51 14 vara
555 1394 125 20 hufvudsak.
712 1394 33 20 En
762 1394 85 26 lämplig
863 1394 128 20 distriktsin-

163 1422 86 26 delning
270 1422 39 21 och
333 1423 85 20 dermed
442 1422 116 26 ätföljande
584 1422 86 26 lämplig
692 1422 109 26 placering
817 1422 22 20 af
853 1422 99 21 skolorna
968 1424 24 18 är

164 1451 90 21 sälunda
270 1451 155 26 otvifvelaktigt
441 1451 68 26 egnad
532 1453 32 19 att
588 1451 100 21 befordra
703 1451 141 26 uppkomsten
861 1450 21 21 af
897 1450 95 21 folksko-

163 1479 40 21 lor.
219 1492 27 2 —
263 1480 31 20 Hr
309 1480 98 20 Lindelöf
429 1480 55 20 hade
506 1480 73 20 vidare
596 1486 25 14 en
636 1480 141 25 anmärkning
792 1482 31 17 att
839 1481 51 25 göra
906 1482 44 18 mot
966 1485 25 14 en

164 1514 75 20 passus
254 1508 6 20 i
277 1514 80 14 samma
381 1508 18 26 8,
422 1508 38 20 der
481 1509 36 19 det
539 1508 62 21 heter
622 1510 32 18 att
669 1508 237 26 ,kommunalstämmas
922 1507 71 21 beslut

163 1537 110 25 angäende
289 1536 66 21 sädan
370 1536 108 26 indelning
494 1536 54 21 skall
572 1537 6 19 i
601 1536 69 26 vanlig
686 1536 91 26 ordning
793 1537 140 20 underställas
949 1536 43 20 Gu-
