1181 1773
396 132 258 21 Jernvägsbyggnaderna
666 132 7 16 i
685 132 79 16 landet.
909 126 54 21 1099

168 212 76 21 kräfva
265 211 76 27 många
355 211 145 27 uppoffringar
516 211 39 21 och
570 211 179 27 ansträngningar
764 211 23 21 af
801 211 59 21 detta
875 210 44 22 lilla
934 210 63 27 idoga

168 241 41 20 och
232 240 33 21 för
287 240 32 21 sin
341 243 44 18 orts
401 240 193 21 framåtskridande
610 239 141 28 uppoffrande
767 239 108 26 samhälle,
891 239 24 21 så
930 238 67 22 finner

164 268 40 28 jag
219 269 62 21 dessa
295 268 221 27 Jernvägsutskottets
531 274 49 22 nyss
596 268 94 22 citerade
705 268 40 21 ord
760 268 40 21 här
815 268 63 21 hafva
894 268 32 21 sin
946 267 51 21 fulla

169 297 140 27 tillämpning.
331 297 30 21 På
374 298 68 26 grund
453 296 63 22 häraf
527 298 65 26 vågar
602 297 37 27 jag
652 297 109 21 vördsamt
772 296 77 22 föreslå
860 298 32 20 att
905 296 23 22 R.
941 302 18 15 o.
971 296 25 21 A.

168 326 50 20 ville
240 325 75 21 förena
336 326 31 26 sig
390 332 33 15 om
448 328 32 18 att
502 326 126 25 Ständerna,
651 326 33 20 för
706 326 41 20 den
762 325 108 25 händelse,
887 327 31 19 att
933 325 64 21 innan

169 354 190 21 nästinstundande
382 355 102 26 landtdag
506 354 23 21 af
549 355 82 21 Raumo
649 354 48 21 stad
713 354 52 21 eller
781 354 92 21 enskildt
888 354 63 26 bolag
966 356 32 18 ut-

169 383 76 21 verkas
267 383 124 21 koncession
414 383 13 21 å
448 383 121 27 byggandet
587 383 22 21 af
623 389 25 15 en
661 383 91 26 jernväg
767 382 47 22 från
830 382 101 27 Peipohja
947 382 50 22 eller

168 412 71 26 någon
262 418 68 14 annan
352 412 86 26 lämplig
460 412 69 26 punkt
550 412 12 21 å
582 411 315 27 Tammerfors—Björneborgs
910 411 88 27 jernväg

167 440 36 21 till
224 440 81 21 Raumo
329 440 46 21 stad
398 441 39 20 och
461 440 47 22 dess
531 440 70 24 hamn,
624 440 67 21 måtte
712 440 74 21 anvisa
801 446 26 15 en
843 440 72 27 miljon
931 439 67 22 finska

168 469 63 21 mark
246 469 33 21 till
294 469 125 21 subvention
435 469 33 21 för
482 469 161 27 ifrågavarande
659 469 66 21 banas
741 469 121 21 utförande.

240 525 31 22 Hr
294 526 29 21 M.
345 532 40 15 von
408 526 163 21 Haartman:
602 527 34 20 Då
653 525 221 22 Keski-Suomibanan
889 526 7 21 i
911 525 38 27 går
964 525 35 20 be-

171 554 122 26 handlades,
310 555 132 21 framstäldes
458 555 22 21 af
495 555 50 21 flere
562 555 64 21 ärade
641 555 68 21 talare
725 555 42 20 den
783 555 60 26 åsigt,
860 557 31 19 att
908 555 21 20 vi
944 553 54 22 hade

169 583 42 20 fått
233 583 69 21 denna
324 583 139 27 banbyggnad
486 583 6 21 i
516 584 34 21 arf
570 584 45 21 från
634 584 51 21 1891
703 583 34 22 års
754 583 91 22 Ständer
861 583 39 22 och
915 585 32 19 att
963 583 36 20 det

168 611 49 22 icke
232 617 51 16 vore
297 612 46 21 skäl
359 614 31 19 att
405 614 52 25 göra
468 618 34 15 oss
512 612 92 25 urarfva,
617 615 51 18 utan
681 612 69 27 bygga
761 612 70 21 denna
842 612 61 21 bana.
925 612 74 21 Denna

171 640 60 27 fråga
252 642 23 19 är
299 641 63 20 också
377 643 30 19 ett
423 641 33 20 arf
470 641 48 20 från
534 647 80 15 samma
629 641 152 25 ständermöte,
798 647 47 15 men
862 641 68 20 denna
945 640 55 26 gång

171 669 37 20 vill
224 669 45 21 icke
285 669 209 27 Jernvägsutskottet
509 670 117 21 vidkännas
642 673 32 18 att
690 673 49 23 taga
755 669 60 21 detta
830 669 37 24 arf,
884 672 51 18 utan
946 669 53 20 före-

170 697 45 21 slår
231 699 31 20 att
278 698 36 21 det
329 698 46 21 icke
390 699 66 20 måtte
471 698 111 21 föranleda
601 699 32 20 till
648 699 75 26 åtgärd
739 698 47 21 från
802 698 130 21 Ständernas
947 697 52 21 sida.

169 726 43 27 Jag
227 728 24 19 är
266 726 47 21 utaf
326 733 68 14 annan
411 727 60 26 åsigt.
498 727 40 26 Jag
554 727 68 21 skulle
638 733 49 15 anse
703 729 33 18 att
751 727 21 20 vi
788 727 52 20 böra
855 726 94 27 uppfylla
960 726 40 20 den

172 755 135 26 förbindelse,
324 761 44 15 som
383 755 46 27 gafs
445 756 23 20 år
486 756 60 21 1891.
570 756 42 21 Det
628 755 42 21 kan
684 755 24 27 ju
724 755 46 21 icke
786 755 105 24 förnekas,
907 757 32 18 att
954 755 46 20 icke

172 783 81 22 Raumo
277 784 48 21 stad
347 784 40 21 fick
409 784 51 21 löfte
475 784 28 27 på
518 791 26 14 en
560 785 125 20 subvention
702 784 32 21 för
749 784 33 21 sin
797 784 62 25 bana,
875 783 124 27 uppgående

172 812 33 21 till
229 813 10 19 1
264 812 72 27 miljon
360 813 71 26 mark;
454 813 39 21 och
517 813 27 21 då
560 813 68 21 denna
643 813 126 21 subvention
786 813 23 20 af
823 819 25 14 en
863 813 52 20 eller
931 818 69 15 annan

171 841 116 26 anledning
301 841 46 21 icke
363 841 70 22 kunde
448 841 113 27 utbetalas,
576 842 24 21 så
615 842 66 20 borde
697 842 69 20 denna
781 841 102 26 landtdag
898 841 63 20 ställa
977 840 24 21 så

171 869 34 21 till
227 871 32 20 att
282 870 36 20 det
340 876 28 14 nu
383 872 67 25 göres.
482 870 166 22 Konkurrensen
666 872 24 19 är
702 870 25 27 ju
744 870 60 21 alltid
820 869 43 22 lika
878 869 68 27 nyttig
961 869 40 21 och

173 898 128 27 nödvändig,
324 899 58 20 såväl
397 899 32 21 för
446 899 39 21 den
501 899 97 21 enskilda
613 899 194 27 företagsamheten
822 904 45 15 som
883 898 32 21 för
931 900 70 19 staten

171 926 42 22 och
235 927 122 21 samhällets
373 928 114 26 näringslif,
504 934 48 14 men
568 928 69 21 denna
650 928 133 21 konkurrens
799 928 66 20 borde
880 927 79 27 byggas
974 926 28 27 på

173 956 90 21 rättvisa
277 956 98 26 grunder,
391 956 38 21 och
446 956 52 21 allra
514 956 64 21 minst
594 956 66 21 borde
675 956 126 25 Ständerna,
810 958 69 19 staten
891 956 52 20 eller
954 955 47 25 den,

171 990 46 15 som
241 984 39 21 har
296 984 91 26 makten,
403 984 99 22 befordra
518 985 41 21 den
577 992 39 14 ena
631 985 160 21 konkurrenten
806 984 88 22 framför
910 984 39 21 den
966 990 36 14 an-

173 1013 44 21 dra.
248 1013 41 21 Vid
311 1016 83 18 senaste
416 1014 102 26 landtdag
541 1014 137 20 befordrades
701 1014 144 26 Björneborgs
861 1014 46 20 stad
922 1012 80 27 ganska

173 1041 89 27 kraftigt
285 1048 74 20 genom
378 1042 70 21 beslut
463 1048 33 15 om
513 1042 111 27 byggande
640 1042 21 22 af
676 1042 40 21 den
732 1042 172 27 Björneborgska
926 1041 76 21 banan.

173 1070 34 21 Då
217 1070 49 21 ville
281 1076 49 15 man
345 1071 122 26 antagligen
482 1071 96 26 utjemna
594 1071 58 21 detta
667 1071 134 21 förhållande
816 1077 75 20 genom
904 1072 32 18 att
947 1069 56 27 gifva

172 1099 76 26 anslag
273 1099 22 21 åt
322 1100 81 20 Raumo
431 1099 33 21 för
489 1099 145 27 befrämjande
660 1099 22 21 af
706 1100 69 20 denna
803 1099 60 21 bana.
904 1098 34 22 Nu
967 1098 36 20 vill

173 1134 49 14 man
238 1130 50 24 taga
305 1128 49 20 bort
370 1128 68 21 denna
453 1128 111 26 möjlighet
579 1128 33 21 för
626 1128 82 21 Raumo
722 1128 59 21 stads
793 1128 90 21 existens
894 1127 39 21 och
947 1128 56 20 ännu

172 1156 57 26 gifva
245 1156 93 21 tillskott
353 1156 32 21 för
400 1156 143 27 Björneborgs
559 1156 108 22 förkofran
687 1163 76 20 genom
779 1158 32 20 att
826 1156 68 27 bygga
910 1162 26 14 en
951 1155 52 21 fort-

172 1185 96 26 sättning
291 1185 31 21 till
346 1185 140 27 Mäntyluoto.
516 1185 41 27 Jag
578 1186 68 20 skulle
662 1185 71 21 derför
749 1185 27 27 på
792 1186 26 20 de
833 1186 22 20 af
869 1185 31 21 Hr
916 1184 87 26 Gripen-

173 1213 52 27 berg
247 1213 89 21 anförda
355 1214 45 20 skäl
423 1214 49 26 vilja
495 1214 74 21 förena
587 1214 43 26 mig
652 1220 34 15 om
717 1214 41 20 den
789 1213 144 21 betänkandet
959 1212 43 21 vid-

172 1242 77 26 fogade
272 1242 164 26 reservationen,
461 1242 54 22 dock
538 1242 49 22 med
606 1243 39 21 den
662 1242 124 27 förändring
801 1245 32 18 att
849 1244 30 19 ett
895 1241 73 27 anslag
983 1240 22 22 af

173 1271 92 25 800,000
287 1271 60 21 mark
369 1271 46 21 icke
437 1271 72 26 gäfves
525 1277 76 20 genom
622 1273 33 19 att
670 1273 70 19 staten
756 1274 49 23 toge
820 1271 69 20 aktier
904 1270 7 21 i
927 1270 76 25 banan,

173 1301 52 19 utan
241 1300 6 20 i
263 1299 54 21 form
339 1300 21 20 af
374 1306 25 14 en
415 1300 125 20 subvention
556 1300 28 26 på
600 1300 25 21 de
641 1299 23 21 af
678 1300 31 20 Hr
725 1306 40 14 von
782 1299 125 25 Haartman,
922 1298 81 24 Rafael,

174 1328 35 20 vid
224 1330 85 19 senaste
324 1329 77 21 ärende
417 1328 89 21 anförda
522 1328 53 21 skäl.

243 1384 32 21 Hr
291 1385 23 21 L.
331 1385 151 21 Mechelin:
512 1384 44 22 För
572 1385 42 21 min
631 1385 33 21 del
680 1385 68 21 måste
761 1385 37 27 jag
814 1384 63 22 också
893 1390 52 15 anse
955 1389 48 21 syn-

174 1412 68 28 nerlig
264 1413 45 27 vigt
331 1414 56 26 ligga
409 1414 72 26 derpå,
504 1416 33 18 att
558 1414 119 21 Ständerna
692 1414 7 20 i
715 1414 42 20 alla
773 1414 26 20 de
815 1413 69 21 beslut
901 1413 25 21 de
942 1412 61 26 fatta,

173 1448 51 14 vare
239 1442 33 26 sig
286 1442 8 20 i
307 1442 172 27 jernvägsfrågor
500 1442 51 21 eller
567 1442 67 21 andra
649 1442 77 26 frågor,
743 1448 45 14 som
804 1442 119 26 föreläggas
938 1441 67 26 Rege-

173 1470 82 27 ringen,
271 1471 102 21 vidblifva
389 1471 25 20 de
431 1470 70 22 beslut
516 1471 92 26 tidigare
623 1471 126 26 landtdagar
764 1470 70 26 fattat,
850 1471 24 20 så
889 1472 60 18 snart
959 1469 46 21 icke

174 1505 41 21 nya
237 1498 60 22 fakta
320 1499 172 24 mellankommit,
514 1505 46 15 som
582 1501 52 25 göra
657 1500 35 20 det
710 1499 74 27 nödigt
800 1501 31 19 att
847 1498 54 22 efter
916 1497 89 27 förnyad

174 1527 101 27 pröfning
297 1527 74 27 frångå
394 1528 98 21 beslutet.
522 1528 11 20 I
548 1528 145 26 föreliggande
708 1527 37 21 fall
761 1527 102 27 föreligga
877 1527 47 21 icke
939 1526 67 27 några
