1181 1773
394 140 256 22 Jernvägsbyggnaderna
662 141 7 17 i
681 140 78 18 landet.
903 134 53 21 1089

227 220 130 27 Voteringen
373 226 34 15 om
423 220 69 21 denna
507 220 131 27 proposition
654 220 62 21 utföll
732 220 49 21 med
797 220 26 21 59
830 220 24 26 ja
862 220 39 21 och
910 220 25 20 27
945 219 40 27 nej.

228 289 41 20 7:o.
300 288 53 26 Den,
369 294 46 16 som
430 288 36 21 vill
482 288 113 26 godkänna
610 288 124 22 Utskottets
750 288 7 20 i
766 288 145 21 betänkandet
929 288 55 21 N:o
972 284 16 35 1

159 317 120 27 föreslagna
301 316 104 22 klämmar
428 317 13 21 å
463 316 53 22 sidd.
535 317 109 21 110—111
662 317 101 26 antingen
779 316 142 22 oförändrade
935 316 52 21 eller

159 346 48 21 med
223 346 40 21 den
279 345 23 21 af
315 345 33 21 Hr
363 346 23 20 L.
413 345 104 22 Mechelin
533 345 121 27 föreslagna
670 345 179 27 omformulering,
865 352 73 14 svarar
951 344 35 28 ja;

228 408 41 21 blir
285 408 33 26 nej
335 408 160 27 öfvervägande,
518 408 39 21 har
572 408 24 21 R.
613 414 18 15 o.
648 408 26 21 A.
690 408 83 26 antagit
788 414 81 15 samma
884 408 103 22 klämmar

159 437 49 22 med
224 437 40 21 den
281 437 22 21 af
316 436 32 23 Hr
368 436 22 22 C.
416 436 25 22 G.
466 437 172 27 Standertskjöld
658 437 122 27 föreslagna
802 437 148 27 förändringen
966 436 23 21 af

161 467 96 20 vilkoren
272 466 34 21 för
321 465 154 22 subventionen
491 466 22 21 ät
528 466 144 27 Björneborgs
687 467 55 20 stad.

228 523 75 21 Denna
318 529 59 20 prop.
392 523 128 21 besvarades
534 523 48 21 med
598 523 155 27 öfvervägande
767 523 30 27 ja.

229 581 41 20 8:0.
301 579 52 28 Den,
369 586 44 15 som
429 580 125 27 godkänner
568 580 123 21 Utskottets
707 580 162 27 ifrågavarande
879 580 108 26 klämmar,

161 615 74 15 svarar
247 609 35 26 ja;

233 671 40 21 blir
289 671 34 26 nej
340 671 163 27 öfvervägande,
520 671 80 22 erhälla
615 671 133 22 klämmarne
761 671 39 21 den
810 671 178 26 omformulering,

161 706 45 15 som
222 699 21 22 af
258 700 31 21 Hr
305 700 104 21 Mechelin
425 700 134 27 föreslagits;
576 700 85 21 hvilken
676 707 60 20 prop.
753 700 127 21 besvarades
896 700 47 21 med
959 699 30 21 öf-

161 729 133 26 vervägande
310 728 41 27 nej.

229 791 31 21 Pä
275 791 68 27 grund
359 791 23 22 af
395 791 107 27 utgängen
517 791 23 21 af
554 791 42 22 alla
611 791 61 22 dessa
688 791 122 27 voteringar
825 791 55 22 hade
895 791 24 21 R.
936 797 18 15 0.
963 790 26 21 A.

163 819 90 22 sälunda
268 821 6 20 i
291 820 94 27 enlighet
400 821 48 20 med
464 821 32 20 Hr
511 820 23 21 L.
550 820 114 21 Mechelins
680 820 80 27 förslag
776 820 87 21 beslutit

229 884 33 20 att
278 882 120 22 Ständerna
420 883 7 21 i
450 884 71 20 svaret
540 882 12 22 &
575 883 48 21 näd.
647 889 59 21 prop.
724 882 109 27 angäende
849 882 71 22 vidare
933 881 56 28 jern-

163 911 175 27 vägsbyggnader
353 912 6 20 i
375 911 73 21 landet
463 912 69 21 skulle
547 912 96 20 anmäla:

233 976 32 18 att
281 973 120 22 Ständerna
417 974 69 22 funnit
504 974 285 22 kommunikationsfondens
804 974 113 27 tillgångar
933 974 58 20 med-

163 1002 63 27 gifva,
249 1005 32 18 att
304 1002 36 22 det
362 1002 23 22 af
406 1003 84 21 landets
505 1003 139 21 ekonomiska
658 1004 106 20 intressen
780 1002 111 28 päkallade
907 1002 84 21 arbetet

164 1031 27 26 pä
205 1032 170 26 jernvägsnätets
391 1032 122 26 utveckling
528 1032 100 27 fullföljes
644 1032 6 21 i
666 1034 69 19 större
751 1032 127 26 omfattning
893 1033 26 19 än
933 1031 6 21 i
950 1030 41 22 den

164 1059 47 21 näd.
228 1066 60 20 prop.
305 1062 24 18 är
343 1060 122 27 föreslaget;

231 1124 33 20 att
279 1122 120 22 Ständerna
413 1123 7 21 i
436 1123 142 21 betraktande
592 1123 63 21 häraf
668 1122 33 22 för
716 1123 33 21 sin
765 1123 32 21 del
815 1123 96 21 beslutit:

233 1187 32 19 att
280 1187 96 19 närmast
391 1186 55 21 efter
464 1186 26 21 de
505 1192 29 14 nu
549 1186 67 21 under
631 1186 98 27 byggnad
745 1186 93 21 varande
851 1186 142 26 jernvägarna

162 1215 34 21 för
217 1214 141 22 statsverkets
381 1214 90 26 räkning
494 1214 61 21 skola
577 1214 83 22 utföras
682 1214 94 27 följande
794 1214 197 26 bansträckningar,

164 1244 106 26 nämligen
293 1249 26 15 en
340 1243 89 27 jernväg
452 1243 47 21 frän
522 1244 73 20 Keuru
610 1244 80 20 station
705 1243 35 21 vid
756 1243 136 21 Wasabanan
908 1242 33 21 till
956 1242 37 26 Jy-

162 1272 87 27 väskylä
272 1272 55 26 stad,
350 1272 84 21 hvilken
457 1272 57 21 bana
535 1272 79 26 bygges
638 1272 125 26 smalspärig
788 1272 48 21 med
852 1278 25 15 en
892 1270 101 28 spärvidd

163 1300 24 21 af
201 1301 26 21 75
243 1306 39 15 cm.
291 1300 53 21 eller
359 1301 108 21 eventuelt
482 1307 26 15 en
524 1302 73 24 meter,
613 1300 107 22 beroende
743 1300 23 22 af
779 1300 143 27 Regeringens
938 1299 56 27 pröf-

164 1329 56 27 ning,
237 1328 39 22 och
293 1335 25 14 en
332 1329 89 27 jernväg
437 1329 47 21 frän
504 1324 47 26 Äbo
566 1329 49 21 stad
630 1335 76 21 genom
722 1329 51 21 Salo
788 1329 79 27 köping
883 1329 32 21 till
929 1328 64 21 Karis

163 1358 79 20 station
265 1357 34 21 vid
323 1357 149 27 Hangöbanan
495 1360 55 19 samt
573 1358 71 21 vidare
670 1357 47 22 frän
740 1358 104 21 närheten
859 1357 24 21 af
896 1356 97 22 Gerknäs

163 1386 59 27 vexel
238 1385 33 21 till
287 1386 138 28 Helsingfors,
441 1386 87 21 hvilken
545 1386 50 22 linie
610 1386 81 21 utföres
706 1386 155 27 normalspärig
877 1386 65 26 enligt
958 1385 36 21 det

165 1414 24 21 af
203 1414 160 26 Ofveringeniör
378 1414 38 22 Th.
431 1414 105 27 Tallgvist
551 1416 119 26 uppgjorda
686 1415 103 27 förslaget
805 1414 128 22 betecknadt
948 1420 45 15 som

163 1443 114 21 alternativ
291 1442 21 26 I;

233 1507 34 19 att
281 1505 117 27 godkänna
413 1512 26 15 en
461 1506 222 27 kostnadsberäkning
704 1506 32 21 för
758 1506 41 21 den
815 1506 57 21 förra
887 1506 71 20 banan
974 1504 22 22 af

165 1534 112 26 4,770,000
293 1535 66 26 mark,
375 1534 45 22 ifall
436 1534 41 22 den
492 1535 80 27 bygges
588 1535 48 21 med
651 1541 26 15 en
693 1534 101 28 spärvidd
809 1534 22 22 af
845 1535 26 21 75
883 1540 46 20 cm.,
943 1532 52 22 eller

903 1573 22 17 69
