1181 1773
205 94 57 22 1430
458 102 25 17 R.
496 106 18 13 o.
526 102 23 16 A.
562 102 56 17 1894.
642 102 28 16 30
682 102 47 21 Maj.

176 181 52 19 Från
245 180 167 22 Bondeståndet:
444 182 42 20 Hrr
504 182 177 26 Danielson,
702 182 161 26 Meurman,
879 182 124 27 Torppa,

245 209 177 27 Wuolijoki,
438 210 132 26 Brusila,
587 211 199 26 Lagerstedt,
810 210 95 26 Perho,
925 205 79 36 Avel-

245 238 54 25 lan,
322 238 151 28 Hollmön,
503 239 177 24 Riihimäki,
704 239 143 21 Koivisto
871 239 39 21 och
933 239 71 22 Kon-

245 266 78 22 kola.

488 365 35 20 till
538 365 149 27 suppleanter:

176 432 57 22 Frän
249 432 172 22 Presteständet:
453 433 31 21 Hr
516 433 174 27 Bonsdorff,
724 433 152 27 Räbergh,
907 433 93 22 Nord-

244 463 97 20 ström
357 462 39 21 och
412 462 162 27 Wegelius.

187 546 10 11 n»
241 530 190 28 Borgareständet:
462 531 44 21 Hrr
520 531 118 25 Möller,
655 531 159 26 Borenius,
827 531 176 21 Dahlström

243 559 40 21 och
299 559 125 27 Öhberg.

188 643 10 12 n
243 627 168 22 Bondeständet:
443 628 43 21 Hrr
507 629 150 25 Pullinen,
681 628 135 27 Kiipula,
842 628 161 21 Teittinen

243 657 39 20 och
298 657 199 21 Tensikkala.

438 852 118 23 Ständernas
572 851 172 29 Bankfullmäktige.

241 920 58 21 Frän
314 920 141 22 Medständen
471 921 54 21 hade
547 921 112 21 inkommit
674 920 205 27 protokollsutdrag,
895 920 22 21 af
931 920 71 21 hvilka

171 948 142 26 inhemtades,
331 951 32 19 att
388 950 65 20 sedan
479 950 23 20 R.
529 956 19 14 o.
576 950 24 20 A.
618 950 40 20 den
674 950 26 20 25
717 950 79 20 dennes
812 949 88 21 beslutit
915 949 87 27 inbjuda

172 977 142 21 Medständen
329 980 32 18 att
376 978 75 21 förena
466 978 32 26 sig
513 984 34 15 om
564 978 35 21 det
615 978 70 21 beslut
701 978 23 20 R.
741 984 19 15 o.
777 978 24 20 A.
818 977 127 27 föregående
961 978 41 26 dag

172 1006 35 20 vid
223 1006 156 26 behandlingen
402 1006 22 21 af
443 1007 179 21 Bankutskottets
645 1006 135 22 betänkande
801 1006 40 21 N:o
858 1006 19 25 7,
893 1006 108 26 angäende

171 1034 35 21 val
229 1035 24 20 af
273 1034 195 28 Bankfullmäktige
484 1036 39 20 och
546 1036 148 20 fastställande
716 1035 23 21 af
753 1035 130 21 instruktion
898 1034 34 21 för
947 1035 54 25 dem,

171 1062 66 22 fattat
252 1063 110 26 angående
377 1064 81 21 ändrad
475 1064 79 26 lydelse
570 1064 32 21 för
618 1064 67 26 tredje
701 1064 106 20 klämmen
823 1063 12 21 ä
850 1069 47 21 pag.
913 1065 12 19 5
941 1064 7 20 i
963 1063 38 21 Ut-

171 1091 94 21 skottets
290 1092 134 21 betänkande
447 1092 107 22 äfvensom
580 1094 31 19 ett
637 1093 74 25 tillägg
738 1092 31 21 uti
797 1092 40 20 den
857 1092 145 27 underdäniga

170 1120 120 25 skrifvelse,
307 1121 59 20 hvari
382 1127 34 15 om
432 1121 57 21 valet
504 1120 22 22 af
536 1121 196 26 Bankfullmäktige
749 1120 68 22 skulle
833 1120 40 21 hos
888 1120 27 21 H.
929 1120 25 21 K.
964 1120 37 22 M:t

170 1150 65 24 göras
251 1149 134 27 underdänig
401 1150 105 26 anmälan,
524 1150 23 20 sä
562 1150 55 20 hade
633 1150 84 20 Preste-
733 1149 39 21 och
788 1148 166 22 Bondeständen
970 1150 32 20 till

172 1177 43 21 alla
231 1177 60 21 delar
306 1177 69 27 afböjt
390 1178 159 27 inbjudningen,
566 1184 47 15 men
629 1178 182 26 Borgareständet
824 1178 103 25 deremot,
937 1178 65 26 jemte

171 1206 158 25 godkännande
344 1206 23 21 af
381 1207 64 26 syftet
468 1208 6 20 i
498 1207 163 27 inbjudningens
676 1207 58 21 förra
749 1207 41 24 del,
807 1206 106 21 förkastat
929 1212 73 16 senare

170 1234 62 21 delen
248 1234 67 22 deraf.

791 1303 22 17 In
825 1303 62 17 fidem:

738 1343 51 21 Clas
805 1350 20 14 v.
845 1342 84 22 Collan.
