<?xml version="1.0" encoding="UTF-8"?>
<alto xmlns="http://www.loc.gov/standards/alto/ns-v3#" xmlns:xlink="http://www.w3.org/1999/xlink" xmlns:xsi="http://www.w3.org/2001/XMLSchema-instance" xsi:schemaLocation="http://www.loc.gov/standards/alto/ns-v3# http://www.loc.gov/alto/v3/alto-3-0.xsd">
	<Description>
		<MeasurementUnit>pixel</MeasurementUnit>
		<sourceImageInformation>
			<fileName>/tmp/tess_fgyol7qn_input.PNG</fileName>
		</sourceImageInformation>
		<OCRProcessing ID="OCR_0">
			<ocrProcessingStep>
				<processingSoftware>
					<softwareName>tesseract 5.3.4</softwareName>
				</processingSoftware>
			</ocrProcessingStep>
		</OCRProcessing>
	</Description>
	<Layout>
		<Page WIDTH="1181" HEIGHT="1773" PHYSICAL_IMG_NR="0" ID="page_0">
			<PrintSpace HPOS="0" VPOS="0" WIDTH="1181" HEIGHT="1773">
				<GraphicalElement ID="cblock_0" HPOS="0" VPOS="31" WIDTH="8" HEIGHT="991"></GraphicalElement >
				<ComposedBlock ID="cblock_1" HPOS="238" VPOS="118" WIDTH="525" HEIGHT="27">
					<TextBlock ID="block_0" HPOS="238" VPOS="118" WIDTH="525" HEIGHT="27">
						<TextLine ID="line_0" HPOS="238" VPOS="118" WIDTH="525" HEIGHT="27">
							<String ID="string_0" HPOS="238" VPOS="118" WIDTH="56" HEIGHT="21" WC="0.96" CONTENT="1134"/><SP WIDTH="200" VPOS="118" HPOS="294"/>
							<String ID="string_1" HPOS="494" VPOS="124" WIDTH="24" HEIGHT="17" WC="0.96" CONTENT="R."/><SP WIDTH="14" VPOS="124" HPOS="518"/>
							<String ID="string_2" HPOS="532" VPOS="129" WIDTH="16" HEIGHT="12" WC="0.90" CONTENT="o."/><SP WIDTH="13" VPOS="129" HPOS="548"/>
							<String ID="string_3" HPOS="561" VPOS="124" WIDTH="23" HEIGHT="17" WC="0.96" CONTENT="A."/><SP WIDTH="13" VPOS="124" HPOS="584"/>
							<String ID="string_4" HPOS="597" VPOS="124" WIDTH="57" HEIGHT="17" WC="0.95" CONTENT="1894."/><SP WIDTH="26" VPOS="124" HPOS="654"/>
							<String ID="string_5" HPOS="680" VPOS="124" WIDTH="22" HEIGHT="17" WC="0.96" CONTENT="18"/><SP WIDTH="12" VPOS="124" HPOS="702"/>
							<String ID="string_6" HPOS="714" VPOS="124" WIDTH="49" HEIGHT="21" WC="0.96" CONTENT="Maj."/>
						</TextLine>
					</TextBlock>
				</ComposedBlock>
				<GraphicalElement ID="cblock_2" HPOS="211" VPOS="153" WIDTH="824" HEIGHT="13"></GraphicalElement >
				<ComposedBlock ID="cblock_3" HPOS="206" VPOS="203" WIDTH="831" HEIGHT="201">
					<TextBlock ID="block_1" HPOS="206" VPOS="203" WIDTH="831" HEIGHT="201">
						<TextLine ID="line_1" HPOS="275" VPOS="203" WIDTH="760" HEIGHT="28">
							<String ID="string_7" HPOS="275" VPOS="203" WIDTH="58" HEIGHT="21" WC="0.86" CONTENT="Frih."/><SP WIDTH="23" VPOS="203" HPOS="333"/>
							<String ID="string_8" HPOS="356" VPOS="210" WIDTH="40" HEIGHT="15" WC="0.96" CONTENT="von"/><SP WIDTH="13" VPOS="210" HPOS="396"/>
							<String ID="string_9" HPOS="409" VPOS="204" WIDTH="95" HEIGHT="21" WC="0.95" CONTENT="Troil:"/><SP WIDTH="30" VPOS="204" HPOS="504"/>
							<String ID="string_10" HPOS="534" VPOS="204" WIDTH="83" HEIGHT="22" WC="0.96" CONTENT="Genom"/><SP WIDTH="16" VPOS="204" HPOS="617"/>
							<String ID="string_11" HPOS="633" VPOS="204" WIDTH="48" HEIGHT="22" WC="0.95" CONTENT="mitt"/><SP WIDTH="15" VPOS="204" HPOS="681"/>
							<String ID="string_12" HPOS="696" VPOS="204" WIDTH="81" HEIGHT="27" WC="0.96" CONTENT="förslag"/><SP WIDTH="16" VPOS="204" HPOS="777"/>
							<String ID="string_13" HPOS="793" VPOS="206" WIDTH="32" HEIGHT="19" WC="0.93" CONTENT="att"/><SP WIDTH="16" VPOS="206" HPOS="825"/>
							<String ID="string_14" HPOS="841" VPOS="204" WIDTH="11" HEIGHT="27" WC="0.91" CONTENT="$"/><SP WIDTH="17" VPOS="204" HPOS="852"/>
							<String ID="string_15" HPOS="869" VPOS="205" WIDTH="12" HEIGHT="20" WC="0.97" CONTENT="7"/><SP WIDTH="16" VPOS="205" HPOS="881"/>
							<String ID="string_16" HPOS="897" VPOS="204" WIDTH="68" HEIGHT="22" WC="0.93" CONTENT="skulle"/><SP WIDTH="14" VPOS="204" HPOS="965"/>
							<String ID="string_17" HPOS="979" VPOS="204" WIDTH="56" HEIGHT="21" WC="0.95" CONTENT="ifrån"/>
						</TextLine>
						<TextLine ID="line_2" HPOS="207" VPOS="232" WIDTH="830" HEIGHT="28">
							<String ID="string_18" HPOS="207" VPOS="232" WIDTH="152" HEIGHT="27" WC="0.92" CONTENT="författningen"/><SP WIDTH="23" VPOS="232" HPOS="359"/>
							<String ID="string_19" HPOS="382" VPOS="232" WIDTH="51" HEIGHT="28" WC="0.91" CONTENT="utgä"/><SP WIDTH="21" VPOS="232" HPOS="433"/>
							<String ID="string_20" HPOS="454" VPOS="232" WIDTH="96" HEIGHT="22" WC="0.96" CONTENT="kommer"/><SP WIDTH="22" VPOS="232" HPOS="550"/>
							<String ID="string_21" HPOS="572" VPOS="234" WIDTH="63" HEIGHT="26" WC="0.96" CONTENT="ingen"/><SP WIDTH="24" VPOS="234" HPOS="635"/>
							<String ID="string_22" HPOS="659" VPOS="233" WIDTH="43" HEIGHT="21" WC="0.96" CONTENT="risk"/><SP WIDTH="16" VPOS="233" HPOS="702"/>
							<String ID="string_23" HPOS="718" VPOS="236" WIDTH="33" HEIGHT="18" WC="0.93" CONTENT="att"/><SP WIDTH="15" VPOS="236" HPOS="751"/>
							<String ID="string_24" HPOS="766" VPOS="232" WIDTH="83" HEIGHT="22" WC="0.92" CONTENT="drabba"/><SP WIDTH="14" VPOS="232" HPOS="849"/>
							<String ID="string_25" HPOS="863" VPOS="232" WIDTH="174" HEIGHT="27" WC="0.92" CONTENT="sparbankernas"/>
						</TextLine>
						<TextLine ID="line_3" HPOS="206" VPOS="260" WIDTH="830" HEIGHT="28">
							<String ID="string_26" HPOS="206" VPOS="260" WIDTH="129" HEIGHT="27" WC="0.90" CONTENT="grundfond,"/><SP WIDTH="16" VPOS="260" HPOS="335"/>
							<String ID="string_27" HPOS="351" VPOS="261" WIDTH="84" HEIGHT="21" WC="0.92" CONTENT="hvilken"/><SP WIDTH="16" VPOS="261" HPOS="435"/>
							<String ID="string_28" HPOS="451" VPOS="262" WIDTH="67" HEIGHT="26" WC="0.96" CONTENT="enligt"/><SP WIDTH="14" VPOS="262" HPOS="518"/>
							<String ID="string_29" HPOS="532" VPOS="262" WIDTH="43" HEIGHT="20" WC="0.97" CONTENT="min"/><SP WIDTH="15" VPOS="262" HPOS="575"/>
							<String ID="string_30" HPOS="590" VPOS="262" WIDTH="66" HEIGHT="21" WC="0.96" CONTENT="tanke"/><SP WIDTH="15" VPOS="262" HPOS="656"/>
							<String ID="string_31" HPOS="671" VPOS="263" WIDTH="25" HEIGHT="19" WC="0.93" CONTENT="är"/><SP WIDTH="15" VPOS="263" HPOS="696"/>
							<String ID="string_32" HPOS="711" VPOS="261" WIDTH="119" HEIGHT="22" WC="0.92" CONTENT="säkerstäld"/><SP WIDTH="16" VPOS="261" HPOS="830"/>
							<String ID="string_33" HPOS="846" VPOS="267" WIDTH="75" HEIGHT="21" WC="0.93" CONTENT="genom"/><SP WIDTH="21" VPOS="267" HPOS="921"/>
							<String ID="string_34" HPOS="942" VPOS="262" WIDTH="94" HEIGHT="21" WC="0.91" CONTENT="bestäm-"/>
						</TextLine>
						<TextLine ID="line_4" HPOS="207" VPOS="289" WIDTH="828" HEIGHT="28">
							<String ID="string_35" HPOS="207" VPOS="289" WIDTH="76" HEIGHT="27" WC="0.92" CONTENT="ningen"/><SP WIDTH="16" VPOS="289" HPOS="283"/>
							<String ID="string_36" HPOS="299" VPOS="290" WIDTH="30" HEIGHT="20" WC="0.92" CONTENT="uti"/><SP WIDTH="16" VPOS="290" HPOS="329"/>
							<String ID="string_37" HPOS="345" VPOS="290" WIDTH="11" HEIGHT="26" WC="0.88" CONTENT="$"/><SP WIDTH="18" VPOS="290" HPOS="356"/>
							<String ID="string_38" HPOS="374" VPOS="290" WIDTH="31" HEIGHT="26" WC="0.96" CONTENT="18,"/><SP WIDTH="16" VPOS="290" HPOS="405"/>
							<String ID="string_39" HPOS="421" VPOS="290" WIDTH="39" HEIGHT="21" WC="0.97" CONTENT="och"/><SP WIDTH="16" VPOS="290" HPOS="460"/>
							<String ID="string_40" HPOS="476" VPOS="292" WIDTH="33" HEIGHT="20" WC="0.93" CONTENT="att"/><SP WIDTH="15" VPOS="292" HPOS="509"/>
							<String ID="string_41" HPOS="524" VPOS="291" WIDTH="158" HEIGHT="26" WC="0.92" CONTENT="principalerna"/><SP WIDTH="15" VPOS="291" HPOS="682"/>
							<String ID="string_42" HPOS="697" VPOS="290" WIDTH="46" HEIGHT="22" WC="0.92" CONTENT="icke"/><SP WIDTH="16" VPOS="290" HPOS="743"/>
							<String ID="string_43" HPOS="759" VPOS="291" WIDTH="6" HEIGHT="20" WC="0.93" CONTENT="i"/><SP WIDTH="17" VPOS="291" HPOS="765"/>
							<String ID="string_44" HPOS="782" VPOS="290" WIDTH="65" HEIGHT="27" WC="0.93" CONTENT="nägot"/><SP WIDTH="15" VPOS="290" HPOS="847"/>
							<String ID="string_45" HPOS="862" VPOS="290" WIDTH="37" HEIGHT="21" WC="0.93" CONTENT="fall"/><SP WIDTH="17" VPOS="290" HPOS="899"/>
							<String ID="string_46" HPOS="916" VPOS="290" WIDTH="52" HEIGHT="21" WC="0.92" CONTENT="böra"/><SP WIDTH="16" VPOS="290" HPOS="968"/>
							<String ID="string_47" HPOS="984" VPOS="296" WIDTH="51" HEIGHT="15" WC="0.96" CONTENT="vara"/>
						</TextLine>
						<TextLine ID="line_5" HPOS="207" VPOS="317" WIDTH="829" HEIGHT="29">
							<String ID="string_48" HPOS="207" VPOS="317" WIDTH="133" HEIGHT="27" WC="0.93" CONTENT="berättigade"/><SP WIDTH="23" VPOS="317" HPOS="340"/>
							<String ID="string_49" HPOS="363" VPOS="319" WIDTH="32" HEIGHT="21" WC="0.93" CONTENT="till"/><SP WIDTH="22" VPOS="319" HPOS="395"/>
							<String ID="string_50" HPOS="417" VPOS="319" WIDTH="79" HEIGHT="21" WC="0.92" CONTENT="arvode"/><SP WIDTH="23" VPOS="319" HPOS="496"/>
							<String ID="string_51" HPOS="519" VPOS="325" WIDTH="62" HEIGHT="15" WC="0.96" CONTENT="anser"/><SP WIDTH="13" VPOS="325" HPOS="581"/>
							<String ID="string_52" HPOS="594" VPOS="320" WIDTH="37" HEIGHT="26" WC="0.96" CONTENT="jag"/><SP WIDTH="16" VPOS="320" HPOS="631"/>
							<String ID="string_53" HPOS="647" VPOS="326" WIDTH="51" HEIGHT="14" WC="0.96" CONTENT="vara"/><SP WIDTH="15" VPOS="326" HPOS="698"/>
							<String ID="string_54" HPOS="713" VPOS="319" WIDTH="24" HEIGHT="21" WC="0.97" CONTENT="sä"/><SP WIDTH="15" VPOS="319" HPOS="737"/>
							<String ID="string_55" HPOS="752" VPOS="319" WIDTH="83" HEIGHT="27" WC="0.96" CONTENT="tydligt,"/><SP WIDTH="17" VPOS="319" HPOS="835"/>
							<String ID="string_56" HPOS="852" VPOS="321" WIDTH="33" HEIGHT="19" WC="0.93" CONTENT="att"/><SP WIDTH="15" VPOS="321" HPOS="885"/>
							<String ID="string_57" HPOS="900" VPOS="319" WIDTH="72" HEIGHT="21" WC="0.92" CONTENT="derom"/><SP WIDTH="17" VPOS="319" HPOS="972"/>
							<String ID="string_58" HPOS="989" VPOS="319" WIDTH="47" HEIGHT="21" WC="0.93" CONTENT="icke"/>
						</TextLine>
						<TextLine ID="line_6" HPOS="207" VPOS="346" WIDTH="830" HEIGHT="28">
							<String ID="string_59" HPOS="207" VPOS="352" WIDTH="37" HEIGHT="15" WC="0.96" CONTENT="ens"/><SP WIDTH="23" VPOS="352" HPOS="244"/>
							<String ID="string_60" HPOS="267" VPOS="346" WIDTH="66" HEIGHT="22" WC="0.96" CONTENT="borde"/><SP WIDTH="22" VPOS="346" HPOS="333"/>
							<String ID="string_61" HPOS="355" VPOS="348" WIDTH="6" HEIGHT="20" WC="0.93" CONTENT="i"/><SP WIDTH="22" VPOS="348" HPOS="361"/>
							<String ID="string_62" HPOS="383" VPOS="347" WIDTH="151" HEIGHT="27" WC="0.96" CONTENT="författningen"/><SP WIDTH="21" VPOS="347" HPOS="534"/>
							<String ID="string_63" HPOS="555" VPOS="349" WIDTH="95" HEIGHT="20" WC="0.95" CONTENT="nämnas."/><SP WIDTH="31" VPOS="349" HPOS="650"/>
							<String ID="string_64" HPOS="681" VPOS="348" WIDTH="43" HEIGHT="20" WC="0.96" CONTENT="Det"/><SP WIDTH="15" VPOS="348" HPOS="724"/>
							<String ID="string_65" HPOS="739" VPOS="354" WIDTH="38" HEIGHT="14" WC="0.97" CONTENT="var"/><SP WIDTH="15" VPOS="354" HPOS="777"/>
							<String ID="string_66" HPOS="792" VPOS="347" WIDTH="27" HEIGHT="27" WC="0.93" CONTENT="pä"/><SP WIDTH="16" VPOS="347" HPOS="819"/>
							<String ID="string_67" HPOS="835" VPOS="347" WIDTH="66" HEIGHT="21" WC="0.96" CONTENT="sådan"/><SP WIDTH="15" VPOS="347" HPOS="901"/>
							<String ID="string_68" HPOS="916" VPOS="348" WIDTH="68" HEIGHT="26" WC="0.96" CONTENT="grund"/><SP WIDTH="13" VPOS="348" HPOS="984"/>
							<String ID="string_69" HPOS="997" VPOS="348" WIDTH="40" HEIGHT="26" WC="0.96" CONTENT="jag"/>
						</TextLine>
						<TextLine ID="line_7" HPOS="206" VPOS="375" WIDTH="744" HEIGHT="29">
							<String ID="string_70" HPOS="206" VPOS="375" WIDTH="81" HEIGHT="27" WC="0.92" CONTENT="yrkade"/><SP WIDTH="16" VPOS="375" HPOS="287"/>
							<String ID="string_71" HPOS="303" VPOS="376" WIDTH="27" HEIGHT="26" WC="0.96" CONTENT="pä"/><SP WIDTH="15" VPOS="376" HPOS="330"/>
							<String ID="string_72" HPOS="345" VPOS="378" WIDTH="32" HEIGHT="19" WC="0.96" CONTENT="att"/><SP WIDTH="15" VPOS="378" HPOS="377"/>
							<String ID="string_73" HPOS="392" VPOS="376" WIDTH="48" HEIGHT="21" WC="0.93" CONTENT="hela"/><SP WIDTH="15" VPOS="376" HPOS="440"/>
							<String ID="string_74" HPOS="455" VPOS="376" WIDTH="13" HEIGHT="28" WC="0.89" CONTENT="&amp;"/><SP WIDTH="17" VPOS="376" HPOS="468"/>
							<String ID="string_75" HPOS="485" VPOS="378" WIDTH="11" HEIGHT="20" WC="0.97" CONTENT="7"/><SP WIDTH="16" VPOS="378" HPOS="496"/>
							<String ID="string_76" HPOS="512" VPOS="376" WIDTH="69" HEIGHT="21" WC="0.96" CONTENT="skulle"/><SP WIDTH="15" VPOS="376" HPOS="581"/>
							<String ID="string_77" HPOS="596" VPOS="383" WIDTH="26" HEIGHT="15" WC="0.93" CONTENT="ur"/><SP WIDTH="15" VPOS="383" HPOS="622"/>
							<String ID="string_78" HPOS="637" VPOS="376" WIDTH="241" HEIGHT="27" WC="0.92" CONTENT="författningsförslaget"/><SP WIDTH="15" VPOS="376" HPOS="878"/>
							<String ID="string_79" HPOS="893" VPOS="376" WIDTH="57" HEIGHT="26" WC="0.93" CONTENT="utgä."/>
						</TextLine>
					</TextBlock>
				</ComposedBlock>
				<ComposedBlock ID="cblock_4" HPOS="203" VPOS="432" WIDTH="835" HEIGHT="573">
					<TextBlock ID="block_2" HPOS="203" VPOS="432" WIDTH="835" HEIGHT="573">
						<TextLine ID="line_8" HPOS="276" VPOS="432" WIDTH="759" HEIGHT="29">
							<String ID="string_80" HPOS="276" VPOS="432" WIDTH="31" HEIGHT="22" WC="0.96" CONTENT="Hr"/><SP WIDTH="23" VPOS="432" HPOS="307"/>
							<String ID="string_81" HPOS="330" VPOS="433" WIDTH="23" HEIGHT="21" WC="0.96" CONTENT="L."/><SP WIDTH="27" VPOS="433" HPOS="353"/>
							<String ID="string_82" HPOS="380" VPOS="433" WIDTH="142" HEIGHT="21" WC="0.93" CONTENT="Mechelin:"/><SP WIDTH="32" VPOS="433" HPOS="522"/>
							<String ID="string_83" HPOS="554" VPOS="433" WIDTH="70" HEIGHT="21" WC="0.92" CONTENT="Ocksä"/><SP WIDTH="20" VPOS="433" HPOS="624"/>
							<String ID="string_84" HPOS="644" VPOS="434" WIDTH="37" HEIGHT="27" WC="0.96" CONTENT="jag"/><SP WIDTH="15" VPOS="434" HPOS="681"/>
							<String ID="string_85" HPOS="696" VPOS="433" WIDTH="40" HEIGHT="21" WC="0.93" CONTENT="har"/><SP WIDTH="15" VPOS="433" HPOS="736"/>
							<String ID="string_86" HPOS="751" VPOS="433" WIDTH="49" HEIGHT="27" WC="0.93" CONTENT="hyst"/><SP WIDTH="15" VPOS="433" HPOS="800"/>
							<String ID="string_87" HPOS="815" VPOS="433" WIDTH="73" HEIGHT="21" WC="0.92" CONTENT="tvifvel"/><SP WIDTH="16" VPOS="433" HPOS="888"/>
							<String ID="string_88" HPOS="904" VPOS="433" WIDTH="6" HEIGHT="21" WC="0.96" CONTENT="i"/><SP WIDTH="17" VPOS="433" HPOS="910"/>
							<String ID="string_89" HPOS="927" VPOS="434" WIDTH="40" HEIGHT="20" WC="0.93" CONTENT="den"/><SP WIDTH="16" VPOS="434" HPOS="967"/>
							<String ID="string_90" HPOS="983" VPOS="433" WIDTH="52" HEIGHT="21" WC="0.92" CONTENT="rikt-"/>
						</TextLine>
						<TextLine ID="line_9" HPOS="206" VPOS="461" WIDTH="829" HEIGHT="28">
							<String ID="string_91" HPOS="206" VPOS="461" WIDTH="57" HEIGHT="26" WC="0.96" CONTENT="ning,"/><SP WIDTH="24" VPOS="461" HPOS="263"/>
							<String ID="string_92" HPOS="287" VPOS="467" WIDTH="45" HEIGHT="16" WC="0.93" CONTENT="som"/><SP WIDTH="16" VPOS="467" HPOS="332"/>
							<String ID="string_93" HPOS="348" VPOS="462" WIDTH="57" HEIGHT="21" WC="0.82" CONTENT="Frih."/><SP WIDTH="16" VPOS="462" HPOS="405"/>
							<String ID="string_94" HPOS="421" VPOS="468" WIDTH="40" HEIGHT="15" WC="0.96" CONTENT="von"/><SP WIDTH="17" VPOS="468" HPOS="461"/>
							<String ID="string_95" HPOS="478" VPOS="462" WIDTH="57" HEIGHT="21" WC="0.93" CONTENT="Troil"/><SP WIDTH="15" VPOS="462" HPOS="535"/>
							<String ID="string_96" HPOS="550" VPOS="463" WIDTH="86" HEIGHT="20" WC="0.95" CONTENT="uttalat."/><SP WIDTH="31" VPOS="463" HPOS="636"/>
							<String ID="string_97" HPOS="667" VPOS="462" WIDTH="61" HEIGHT="21" WC="0.96" CONTENT="Dock"/><SP WIDTH="15" VPOS="462" HPOS="728"/>
							<String ID="string_98" HPOS="743" VPOS="469" WIDTH="38" HEIGHT="14" WC="0.96" CONTENT="var"/><SP WIDTH="15" VPOS="469" HPOS="781"/>
							<String ID="string_99" HPOS="796" VPOS="463" WIDTH="42" HEIGHT="20" WC="0.93" CONTENT="min"/><SP WIDTH="15" VPOS="463" HPOS="838"/>
							<String ID="string_100" HPOS="853" VPOS="462" WIDTH="65" HEIGHT="27" WC="0.92" CONTENT="afsigt"/><SP WIDTH="14" VPOS="462" HPOS="918"/>
							<String ID="string_101" HPOS="932" VPOS="464" WIDTH="32" HEIGHT="19" WC="0.93" CONTENT="att"/><SP WIDTH="16" VPOS="464" HPOS="964"/>
							<String ID="string_102" HPOS="980" VPOS="461" WIDTH="55" HEIGHT="22" WC="0.96" CONTENT="blott"/>
						</TextLine>
						<TextLine ID="line_10" HPOS="206" VPOS="489" WIDTH="828" HEIGHT="28">
							<String ID="string_103" HPOS="206" VPOS="489" WIDTH="79" HEIGHT="22" WC="0.96" CONTENT="föreslå"/><SP WIDTH="10" VPOS="489" HPOS="285"/>
							<String ID="string_104" HPOS="295" VPOS="497" WIDTH="26" HEIGHT="14" WC="0.93" CONTENT="en"/><SP WIDTH="15" VPOS="497" HPOS="321"/>
							<String ID="string_105" HPOS="336" VPOS="491" WIDTH="76" HEIGHT="26" WC="0.88" CONTENT="partiel"/><SP WIDTH="15" VPOS="491" HPOS="412"/>
							<String ID="string_106" HPOS="427" VPOS="491" WIDTH="90" HEIGHT="26" WC="0.96" CONTENT="ändring"/><SP WIDTH="15" VPOS="491" HPOS="517"/>
							<String ID="string_107" HPOS="532" VPOS="491" WIDTH="23" HEIGHT="21" WC="0.96" CONTENT="af"/><SP WIDTH="13" VPOS="491" HPOS="555"/>
							<String ID="string_108" HPOS="568" VPOS="492" WIDTH="40" HEIGHT="25" WC="0.39" CONTENT="S:n,"/><SP WIDTH="16" VPOS="492" HPOS="608"/>
							<String ID="string_109" HPOS="624" VPOS="491" WIDTH="106" HEIGHT="26" WC="0.96" CONTENT="nämligen"/><SP WIDTH="16" VPOS="491" HPOS="730"/>
							<String ID="string_110" HPOS="746" VPOS="497" WIDTH="25" HEIGHT="15" WC="0.93" CONTENT="en"/><SP WIDTH="16" VPOS="497" HPOS="771"/>
							<String ID="string_111" HPOS="787" VPOS="491" WIDTH="132" HEIGHT="26" WC="0.96" CONTENT="uteslutning"/><SP WIDTH="14" VPOS="491" HPOS="919"/>
							<String ID="string_112" HPOS="933" VPOS="491" WIDTH="23" HEIGHT="21" WC="0.93" CONTENT="af"/><SP WIDTH="13" VPOS="491" HPOS="956"/>
							<String ID="string_113" HPOS="969" VPOS="491" WIDTH="65" HEIGHT="21" WC="0.95" CONTENT="orden"/>
						</TextLine>
						<TextLine ID="line_11" HPOS="206" VPOS="518" WIDTH="830" HEIGHT="29">
							<String ID="string_114" HPOS="206" VPOS="518" WIDTH="65" HEIGHT="27" WC="0.15" CONTENT="dock"/><SP WIDTH="22" VPOS="518" HPOS="271"/>
							<String ID="string_115" HPOS="293" VPOS="522" WIDTH="32" HEIGHT="18" WC="0.93" CONTENT="att"/><SP WIDTH="22" VPOS="522" HPOS="325"/>
							<String ID="string_116" HPOS="347" VPOS="520" WIDTH="76" HEIGHT="21" WC="0.96" CONTENT="arvode"/><SP WIDTH="16" VPOS="520" HPOS="423"/>
							<String ID="string_117" HPOS="439" VPOS="520" WIDTH="46" HEIGHT="21" WC="0.96" CONTENT="icke"/><SP WIDTH="16" VPOS="520" HPOS="485"/>
							<String ID="string_118" HPOS="501" VPOS="519" WIDTH="33" HEIGHT="22" WC="0.96" CONTENT="får"/><SP WIDTH="16" VPOS="519" HPOS="534"/>
							<String ID="string_119" HPOS="550" VPOS="520" WIDTH="51" HEIGHT="27" WC="0.96" CONTENT="utgå"/><SP WIDTH="15" VPOS="520" HPOS="601"/>
							<String ID="string_120" HPOS="616" VPOS="519" WIDTH="23" HEIGHT="22" WC="0.96" CONTENT="af"/><SP WIDTH="20" VPOS="519" HPOS="639"/>
							<String ID="string_121" HPOS="659" VPOS="520" WIDTH="66" HEIGHT="21" WC="0.96" CONTENT="andra"/><SP WIDTH="24" VPOS="520" HPOS="725"/>
							<String ID="string_122" HPOS="749" VPOS="520" WIDTH="68" HEIGHT="21" WC="0.96" CONTENT="medel"/><SP WIDTH="16" VPOS="520" HPOS="817"/>
							<String ID="string_123" HPOS="833" VPOS="521" WIDTH="27" HEIGHT="19" WC="0.93" CONTENT="än"/><SP WIDTH="16" VPOS="521" HPOS="860"/>
							<String ID="string_124" HPOS="876" VPOS="519" WIDTH="120" HEIGHT="22" WC="0.91" CONTENT="afkomsten"/><SP WIDTH="16" VPOS="519" HPOS="996"/>
							<String ID="string_125" HPOS="1012" VPOS="519" WIDTH="24" HEIGHT="21" WC="0.97" CONTENT="af"/>
						</TextLine>
						<TextLine ID="line_12" HPOS="205" VPOS="547" WIDTH="833" HEIGHT="28">
							<String ID="string_126" HPOS="205" VPOS="547" WIDTH="147" HEIGHT="26" WC="0.92" CONTENT="sparbankens"/><SP WIDTH="21" VPOS="547" HPOS="352"/>
							<String ID="string_127" HPOS="373" VPOS="554" WIDTH="54" HEIGHT="21" WC="0.93" CONTENT="egna"/><SP WIDTH="22" VPOS="554" HPOS="427"/>
							<String ID="string_128" HPOS="449" VPOS="548" WIDTH="92" HEIGHT="21" WC="0.92" CONTENT="fonder*."/><SP WIDTH="31" VPOS="548" HPOS="541"/>
							<String ID="string_129" HPOS="572" VPOS="549" WIDTH="41" HEIGHT="26" WC="0.93" CONTENT="Jag"/><SP WIDTH="23" VPOS="549" HPOS="613"/>
							<String ID="string_130" HPOS="636" VPOS="548" WIDTH="68" HEIGHT="21" WC="0.91" CONTENT="mäste"/><SP WIDTH="18" VPOS="548" HPOS="704"/>
							<String ID="string_131" HPOS="722" VPOS="549" WIDTH="67" HEIGHT="20" WC="0.96" CONTENT="tänka"/><SP WIDTH="15" VPOS="549" HPOS="789"/>
							<String ID="string_132" HPOS="804" VPOS="549" WIDTH="43" HEIGHT="26" WC="0.93" CONTENT="mig"/><SP WIDTH="15" VPOS="549" HPOS="847"/>
							<String ID="string_133" HPOS="862" VPOS="548" WIDTH="135" HEIGHT="26" WC="0.92" CONTENT="möjligheten"/><SP WIDTH="16" VPOS="548" HPOS="997"/>
							<String ID="string_134" HPOS="1013" VPOS="549" WIDTH="25" HEIGHT="20" WC="0.96" CONTENT="af"/>
						</TextLine>
						<TextLine ID="line_13" HPOS="205" VPOS="576" WIDTH="829" HEIGHT="27">
							<String ID="string_135" HPOS="205" VPOS="578" WIDTH="33" HEIGHT="19" WC="0.92" CONTENT="att"/><SP WIDTH="22" VPOS="578" HPOS="238"/>
							<String ID="string_136" HPOS="260" VPOS="576" WIDTH="107" HEIGHT="27" WC="0.96" CONTENT="åtskilliga"/><SP WIDTH="20" VPOS="576" HPOS="367"/>
							<String ID="string_137" HPOS="387" VPOS="577" WIDTH="131" HEIGHT="26" WC="0.95" CONTENT="sparbanker"/><SP WIDTH="16" VPOS="577" HPOS="518"/>
							<String ID="string_138" HPOS="534" VPOS="583" WIDTH="22" HEIGHT="14" WC="0.97" CONTENT="se"/><SP WIDTH="16" VPOS="583" HPOS="556"/>
							<String ID="string_139" HPOS="572" VPOS="578" WIDTH="32" HEIGHT="25" WC="0.93" CONTENT="sig"/><SP WIDTH="16" VPOS="578" HPOS="604"/>
							<String ID="string_140" HPOS="620" VPOS="577" WIDTH="124" HEIGHT="21" WC="0.92" CONTENT="nödsakade"/><SP WIDTH="17" VPOS="577" HPOS="744"/>
							<String ID="string_141" HPOS="761" VPOS="579" WIDTH="38" HEIGHT="24" WC="0.96" CONTENT="att,"/><SP WIDTH="14" VPOS="579" HPOS="799"/>
							<String ID="string_142" HPOS="813" VPOS="577" WIDTH="35" HEIGHT="21" WC="0.96" CONTENT="för"/><SP WIDTH="15" VPOS="577" HPOS="848"/>
							<String ID="string_143" HPOS="863" VPOS="579" WIDTH="32" HEIGHT="18" WC="0.93" CONTENT="att"/><SP WIDTH="16" VPOS="579" HPOS="895"/>
							<String ID="string_144" HPOS="911" VPOS="576" WIDTH="82" HEIGHT="21" WC="0.95" CONTENT="erhålla"/><SP WIDTH="16" VPOS="576" HPOS="993"/>
							<String ID="string_145" HPOS="1009" VPOS="583" WIDTH="25" HEIGHT="14" WC="0.96" CONTENT="en"/>
						</TextLine>
						<TextLine ID="line_14" HPOS="206" VPOS="604" WIDTH="829" HEIGHT="29">
							<String ID="string_146" HPOS="206" VPOS="604" WIDTH="72" HEIGHT="27" WC="0.96" CONTENT="duglig"/><SP WIDTH="22" VPOS="604" HPOS="278"/>
							<String ID="string_147" HPOS="300" VPOS="605" WIDTH="121" HEIGHT="24" WC="0.96" CONTENT="förvaltare,"/><SP WIDTH="23" VPOS="605" HPOS="421"/>
							<String ID="string_148" HPOS="444" VPOS="605" WIDTH="61" HEIGHT="22" WC="0.95" CONTENT="anslå"/><SP WIDTH="23" VPOS="605" HPOS="505"/>
							<String ID="string_149" HPOS="528" VPOS="605" WIDTH="22" HEIGHT="22" WC="0.95" CONTENT="åt"/><SP WIDTH="22" VPOS="605" HPOS="550"/>
							<String ID="string_150" HPOS="572" VPOS="606" WIDTH="78" HEIGHT="21" WC="0.93" CONTENT="honom"/><SP WIDTH="24" VPOS="606" HPOS="650"/>
							<String ID="string_151" HPOS="674" VPOS="605" WIDTH="69" HEIGHT="28" WC="0.96" CONTENT="någon"/><SP WIDTH="24" VPOS="605" HPOS="743"/>
							<String ID="string_152" HPOS="767" VPOS="606" WIDTH="42" HEIGHT="20" WC="0.93" CONTENT="viss"/><SP WIDTH="16" VPOS="606" HPOS="809"/>
							<String ID="string_153" HPOS="825" VPOS="606" WIDTH="28" HEIGHT="26" WC="0.57" CONTENT="&quot;/,"/><SP WIDTH="16" VPOS="606" HPOS="853"/>
							<String ID="string_154" HPOS="869" VPOS="605" WIDTH="23" HEIGHT="21" WC="0.93" CONTENT="af"/><SP WIDTH="13" VPOS="605" HPOS="892"/>
							<String ID="string_155" HPOS="905" VPOS="605" WIDTH="130" HEIGHT="22" WC="0.93" CONTENT="ränteöfver-"/>
						</TextLine>
						<TextLine ID="line_15" HPOS="205" VPOS="633" WIDTH="829" HEIGHT="28">
							<String ID="string_156" HPOS="205" VPOS="633" WIDTH="88" HEIGHT="25" WC="0.96" CONTENT="skottet,"/><SP WIDTH="25" VPOS="633" HPOS="293"/>
							<String ID="string_157" HPOS="318" VPOS="633" WIDTH="35" HEIGHT="22" WC="0.93" CONTENT="det"/><SP WIDTH="16" VPOS="633" HPOS="353"/>
							<String ID="string_158" HPOS="369" VPOS="634" WIDTH="124" HEIGHT="25" WC="0.91" CONTENT="öfverskott,"/><SP WIDTH="17" VPOS="634" HPOS="493"/>
							<String ID="string_159" HPOS="510" VPOS="641" WIDTH="44" HEIGHT="14" WC="0.96" CONTENT="som"/><SP WIDTH="17" VPOS="641" HPOS="554"/>
							<String ID="string_160" HPOS="571" VPOS="635" WIDTH="89" HEIGHT="26" WC="0.96" CONTENT="uppstår"/><SP WIDTH="15" VPOS="635" HPOS="660"/>
							<String ID="string_161" HPOS="675" VPOS="641" WIDTH="76" HEIGHT="20" WC="0.96" CONTENT="genom"/><SP WIDTH="17" VPOS="641" HPOS="751"/>
							<String ID="string_162" HPOS="768" VPOS="634" WIDTH="112" HEIGHT="21" WC="0.95" CONTENT="skilnaden"/><SP WIDTH="15" VPOS="634" HPOS="880"/>
							<String ID="string_163" HPOS="895" VPOS="634" WIDTH="89" HEIGHT="21" WC="0.93" CONTENT="emellan"/><SP WIDTH="16" VPOS="634" HPOS="984"/>
							<String ID="string_164" HPOS="1000" VPOS="636" WIDTH="34" HEIGHT="19" WC="0.91" CONTENT="ut-"/>
						</TextLine>
						<TextLine ID="line_16" HPOS="205" VPOS="661" WIDTH="830" HEIGHT="29">
							<String ID="string_165" HPOS="205" VPOS="661" WIDTH="94" HEIGHT="27" WC="0.90" CONTENT="lånings-"/><SP WIDTH="21" VPOS="661" HPOS="299"/>
							<String ID="string_166" HPOS="320" VPOS="663" WIDTH="39" HEIGHT="20" WC="0.93" CONTENT="och"/><SP WIDTH="16" VPOS="663" HPOS="359"/>
							<String ID="string_167" HPOS="375" VPOS="663" WIDTH="187" HEIGHT="27" WC="0.89" CONTENT="inlåningsräntan."/><SP WIDTH="17" VPOS="663" HPOS="562"/>
							<String ID="string_168" HPOS="579" VPOS="663" WIDTH="95" HEIGHT="21" WC="0.90" CONTENT="Utfästes"/><SP WIDTH="15" VPOS="663" HPOS="674"/>
							<String ID="string_169" HPOS="689" VPOS="666" WIDTH="32" HEIGHT="18" WC="0.96" CONTENT="ett"/><SP WIDTH="15" VPOS="666" HPOS="721"/>
							<String ID="string_170" HPOS="736" VPOS="663" WIDTH="77" HEIGHT="21" WC="0.96" CONTENT="sådant"/><SP WIDTH="15" VPOS="663" HPOS="813"/>
							<String ID="string_171" HPOS="828" VPOS="663" WIDTH="85" HEIGHT="25" WC="0.96" CONTENT="arvode,"/><SP WIDTH="14" VPOS="663" HPOS="913"/>
							<String ID="string_172" HPOS="927" VPOS="663" WIDTH="24" HEIGHT="21" WC="0.96" CONTENT="så"/><SP WIDTH="15" VPOS="663" HPOS="951"/>
							<String ID="string_173" HPOS="966" VPOS="664" WIDTH="69" HEIGHT="19" WC="0.96" CONTENT="sättas"/>
						</TextLine>
						<TextLine ID="line_17" HPOS="205" VPOS="690" WIDTH="828" HEIGHT="28">
							<String ID="string_174" HPOS="205" VPOS="690" WIDTH="46" HEIGHT="21" WC="0.93" CONTENT="icke"/><SP WIDTH="16" VPOS="690" HPOS="251"/>
							<String ID="string_175" HPOS="267" VPOS="691" WIDTH="120" HEIGHT="26" WC="0.92" CONTENT="derigenom"/><SP WIDTH="18" VPOS="691" HPOS="387"/>
							<String ID="string_176" HPOS="405" VPOS="692" WIDTH="94" HEIGHT="21" WC="0.95" CONTENT="bankens"/><SP WIDTH="15" VPOS="692" HPOS="499"/>
							<String ID="string_177" HPOS="514" VPOS="698" WIDTH="54" HEIGHT="20" WC="0.96" CONTENT="egna"/><SP WIDTH="15" VPOS="698" HPOS="568"/>
							<String ID="string_178" HPOS="583" VPOS="692" WIDTH="76" HEIGHT="21" WC="0.95" CONTENT="fonder"/><SP WIDTH="12" VPOS="692" HPOS="659"/>
							<String ID="string_179" HPOS="671" VPOS="692" WIDTH="6" HEIGHT="21" WC="0.95" CONTENT="i"/><SP WIDTH="11" VPOS="692" HPOS="677"/>
							<String ID="string_180" HPOS="688" VPOS="691" WIDTH="52" HEIGHT="25" WC="0.96" CONTENT="fara,"/><SP WIDTH="13" VPOS="691" HPOS="740"/>
							<String ID="string_181" HPOS="753" VPOS="692" WIDTH="56" HEIGHT="21" WC="0.92" CONTENT="helst"/><SP WIDTH="13" VPOS="692" HPOS="809"/>
							<String ID="string_182" HPOS="822" VPOS="691" WIDTH="67" HEIGHT="22" WC="0.96" CONTENT="andra"/><SP WIDTH="13" VPOS="691" HPOS="889"/>
							<String ID="string_183" HPOS="902" VPOS="691" WIDTH="131" HEIGHT="27" WC="0.96" CONTENT="stadganden"/>
						</TextLine>
						<TextLine ID="line_18" HPOS="205" VPOS="719" WIDTH="829" HEIGHT="28">
							<String ID="string_184" HPOS="205" VPOS="719" WIDTH="7" HEIGHT="20" WC="0.96" CONTENT="i"/><SP WIDTH="15" VPOS="719" HPOS="212"/>
							<String ID="string_185" HPOS="227" VPOS="719" WIDTH="61" HEIGHT="26" WC="0.96" CONTENT="lagen"/><SP WIDTH="16" VPOS="719" HPOS="288"/>
							<String ID="string_186" HPOS="304" VPOS="719" WIDTH="65" HEIGHT="22" WC="0.93" CONTENT="också"/><SP WIDTH="12" VPOS="719" HPOS="369"/>
							<String ID="string_187" HPOS="381" VPOS="720" WIDTH="44" HEIGHT="21" WC="0.92" CONTENT="afse"/><SP WIDTH="15" VPOS="720" HPOS="425"/>
							<String ID="string_188" HPOS="440" VPOS="723" WIDTH="32" HEIGHT="18" WC="0.96" CONTENT="att"/><SP WIDTH="16" VPOS="723" HPOS="472"/>
							<String ID="string_189" HPOS="488" VPOS="720" WIDTH="146" HEIGHT="27" WC="0.96" CONTENT="upprätthålla"/><SP WIDTH="15" VPOS="720" HPOS="634"/>
							<String ID="string_190" HPOS="649" VPOS="721" WIDTH="62" HEIGHT="20" WC="0.96" CONTENT="dessa"/><SP WIDTH="15" VPOS="721" HPOS="711"/>
							<String ID="string_191" HPOS="726" VPOS="721" WIDTH="82" HEIGHT="20" WC="0.93" CONTENT="fonder."/><SP WIDTH="17" VPOS="721" HPOS="808"/>
							<String ID="string_192" HPOS="825" VPOS="720" WIDTH="101" HEIGHT="21" WC="0.92" CONTENT="Deremot"/><SP WIDTH="15" VPOS="720" HPOS="926"/>
							<String ID="string_193" HPOS="941" VPOS="720" WIDTH="42" HEIGHT="21" WC="0.96" CONTENT="kan"/><SP WIDTH="14" VPOS="720" HPOS="983"/>
							<String ID="string_194" HPOS="997" VPOS="720" WIDTH="37" HEIGHT="27" WC="0.96" CONTENT="jag"/>
						</TextLine>
						<TextLine ID="line_19" HPOS="205" VPOS="747" WIDTH="828" HEIGHT="29">
							<String ID="string_195" HPOS="205" VPOS="747" WIDTH="46" HEIGHT="22" WC="0.96" CONTENT="icke"/><SP WIDTH="12" VPOS="747" HPOS="251"/>
							<String ID="string_196" HPOS="263" VPOS="748" WIDTH="74" HEIGHT="21" WC="0.96" CONTENT="förena"/><SP WIDTH="15" VPOS="748" HPOS="337"/>
							<String ID="string_197" HPOS="352" VPOS="749" WIDTH="42" HEIGHT="26" WC="0.96" CONTENT="mig"/><SP WIDTH="15" VPOS="749" HPOS="394"/>
							<String ID="string_198" HPOS="409" VPOS="755" WIDTH="34" HEIGHT="15" WC="0.96" CONTENT="om"/><SP WIDTH="17" VPOS="755" HPOS="443"/>
							<String ID="string_199" HPOS="460" VPOS="749" WIDTH="131" HEIGHT="27" WC="0.96" CONTENT="uteslutning"/><SP WIDTH="15" VPOS="749" HPOS="591"/>
							<String ID="string_200" HPOS="606" VPOS="749" WIDTH="24" HEIGHT="20" WC="0.97" CONTENT="af"/><SP WIDTH="10" VPOS="749" HPOS="630"/>
							<String ID="string_201" HPOS="640" VPOS="749" WIDTH="34" HEIGHT="26" WC="0.69" CONTENT="&amp;:n"/><SP WIDTH="16" VPOS="749" HPOS="674"/>
							<String ID="string_202" HPOS="690" VPOS="750" WIDTH="6" HEIGHT="20" WC="0.96" CONTENT="i"/><SP WIDTH="12" VPOS="750" HPOS="696"/>
							<String ID="string_203" HPOS="708" VPOS="749" WIDTH="48" HEIGHT="21" WC="0.97" CONTENT="dess"/><SP WIDTH="11" VPOS="749" HPOS="756"/>
							<String ID="string_204" HPOS="767" VPOS="749" WIDTH="78" HEIGHT="25" WC="0.96" CONTENT="helhet,"/><SP WIDTH="10" VPOS="749" HPOS="845"/>
							<String ID="string_205" HPOS="855" VPOS="748" WIDTH="88" HEIGHT="21" WC="0.93" CONTENT="emedan"/><SP WIDTH="11" VPOS="748" HPOS="943"/>
							<String ID="string_206" HPOS="954" VPOS="749" WIDTH="79" HEIGHT="26" WC="0.93" CONTENT="vigtiga"/>
						</TextLine>
						<TextLine ID="line_20" HPOS="204" VPOS="777" WIDTH="829" HEIGHT="26">
							<String ID="string_207" HPOS="204" VPOS="777" WIDTH="138" HEIGHT="25" WC="0.95" CONTENT="grundsatser"/><SP WIDTH="19" VPOS="777" HPOS="342"/>
							<String ID="string_208" HPOS="361" VPOS="778" WIDTH="5" HEIGHT="20" WC="0.96" CONTENT="i"/><SP WIDTH="16" VPOS="778" HPOS="366"/>
							<String ID="string_209" HPOS="382" VPOS="778" WIDTH="124" HEIGHT="21" WC="0.96" CONTENT="densamma"/><SP WIDTH="15" VPOS="778" HPOS="506"/>
							<String ID="string_210" HPOS="521" VPOS="779" WIDTH="37" HEIGHT="20" WC="0.95" CONTENT="äro"/><SP WIDTH="17" VPOS="779" HPOS="558"/>
							<String ID="string_211" HPOS="575" VPOS="778" WIDTH="102" HEIGHT="21" WC="0.93" CONTENT="uttalade."/><SP WIDTH="31" VPOS="778" HPOS="677"/>
							<String ID="string_212" HPOS="708" VPOS="778" WIDTH="43" HEIGHT="21" WC="0.94" CONTENT="Det"/><SP WIDTH="15" VPOS="778" HPOS="751"/>
							<String ID="string_213" HPOS="766" VPOS="778" WIDTH="63" HEIGHT="21" WC="0.96" CONTENT="torde"/><SP WIDTH="15" VPOS="778" HPOS="829"/>
							<String ID="string_214" HPOS="844" VPOS="783" WIDTH="51" HEIGHT="15" WC="0.96" CONTENT="vara"/><SP WIDTH="16" VPOS="783" HPOS="895"/>
							<String ID="string_215" HPOS="911" VPOS="777" WIDTH="74" HEIGHT="26" WC="0.95" CONTENT="riktigt"/><SP WIDTH="16" VPOS="777" HPOS="985"/>
							<String ID="string_216" HPOS="1001" VPOS="779" WIDTH="32" HEIGHT="19" WC="0.96" CONTENT="att"/>
						</TextLine>
						<TextLine ID="line_21" HPOS="204" VPOS="805" WIDTH="829" HEIGHT="28">
							<String ID="string_217" HPOS="204" VPOS="805" WIDTH="63" HEIGHT="26" WC="0.95" CONTENT="lagen"/><SP WIDTH="25" VPOS="805" HPOS="267"/>
							<String ID="string_218" HPOS="292" VPOS="807" WIDTH="67" HEIGHT="26" WC="0.96" CONTENT="säger,"/><SP WIDTH="24" VPOS="807" HPOS="359"/>
							<String ID="string_219" HPOS="383" VPOS="809" WIDTH="32" HEIGHT="18" WC="0.96" CONTENT="att"/><SP WIDTH="19" VPOS="809" HPOS="415"/>
							<String ID="string_220" HPOS="434" VPOS="807" WIDTH="94" HEIGHT="20" WC="0.96" CONTENT="ledamot"/><SP WIDTH="15" VPOS="807" HPOS="528"/>
							<String ID="string_221" HPOS="543" VPOS="807" WIDTH="6" HEIGHT="20" WC="0.93" CONTENT="i"/><SP WIDTH="15" VPOS="807" HPOS="549"/>
							<String ID="string_222" HPOS="564" VPOS="807" WIDTH="211" HEIGHT="26" WC="0.91" CONTENT="sparbanksstyrelse"/><SP WIDTH="16" VPOS="807" HPOS="775"/>
							<String ID="string_223" HPOS="791" VPOS="806" WIDTH="35" HEIGHT="21" WC="0.96" CONTENT="må"/><SP WIDTH="15" VPOS="806" HPOS="826"/>
							<String ID="string_224" HPOS="841" VPOS="806" WIDTH="96" HEIGHT="27" WC="0.96" CONTENT="uppbära"/><SP WIDTH="16" VPOS="806" HPOS="937"/>
							<String ID="string_225" HPOS="953" VPOS="807" WIDTH="80" HEIGHT="20" WC="0.95" CONTENT="arvode"/>
						</TextLine>
						<TextLine ID="line_22" HPOS="205" VPOS="834" WIDTH="828" HEIGHT="27">
							<String ID="string_226" HPOS="205" VPOS="834" WIDTH="77" HEIGHT="21" WC="0.96" CONTENT="endast"/><SP WIDTH="15" VPOS="834" HPOS="282"/>
							<String ID="string_227" HPOS="297" VPOS="835" WIDTH="6" HEIGHT="20" WC="0.96" CONTENT="i"/><SP WIDTH="16" VPOS="835" HPOS="303"/>
							<String ID="string_228" HPOS="319" VPOS="835" WIDTH="36" HEIGHT="20" WC="0.96" CONTENT="det"/><SP WIDTH="15" VPOS="835" HPOS="355"/>
							<String ID="string_229" HPOS="370" VPOS="835" WIDTH="43" HEIGHT="26" WC="0.95" CONTENT="fall,"/><SP WIDTH="16" VPOS="835" HPOS="413"/>
							<String ID="string_230" HPOS="429" VPOS="837" WIDTH="33" HEIGHT="19" WC="0.93" CONTENT="att"/><SP WIDTH="16" VPOS="837" HPOS="462"/>
							<String ID="string_231" HPOS="478" VPOS="835" WIDTH="144" HEIGHT="26" WC="0.91" CONTENT="sparbankens"/><SP WIDTH="14" VPOS="835" HPOS="622"/>
							<String ID="string_232" HPOS="636" VPOS="835" WIDTH="88" HEIGHT="26" WC="0.96" CONTENT="stadgar"/><SP WIDTH="10" VPOS="835" HPOS="724"/>
							<String ID="string_233" HPOS="734" VPOS="835" WIDTH="77" HEIGHT="21" WC="0.96" CONTENT="sådant"/><SP WIDTH="11" VPOS="835" HPOS="811"/>
							<String ID="string_234" HPOS="822" VPOS="834" WIDTH="141" HEIGHT="27" WC="0.93" CONTENT="uttryckligen"/><SP WIDTH="12" VPOS="834" HPOS="963"/>
							<String ID="string_235" HPOS="975" VPOS="835" WIDTH="58" HEIGHT="20" WC="0.91" CONTENT="med-"/>
						</TextLine>
						<TextLine ID="line_23" HPOS="203" VPOS="862" WIDTH="830" HEIGHT="28">
							<String ID="string_236" HPOS="203" VPOS="862" WIDTH="66" HEIGHT="26" WC="0.96" CONTENT="gifva;"/><SP WIDTH="24" VPOS="862" HPOS="269"/>
							<String ID="string_237" HPOS="293" VPOS="863" WIDTH="60" HEIGHT="21" WC="0.96" CONTENT="detta"/><SP WIDTH="22" VPOS="863" HPOS="353"/>
							<String ID="string_238" HPOS="375" VPOS="863" WIDTH="27" HEIGHT="27" WC="0.96" CONTENT="på"/><SP WIDTH="21" VPOS="863" HPOS="402"/>
							<String ID="string_239" HPOS="423" VPOS="863" WIDTH="37" HEIGHT="22" WC="0.96" CONTENT="det"/><SP WIDTH="16" VPOS="863" HPOS="460"/>
							<String ID="string_240" HPOS="476" VPOS="866" WIDTH="32" HEIGHT="19" WC="0.96" CONTENT="att"/><SP WIDTH="15" VPOS="866" HPOS="508"/>
							<String ID="string_241" HPOS="523" VPOS="864" WIDTH="46" HEIGHT="21" WC="0.95" CONTENT="icke"/><SP WIDTH="15" VPOS="864" HPOS="569"/>
							<String ID="string_242" HPOS="584" VPOS="869" WIDTH="76" HEIGHT="21" WC="0.96" CONTENT="genom"/><SP WIDTH="17" VPOS="869" HPOS="660"/>
							<String ID="string_243" HPOS="677" VPOS="863" WIDTH="69" HEIGHT="27" WC="0.96" CONTENT="någon"/><SP WIDTH="16" VPOS="863" HPOS="746"/>
							<String ID="string_244" HPOS="762" VPOS="863" WIDTH="93" HEIGHT="27" WC="0.93" CONTENT="tillfällig"/><SP WIDTH="17" VPOS="863" HPOS="855"/>
							<String ID="string_245" HPOS="872" VPOS="863" WIDTH="161" HEIGHT="27" WC="0.91" CONTENT="öfverraskning"/>
						</TextLine>
						<TextLine ID="line_24" HPOS="205" VPOS="891" WIDTH="827" HEIGHT="28">
							<String ID="string_246" HPOS="205" VPOS="891" WIDTH="33" HEIGHT="21" WC="0.96" CONTENT="vid"/><SP WIDTH="17" VPOS="891" HPOS="238"/>
							<String ID="string_247" HPOS="255" VPOS="894" WIDTH="32" HEIGHT="18" WC="0.96" CONTENT="ett"/><SP WIDTH="15" VPOS="894" HPOS="287"/>
							<String ID="string_248" HPOS="302" VPOS="892" WIDTH="92" HEIGHT="21" WC="0.96" CONTENT="årsmöte"/><SP WIDTH="15" VPOS="892" HPOS="394"/>
							<String ID="string_249" HPOS="409" VPOS="892" WIDTH="70" HEIGHT="27" WC="0.96" CONTENT="någon"/><SP WIDTH="16" VPOS="892" HPOS="479"/>
							<String ID="string_250" HPOS="495" VPOS="898" WIDTH="75" HEIGHT="21" WC="0.96" CONTENT="person"/><SP WIDTH="18" VPOS="898" HPOS="570"/>
							<String ID="string_251" HPOS="588" VPOS="893" WIDTH="34" HEIGHT="21" WC="0.96" CONTENT="må"/><SP WIDTH="14" VPOS="893" HPOS="622"/>
							<String ID="string_252" HPOS="636" VPOS="893" WIDTH="86" HEIGHT="21" WC="0.96" CONTENT="komma"/><SP WIDTH="15" VPOS="893" HPOS="722"/>
							<String ID="string_253" HPOS="737" VPOS="895" WIDTH="34" HEIGHT="19" WC="0.96" CONTENT="att"/><SP WIDTH="14" VPOS="895" HPOS="771"/>
							<String ID="string_254" HPOS="785" VPOS="898" WIDTH="81" HEIGHT="21" WC="0.96" CONTENT="gynnas"/><SP WIDTH="16" VPOS="898" HPOS="866"/>
							<String ID="string_255" HPOS="882" VPOS="893" WIDTH="47" HEIGHT="19" WC="0.96" CONTENT="med"/><SP WIDTH="16" VPOS="893" HPOS="929"/>
							<String ID="string_256" HPOS="945" VPOS="894" WIDTH="31" HEIGHT="19" WC="0.93" CONTENT="ett"/><SP WIDTH="13" VPOS="894" HPOS="976"/>
							<String ID="string_257" HPOS="989" VPOS="892" WIDTH="43" HEIGHT="21" WC="0.92" CONTENT="må-"/>
						</TextLine>
						<TextLine ID="line_25" HPOS="203" VPOS="919" WIDTH="830" HEIGHT="29">
							<String ID="string_258" HPOS="203" VPOS="919" WIDTH="72" HEIGHT="21" WC="0.96" CONTENT="hända"/><SP WIDTH="24" VPOS="919" HPOS="275"/>
							<String ID="string_259" HPOS="299" VPOS="921" WIDTH="110" HEIGHT="27" WC="0.96" CONTENT="olämpligt"/><SP WIDTH="23" VPOS="921" HPOS="409"/>
							<String ID="string_260" HPOS="432" VPOS="921" WIDTH="52" HEIGHT="27" WC="0.96" CONTENT="högt"/><SP WIDTH="20" VPOS="921" HPOS="484"/>
							<String ID="string_261" HPOS="504" VPOS="922" WIDTH="84" HEIGHT="23" WC="0.96" CONTENT="arvode,"/><SP WIDTH="17" VPOS="922" HPOS="588"/>
							<String ID="string_262" HPOS="605" VPOS="922" WIDTH="39" HEIGHT="20" WC="0.96" CONTENT="och"/><SP WIDTH="17" VPOS="922" HPOS="644"/>
							<String ID="string_263" HPOS="661" VPOS="921" WIDTH="67" HEIGHT="21" WC="0.96" CONTENT="likaså"/><SP WIDTH="17" VPOS="921" HPOS="728"/>
							<String ID="string_264" HPOS="745" VPOS="923" WIDTH="24" HEIGHT="19" WC="0.96" CONTENT="är"/><SP WIDTH="15" VPOS="923" HPOS="769"/>
							<String ID="string_265" HPOS="784" VPOS="922" WIDTH="36" HEIGHT="20" WC="0.96" CONTENT="det"/><SP WIDTH="14" VPOS="922" HPOS="820"/>
							<String ID="string_266" HPOS="834" VPOS="921" WIDTH="23" HEIGHT="26" WC="0.96" CONTENT="ju"/><SP WIDTH="17" VPOS="921" HPOS="857"/>
							<String ID="string_267" HPOS="874" VPOS="921" WIDTH="5" HEIGHT="20" WC="0.96" CONTENT="i"/><SP WIDTH="16" VPOS="921" HPOS="879"/>
							<String ID="string_268" HPOS="895" VPOS="921" WIDTH="32" HEIGHT="20" WC="0.96" CONTENT="sin"/><SP WIDTH="16" VPOS="921" HPOS="927"/>
							<String ID="string_269" HPOS="943" VPOS="921" WIDTH="90" HEIGHT="26" WC="0.96" CONTENT="ordning"/>
						</TextLine>
						<TextLine ID="line_26" HPOS="203" VPOS="949" WIDTH="829" HEIGHT="27">
							<String ID="string_270" HPOS="203" VPOS="950" WIDTH="33" HEIGHT="19" WC="0.93" CONTENT="att"/><SP WIDTH="15" VPOS="950" HPOS="236"/>
							<String ID="string_271" HPOS="251" VPOS="949" WIDTH="167" HEIGHT="26" WC="0.91" CONTENT="principalernas"/><SP WIDTH="15" VPOS="949" HPOS="418"/>
							<String ID="string_272" HPOS="433" VPOS="950" WIDTH="129" HEIGHT="26" WC="0.93" CONTENT="fullkomligt"/><SP WIDTH="15" VPOS="950" HPOS="562"/>
							<String ID="string_273" HPOS="577" VPOS="950" WIDTH="150" HEIGHT="26" WC="0.92" CONTENT="oegennyttiga"/><SP WIDTH="16" VPOS="950" HPOS="727"/>
							<String ID="string_274" HPOS="743" VPOS="950" WIDTH="102" HEIGHT="26" WC="0.96" CONTENT="ställning"/><SP WIDTH="14" VPOS="950" HPOS="845"/>
							<String ID="string_275" HPOS="859" VPOS="949" WIDTH="7" HEIGHT="21" WC="0.96" CONTENT="i"/><SP WIDTH="12" VPOS="949" HPOS="866"/>
							<String ID="string_276" HPOS="878" VPOS="949" WIDTH="154" HEIGHT="27" WC="0.95" CONTENT="förvaltningen"/>
						</TextLine>
						<TextLine ID="line_27" HPOS="203" VPOS="977" WIDTH="377" HEIGHT="28">
							<String ID="string_277" HPOS="203" VPOS="977" WIDTH="7" HEIGHT="20" WC="0.96" CONTENT="i"/><SP WIDTH="15" VPOS="977" HPOS="210"/>
							<String ID="string_278" HPOS="225" VPOS="977" WIDTH="76" HEIGHT="26" WC="0.95" CONTENT="sjelfva"/><SP WIDTH="16" VPOS="977" HPOS="301"/>
							<String ID="string_279" HPOS="317" VPOS="978" WIDTH="60" HEIGHT="26" WC="0.96" CONTENT="lagen"/><SP WIDTH="15" VPOS="978" HPOS="377"/>
							<String ID="string_280" HPOS="392" VPOS="978" WIDTH="32" HEIGHT="21" WC="0.96" CONTENT="får"/><SP WIDTH="15" VPOS="978" HPOS="424"/>
							<String ID="string_281" HPOS="439" VPOS="979" WIDTH="38" HEIGHT="21" WC="0.96" CONTENT="sitt"/><SP WIDTH="13" VPOS="979" HPOS="477"/>
							<String ID="string_282" HPOS="490" VPOS="978" WIDTH="90" HEIGHT="27" WC="0.96" CONTENT="uttryck."/>
						</TextLine>
					</TextBlock>
				</ComposedBlock>
				<ComposedBlock ID="cblock_5" HPOS="201" VPOS="1034" WIDTH="832" HEIGHT="142">
					<TextBlock ID="block_3" HPOS="201" VPOS="1034" WIDTH="832" HEIGHT="142">
						<TextLine ID="line_28" HPOS="272" VPOS="1034" WIDTH="761" HEIGHT="28">
							<String ID="string_283" HPOS="272" VPOS="1034" WIDTH="59" HEIGHT="22" WC="0.91" CONTENT="Frih."/><SP WIDTH="23" VPOS="1034" HPOS="331"/>
							<String ID="string_284" HPOS="354" VPOS="1041" WIDTH="39" HEIGHT="15" WC="0.96" CONTENT="von"/><SP WIDTH="22" VPOS="1041" HPOS="393"/>
							<String ID="string_285" HPOS="415" VPOS="1035" WIDTH="85" HEIGHT="21" WC="0.95" CONTENT="Troil:"/><SP WIDTH="31" VPOS="1035" HPOS="500"/>
							<String ID="string_286" HPOS="531" VPOS="1036" WIDTH="41" HEIGHT="26" WC="0.95" CONTENT="Jag"/><SP WIDTH="23" VPOS="1036" HPOS="572"/>
							<String ID="string_287" HPOS="595" VPOS="1036" WIDTH="39" HEIGHT="20" WC="0.96" CONTENT="har"/><SP WIDTH="15" VPOS="1036" HPOS="634"/>
							<String ID="string_288" HPOS="649" VPOS="1035" WIDTH="110" HEIGHT="27" WC="0.96" CONTENT="ingenting"/><SP WIDTH="20" VPOS="1035" HPOS="759"/>
							<String ID="string_289" HPOS="779" VPOS="1037" WIDTH="58" HEIGHT="19" WC="0.93" CONTENT="emot"/><SP WIDTH="15" VPOS="1037" HPOS="837"/>
							<String ID="string_290" HPOS="852" VPOS="1037" WIDTH="32" HEIGHT="19" WC="0.96" CONTENT="att"/><SP WIDTH="15" VPOS="1037" HPOS="884"/>
							<String ID="string_291" HPOS="899" VPOS="1034" WIDTH="74" HEIGHT="21" WC="0.96" CONTENT="förena"/><SP WIDTH="16" VPOS="1034" HPOS="973"/>
							<String ID="string_292" HPOS="989" VPOS="1035" WIDTH="44" HEIGHT="26" WC="0.96" CONTENT="mig"/>
						</TextLine>
						<TextLine ID="line_29" HPOS="203" VPOS="1063" WIDTH="829" HEIGHT="27">
							<String ID="string_293" HPOS="203" VPOS="1068" WIDTH="33" HEIGHT="16" WC="0.96" CONTENT="om"/><SP WIDTH="24" VPOS="1068" HPOS="236"/>
							<String ID="string_294" HPOS="260" VPOS="1063" WIDTH="31" HEIGHT="21" WC="0.93" CONTENT="Hr"/><SP WIDTH="21" VPOS="1063" HPOS="291"/>
							<String ID="string_295" HPOS="312" VPOS="1064" WIDTH="115" HEIGHT="20" WC="0.92" CONTENT="Mechelins"/><SP WIDTH="21" VPOS="1064" HPOS="427"/>
							<String ID="string_296" HPOS="448" VPOS="1064" WIDTH="86" HEIGHT="26" WC="0.96" CONTENT="förslag,"/><SP WIDTH="16" VPOS="1064" HPOS="534"/>
							<String ID="string_297" HPOS="550" VPOS="1064" WIDTH="27" HEIGHT="21" WC="0.96" CONTENT="då"/><SP WIDTH="15" VPOS="1064" HPOS="577"/>
							<String ID="string_298" HPOS="592" VPOS="1064" WIDTH="37" HEIGHT="21" WC="0.96" CONTENT="det"/><SP WIDTH="15" VPOS="1064" HPOS="629"/>
							<String ID="string_299" HPOS="644" VPOS="1064" WIDTH="119" HEIGHT="26" WC="0.96" CONTENT="egentligen"/><SP WIDTH="17" VPOS="1064" HPOS="763"/>
							<String ID="string_300" HPOS="780" VPOS="1070" WIDTH="37" HEIGHT="14" WC="0.96" CONTENT="var"/><SP WIDTH="16" VPOS="1070" HPOS="817"/>
							<String ID="string_301" HPOS="833" VPOS="1064" WIDTH="40" HEIGHT="20" WC="0.97" CONTENT="den"/><SP WIDTH="16" VPOS="1064" HPOS="873"/>
							<String ID="string_302" HPOS="889" VPOS="1064" WIDTH="32" HEIGHT="20" WC="0.96" CONTENT="uti"/><SP WIDTH="16" VPOS="1064" HPOS="921"/>
							<String ID="string_303" HPOS="937" VPOS="1063" WIDTH="66" HEIGHT="21" WC="0.93" CONTENT="denna"/><SP WIDTH="17" VPOS="1063" HPOS="1003"/>
							<String ID="string_304" HPOS="1020" VPOS="1063" WIDTH="12" HEIGHT="27" WC="0.85" CONTENT="$"/>
						</TextLine>
						<TextLine ID="line_30" HPOS="203" VPOS="1092" WIDTH="828" HEIGHT="27">
							<String ID="string_305" HPOS="203" VPOS="1092" WIDTH="104" HEIGHT="26" WC="0.93" CONTENT="ingående"/><SP WIDTH="23" VPOS="1092" HPOS="307"/>
							<String ID="string_306" HPOS="330" VPOS="1092" WIDTH="180" HEIGHT="27" WC="0.90" CONTENT="inskränkningen"/><SP WIDTH="21" VPOS="1092" HPOS="510"/>
							<String ID="string_307" HPOS="531" VPOS="1093" WIDTH="5" HEIGHT="20" WC="0.93" CONTENT="i"/><SP WIDTH="16" VPOS="1093" HPOS="536"/>
							<String ID="string_308" HPOS="552" VPOS="1093" WIDTH="98" HEIGHT="21" WC="0.93" CONTENT="afseende"/><SP WIDTH="18" VPOS="1093" HPOS="650"/>
							<String ID="string_309" HPOS="668" VPOS="1094" WIDTH="14" HEIGHT="20" WC="0.92" CONTENT="&amp;"/><SP WIDTH="15" VPOS="1094" HPOS="682"/>
							<String ID="string_310" HPOS="697" VPOS="1092" WIDTH="268" HEIGHT="27" WC="0.92" CONTENT="styrelsemedlemmarnes"/><SP WIDTH="16" VPOS="1092" HPOS="965"/>
							<String ID="string_311" HPOS="981" VPOS="1092" WIDTH="50" HEIGHT="20" WC="0.81" CONTENT="aflö-"/>
						</TextLine>
						<TextLine ID="line_31" HPOS="203" VPOS="1120" WIDTH="829" HEIGHT="28">
							<String ID="string_312" HPOS="203" VPOS="1120" WIDTH="56" HEIGHT="26" WC="0.96" CONTENT="ning,"/><SP WIDTH="17" VPOS="1120" HPOS="259"/>
							<String ID="string_313" HPOS="276" VPOS="1126" WIDTH="45" HEIGHT="15" WC="0.93" CONTENT="som"/><SP WIDTH="16" VPOS="1126" HPOS="321"/>
							<String ID="string_314" HPOS="337" VPOS="1121" WIDTH="123" HEIGHT="21" WC="0.96" CONTENT="föranledde"/><SP WIDTH="16" VPOS="1121" HPOS="460"/>
							<String ID="string_315" HPOS="476" VPOS="1122" WIDTH="43" HEIGHT="26" WC="0.96" CONTENT="mig"/><SP WIDTH="15" VPOS="1122" HPOS="519"/>
							<String ID="string_316" HPOS="534" VPOS="1124" WIDTH="32" HEIGHT="18" WC="0.93" CONTENT="att"/><SP WIDTH="10" VPOS="1124" HPOS="566"/>
							<String ID="string_317" HPOS="576" VPOS="1122" WIDTH="54" HEIGHT="26" WC="0.96" CONTENT="yrka"/><SP WIDTH="8" VPOS="1122" HPOS="630"/>
							<String ID="string_318" HPOS="638" VPOS="1121" WIDTH="27" HEIGHT="27" WC="0.97" CONTENT="pä"/><SP WIDTH="13" VPOS="1121" HPOS="665"/>
							<String ID="string_319" HPOS="678" VPOS="1124" WIDTH="32" HEIGHT="18" WC="0.97" CONTENT="att"/><SP WIDTH="11" VPOS="1124" HPOS="710"/>
							<String ID="string_320" HPOS="721" VPOS="1121" WIDTH="34" HEIGHT="27" WC="0.57" CONTENT="S:n"/><SP WIDTH="14" VPOS="1121" HPOS="755"/>
							<String ID="string_321" HPOS="769" VPOS="1121" WIDTH="70" HEIGHT="21" WC="0.97" CONTENT="skulle"/><SP WIDTH="12" VPOS="1121" HPOS="839"/>
							<String ID="string_322" HPOS="851" VPOS="1127" WIDTH="26" HEIGHT="15" WC="0.93" CONTENT="ur"/><SP WIDTH="10" VPOS="1127" HPOS="877"/>
							<String ID="string_323" HPOS="887" VPOS="1120" WIDTH="145" HEIGHT="26" WC="0.92" CONTENT="författnings-"/>
						</TextLine>
						<TextLine ID="line_32" HPOS="201" VPOS="1148" WIDTH="178" HEIGHT="28">
							<String ID="string_324" HPOS="201" VPOS="1148" WIDTH="106" HEIGHT="28" WC="0.93" CONTENT="förslaget"/><SP WIDTH="15" VPOS="1148" HPOS="307"/>
							<String ID="string_325" HPOS="322" VPOS="1150" WIDTH="57" HEIGHT="26" WC="0.93" CONTENT="utgä."/>
						</TextLine>
					</TextBlock>
				</ComposedBlock>
				<ComposedBlock ID="cblock_6" HPOS="200" VPOS="1206" WIDTH="832" HEIGHT="256">
					<TextBlock ID="block_4" HPOS="200" VPOS="1206" WIDTH="832" HEIGHT="256">
						<TextLine ID="line_33" HPOS="272" VPOS="1206" WIDTH="760" HEIGHT="27">
							<String ID="string_326" HPOS="272" VPOS="1206" WIDTH="57" HEIGHT="21" WC="0.82" CONTENT="Frih."/><SP WIDTH="23" VPOS="1206" HPOS="329"/>
							<String ID="string_327" HPOS="352" VPOS="1212" WIDTH="40" HEIGHT="15" WC="0.96" CONTENT="von"/><SP WIDTH="23" VPOS="1212" HPOS="392"/>
							<String ID="string_328" HPOS="415" VPOS="1207" WIDTH="82" HEIGHT="21" WC="0.93" CONTENT="Born:"/><SP WIDTH="31" VPOS="1207" HPOS="497"/>
							<String ID="string_329" HPOS="528" VPOS="1207" WIDTH="32" HEIGHT="20" WC="0.96" CONTENT="Då"/><SP WIDTH="24" VPOS="1207" HPOS="560"/>
							<String ID="string_330" HPOS="584" VPOS="1207" WIDTH="30" HEIGHT="21" WC="0.92" CONTENT="Hr"/><SP WIDTH="24" VPOS="1207" HPOS="614"/>
							<String ID="string_331" HPOS="638" VPOS="1206" WIDTH="115" HEIGHT="22" WC="0.92" CONTENT="Mechelins"/><SP WIDTH="15" VPOS="1206" HPOS="753"/>
							<String ID="string_332" HPOS="768" VPOS="1206" WIDTH="81" HEIGHT="27" WC="0.93" CONTENT="förslag"/><SP WIDTH="15" VPOS="1206" HPOS="849"/>
							<String ID="string_333" HPOS="864" VPOS="1206" WIDTH="74" HEIGHT="20" WC="0.92" CONTENT="vunnit"/><SP WIDTH="15" VPOS="1206" HPOS="938"/>
							<String ID="string_334" HPOS="953" VPOS="1206" WIDTH="79" HEIGHT="20" WC="0.92" CONTENT="under-"/>
						</TextLine>
						<TextLine ID="line_34" HPOS="201" VPOS="1234" WIDTH="830" HEIGHT="28">
							<String ID="string_335" HPOS="201" VPOS="1234" WIDTH="55" HEIGHT="27" WC="0.93" CONTENT="stöd,"/><SP WIDTH="22" VPOS="1234" HPOS="256"/>
							<String ID="string_336" HPOS="278" VPOS="1234" WIDTH="96" HEIGHT="22" WC="0.92" CONTENT="anhäller"/><SP WIDTH="20" VPOS="1234" HPOS="374"/>
							<String ID="string_337" HPOS="394" VPOS="1235" WIDTH="37" HEIGHT="27" WC="0.96" CONTENT="jag"/><SP WIDTH="19" VPOS="1235" HPOS="431"/>
							<String ID="string_338" HPOS="450" VPOS="1238" WIDTH="33" HEIGHT="18" WC="0.93" CONTENT="att"/><SP WIDTH="14" VPOS="1238" HPOS="483"/>
							<String ID="string_339" HPOS="497" VPOS="1235" WIDTH="22" HEIGHT="21" WC="0.89" CONTENT="fä"/><SP WIDTH="14" VPOS="1235" HPOS="519"/>
							<String ID="string_340" HPOS="533" VPOS="1236" WIDTH="56" HEIGHT="20" WC="0.92" CONTENT="fästa"/><SP WIDTH="16" VPOS="1236" HPOS="589"/>
							<String ID="string_341" HPOS="605" VPOS="1235" WIDTH="216" HEIGHT="27" WC="0.92" CONTENT="uppmärksamheten"/><SP WIDTH="16" VPOS="1235" HPOS="821"/>
							<String ID="string_342" HPOS="837" VPOS="1234" WIDTH="36" HEIGHT="21" WC="0.96" CONTENT="vid"/><SP WIDTH="15" VPOS="1234" HPOS="873"/>
							<String ID="string_343" HPOS="888" VPOS="1236" WIDTH="33" HEIGHT="19" WC="0.93" CONTENT="att"/><SP WIDTH="10" VPOS="1236" HPOS="921"/>
							<String ID="string_344" HPOS="931" VPOS="1234" WIDTH="100" HEIGHT="21" WC="0.93" CONTENT="behofvet"/>
						</TextLine>
						<TextLine ID="line_35" HPOS="201" VPOS="1262" WIDTH="830" HEIGHT="28">
							<String ID="string_345" HPOS="201" VPOS="1262" WIDTH="24" HEIGHT="21" WC="0.96" CONTENT="af"/><SP WIDTH="14" VPOS="1262" HPOS="225"/>
							<String ID="string_346" HPOS="239" VPOS="1269" WIDTH="25" HEIGHT="14" WC="0.93" CONTENT="en"/><SP WIDTH="17" VPOS="1269" HPOS="264"/>
							<String ID="string_347" HPOS="281" VPOS="1264" WIDTH="72" HEIGHT="26" WC="0.92" CONTENT="duglig"/><SP WIDTH="14" VPOS="1264" HPOS="353"/>
							<String ID="string_348" HPOS="367" VPOS="1264" WIDTH="129" HEIGHT="26" WC="0.96" CONTENT="förvaltning"/><SP WIDTH="14" VPOS="1264" HPOS="496"/>
							<String ID="string_349" HPOS="510" VPOS="1264" WIDTH="33" HEIGHT="20" WC="0.93" CONTENT="för"/><SP WIDTH="15" VPOS="1264" HPOS="543"/>
							<String ID="string_350" HPOS="558" VPOS="1264" WIDTH="160" HEIGHT="26" WC="0.92" CONTENT="sparbankerna"/><SP WIDTH="15" VPOS="1264" HPOS="718"/>
							<String ID="string_351" HPOS="733" VPOS="1264" WIDTH="22" HEIGHT="26" WC="0.93" CONTENT="ju"/><SP WIDTH="17" VPOS="1264" HPOS="755"/>
							<String ID="string_352" HPOS="772" VPOS="1264" WIDTH="68" HEIGHT="20" WC="0.92" CONTENT="mäste"/><SP WIDTH="16" VPOS="1264" HPOS="840"/>
							<String ID="string_353" HPOS="856" VPOS="1263" WIDTH="111" HEIGHT="25" WC="0.91" CONTENT="erkännas,"/><SP WIDTH="16" VPOS="1263" HPOS="967"/>
							<String ID="string_354" HPOS="983" VPOS="1269" WIDTH="48" HEIGHT="15" WC="0.96" CONTENT="men"/>
						</TextLine>
						<TextLine ID="line_36" HPOS="201" VPOS="1291" WIDTH="830" HEIGHT="28">
							<String ID="string_355" HPOS="201" VPOS="1293" WIDTH="33" HEIGHT="19" WC="0.91" CONTENT="att"/><SP WIDTH="23" VPOS="1293" HPOS="234"/>
							<String ID="string_356" HPOS="257" VPOS="1291" WIDTH="74" HEIGHT="27" WC="0.96" CONTENT="frågan"/><SP WIDTH="24" VPOS="1291" HPOS="331"/>
							<String ID="string_357" HPOS="355" VPOS="1292" WIDTH="72" HEIGHT="21" WC="0.95" CONTENT="härom"/><SP WIDTH="20" VPOS="1292" HPOS="427"/>
							<String ID="string_358" HPOS="447" VPOS="1293" WIDTH="47" HEIGHT="21" WC="0.95" CONTENT="icke"/><SP WIDTH="14" VPOS="1293" HPOS="494"/>
							<String ID="string_359" HPOS="508" VPOS="1293" WIDTH="62" HEIGHT="20" WC="0.96" CONTENT="faller"/><SP WIDTH="15" VPOS="1293" HPOS="570"/>
							<String ID="string_360" HPOS="585" VPOS="1293" WIDTH="67" HEIGHT="20" WC="0.96" CONTENT="under"/><SP WIDTH="16" VPOS="1293" HPOS="652"/>
							<String ID="string_361" HPOS="668" VPOS="1293" WIDTH="70" HEIGHT="21" WC="0.96" CONTENT="denna"/><SP WIDTH="15" VPOS="1293" HPOS="738"/>
							<String ID="string_362" HPOS="753" VPOS="1293" WIDTH="20" HEIGHT="25" WC="0.82" CONTENT="8,"/><SP WIDTH="16" VPOS="1293" HPOS="773"/>
							<String ID="string_363" HPOS="789" VPOS="1295" WIDTH="22" HEIGHT="24" WC="0.97" CONTENT="ty"/><SP WIDTH="16" VPOS="1295" HPOS="811"/>
							<String ID="string_364" HPOS="827" VPOS="1292" WIDTH="39" HEIGHT="20" WC="0.93" CONTENT="här"/><SP WIDTH="16" VPOS="1292" HPOS="866"/>
							<String ID="string_365" HPOS="882" VPOS="1291" WIDTH="54" HEIGHT="21" WC="0.96" CONTENT="talas"/><SP WIDTH="16" VPOS="1291" HPOS="936"/>
							<String ID="string_366" HPOS="952" VPOS="1298" WIDTH="33" HEIGHT="14" WC="0.93" CONTENT="om"/><SP WIDTH="17" VPOS="1298" HPOS="985"/>
							<String ID="string_367" HPOS="1002" VPOS="1292" WIDTH="29" HEIGHT="20" WC="0.92" CONTENT="le-"/>
						</TextLine>
						<TextLine ID="line_37" HPOS="203" VPOS="1320" WIDTH="828" HEIGHT="28">
							<String ID="string_368" HPOS="203" VPOS="1320" WIDTH="74" HEIGHT="21" WC="0.90" CONTENT="damot"/><SP WIDTH="15" VPOS="1320" HPOS="277"/>
							<String ID="string_369" HPOS="292" VPOS="1320" WIDTH="23" HEIGHT="21" WC="0.93" CONTENT="af"/><SP WIDTH="13" VPOS="1320" HPOS="315"/>
							<String ID="string_370" HPOS="328" VPOS="1321" WIDTH="214" HEIGHT="27" WC="0.92" CONTENT="sparbanksstyrelse."/><SP WIDTH="33" VPOS="1321" HPOS="542"/>
							<String ID="string_371" HPOS="575" VPOS="1321" WIDTH="41" HEIGHT="21" WC="0.96" CONTENT="Det"/><SP WIDTH="18" VPOS="1321" HPOS="616"/>
							<String ID="string_372" HPOS="634" VPOS="1323" WIDTH="24" HEIGHT="19" WC="0.96" CONTENT="är"/><SP WIDTH="16" VPOS="1323" HPOS="658"/>
							<String ID="string_373" HPOS="674" VPOS="1320" WIDTH="128" HEIGHT="27" WC="0.96" CONTENT="uppenbart,"/><SP WIDTH="16" VPOS="1320" HPOS="802"/>
							<String ID="string_374" HPOS="818" VPOS="1323" WIDTH="33" HEIGHT="18" WC="0.93" CONTENT="att"/><SP WIDTH="15" VPOS="1323" HPOS="851"/>
							<String ID="string_375" HPOS="866" VPOS="1320" WIDTH="107" HEIGHT="26" WC="0.92" CONTENT="sparbank"/><SP WIDTH="16" VPOS="1320" HPOS="973"/>
							<String ID="string_376" HPOS="989" VPOS="1320" WIDTH="42" HEIGHT="20" WC="0.96" CONTENT="kan"/>
						</TextLine>
						<TextLine ID="line_38" HPOS="201" VPOS="1348" WIDTH="830" HEIGHT="28">
							<String ID="string_377" HPOS="201" VPOS="1348" WIDTH="22" HEIGHT="21" WC="0.91" CONTENT="af"/><SP WIDTH="22" VPOS="1348" HPOS="223"/>
							<String ID="string_378" HPOS="245" VPOS="1348" WIDTH="58" HEIGHT="22" WC="0.91" CONTENT="ärets"/><SP WIDTH="22" VPOS="1348" HPOS="303"/>
							<String ID="string_379" HPOS="325" VPOS="1350" WIDTH="126" HEIGHT="21" WC="0.92" CONTENT="vinstmedel"/><SP WIDTH="25" VPOS="1350" HPOS="451"/>
							<String ID="string_380" HPOS="476" VPOS="1350" WIDTH="59" HEIGHT="20" WC="0.92" CONTENT="anslä"/><SP WIDTH="22" VPOS="1350" HPOS="535"/>
							<String ID="string_381" HPOS="557" VPOS="1350" WIDTH="75" HEIGHT="26" WC="0.91" CONTENT="belopp"/><SP WIDTH="17" VPOS="1350" HPOS="632"/>
							<String ID="string_382" HPOS="649" VPOS="1350" WIDTH="31" HEIGHT="20" WC="0.93" CONTENT="till"/><SP WIDTH="16" VPOS="1350" HPOS="680"/>
							<String ID="string_383" HPOS="696" VPOS="1350" WIDTH="115" HEIGHT="20" WC="0.90" CONTENT="kassörens"/><SP WIDTH="16" VPOS="1350" HPOS="811"/>
							<String ID="string_384" HPOS="827" VPOS="1349" WIDTH="39" HEIGHT="21" WC="0.87" CONTENT="och"/><SP WIDTH="17" VPOS="1349" HPOS="866"/>
							<String ID="string_385" HPOS="883" VPOS="1349" WIDTH="148" HEIGHT="20" WC="0.91" CONTENT="kamrerarens"/>
						</TextLine>
						<TextLine ID="line_39" HPOS="200" VPOS="1377" WIDTH="830" HEIGHT="27">
							<String ID="string_386" HPOS="200" VPOS="1377" WIDTH="118" HEIGHT="21" WC="0.81" CONTENT="aflönande."/><SP WIDTH="30" VPOS="1377" HPOS="318"/>
							<String ID="string_387" HPOS="348" VPOS="1378" WIDTH="45" HEIGHT="21" WC="0.96" CONTENT="Här"/><SP WIDTH="22" VPOS="1378" HPOS="393"/>
							<String ID="string_388" HPOS="415" VPOS="1380" WIDTH="24" HEIGHT="19" WC="0.96" CONTENT="är"/><SP WIDTH="16" VPOS="1380" HPOS="439"/>
							<String ID="string_389" HPOS="455" VPOS="1378" WIDTH="75" HEIGHT="21" WC="0.92" CONTENT="endast"/><SP WIDTH="14" VPOS="1378" HPOS="530"/>
							<String ID="string_390" HPOS="544" VPOS="1378" WIDTH="61" HEIGHT="26" WC="0.96" CONTENT="fråga"/><SP WIDTH="15" VPOS="1378" HPOS="605"/>
							<String ID="string_391" HPOS="620" VPOS="1384" WIDTH="33" HEIGHT="15" WC="0.96" CONTENT="om"/><SP WIDTH="17" VPOS="1384" HPOS="653"/>
							<String ID="string_392" HPOS="670" VPOS="1381" WIDTH="32" HEIGHT="18" WC="0.96" CONTENT="att"/><SP WIDTH="16" VPOS="1381" HPOS="702"/>
							<String ID="string_393" HPOS="718" VPOS="1378" WIDTH="95" HEIGHT="21" WC="0.96" CONTENT="ledamot"/><SP WIDTH="15" VPOS="1378" HPOS="813"/>
							<String ID="string_394" HPOS="828" VPOS="1377" WIDTH="23" HEIGHT="21" WC="0.92" CONTENT="af"/><SP WIDTH="14" VPOS="1377" HPOS="851"/>
							<String ID="string_395" HPOS="865" VPOS="1377" WIDTH="102" HEIGHT="26" WC="0.96" CONTENT="styrelsen"/><SP WIDTH="17" VPOS="1377" HPOS="967"/>
							<String ID="string_396" HPOS="984" VPOS="1377" WIDTH="46" HEIGHT="21" WC="0.96" CONTENT="icke"/>
						</TextLine>
						<TextLine ID="line_40" HPOS="200" VPOS="1405" WIDTH="831" HEIGHT="28">
							<String ID="string_397" HPOS="200" VPOS="1405" WIDTH="35" HEIGHT="21" WC="0.93" CONTENT="mä"/><SP WIDTH="16" VPOS="1405" HPOS="235"/>
							<String ID="string_398" HPOS="251" VPOS="1406" WIDTH="118" HEIGHT="21" WC="0.92" CONTENT="honoreras"/><SP WIDTH="15" VPOS="1406" HPOS="369"/>
							<String ID="string_399" HPOS="384" VPOS="1407" WIDTH="48" HEIGHT="21" WC="0.93" CONTENT="med"/><SP WIDTH="16" VPOS="1407" HPOS="432"/>
							<String ID="string_400" HPOS="448" VPOS="1407" WIDTH="64" HEIGHT="21" WC="0.93" CONTENT="altför"/><SP WIDTH="15" VPOS="1407" HPOS="512"/>
							<String ID="string_401" HPOS="527" VPOS="1409" WIDTH="59" HEIGHT="19" WC="0.93" CONTENT="stora"/><SP WIDTH="14" VPOS="1409" HPOS="586"/>
							<String ID="string_402" HPOS="600" VPOS="1413" WIDTH="72" HEIGHT="20" WC="0.91" CONTENT="gager."/><SP WIDTH="28" VPOS="1413" HPOS="672"/>
							<String ID="string_403" HPOS="700" VPOS="1407" WIDTH="41" HEIGHT="26" WC="0.93" CONTENT="Jag"/><SP WIDTH="16" VPOS="1407" HPOS="741"/>
							<String ID="string_404" HPOS="757" VPOS="1409" WIDTH="46" HEIGHT="18" WC="0.91" CONTENT="tror"/><SP WIDTH="16" VPOS="1409" HPOS="803"/>
							<String ID="string_405" HPOS="819" VPOS="1408" WIDTH="33" HEIGHT="18" WC="0.97" CONTENT="att"/><SP WIDTH="15" VPOS="1408" HPOS="852"/>
							<String ID="string_406" HPOS="867" VPOS="1406" WIDTH="36" HEIGHT="20" WC="0.96" CONTENT="det"/><SP WIDTH="15" VPOS="1406" HPOS="903"/>
							<String ID="string_407" HPOS="918" VPOS="1407" WIDTH="24" HEIGHT="19" WC="0.93" CONTENT="är"/><SP WIDTH="16" VPOS="1407" HPOS="942"/>
							<String ID="string_408" HPOS="958" VPOS="1405" WIDTH="73" HEIGHT="26" WC="0.93" CONTENT="nödigt"/>
						</TextLine>
						<TextLine ID="line_41" HPOS="200" VPOS="1434" WIDTH="356" HEIGHT="28">
							<String ID="string_409" HPOS="200" VPOS="1436" WIDTH="33" HEIGHT="19" WC="0.93" CONTENT="att"/><SP WIDTH="15" VPOS="1436" HPOS="233"/>
							<String ID="string_410" HPOS="248" VPOS="1434" WIDTH="108" HEIGHT="22" WC="0.91" CONTENT="bibehälla"/><SP WIDTH="15" VPOS="1434" HPOS="356"/>
							<String ID="string_411" HPOS="371" VPOS="1434" WIDTH="33" HEIGHT="28" WC="0.90" CONTENT="8:n"/><SP WIDTH="16" VPOS="1434" HPOS="404"/>
							<String ID="string_412" HPOS="420" VPOS="1435" WIDTH="136" HEIGHT="21" WC="0.91" CONTENT="oförändrad."/>
						</TextLine>
					</TextBlock>
				</ComposedBlock>
			</PrintSpace>
		</Page>
	</Layout>
</alto>
