1181 1773
227 127 55 21 1236
473 134 24 16 R.
511 138 17 12 o.
542 134 22 16 A.
578 134 57 16 1894.
660 134 26 16 23
699 133 48 21 Maj.

267 212 125 22 Diskussion
399 220 5 13 :

270 276 55 20 Frih.
341 282 40 14 von
397 276 168 21 Bonsdorff:
596 276 36 21 Mä
651 276 36 20 det
702 275 82 21 tillåtas
800 276 42 25 mig
857 277 34 19 att
907 275 71 21 erinra
993 280 34 15 om

199 304 36 21 det
257 304 80 26 förslag
359 304 31 21 till
413 305 95 25 petition,
524 304 36 27 jag
574 305 34 21 vid
625 306 85 20 senaste
726 305 85 26 plenum
827 304 55 20 hade
898 305 51 19 äran
965 303 63 21 fram-

199 332 70 22 ställa.
299 333 40 25 Jag
360 334 96 20 försökte
478 333 28 21 dä
527 333 49 21 med
599 333 65 27 nägra
687 333 38 21 ord
748 333 84 21 utöfver
848 332 55 21 hvad
921 332 108 21 Utskottet

198 362 57 26 gjort
271 360 112 22 framhälla
399 362 185 26 nödvändigheten
600 362 22 20 af
637 368 26 14 en
679 362 132 25 ombildning
826 361 23 21 af
863 360 163 22 elementarsko-

199 390 66 21 lorna.
296 390 40 25 Jag
361 390 48 21 ville
435 390 64 21 ocksä
525 390 62 21 hafva
614 391 75 26 antydt
705 391 35 20 det
757 390 120 21 önskvärda
893 390 30 20 uti
939 391 33 19 att
987 389 40 21 den

198 418 69 22 första
282 418 107 21 klämmen
403 419 7 21 i
425 418 123 22 Utskottets
560 419 135 21 betänkande
705 418 68 22 blefve
783 424 45 16 mer
835 418 104 21 bestämd.
957 417 70 22 Sädan

199 448 40 21 den
267 454 28 14 nu
320 449 29 24 är,
375 447 127 22 förutsätter
530 448 40 21 den
586 448 136 27 möjligheten
740 448 23 21 af
776 450 32 19 att
824 447 25 21 de
865 446 162 27 ifrägavarande

199 476 101 21 skolorna
319 477 70 20 kunde
404 483 52 14 vara
471 477 137 21 kommunala
624 477 72 20 skolor
712 477 47 20 med
776 476 187 21 statssubvention.
979 481 48 15 men

199 505 26 21 de
240 505 47 20 smä
302 505 212 22 stadskommunerna
530 505 60 22 torde
600 505 124 27 näppeligen
734 505 73 21 kunna
816 504 123 21 underhälla
948 504 79 21 sädana

199 533 80 26 skolor,
302 533 92 26 hvarför,
417 541 33 14 om
474 534 46 21 icke
536 536 70 19 staten
622 534 172 26 omorganiserar
810 533 218 21 elementarskolorna

199 562 33 21 till
255 561 136 28 femklassiga
413 562 156 27 bottenskolor,
586 563 78 26 följden
681 563 76 20 blefve,
773 564 33 19 att
821 562 154 21 kommunerna
991 568 36 13 an-

199 591 72 26 tingen
296 591 54 26 finge
381 591 73 26 ätnöja
479 592 31 26 sig
535 592 47 20 med
608 592 25 20 de
653 591 122 21 nuvarande
791 591 106 24 skolorna,
914 591 71 20 hvilka
1001 590 27 26 pä

198 619 70 26 grund
293 619 23 21 af
339 620 32 20 sin
397 621 142 26 organisation
565 622 37 19 äro
629 620 78 21 dömda
731 622 32 19 att
779 620 33 21 dö,
829 619 52 21 eller
897 619 64 21 också
976 619 52 20 söka

199 648 72 21 ikläda
293 649 31 25 sig
346 648 150 27 uppoffringar,
520 655 45 14 som
589 649 25 20 de
631 649 106 26 knappast
753 649 71 20 kunde
840 649 5 20 i
862 647 90 27 längden
969 647 58 21 bära.

199 677 41 26 Jag
264 677 64 26 vägar
351 677 77 26 derför,
450 677 28 21 dä
491 677 35 26 jag
542 684 63 14 anser
621 677 37 21 det
673 683 51 15 vara
739 677 23 21 af
775 679 81 19 största
872 677 107 26 betydelse
996 675 33 22 för

199 705 26 21 de
241 705 134 24 kommuner,
391 705 83 22 hvilkas
489 707 105 20 intressen
610 706 62 21 dessa
687 706 116 27 petitioner
819 705 83 24 beröra,
916 707 32 19 att
959 707 69 18 staten

199 735 7 20 i
229 734 48 21 dem
301 734 135 21 underhäller
458 735 136 26 femklassiga
610 735 153 25 bottenskolor,
779 734 126 27 ytterligare
920 733 109 21 vördsamt

200 763 113 20 hemställa
336 769 34 14 om
386 765 32 19 att
433 763 25 21 R.
475 769 17 15 o.
508 764 25 20 A.
550 764 6 20 i
572 763 72 21 stället
660 763 32 21 för
707 763 122 21 Utskottets
845 762 68 21 första
928 762 100 21 slutkläm

200 791 67 21 mätte
283 791 89 21 omfatta
385 798 25 15 en
426 791 24 21 sä
466 792 90 27 lydande
572 792 100 26 petition:

271 833 43 25 pätt
342 832 83 20 landets
450 832 43 20 tvä-
519 832 38 21 och
584 832 140 26 fyraklassiga
750 831 190 22 elementarskolor
961 831 69 20 blefve

199 860 24 21 af
236 862 70 19 staten
331 861 186 26 omorganiserade
540 861 31 20 till
595 861 137 26 femklassiga
756 860 148 21 bottenskolor
930 860 46 20 med
997 859 32 21 af-

199 888 86 22 slutade
307 889 74 21 kurser
406 890 39 20 och
468 889 87 27 ungefär
578 890 112 20 enahanda
706 890 98 26 läroplan
819 895 45 15 som
881 889 46 26 den,
943 888 85 21 hvilken

200 919 24 19 är
239 917 100 21 faststäld
357 918 33 20 för
406 918 25 20 de
447 918 41 21 fem
504 918 70 26 lägsta
589 918 111 21 klasserna
716 918 35 21 vid
767 918 151 26 reallyceerna,
934 918 6 20 i
956 917 73 21 hvilka

200 946 81 24 skolor,
305 952 34 14 om
362 946 160 21 vederbörande
545 947 101 21 kommun
670 947 72 21 derom
759 946 103 26 anhäller,
878 946 60 20 äfven
955 946 74 20 tlickor

200 974 56 26 finge
279 975 88 26 intagas,
390 978 56 18 samt
466 978 31 18 att
522 975 62 21 dessa
599 975 72 21 skolor
687 976 27 26 pä
729 977 82 19 statens
827 974 119 21 bekostnad
963 974 66 20 mätte

200 1002 157 22 underhållas".

271 1071 32 21 Hr
317 1071 90 21 Rein:
439 1072 110 21 Utskottet
572 1072 39 21 har
635 1072 126 21 understödt
777 1072 167 26 petitionärerne
960 1072 69 21 deruti

201 1101 32 19 att
259 1099 25 21 de
307 1100 32 20 uti
361 1106 27 14 en
404 1101 33 20 del
454 1100 81 22 mindre
551 1101 73 21 städer
639 1101 135 21 existerande
789 1100 45 22 två-
849 1100 39 21 och
904 1100 126 27 fyrklassiga

201 1128 219 22 elementarskolorna
446 1128 69 22 skulle
543 1130 105 20 ombildas
670 1129 33 21 till
726 1129 137 26 femklassiga
879 1129 151 21 mellanskolor

201 1156 49 21 med
265 1156 106 22 afslutade
387 1157 82 21 kurser.
494 1157 37 22 Uti
546 1158 70 21 denna
631 1158 95 26 skepnad
742 1164 62 21 synes
820 1158 42 26 mig
878 1157 102 27 förslaget
996 1164 33 14 om

201 1184 137 27 femklassiga
357 1186 153 21 mellanskolor
524 1186 47 22 icke
588 1186 78 27 egnadt
682 1188 32 19 att
729 1186 114 22 framkalla
859 1186 66 26 några
941 1186 90 21 betänk-

200 1213 99 26 ligheter,
324 1214 87 21 hvarför
433 1215 38 26 jag
495 1215 33 21 för
552 1216 43 20 min
619 1215 34 21 del
668 1217 24 19 är
708 1215 97 26 benägen
821 1216 32 20 att
868 1214 88 22 förorda
971 1214 59 22 bifall

201 1242 32 21 till
252 1242 123 21 Utskottets
391 1243 142 21 betänkande.
564 1244 41 26 Jag
620 1246 38 24 gör
674 1244 36 20 det
726 1244 55 20 dock
797 1244 67 20 under
879 1243 152 27 förutsättning

201 1272 32 19 att
249 1270 62 22 dessa
327 1271 78 25 skolor,
421 1272 71 21 såsom
508 1272 111 21 Utskottet
634 1272 6 20 i
656 1272 32 20 sin
704 1272 57 21 kläm
777 1272 143 26 uttryckligen
935 1272 96 27 betonar,

201 1298 35 22 må
262 1299 6 20 i
294 1299 65 26 högre
384 1301 53 25 grad
463 1302 26 19 än
516 1300 75 22 hittills
607 1301 73 20 kunna
695 1300 52 28 fylla
763 1301 36 21 det
815 1300 47 22 med
879 1301 47 20 dem
942 1301 89 21 afsedda

201 1326 65 28 syftet
291 1330 32 18 att
348 1328 79 22 bereda
448 1329 78 26 jemväl
552 1329 32 21 till
606 1329 84 21 inträde
706 1330 28 26 på
749 1329 112 27 praktiska
875 1328 154 22 lefnadsbanor.

201 1356 41 26 Jag
264 1362 63 15 anser
349 1358 34 20 att
405 1358 63 20 dessa
488 1358 136 26 femklassiga
640 1358 78 25 skolor,
734 1357 34 22 till
784 1358 72 21 hvilka
871 1358 26 20 de
913 1364 28 14 nu
956 1358 75 21 existe-

201 1384 68 21 rande
284 1385 219 22 elementarskolorna
518 1386 84 21 komme
618 1388 32 19 att
666 1386 129 26 förvandlas,
812 1386 69 21 skulle
896 1388 52 25 göra
963 1388 69 19 mesta

201 1415 69 24 nytta,
287 1419 32 15 om
340 1414 25 20 de
381 1415 166 25 omgestaltades
563 1415 32 21 till
611 1414 115 22 fristående
742 1415 81 25 skolor,
839 1414 87 22 afsedda
941 1414 90 21 hufvud-

201 1441 96 27 sakligen
320 1444 33 18 att
377 1443 83 21 utbilda
480 1443 32 21 för
528 1444 26 20 de
570 1444 110 26 praktiska
696 1443 188 26 lefnadsbanorna,
901 1443 82 21 således
999 1444 32 20 till

201 1470 56 20 hvad
281 1476 48 14 man
351 1471 69 21 kallar
437 1472 168 26 borgareskolor,
621 1472 39 20 och
677 1472 96 21 deremot
788 1472 47 20 icke
851 1472 6 20 i
873 1472 88 20 främsta
976 1478 55 14 rum-

201 1501 44 18 met
271 1499 73 26 gjorde
370 1500 32 20 till
428 1500 38 20 sitt
491 1500 53 26 syfte
568 1503 32 18 att
623 1500 79 21 bereda
718 1500 33 21 för
767 1500 79 27 lyceets
862 1500 66 27 högre
943 1500 88 21 klasser.

201 1526 42 27 Jag
258 1527 41 21 kan
316 1528 45 20 icke
378 1528 72 21 känna
466 1528 66 27 några
547 1529 64 26 lifliga
627 1530 115 26 sympatier
757 1529 34 21 för
807 1529 80 21 sådana
898 1528 135 27 femklassiga
