1181 1773
429 133 119 23 Ändringar
560 136 8 16 i
580 135 142 21 Kyrkolagen.
913 131 52 20 1271

167 217 75 24 vägras
264 214 133 25 nattvarden,
417 214 24 22 sä
457 214 69 22 skulle
542 214 47 22 dem
605 214 65 22 också
684 214 111 28 förvägras
811 217 32 19 att
858 215 49 27 ingå
922 214 73 28 gifter-

165 244 49 20 mål.
244 243 41 21 Det
300 249 61 21 synes
377 243 43 27 mig
435 250 51 14 vara
502 250 25 14 en
543 244 81 26 ganska
638 244 67 26 vigtig
720 244 156 26 medborgerlig
886 243 109 27 rättighet,

165 272 68 21 andra
255 272 111 20 onämnda.
397 272 63 20 Hvad
482 272 66 21 sedan
571 272 132 21 vidkommer
725 272 187 28 bestämningarna
933 272 7 21 i
955 272 39 21 föl-

162 300 66 27 jande
250 301 19 25 $,
292 301 37 21 der
345 300 35 21 det
395 302 24 19 är
434 300 60 26 fråga
510 307 34 15 om
560 300 154 28 inskränkning
729 300 24 22 af
766 302 111 25 valrätten,
893 301 24 21 så
932 306 62 22 synes

166 330 43 26 mig
231 331 34 27 att
277 331 160 19 reservanterna
453 329 28 27 på
496 331 31 19 ett
543 330 83 26 mycket
642 329 105 21 träffande
762 332 43 18 sätt
820 330 61 25 visat,
897 330 55 21 huru
967 335 27 16 en

165 358 104 26 väsentlig
291 358 152 26 inskränkning
467 358 37 20 der
520 364 50 20 eger
584 364 46 15 rum
647 364 75 20 genom
739 358 40 21 den
795 365 42 20 nya
852 359 60 26 lagen
927 358 8 22 i
949 358 45 21 för-

165 386 99 21 hållande
287 386 32 21 till
340 387 39 20 den
395 387 76 26 gamla.
502 387 62 21 Hvad
580 386 100 22 beträffar
696 387 137 27 möjligheten
849 387 23 21 af
885 387 109 27 religions-

165 415 121 27 förföljelse,
310 421 44 15 som
377 415 32 21 Hr
432 415 147 27 Montgomery
595 415 103 27 betviflar,
715 416 23 20 så
754 418 46 19 tror
813 416 36 26 jag
865 416 45 21 icke
926 416 67 21 heller

164 446 33 19 att
217 444 20 21 vi
257 444 60 21 skola
331 444 22 21 få
368 450 22 15 se
405 444 63 21 bålen
484 444 92 24 flamma,
592 451 47 15 men
656 447 31 18 att
703 444 35 21 det
754 444 47 22 icke
817 444 65 22 finnes
897 445 54 21 brist
965 444 28 27 på

165 473 72 26 försök
259 473 33 20 till
307 473 121 26 förföljelse,
445 473 35 20 det
496 473 63 21 hafva
574 473 20 21 vi
610 474 81 26 ganska
706 473 73 21 färska
794 473 94 27 exempel
903 474 28 26 på
945 473 47 22 från

164 501 145 27 Österbotten,
331 503 37 19 der
385 501 253 27 lekmannapredikanter
653 502 69 21 blifvit
737 504 82 19 utsatta
834 503 33 20 för
881 502 7 21 i
903 502 90 27 sanning

164 530 133 26 upprörande
318 531 145 24 trakasserier,
479 531 40 20 och
543 537 33 14 om
596 537 48 14 man
660 531 68 21 skulle
744 531 51 26 vilja
810 531 62 21 döma
887 531 23 21 af
923 537 70 20 symp-

164 561 70 19 tomen
251 559 6 20 i
273 559 26 20 de
317 559 98 26 religiösa
431 559 141 26 tidningarne,
589 560 23 20 så
628 566 61 20 synes
705 560 36 21 det
756 560 43 26 mig
814 560 115 26 ingalunda
944 559 49 21 sak-

164 593 38 15 nas
217 587 42 21 lust
274 589 32 19 att
321 588 60 26 gripa
396 587 32 21 till
444 587 133 28 förföljelser,
588 588 54 21 blott
653 588 85 21 makten
753 588 69 21 dertill
834 590 23 25 är
868 587 124 28 medgifven.

164 615 42 22 Det
229 622 60 21 synes
305 617 42 26 mig
361 616 46 21 icke
423 623 51 14 vara
490 617 96 26 lämpligt
602 620 32 17 att
648 617 7 20 i
670 617 73 20 vidare
758 617 83 21 kretsar
857 617 6 20 i
878 617 72 21 landet
965 619 28 19 än

163 644 38 21 der
216 645 99 26 missnöje
329 651 29 14 nu
373 645 65 20 redan
454 645 113 21 förefinnes
583 648 44 18 mot
642 645 111 22 lutherska
764 646 136 27 statskyrkan
919 645 72 27 sprida

163 673 59 21 detta
246 673 98 27 missnöje
366 680 76 21 genom
466 676 32 18 att
521 674 41 21 öka
577 674 93 27 kyrkans
685 674 184 27 polisbefogenhet
883 677 109 24 gentemot

163 701 96 22 enskilda
281 702 150 27 medborgares
455 702 63 21 frihet
540 703 39 20 och
595 703 47 21 icke
658 703 66 21 heller
739 703 78 26 skärpa
833 703 36 21 det
884 703 106 26 missnöje,

162 736 46 15 som
230 737 29 14 nu
281 731 28 26 på
331 737 25 15 en
379 731 34 20 del
430 731 43 20 håll
488 731 120 24 förefinnes,
624 738 34 14 om
675 732 59 21 detta
750 732 65 21 också
829 732 46 21 icke
891 731 53 27 tagit
959 732 32 26 sig

163 759 64 26 något
243 760 100 21 särskildt
358 759 86 26 uttryck
459 760 67 21 under
542 761 62 20 dessa
619 761 61 20 tider.
710 760 42 27 Jag
767 761 68 21 skulle
850 761 26 20 be
892 762 31 19 att
938 760 53 21 fort-

161 788 138 26 sättningsvis
322 789 21 20 få
365 788 57 21 bålla
444 789 28 26 pä
494 789 49 20 mitt
558 789 79 26 förslag
652 791 32 18 att
700 789 69 21 denna
785 789 11 27 &
812 790 31 20 för
859 789 132 21 närvarande

161 816 68 21 skulle
245 817 56 26 utgå.
333 817 38 21 Om
388 817 68 26 öfriga
471 817 25 26 $$
512 819 96 25 antagas,
624 818 42 21 kan
682 818 108 21 eventuelt
805 820 31 19 ett
851 820 47 24 nytt
913 817 78 28 kyrko-

163 847 56 19 möte
235 846 56 21 inom
307 847 12 20 5
335 846 24 21 är
373 845 85 22 komma
474 846 33 20 till
522 846 63 21 ständ
602 846 39 21 och
657 847 59 20 detta
730 847 53 20 söka
798 847 147 21 ästadkomma
960 849 32 19 ett

161 876 66 19 annat
249 880 59 15 mera
330 874 197 22 tillfredsställande
548 875 122 27 redigeradt
690 875 80 27 förslag
793 877 25 19 än
840 875 36 21 det
891 881 28 15 nu
935 875 56 22 före-

161 902 104 27 liggande.

230 971 32 21 Hr
285 971 208 27 Montgomery:
525 972 42 21 Det
582 972 107 21 förefaller
704 972 43 26 mig
763 978 45 16 som
825 979 33 15 om
874 972 58 21 Frih.
947 978 42 16 von

161 998 87 22 Alfthan
263 1000 8 20 i
286 1000 37 21 sitt
338 1003 84 18 senaste
437 1001 136 26 andragande
589 1002 67 25 glömt
671 1001 110 27 ätskilligt.
812 1001 41 21 Det
869 1001 66 21 finnes
951 1001 39 21 här

160 1028 9 20 i
185 1028 58 21 detta
258 1028 49 21 land
322 1029 47 21 icke
385 1028 54 22 blott
456 1029 258 27 dissenterförsamlingar,
730 1032 52 19 utan
798 1030 60 21 äfven
871 1030 66 21 andra
947 1030 43 21 för-

160 1057 120 26 samlingar,
305 1057 71 21 hvilka
400 1057 47 21 icke
472 1058 68 21 kallas
566 1058 121 26 dissenters,
704 1065 48 14 men
774 1058 64 22 likväl
854 1059 46 21 icke
915 1060 37 20 äro
969 1058 23 22 af

160 1086 242 26 evangelisk-lutherska
417 1086 66 21 läran.
507 1086 43 22 Det
565 1088 24 19 är
604 1087 41 21 den
661 1094 40 14 ena
716 1087 71 26 saken,
805 1088 38 20 och
859 1088 40 20 den
915 1088 74 25 andra,

159 1120 46 14 som
228 1114 57 21 Frih.
307 1121 40 14 von
363 1114 87 22 Alfthan
464 1115 38 21 har
518 1116 72 26 glömt,
607 1118 24 18 är
647 1116 54 20 hvad
717 1116 40 21 den
773 1116 122 21 nuvarande
910 1116 80 26 kyrko-

161 1142 60 26 lagen
232 1143 116 21 innehäller
359 1144 6 20 i
377 1144 62 20 dessa
451 1146 82 19 ämnen.
559 1144 40 26 Jag
609 1144 127 22 inskränker
747 1144 72 22 härtill
829 1146 48 20 mitt
887 1145 102 27 genmäle.

229 1216 32 22 Hr
284 1217 23 21 L.
331 1217 167 21 Mechelin:
530 1218 33 21 En
586 1218 33 21 del
642 1218 22 21 af
686 1219 25 21 de
726 1219 121 26 yttranden,
863 1225 45 15 som
924 1218 7 21 i
947 1218 42 28 dag

160 1245 69 21 blifvit
243 1246 64 24 fälda,
323 1252 62 21 synas
400 1246 43 26 mig
458 1246 56 27 gifva
530 1247 114 27 anledning
659 1247 32 21 till
707 1250 31 18 ett
749 1248 119 20 betonande
881 1247 61 21 deraf
950 1250 39 25 att,

159 1274 28 20 dä
209 1274 60 26 fräga
292 1276 24 19 är
334 1281 33 14 om
384 1275 90 27 ändring
488 1275 8 21 i
510 1275 138 27 kyrkolagen,
664 1276 36 21 det
715 1276 61 21 torde
793 1283 50 14 vara
858 1276 131 27 nödvändigt

158 1304 33 19 att
207 1302 52 21 söka
274 1303 62 21 ställa
351 1304 32 26 sig
398 1304 27 26 pä
441 1310 26 14 en
483 1304 24 20 sä
522 1304 95 26 objektiv
632 1304 131 27 ständpunkt
779 1311 44 15 som
837 1305 87 27 möjligt.
947 1305 42 27 Jag

159 1330 56 21 afser
238 1331 87 21 härmed
348 1332 41 26 det,
413 1334 31 19 att
468 1332 40 21 den
532 1333 110 21 lutherska
656 1333 82 27 kyrkan
754 1334 7 20 i
777 1334 46 21 vårt
838 1333 97 21 land'uti
951 1334 38 21 sitt

159 1359 49 21 vida
230 1359 61 22 sköte
313 1361 102 21 omsluter
436 1361 82 26 ganska
541 1362 118 20 olikartade
675 1362 109 21 tänkesätt
800 1362 39 22 och
855 1362 110 26 opinioner
981 1362 8 21 i

159 1388 98 26 kyrkliga
272 1388 76 27 frägor,
365 1389 38 21 och
417 1389 37 27 jag
469 1392 51 24 tror,
537 1392 32 18 att
584 1390 77 27 mänga
676 1390 65 21 bland
758 1391 53 25 dem,
828 1397 45 15 som
889 1393 37 19 äro
941 1390 46 21 kal-

159 1416 48 22 lade
230 1419 32 19 att
278 1418 84 26 deltaga
377 1418 31 20 uti
424 1418 80 20 sädana
520 1418 72 27 frägor
614 1425 45 15 som
675 1420 40 20 den
732 1426 28 14 nu
775 1419 150 27 föreliggande,
941 1419 47 21 icke

157 1446 121 26 egentligen
301 1448 36 19 äro
359 1448 32 19 att
412 1446 102 22 hänföras
530 1447 32 21 till
579 1448 53 25 dem,
648 1448 72 21 hvilka
735 1448 28 26 pä
778 1448 36 21 det
829 1450 107 19 närmaste
951 1447 37 21 be-

159 1476 59 18 röras
241 1474 23 21 af
284 1474 160 27 ifrägavarande
467 1476 139 26 stadganden.
637 1476 41 21 Vid
692 1476 136 27 kyrkomötet
843 1477 8 20 i
866 1470 47 28 Äbo
929 1476 59 21 förli-

158 1502 37 21 det
210 1502 23 21 är
248 1502 110 22 framhölls
374 1503 23 21 af
411 1504 41 20 alla
468 1504 26 20 de
510 1504 138 22 medlemmar
664 1504 22 22 af
699 1505 166 27 presterskapet,
881 1511 46 15 som
943 1505 46 21 del-

156 1532 52 26 togo
221 1531 7 21 i
244 1531 69 22 denna
328 1532 70 26 frägas
413 1532 125 27 beredning,
554 1533 70 21 säsom
640 1536 31 18 ett
686 1534 107 26 oafvisligt
808 1534 69 27 behof,
888 1536 32 18 att
930 1534 58 21 stad-
