1181 1773
229 116 54 21 1306
480 123 24 17 R.
517 128 17 12 o.
548 124 21 16 A.
583 124 57 16 1894.
665 124 27 16 24
704 124 47 20 Maj.

199 204 50 25 taga
273 203 35 21 det
324 202 119 28 Höglofliga
460 204 101 21 Ständets
576 204 190 27 uppmärksamhet
781 204 6 21 i
803 204 98 26 anspräk.
932 203 40 26 Jag
987 202 38 22 ber

199 231 55 21 blott
269 234 33 18 att
316 232 22 21 fä
353 238 108 15 resumera
478 233 54 21 hvad
546 233 37 27 jag
599 233 45 21 haft
654 235 51 19 äran
719 233 80 21 anföra.
831 232 195 26 Motionsförslaget

199 260 70 20 hvilar
287 260 26 27 pä
329 267 25 14 en
370 262 141 25 pessimistisk
524 262 136 26 uppfattning
676 262 22 20 af
711 261 220 21 folkskoleväsendets
947 260 78 22 förkof-

199 294 38 15 ran
259 289 8 21 i
289 289 48 21 vårt
356 290 55 20 land.
443 290 45 21 Den
504 290 68 26 tredje
588 290 157 21 reservationen
761 296 35 15 ser
812 290 65 21 saken
893 290 78 26 ljusare
986 289 39 21 och

199 317 82 27 hoppas
297 320 32 19 att
344 318 99 21 behofvet
458 318 23 21 af
495 319 65 20 ökadt
576 318 83 22 tillfälle
675 319 33 21 till
723 318 140 26 folkbildning
879 318 53 21 skall
947 318 28 26 pä
989 318 36 21 fri-

199 345 134 27 villighetens
356 349 40 24 väg
418 347 72 21 kunna
512 348 174 20 tillfredsställas.
717 348 42 20 För
774 348 43 20 min
834 347 33 21 del
883 347 93 21 biträder
989 346 36 27 jag

200 374 45 21 helt
268 375 39 21 och
323 375 66 21 hället
404 376 66 26 detta,
486 382 35 14 om
537 382 49 14 man
601 376 24 21 sä
640 376 35 21 vill
692 376 143 26 optimistiska
850 378 43 19 sätt
908 378 31 18 att
955 382 22 14 se
993 381 32 15 sa-

200 402 47 28 ken,
263 403 39 21 och
318 404 69 21 sävidt
403 404 70 21 siffror
487 405 73 20 kunna
574 406 45 20 tala
635 407 31 19 ett
681 404 114 27 begripligt
811 404 70 27 spräk,
897 404 24 21 sä
936 408 45 17 tror
989 404 36 26 jag

200 431 36 21 det
252 432 54 21 skall
322 432 64 21 blifva
402 433 58 21 svårt
476 436 32 18 att
521 433 58 27 jäfva
594 434 40 20 den
650 433 82 26 äsigten
747 435 32 19 att
794 433 28 27 pä
834 440 81 14 samma
927 435 42 19 sätt
980 438 45 15 som

200 460 113 27 härintills,
326 462 37 26 jag
378 468 108 21 upprepar
501 462 41 25 det,
559 462 27 27 pä
599 462 161 27 frivillighetens
775 463 76 25 grund,
867 463 60 20 skola
943 469 25 14 en
985 461 40 26 dag

200 489 63 21 äfven
279 490 32 26 de,
328 497 45 14 som
390 497 27 14 nu
433 491 121 20 misströsta
570 497 34 15 om
620 491 77 20 sakens
713 491 117 26 framgäng,
847 491 68 20 mästa
931 491 94 20 erkänna

200 519 32 19 att
248 517 101 22 Finlands
365 519 43 21 folk
424 520 38 20 har
478 519 88 22 förstätt
587 520 54 20 hvad
658 520 48 20 dess
723 519 40 21 frid
779 520 98 20 tillhörer
893 519 131 22 beträffande

199 546 122 22 beredande
336 547 23 21 af
372 548 82 21 tillfälle
471 548 31 21 till
518 548 95 27 bildning
628 548 22 21 ät
666 549 36 20 det
717 549 140 26 uppväxande
873 549 83 26 slägtet.
984 547 41 26 Jag

201 575 32 21 för
249 576 42 20 min
315 576 34 21 del
369 577 107 20 förklarar
498 579 32 18 att
550 577 37 26 jag
610 577 112 27 omöjligen
746 577 41 20 kan
804 583 22 14 se
841 577 65 20 saken
922 577 46 21 frän
984 576 41 21 den

200 604 153 26 pessimistiska
376 606 65 26 sidan,
462 605 39 22 och
518 605 38 27 jag
571 612 107 20 upprepar
694 607 41 25 det,
749 605 38 27 jag
801 606 86 21 förenar
903 606 42 26 mig
959 605 7 21 i
982 605 42 20 allo

200 633 48 20 med
265 633 40 21 den
320 634 69 26 tredje
404 635 164 20 reservationen.

271 719 32 20 Hr
325 719 155 22 Lindelöf:
511 720 33 21 Då
564 720 37 26 jag
617 721 65 20 redan
698 721 6 20 i
720 720 38 27 går
773 720 56 21 hade
845 719 84 21 tillfälle
944 721 32 18 att
991 720 36 19 ut-

200 746 73 27 förligt
295 749 58 24 yttra
375 749 42 26 mig
438 749 7 20 i
467 749 69 21 denna
551 749 45 25 sak,
613 749 37 21 ber
663 749 36 26 jag
715 755 28 15 nu
759 749 76 20 endast
847 749 32 20 att
893 748 22 21 få
929 749 52 24 göra
997 749 31 19 ett

200 776 48 21 litet
273 776 74 27 tillägg
371 777 32 20 till
427 777 55 21 hvad
502 777 37 27 jag
562 778 27 21 då
612 777 95 22 anförde.
738 778 65 20 Detta
819 777 74 26 tillägg
907 775 120 22 föranledes

201 806 96 19 närmast
319 805 22 21 af
355 805 26 21 de
397 806 169 27 anmärkningar,
583 813 46 14 som
645 813 25 14 en
686 806 52 21 ärad
754 806 68 21 talare
838 805 27 21 då
880 805 50 21 fann
945 805 32 26 sig
991 804 36 21 be-

200 833 64 26 fogad
288 835 32 19 att
341 836 53 23 göra
415 837 45 19 mot
479 835 48 20 mitt
543 835 143 26 andragande.
717 835 42 20 Det
779 835 68 26 gäller
869 835 95 20 närmast
987 833 12 21 5
1015 833 12 27 $

200 862 32 20 uti
255 863 201 26 motionsförslaget,
480 863 58 21 hvari
556 863 90 22 föreslås
661 863 121 21 införandet
797 863 23 20 af
833 869 16 15 s.
865 863 19 20 k.
901 862 127 21 distriktsin-

203 890 90 28 delning.
324 891 40 26 Jag
381 892 107 21 erkänner
503 895 32 18 att
551 898 25 15 en
592 892 65 21 sådan
673 892 108 26 indelning
796 892 41 20 kan
853 891 62 21 hafva
931 893 30 19 ett
976 891 53 21 visst

202 919 113 21 teoretiskt
329 920 72 26 värde,
418 921 121 26 derigenom
555 922 33 20 att
603 921 41 21 den
659 921 39 21 hos
714 921 153 21 kommunerna
880 920 58 21 leder
949 919 78 21 tanken

201 947 28 27 på
245 950 33 19 att
288 948 52 21 söka
349 949 67 21 ordna
424 950 38 20 sitt
470 949 196 21 folkskoleväsende
675 950 27 26 på
710 951 32 19 ett
749 949 102 21 rationelt
859 948 39 21 och
909 948 118 21 ändamåls-

202 976 67 27 enligt
285 978 48 20 sätt.
363 977 49 21 Men
428 978 28 21 då
469 978 35 21 det
513 978 47 21 icke
568 978 70 21 tillika
648 978 66 21 finnes
724 978 69 27 någon
805 977 132 26 bestämning
948 976 80 26 derom,

202 1007 33 18 att
259 1005 135 27 indelningen
418 1006 57 22 inom
498 1007 42 20 viss
563 1007 30 20 tid
616 1006 54 22 skall
693 1008 68 20 sättas
776 1007 7 20 i
799 1006 80 25 verket,
895 1006 39 20 och
951 1005 26 21 då
993 1005 36 21 det

202 1035 93 20 tvärtom
313 1036 24 18 är
353 1035 108 21 sannolikt
476 1037 32 19 att
524 1036 68 20 denna
607 1036 108 25 indelning
731 1035 69 21 blefve
816 1034 129 27 uppskjuten
960 1034 27 26 på
1003 1040 25 14 en

201 1062 83 26 ganska
297 1062 48 27 lång
361 1063 36 23 tid,
414 1063 81 21 kanske
510 1064 118 26 decennier,
644 1064 24 20 så
683 1064 68 20 måste
763 1064 38 26 jag
811 1063 94 21 vidhålla
915 1063 42 20 min
969 1062 60 26 åsigt,

201 1093 44 18 att:
258 1091 41 21 den
321 1092 111 25 praktiska
448 1092 122 27 betydelsen
586 1092 23 21 af
623 1099 25 14 en
664 1092 67 21 sådan
747 1092 6 20 i
769 1092 65 21 förtid
849 1092 99 25 vidtagen
963 1090 66 22 indel-

202 1120 51 26 ning
267 1126 51 14 vore
333 1121 82 25 ganska
430 1121 139 26 tvifvelaktig.
595 1121 31 21 Hr
638 1120 145 22 Wallensköld
795 1120 38 21 har
843 1120 122 26 visserligen
976 1125 52 20 upp-

203 1148 77 26 repadt
295 1148 122 27 framhållit,
433 1152 33 18 att
487 1150 5 26 $
508 1150 13 20 4
537 1150 67 20 skulle
616 1149 107 21 innehålla
734 1156 25 14 en
771 1149 140 26 bestämning,
923 1154 45 15 som
979 1154 50 14 vore

202 1177 69 25 egnad
287 1178 32 20 att
333 1178 109 20 verksamt
458 1178 110 26 påskynda
583 1178 120 21 inrättande
719 1178 23 20 af
755 1178 124 25 folkskolor,
896 1176 39 22 och
951 1178 32 19 att
995 1176 34 21 så-

202 1204 67 22 lunda
290 1206 176 26 genomförandet
488 1207 23 20 af
525 1207 40 21 den
580 1206 88 22 afsedda
683 1206 108 22 allmänna
806 1206 127 26 skolpligten
949 1206 6 20 i
970 1205 59 21 kom-

203 1240 103 14 munerna
328 1237 59 18 snart
409 1241 42 20 nog
474 1235 83 21 komme
581 1238 33 18 att
632 1235 64 21 blifva
712 1234 123 22 realiserad.
865 1233 93 21 Härmed
975 1233 54 21 afses

202 1262 37 21 det
265 1263 124 26 stadgande,
405 1270 46 14 som
474 1264 60 26 ingår
556 1264 7 20 i
580 1265 10 19 1
607 1270 63 14 mom.
686 1264 22 20 af
722 1265 14 19 4
751 1263 19 27 $,
787 1264 37 20 der
840 1262 35 22 det
891 1264 71 25 säges:
986 1263 43 26 ,att

202 1290 130 22 kommunen
354 1292 40 20 bör
416 1292 64 26 tillse,
495 1295 33 18 att
550 1292 59 26 barn,
625 1292 72 21 hvilka
712 1292 53 21 söka
780 1292 83 20 inträde
879 1292 6 20 i
901 1291 66 25 skola,
983 1290 46 22 icke

203 1319 78 21 afvisas
297 1320 32 20 för
345 1320 109 22 bristande
469 1321 122 27 utrymme".
622 1321 32 20 Hr
669 1320 147 22 Wallensköld
832 1326 63 20 synes
905 1319 62 21 hafva
978 1325 51 21 upp-

201 1348 66 20 fattat
290 1348 68 21 denna
380 1349 134 27 bestämning
536 1349 90 21 sålunda
640 1351 39 24 att,
695 1349 24 21 så
734 1351 61 19 snart
809 1350 32 20 ett
856 1348 54 20 enda
926 1348 53 21 barn
994 1354 36 14 an-

202 1376 68 21 mäles
298 1377 32 20 till
354 1378 85 20 inträde
460 1378 8 21 i
483 1384 27 20 ny
532 1378 114 25 folkskola,
671 1378 128 21 kommunen
825 1377 42 21 blir
891 1376 82 27 skyldig
998 1377 32 19 att

202 1405 81 21 inrätta
311 1412 26 14 en
365 1406 72 21 sådan.
472 1406 40 27 Jag
540 1406 69 21 måste
631 1406 75 21 härvid
735 1406 71 21 erinra
831 1412 34 14 om
888 1411 25 14 en
939 1405 92 21 bestäm-

202 1434 57 26 ning,
283 1440 46 15 som
351 1434 61 27 ingår
434 1435 6 20 i
460 1435 100 26 gällande
574 1434 239 26 folkskoleförfattning,
830 1434 39 21 och
884 1433 85 21 hvilken
983 1432 47 22 icke

202 1463 25 19 är
243 1462 74 21 afsedd
333 1464 32 19 att
380 1463 120 27 upphäfvas
514 1470 76 20 genom
606 1464 59 20 detta
680 1463 121 26 lagförslag.
831 1462 52 21 Deri
894 1462 87 26 stadgas
991 1463 39 24 att,

203 1490 28 22 då
255 1496 28 16 en
305 1491 102 21 kommun
429 1492 37 21 vill
488 1492 80 21 inrätta
585 1498 26 15 en
626 1492 107 21 folkskola
748 1492 41 20 och
804 1491 81 21 erhålla
901 1490 130 26 statsbidrag

201 1519 49 21 från
277 1519 129 28 densamma,
429 1520 57 22 vissa
508 1521 68 21 vilkor
599 1520 68 22 måste
688 1520 113 27 fullgöras;
825 1519 70 22 dertill
912 1519 39 21 hör
966 1518 64 22 bland
