1181 1773
222 130 55 21 1022
463 136 25 17 R.
502 140 17 13 o.
532 137 22 15 A.
568 136 57 17 1894.
650 136 23 17 16
685 136 48 21 Maj.

191 216 149 26 ledamotskap
365 216 6 21 i
393 216 134 22 sistnämnda
551 216 87 22 Utskott
654 216 22 22 af
690 216 91 22 Ständet
796 216 95 25 befriats,
907 215 111 27 supplean-

191 246 35 20 ten
247 245 6 21 i
274 245 59 21 detta
352 244 89 22 Utskott
464 246 32 20 Hr
510 245 70 21 Julius
600 244 159 26 Grotenfelt,
778 244 40 22 och
836 244 33 22 till
885 244 133 27 suppleant
1006 240 15 36 i

190 273 227 27 Justeringsutskottet
432 273 32 21 Hr
480 274 48 21 Clas
543 280 41 14 von
600 273 106 26 Collan,
721 274 105 20 hvardera
841 273 48 21 med
906 274 25 20 19
943 275 75 19 röster.

454 434 88 29 Afgjorda
558 434 192 29 landtdaysärenden.

260 491 57 20 Frän
331 490 192 23 Bankutskottet
538 491 54 22 hade
608 491 68 26 ingätt
692 490 205 27 tillkännagifvande
910 492 33 19 att
953 491 64 20 samt-

191 519 44 27 liga
250 519 67 22 Ständ
332 519 95 26 godkänt
449 520 123 21 Utskottets
594 520 150 21 betänkanden
760 520 40 21 N:o
819 520 12 21 5
847 519 6 21 i
869 519 112 26 anledning
996 519 23 20 af

191 548 109 21 verkstäld
321 548 151 28 granskning
493 549 24 21 af
537 548 119 22 Finlands
679 548 80 22 Banks
783 547 104 28 styrelse
906 547 45 23 och
966 547 52 22 till-

191 576 72 23 ständ
289 577 66 21 under
377 577 51 21 ären
454 578 147 24 1891—1893,
624 579 56 19 samt
699 577 41 21 N:o
757 577 12 20 6
785 577 108 26 angäende
909 576 106 27 bemyndi-

191 606 68 26 gande
275 605 32 21 för
323 605 106 22 ordinarie
444 606 196 27 Bankfullmäktige
656 608 32 19 att
698 607 98 26 uppgöra
806 605 80 27 förslag
896 605 32 21 till
939 605 79 22 besät-

191 633 74 22 tande
288 634 27 21 af
335 634 70 27 lediga
423 634 125 28 juridiska
564 634 233 22 direktörsembetet
812 635 7 20 i
834 634 101 21 Finlands
950 633 67 22 Bank.

260 691 77 21 Likasä
353 691 54 21 hade
423 692 66 26 enligt
503 691 48 22 frän
567 691 188 22 Statsutskottet
769 691 125 21 ankommen
908 690 109 22 skrifvelse

191 720 60 21 detta
268 719 97 22 Utskotts
381 720 135 21 betänkande
531 720 40 21 N:o
588 721 12 20 7
616 721 5 20 i
638 720 114 26 anledning
767 719 24 22 af
804 720 48 21 näd.
868 726 60 20 prop.
942 719 39 21 N:o
990 719 28 21 20

191 748 110 27 angäende
327 749 113 20 anvisande
466 749 23 20 af
512 749 68 21 medel
604 749 32 21 till
656 749 137 21 bestridande
815 748 23 21 af
851 747 167 23 kostnaderna

189 776 42 23 för
245 777 150 27 landtdagen
411 777 27 22 är
453 777 58 22 1897
534 778 67 21 blifvit
622 777 24 21 af
664 777 100 27 samtliga
780 777 66 21 Ständ
863 779 50 19 utan
929 777 89 25 ändring

191 805 116 26 godkändt.

220 937 110 29 Styrelsens
345 937 124 29 tillpöranden
485 938 40 23 med
541 938 97 28 anledning
654 938 20 23 af
690 937 44 23 1891
751 937 34 23 års
801 937 101 28 landtdags
921 936 66 24 beslut.

260 999 57 22 Frän
333 1000 103 22 Senatens
452 1001 266 25 Ekonomiedepartement
734 1000 55 21 hade
804 1000 89 20 anländt
904 999 39 21 och
951 998 64 22 bland

191 1027 101 22 Ständets
307 1029 138 21 medlemmar
460 1030 93 20 utdelats
568 1029 116 21 berättelse
698 1029 32 21 tili
747 1028 207 22 Storfurstendömet
969 1028 48 20 Fin-

189 1056 62 21 lands
273 1058 30 20 till
325 1058 78 20 allmän
425 1058 103 26 landtdag
550 1058 6 20 i
578 1057 131 27 Helsingfors
726 1057 23 21 är
767 1058 54 20 1894
837 1056 181 22 sammankallade

189 1084 94 22 Ständer
298 1092 33 14 om
347 1086 120 27 Styrelsens
488 1086 142 27 tillgöranden
652 1086 8 21 i
682 1086 115 26 anledning
816 1085 23 21 af
853 1086 27 21 de
894 1086 48 20 utaf
956 1085 61 21 Stän-

191 1113 66 21 derna
272 1114 33 21 vid
320 1114 130 27 landtdagen
466 1116 24 20 är
506 1115 53 21 1891
576 1115 81 21 fattade
673 1114 77 27 beslut,
767 1114 71 22 hvilka
863 1114 74 21 vunnit
951 1114 25 20 H.
987 1113 29 21 M.

190 1142 104 26 Kejsaren
313 1143 39 21 och
369 1143 143 22 Storfurstens
528 1143 77 27 nädiga
620 1143 60 21 bifall
697 1143 39 21 och
752 1142 141 27 stadfästelse,
909 1142 108 21 äfvensom

189 1171 92 21 rörande
303 1171 56 21 hvad
382 1172 26 21 H.
427 1172 27 21 K.
470 1172 28 21 M.
514 1173 6 20 i
536 1172 64 26 öfrigt
615 1172 28 26 pä
657 1172 69 26 grund
742 1172 23 21 af
778 1171 189 26 förhandlingarna
982 1170 35 21 vid

189 1200 66 26 sagda
271 1200 102 27 landtdag
388 1200 70 22 täckts
474 1201 107 21 förordna.

259 1257 74 21 Denna
349 1258 116 21 berättelse
480 1258 76 27 ansägs
572 1258 47 21 icke
634 1258 32 20 till
682 1258 72 20 vidare
770 1257 76 27 ätgärd
856 1256 47 22 frän
917 1256 101 22 Ständets

188 1285 47 21 sida
249 1285 117 22 föranleda.

258 1404 32 22 Hr
305 1402 207 25 Landtmarskalken
535 1405 142 27 tillkännagaf
698 1407 32 19 att
753 1407 62 19 nästa
835 1405 63 27 plena
913 1404 68 21 blifvit
996 1404 24 22 af

189 1432 244 23 Talmanskonferensen
456 1436 82 19 utsatta
558 1436 33 19 att
613 1434 69 21 hällas
704 1434 43 21 alla
770 1434 65 26 dagar
857 1434 68 20 under
947 1433 70 21 denna

187 1462 68 21 vecka
271 1464 54 19 samt
341 1462 121 27 Mändagen
477 1463 41 21 den
534 1464 25 20 21
577 1464 79 20 dennes
671 1463 28 21 kl.
716 1463 12 21 6
745 1468 18 16 e.
780 1468 27 15 m.
