1181 1773
226 118 55 21 1486
467 124 26 18 R.
506 129 18 13 0.
536 125 22 17 A.
573 125 57 17 1894.
655 126 23 16 31
690 125 48 21 Maj.

265 203 32 21 Hr
312 203 23 21 L.
351 203 153 22 Mechelin:
534 204 34 22 Då
590 205 36 21 det
648 204 22 27 ju
691 206 25 20 är
731 205 24 21 af
768 205 44 26 vigt
827 206 32 20 att
875 204 150 22 äterremissen

195 230 32 22 till
241 231 210 27 Jernvägsutskottet
466 233 67 21 mätte
548 233 54 21 ifrän
620 234 25 20 de
658 234 76 20 tvänne
751 233 74 27 Ständ,
841 240 45 15 som
903 234 72 21 skrida
989 234 34 22 till

196 259 66 21 sådan
285 260 81 27 åtgärd,
390 261 37 21 ske
450 261 132 27 någorlunda
606 262 108 25 likartadt,
730 262 24 21 sä
769 262 64 21 utber
845 262 38 26 jag
897 263 43 26 mig
955 265 33 19 att
1003 263 22 21 få

195 288 96 22 vidhålla
306 290 47 20 mitt
368 292 84 19 senaste
466 291 100 25 yttrande
583 291 39 21 och
638 290 87 27 förslag,
742 291 27 21 dä
782 291 38 26 jag
835 297 28 15 nu
879 292 24 20 är
918 293 6 18 i
940 291 84 21 tillfälle

195 318 32 20 att
250 318 95 26 upplysa,
367 318 54 21 huru
443 318 182 28 Borgareständet
645 319 33 21 för
693 320 31 20 sin
741 319 34 21 del
798 319 168 22 äterremitterat
981 320 43 20 frä-

194 351 48 20 gan.
274 346 74 24 Efter
363 347 70 21 slutad
448 348 120 20 diskussion
585 348 39 21 och
640 348 152 27 försiggängna
805 348 158 27 omröstningar
971 354 53 21 upp-

195 374 64 26 drogs
282 374 22 22 ät
326 374 166 23 Statsutskottet
514 379 32 18 att
562 377 108 21 inkomma
685 377 47 21 med
749 376 80 27 förslag
845 377 32 21 till
893 377 36 21 det
943 377 80 27 anslag,

195 408 46 15 som
258 402 33 22 för
308 404 136 22 bedrifvande
459 404 22 22 af
495 405 103 21 arbetena
614 405 14 21 &
643 412 28 14 nu
687 405 162 27 ifrägavarande
858 405 165 28 jernvägsbygg-

195 432 67 20 nader
277 432 69 21 kunde
362 433 90 25 anvisas,
473 433 92 21 hvarhos
581 434 91 21 Ständet
687 434 70 21 beslöt
772 434 99 21 meddela
886 434 137 22 sistbemälda

195 460 90 21 Utskott
303 464 31 18 att
350 461 89 22 Ständet
454 462 34 21 vid
501 463 107 21 fattandet
619 463 23 21 af
650 463 139 21 förenämnda
806 463 70 21 beslut
891 463 70 27 utgätt
976 463 47 22 frän

196 489 40 21 den
251 490 152 27 förutsättning
418 493 32 19 att
466 494 31 18 ett
512 491 74 27 anslag
602 491 23 21 af
639 492 97 27 omkring
752 493 13 20 4
776 491 99 27 miljoner
883 492 60 21 mark
952 492 71 21 kunde

195 524 68 21 under
279 526 60 19 nästa
353 524 142 28 finansperiod
511 525 87 28 beviljas
613 527 34 20 för
662 526 123 21 utförandet
801 526 23 21 af
845 520 60 27 Äbo—
912 516 63 42 Karis
988 527 35 20 ba-

196 555 63 23 nan";
276 553 39 21 och
332 553 80 27 hoppas
425 555 37 26 jag
478 556 32 19 att
525 555 51 20 R.o.
586 555 24 20 A.
620 554 48 21 ville
678 554 75 22 affatta
760 555 38 21 sitt
806 555 217 21 äterremiss-beslut
1012 549 13 37 i

183 581 130 27 "ungefärlig
339 583 218 21 öfverensstämmelse
583 583 94 22 härmed,
703 583 33 21 för
760 586 33 18 att
818 584 46 20 icke
881 583 68 27 någon
965 585 59 20 olika

195 609 55 27 äsigt
272 610 34 21 mä
324 617 61 15 anses
401 611 119 22 förefinnas.
553 612 59 21 Hvad
630 612 101 21 beträffar
747 613 26 20 de
789 612 140 27 erforderliga
944 613 79 21 omfor-

196 639 162 26 muleringarna,
383 641 24 20 är
429 640 37 27 jag
492 640 124 27 öfvertygad
642 647 34 15 om
692 643 32 18 att
740 641 212 26 Jernvägsutskottet
967 641 57 22 skall

195 670 48 18 veta
259 668 95 27 iakttaga
370 669 39 21 den
423 669 20 21 af
458 669 76 21 sakens
551 669 145 22 beskaffenhet
712 669 115 27 påkallade
843 669 60 22 form.

264 742 152 22 Diskussionen
439 744 132 21 förklarades
594 744 99 27 afslutad,
714 744 107 21 hvarefter
836 745 25 20 R.
878 751 18 14 o.
913 745 24 20 A.
954 744 69 21 beslöt

195 772 32 19 att
249 771 6 20 i
279 771 37 21 sak
339 775 78 23 antaga
440 772 172 21 Presteständets
631 773 156 21 ofvanberörda
803 773 124 26 inbjudning
943 772 80 21 beträf-

195 799 63 21 fande
275 799 94 22 banorna
385 801 72 20 Keuru
471 813 11 2 —
488 801 114 27 Jyväskylä
631 801 99 21 Suolahti
745 804 56 18 samt
823 796 62 27 Äbo—
891 792 72 41 Karis,
974 807 48 15 men

195 830 32 18 att
254 828 115 21 emellertid
396 829 157 22 återremittera
578 830 88 21 ärendet
686 831 32 20 till
733 830 213 27 Jernvägsutskottet
961 830 6 21 i
983 830 39 21 och

195 856 33 21 för
251 858 136 25 uppgörande
409 859 23 20 af
451 859 81 26 slutligt
548 858 237 27 formuleringsförslag,
800 859 66 26 jemte
882 859 35 20 det
933 858 89 22 Ständet

195 885 98 27 uppdrog
308 885 22 22 ät
345 885 165 23 Statsutskottet
525 890 32 18 att
572 888 108 20 inkomma
695 888 48 21 med
759 888 80 26 förslag
853 888 31 20 till
896 888 35 20 det
942 887 80 27 anslag,

195 920 45 14 som
266 914 33 21 för
324 915 136 21 bedrifvande
487 916 23 20 af
532 916 103 21 arbetena
658 916 12 21 &
693 923 28 14 nu
737 916 163 27 ifrägavarande
913 916 110 27 jernvägs-

196 942 122 27 byggnader
333 943 70 22 kunde
419 945 91 20 anvisas.

265 1011 134 22 Beträffande
426 1012 171 22 Bondeståndets
624 1013 125 27 inbjudning
772 1014 91 20 rörande
879 1013 144 27 Mäntyluoto-

195 1039 71 22 banan
289 1040 122 22 framstälde
435 1042 32 20 Hr
490 1042 206 20 Landtmarskalken
715 1042 31 21 till
762 1042 25 21 R.
805 1048 18 14 o.
840 1042 37 21 A:s
893 1042 130 21 besvarande

195 1068 93 27 följande

465 1166 292 28 Omröstningsproposition:

264 1240 53 24 Den,
333 1246 44 15 som
393 1241 125 26 godkänner
532 1241 172 21 Bondeståndets
720 1241 126 27 inbjudning
862 1241 92 21 rörande
965 1241 58 21 Män-

195 1268 161 26 tyluotobanan,
373 1276 73 14 svarar
458 1270 32 26 ja;

265 1337 40 21 blir
321 1337 32 27 nej
370 1338 161 26 öfvervägande,
547 1338 39 21 har
601 1338 25 21 R.
642 1344 19 15 o.
678 1338 25 22 A.
720 1339 6 20 i
743 1338 70 22 denna
829 1338 34 21 del
873 1338 104 21 vidblifvit
987 1339 37 20 sitt

194 1365 59 21 förra
270 1366 69 20 beslut
353 1366 40 21 och
409 1367 67 27 afböjt
491 1367 159 26 inbjudningen.

264 1434 161 27 Propositionen
448 1436 127 20 besvarades
597 1436 48 20 med
668 1436 157 26 öfvervägande
838 1435 29 27 ja,
883 1435 139 27 hvarigenom

194 1462 25 21 R.
244 1468 19 15 o.
287 1464 24 20 A.
332 1463 132 22 beträffande
480 1464 204 26 Mäntyluotobanan
705 1464 84 26 antagit
804 1464 173 21 Bondeständets
992 1464 31 20 in-

194 1490 103 28 bjudning
320 1492 39 20 och
382 1492 90 21 sälunda
486 1492 33 21 för
534 1493 32 20 sin
582 1492 34 21 del
632 1492 87 22 beslutit
734 1495 33 18 att
783 1492 102 27 förslaget
901 1498 34 15 om
954 1492 69 21 denna

194 1519 67 21 banas
278 1520 109 26 byggande
403 1521 68 21 skulle
486 1520 89 22 förfalla.
