1181 1773
221 124 55 20 1294
470 130 24 16 R.
508 134 18 12 o.
539 130 21 16 A.
574 130 57 17 1894.
656 131 27 15 24
695 130 47 21 Maj.

191 209 68 21 brand
275 212 61 24 säger
351 210 78 24 vidare,
444 212 32 19 att
492 210 37 21 vär
545 210 106 21 folkskola
668 212 56 19 ännu
740 212 23 19 är
779 210 34 21 för
828 216 43 21 ung
885 210 44 27 ,för
944 212 32 19 att
987 210 31 21 öf-

190 244 37 15 ver
242 238 79 22 hufvud
337 238 67 26 nägon
422 238 94 22 definitiv
532 238 121 22 erfarenhet
668 239 109 27 angäende
792 240 116 25 gränserna
923 239 32 21 för
971 239 48 21 dess

191 267 242 27 utvecklingsmöjlighet
455 268 69 20 kunde
546 268 103 26 påvisas",
665 271 55 17 samt
743 270 32 18 att
791 268 55 23 ,den
861 267 76 22 hittills
952 268 68 20 under

191 296 134 26 tillämpning
347 296 22 21 af
397 296 40 21 den
461 296 137 21 kommunala
620 296 263 27 sjelfbestämningsrätten
906 296 112 27 onekligen

191 324 54 21 visat
267 331 24 14 en
316 324 119 27 betydande
456 325 112 21 lifskraft*.
600 325 42 21 Det
658 332 33 14 ser
706 324 83 22 således
804 327 30 22 ut,
851 331 44 15 som
911 331 34 15 om
960 325 57 21 Frih.

191 359 41 14 von
247 352 131 22 Willebrand
394 354 70 20 skulle
478 354 50 26 vilja
543 354 63 20 ställa
618 354 39 20 den
669 354 136 20 kommunala
816 353 204 27 sjelfbestämnings-

192 383 70 19 rätten
278 382 7 20 i
301 381 64 27 nägot
381 382 55 26 slags
452 385 91 18 motsats
559 382 32 21 till
608 382 35 21 det
658 382 70 26 tväng,
740 384 95 19 närmast
847 382 110 26 skoltväng
967 382 52 21 eller

191 410 108 26 skolpligt,
315 417 44 15 som
375 410 39 21 här
429 411 89 21 föresläs
534 411 32 21 till
582 411 123 26 införande;
722 417 47 15 men
783 411 37 26 jag
835 410 77 27 frägar,
927 417 33 15 om
971 410 48 21 icke

192 439 69 20 denna
277 439 135 22 kommunala
427 439 239 27 sjelfbestämningsrätt
686 440 44 26 just
745 440 123 26 ytterligare
882 439 67 22 skulle
965 441 53 19 stär-

191 467 38 21 kas
245 474 75 21 genom
338 469 39 20 den
395 469 102 26 rättighet
512 469 32 20 till
561 469 110 20 införande
688 469 23 20 af
724 469 107 26 läropligt,
847 474 44 15 som
907 468 89 21 föreslås
1011 467 7 21 i

191 496 122 22 Utskottets
333 497 140 21 betänkande.
490 510 27 3 —
534 497 58 21 Frih.
615 504 41 14 von
672 497 132 21 Willebrand
821 499 60 24 säger
897 497 71 20 vidare
987 498 32 19 att

192 525 35 20 det
251 527 24 19 är
297 528 32 18 att
352 526 79 27 hoppas
454 528 32 19 att
504 527 68 26 ,inom
590 533 24 14 en
628 526 156 27 jemförelsevis
800 532 49 15 snar
864 526 85 21 framtid
965 525 53 21 folk-

192 553 85 22 skolans
293 555 120 26 utveckling
427 561 76 20 genom
520 555 116 26 exemplets
652 555 39 21 och
708 555 159 20 erfarenhetens
879 555 58 20 makt
948 554 71 21 kunde

191 583 86 20 komma
300 585 31 18 att
354 583 117 26 mängfaldt
494 586 71 24 stegra
580 584 164 26 progressionen
760 584 31 20 uti
807 583 154 21 folkskolornas
977 583 41 20 till-

191 613 50 19 växt
264 611 39 21 och
323 614 50 18 utan
390 613 29 20 alt
435 613 64 26 tväng
515 613 102 20 realisera
632 613 56 20 hvad
703 611 178 28 folkbildningens
897 614 78 18 vänner
991 617 28 15 nu

191 640 57 20 finna
275 640 116 27 behöfligt*,
417 641 19 20 d.
459 647 18 14 v.
502 647 15 14 s.
541 644 33 17 att
590 641 42 20 alla
648 641 52 20 barn
717 641 61 20 skola
794 640 79 21 erhålla
889 641 129 20 åtminstone

192 668 205 27 folkskolebildning.
429 670 49 21 Men
504 676 33 15 om
560 670 20 20 vi
604 676 28 14 nu
655 670 62 21 kasta
733 676 24 14 en
774 669 57 21 blick
847 669 27 26 pä
890 670 39 20 den
945 669 72 23 tabell,

192 703 45 15 som
260 698 61 26 ingär
336 698 27 26 pä
378 698 37 21 sid.
432 699 34 24 36,
482 699 39 20 och
538 699 84 20 hvilken
639 699 65 20 redan
721 698 22 21 af
757 698 57 21 Frih.
832 698 21 21 af
867 698 100 21 Schult6n
984 697 34 21 vid

192 729 84 18 senaste
300 727 84 26 plenum
410 727 110 21 framhölls
544 728 70 20 såsom
637 727 93 21 särdeles
753 727 71 26 vigtig,
840 726 24 21 sä
879 733 22 14 se
917 727 19 20 vi
953 725 66 25 deraf,

193 757 32 18 att
247 755 36 20 det
305 755 98 21 absoluta
426 756 82 21 antalet
530 756 60 21 barn,
614 762 44 14 som
675 758 37 18 äro
728 756 6 20 i
751 755 101 21 afsaknad
869 755 23 20 af
906 755 112 20 folkskole-

192 783 157 27 undervisning,
365 784 67 21 under
448 785 26 20 de
489 787 85 18 senaste
586 785 27 20 20
624 784 50 21 åren
686 785 46 20 icke
743 784 110 26 minskats,
865 786 50 18 utan
926 785 92 19 tvärtom

193 814 92 24 stegrats
300 813 47 20 med
364 813 65 26 något
445 813 58 21 öfver
515 814 70 21 6,000.
608 813 155 26 Befolkningen
774 813 39 20 har
824 813 120 26 visserligen
957 812 62 21 ökats

192 840 38 21 och
253 841 7 20 i
283 840 132 22 förhållande
432 842 68 21 dertill
519 842 37 21 har
572 842 157 21 folkskolornas
746 841 39 21 och
801 841 217 21 folkskoleelevernas

192 869 57 21 antal
275 869 67 25 ökats,
364 877 46 14 men
435 871 36 20 det
493 871 99 21 absoluta
610 871 82 21 antalet
708 871 59 23 barn,
784 876 44 15 som
845 872 36 19 äro
897 871 50 19 utan
964 869 54 21 folk-

193 898 160 27 skolebildning,
370 899 38 21 har
424 900 102 20 förblifvit
542 900 89 26 ungefär
646 900 124 20 detsamma.
793 899 39 21 Om
848 899 20 20 vi
883 898 67 21 skulle
962 900 57 19 rätta

193 932 34 15 oss
249 927 54 21 efter
326 929 59 19 dessa
409 928 77 25 siffror,
510 928 68 21 skulle
602 929 18 19 vi
637 928 86 21 komma
739 928 80 21 derhän
835 930 38 22 att,
890 927 54 21 huru
960 927 59 26 långt

192 955 19 21 vi
235 957 26 19 än
285 962 22 14 se
329 956 52 20 fram
405 957 6 20 i
433 957 65 25 tiden,
520 957 36 21 det
571 957 61 21 alltid
648 957 68 21 skulle
732 956 67 21 finnas
815 956 97 26 omkring
931 956 88 24 140,000

192 984 53 20 barn
261 984 7 21 i
284 984 95 26 Finland,
401 985 73 21 hvilka
488 992 50 14 vore
554 988 52 18 utan
619 985 206 27 folkskolebildning.
856 985 26 20 Vi
895 984 62 21 hafva
972 984 46 20 icke

192 1012 67 21 heller
285 1013 67 26 någon
379 1016 42 18 rätt
447 1016 33 19 att
502 1017 39 23 tro,
565 1017 32 18 att
618 1020 28 14 nu
662 1014 96 26 plötsligt
774 1020 25 15 en
816 1013 65 21 sådan
897 1013 123 26 förändring

192 1041 68 21 skulle
277 1042 90 26 inträda,
383 1045 32 18 att
431 1043 58 21 detta
500 1043 58 21 antal
570 1044 6 19 i
588 1043 140 26 väsentligare
739 1043 53 26 grad
804 1042 68 21 skulle
883 1042 98 20 minskas.
991 1054 28 2 —

192 1069 31 21 På
246 1070 65 20 slutet
333 1071 22 21 af
377 1072 37 20 sid.
431 1072 27 20 62
474 1074 69 24 yttrar
560 1072 56 20 Frih.
633 1078 39 14 von
690 1071 131 21 Willebrand
838 1071 83 20 vidare:
944 1070 75 26 ,otvif-

192 1098 104 27 velaktigt
318 1101 24 19 är
364 1100 33 20 väl
419 1100 103 24 deremot,
538 1103 32 18 att
587 1100 127 26 utbytandet
729 1100 23 21 af
765 1099 115 27 impulsens
895 1099 64 21 frihet
974 1101 45 18 mot

193 1127 134 27 öfverhetligt
349 1129 64 25 tvång
435 1129 107 21 kännbart
564 1129 68 21 skulle
649 1129 64 20 bland
728 1128 83 27 menige
826 1134 49 15 man
891 1128 82 20 minska
987 1128 32 20 in-

192 1158 77 18 tresset
292 1156 32 21 för
342 1157 178 27 folkbildningens
536 1157 135 27 främjande".
701 1158 42 25 Jag
758 1157 97 21 betviflar
868 1156 51 25 icke,
936 1158 31 18 att
983 1156 37 20 det

192 1184 67 21 finnes
275 1184 107 27 åtskilliga
398 1192 107 20 personer,
522 1186 78 26 hvilka,
617 1186 105 20 ställande
738 1186 31 26 sig
785 1186 28 26 på
824 1186 69 20 denna
905 1184 113 26 allmänna,

192 1214 116 20 teoretiska
333 1214 139 26 ståndpunkt,
498 1214 68 21 skulle
592 1215 70 20 känna
686 1215 37 21 sitt
745 1215 90 20 intresse
851 1214 32 20 för
897 1213 122 21 folkskolan

192 1242 80 25 svalna,
289 1242 6 20 i
309 1242 36 20 fall
361 1242 171 28 folkskoletvång
553 1244 69 20 skulle
645 1243 87 25 införas,
749 1249 47 15 men
810 1243 37 26 jag
862 1242 77 26 frågar,
955 1242 64 20 huru-

192 1270 48 20 vida
264 1276 47 15 man
335 1271 41 20 kan
401 1272 64 20 tänka
482 1272 36 26 sig,
535 1274 32 18 att
584 1272 59 20 detta
659 1272 171 25 folkskoletvång
846 1270 89 21 faktiskt
950 1270 69 21 skulle

191 1298 82 22 verka
265 1294 13 37 i
291 1300 39 20 den
346 1300 99 26 riktning,
461 1303 32 18 att
509 1301 19 20 vi
543 1301 47 20 icke
606 1300 68 21 skulle
690 1300 86 21 komma
792 1302 97 18 närmare
901 1299 35 21 det
947 1299 41 21 mål
999 1299 20 20 vi

192 1333 28 15 nu
236 1328 80 20 sträfva
332 1328 38 20 till.
390 1328 58 21 Skall
464 1335 48 15 man
529 1329 65 21 tänka
610 1329 30 26 sig
656 1331 32 19 att
704 1329 100 21 intresset
819 1328 96 21 kommer
926 1329 32 19 att
968 1328 51 20 min-

192 1355 49 21 skas
263 1357 6 20 i
293 1357 25 20 de
341 1356 132 27 kommuner,
494 1358 37 20 der
547 1364 28 14 nu
591 1358 62 26 ingen
669 1357 106 21 folkskola
791 1356 80 22 finnes?
901 1356 70 26 Något
986 1356 33 21 så-

193 1384 50 21 dant
267 1387 24 19 är
313 1385 46 21 icke
381 1386 108 26 tänkbart,
513 1386 27 21 då
559 1386 62 21 dessa
637 1386 125 21 kommuner
775 1386 24 26 ju
815 1385 46 21 icke
877 1384 62 21 hafva
955 1384 65 26 något

191 1413 90 21 intresse
297 1414 38 20 alls
351 1414 32 21 för
399 1414 125 21 folkskolan.
556 1415 59 20 Eller
630 1415 55 21 skall
701 1415 33 20 väl
750 1415 100 20 intresset
864 1414 92 20 minskas
971 1414 6 19 i
993 1413 26 20 de

192 1441 131 22 kommuner,
340 1442 37 21 der
393 1443 36 20 det
444 1443 67 21 finnes
527 1443 124 27 tillräckligt
667 1443 47 21 med
728 1442 134 22 folkskolor?
892 1442 70 26 Derpä
973 1448 46 14 sva-

192 1476 35 14 rar
247 1470 44 26 jag,
315 1473 32 19 att
370 1471 35 21 det
429 1472 33 20 väl
479 1472 105 26 knappast
601 1474 23 18 är
640 1472 80 26 troligt,
737 1474 32 18 att
786 1472 26 20 de
828 1471 129 26 kommuner,
973 1476 45 14 som

191 1498 47 22 icke
254 1498 88 22 beröras
357 1500 23 20 af
393 1500 70 20 denna
479 1501 33 25 lag
528 1506 34 15 om
578 1500 120 27 skoltvång,
714 1500 69 21 skulle
799 1499 28 27 på
842 1499 65 27 något
922 1501 42 19 sätt
975 1498 44 21 låta

191 1527 94 26 påverka
301 1528 30 26 sig
347 1528 23 20 af
384 1528 129 22 densamma.
544 1529 10 21 I
570 1528 73 22 hvilka
658 1529 126 21 kommuner
800 1528 69 21 skulle
883 1528 26 21 dä
920 1528 100 20 intresset
