1181 1773
387 128 115 18 Valreform
514 128 33 17 för
560 128 25 17 de
598 128 78 17 ofrälse
690 127 100 18 Stånden.
917 121 54 21 1493

393 236 103 24 Valreform
515 236 31 24 för
562 236 22 24 de
600 235 74 25 ofrälse
690 236 89 24 $tånden.

241 305 120 27 Föredrogs
383 305 163 27 Lagutskottets
569 305 135 21 betänkande
728 306 40 20 N:o
789 306 25 20 14
829 305 7 21 i
851 304 114 27 anledning
979 304 24 21 af

176 334 105 22 särskilda
306 334 55 20 inom
378 334 98 26 samtliga
491 334 67 21 Stånd
574 334 76 21 väckta
666 334 183 26 petitionsförslag
865 334 31 20 till
912 333 89 26 ändring

174 362 23 22 af
217 362 99 27 gällande
339 363 131 26 stadganden
492 362 110 28 angående
622 364 67 20 sättet
704 363 33 21 för
752 363 34 20 val
801 362 23 22 af
838 362 163 26 landtdagsmän

173 391 33 22 till
221 392 26 20 de
263 391 77 21 ofrälse
356 391 100 21 Stånden.

242 460 136 22 Diskussion:

243 529 32 22 Hr
290 529 25 22 V.
331 535 40 15 von
387 529 129 22 Hellens:
548 529 42 21 Det
614 531 24 19 är
664 529 47 21 icke
737 529 48 21 med
810 528 93 27 anspråk
927 528 28 27 på
969 529 33 20 att

174 559 73 20 kunna
267 558 62 21 vinna
351 558 66 27 gehör
439 558 5 21 i
462 558 60 21 detta
538 557 67 22 Stånd
628 564 45 15 som
687 557 37 27 jag
740 560 61 24 tager
816 557 32 21 till
864 557 67 21 ordet.
961 557 41 26 Jag

175 587 48 21 ville
248 587 55 21 blott
327 586 113 22 framhålla
467 587 43 21 min
535 587 62 26 äsigt,
623 587 106 26 nämligen
750 588 33 19 att
799 592 25 15 en
840 587 88 26 petition
943 586 8 21 i
967 585 35 22 det

175 615 54 28 syfte
245 615 158 22 reservationen
418 615 118 22 innehåller
552 615 67 21 borde
634 615 7 21 i
656 615 66 21 saken
738 615 83 21 aflåtas.

243 684 32 21 Hr
300 690 40 15 von
365 684 117 27 Wright:
519 683 74 22 Under
619 683 178 22 remissdebatten
823 690 34 15 om
883 683 35 21 det
933 683 23 21 af
970 683 32 21 Hr

174 713 53 21 Rein
253 713 33 20 till
311 713 24 20 R.
361 719 18 14 o.
411 713 24 21 A.
466 713 120 21 inlemnade
616 712 241 27 petitionsmemorialet,
888 711 113 22 hvaröfver

175 741 154 27 Lagutskottet
337 747 28 15 nu
373 741 81 27 afgifvit
462 741 143 24 betänkande,
614 741 56 21 tillät
676 741 37 27 jag
721 741 44 26 mig
773 741 65 21 redan
847 741 84 26 päpeka
939 741 64 20 önsk-

174 771 117 20 värdheten
317 770 21 21 af
364 772 31 19 att
420 770 66 26 nägot
508 769 48 22 frän
586 770 132 21 Ständernas
747 770 47 20 sida
823 770 66 21 mätte
905 769 98 26 tillgöras

173 799 34 21 för
232 801 33 18 att
287 798 94 27 aflägsna
406 799 26 20 de
456 799 207 26 missförhållanden,
685 805 45 14 som
746 798 67 21 redan
829 799 67 20 under
912 805 25 14 en
953 798 49 26 lång

173 827 52 27 följd
248 827 23 21 af
292 827 23 21 år
338 827 67 21 blifvit
423 827 159 25 konstaterade,
606 827 39 21 och
668 827 74 21 hvilka
765 833 28 14 nu
815 827 47 21 åter
892 827 25 21 de
937 827 5 20 i
953 827 49 20 alla

175 855 66 22 Stånd
257 856 120 21 inlemnade
392 856 239 26 petitionsmemorialen
646 856 126 27 ytterligare
788 856 79 26 belysa.
889 855 40 26 Jag
939 855 64 22 fram-

174 885 45 21 höll
246 885 33 25 dä,
305 887 31 19 att
363 892 25 14 en
413 885 108 21 afvisande
548 885 93 26 hällning
664 884 46 22 frän
727 884 130 22 Ständernas
873 885 46 21 sida
933 884 70 22 skulle

176 914 86 20 komma
284 916 33 19 att
339 914 56 20 inom
417 914 79 21 folkets
518 914 66 26 djupa
599 914 34 21 led
649 914 114 20 framkalla
778 914 153 26 misstämning.
961 913 41 27 Jag

174 942 42 21 kan
232 942 46 22 icke
294 942 111 21 underläta
419 944 33 19 att
468 949 28 14 nu
511 948 97 21 upprepa
623 943 67 20 detta.
707 942 50 21 Mitt
773 942 110 21 uttalande
899 948 34 15 om
941 942 61 21 arbe-

175 974 85 18 tarenes
279 971 146 26 misstämning
441 971 54 21 skall
510 971 108 21 mähända
634 972 46 20 äter
695 970 113 22 framkalla
823 977 98 20 gensaga.
936 970 67 22 Detta

174 999 42 21 kan
239 1000 54 20 dock
315 1000 18 26 ej
357 999 81 21 afhälla
457 1000 43 26 mig
515 1000 48 20 från
579 1002 32 18 att
626 1006 56 20 yppa
697 1000 43 20 min
757 1000 90 26 mening,
864 1000 88 20 emedan
966 999 37 27 jag

176 1034 62 15 anser
261 1028 33 21 för
317 1028 41 21 min
374 1028 52 27 pligt
441 1030 40 25 att,
496 1028 29 27 pä
540 1029 69 26 grund
625 1028 22 21 af
662 1029 40 20 den
719 1028 118 21 kännedom
852 1028 36 26 jag
903 1034 50 20 eger
967 1034 35 15 om

174 1056 262 22 arbetareförhällandena
462 1057 6 20 i
489 1057 80 26 landet,
595 1057 56 21 fästa
673 1057 218 27 uppmärksamheten
914 1056 33 28 pä,
971 1058 32 20 att

175 1092 26 14 en
221 1086 108 20 afvisande
345 1085 94 27 hällning
454 1087 110 25 gentemot
580 1086 25 21 de
621 1086 23 20 sä
660 1086 85 20 kallade
761 1086 117 20 arbetande
893 1085 110 21 klasserna

174 1114 42 21 kan
232 1114 85 21 komma
333 1116 30 19 att
379 1114 113 21 framkalla
507 1121 26 15 en
542 1114 154 26 misstämning,
712 1120 46 15 som
774 1120 49 15 man
831 1114 172 21 särskildt
937 1110 10 34 i
957 1114 46 21 värt

174 1142 50 22 land
240 1143 39 21 bör
299 1143 52 21 söka
365 1142 138 22 förekomma.
534 1143 10 21 I
560 1143 68 21 likhet
642 1143 48 21 med
706 1143 41 21 den
763 1145 84 19 senaste
863 1143 83 21 talaren
961 1142 42 21 kan

175 1172 46 20 icke
243 1172 67 20 heller
329 1172 37 26 jag
386 1171 82 27 hoppas
483 1173 33 19 att
531 1172 64 20 vinna
610 1172 66 26 gehör
691 1172 34 20 för
740 1172 49 20 mitt
803 1172 99 26 yttrande
917 1171 32 21 för
965 1177 38 15 an-

175 1200 102 26 tagandet
291 1200 24 21 af
329 1201 39 19 den
384 1200 146 21 betänkandet
544 1200 112 26 vidfogade
674 1201 165 25 reservationen,
855 1206 48 15 men
917 1200 36 27 jag
964 1200 39 20 har

175 1228 55 22 dock
246 1230 71 20 ansett
332 1229 43 26 mig
390 1228 53 22 böra
458 1228 80 28 afgifva
554 1229 60 21 detta
628 1229 119 21 uttalande.

444 1326 293 27 Omröstningsproposition
728 1322 13 35 :

244 1394 51 26 Den,
325 1400 45 15 som
395 1394 125 27 godkänner
545 1394 123 22 Utskottets
696 1394 138 27 afstyrkande
861 1394 142 27 betänkande,

175 1428 74 15 svarar
261 1422 32 27 ja;

186 1524 3 4 N
243 1496 42 21 blir
307 1496 34 26 nej
365 1496 163 27 öfvervägande,
547 1497 40 21 har
602 1497 25 21 R.
644 1503 18 15 o.
679 1498 25 20 A.
721 1497 99 21 omfattat
836 1497 36 21 det
887 1497 7 21 i
909 1502 94 16 reserva-

175 1526 72 20 tionen
262 1524 75 27 gjorda
352 1524 108 27 förslaget.
