1181 1773
456 120 231 32 Budgetbetänkandet.
904 122 54 20 1329

157 206 80 22 föreslå
262 207 25 21 de
312 207 123 32 ytterligare
460 206 178 34 inskränkningar
663 207 6 21 i
688 207 240 32 stämpelbevillningen,
944 212 45 15 som

159 236 72 20 kunna
253 235 85 21 komma
359 236 6 20 i
389 236 66 26 fråga,
477 235 23 21 så
517 237 23 19 är
556 236 76 20 sådant
648 236 122 26 visserligen
786 236 66 26 enligt
867 236 43 20 min
926 235 63 21 tanke

159 264 129 27 lämpligast,
304 270 48 15 men
365 264 36 27 jag
417 252 38 33 har
471 264 54 21 dock
541 264 27 26 på
583 264 89 21 förhand
688 264 57 21 velat
768 264 57 26 gifva
840 264 103 21 tillkänna
958 265 32 19 att

159 293 37 21 det
212 293 46 21 icke
273 299 61 20 synes
350 299 51 15 vara
423 292 193 27 Borgareståndets
638 293 85 26 mening
745 295 32 19 att
791 294 52 25 göra
858 292 29 27 så,
903 292 39 22 och
958 294 32 19 att

160 322 181 26 Borgareståndet
356 322 60 20 torde
437 321 119 21 förbehålla
578 322 31 26 sig
632 324 32 18 att
687 322 70 20 direkt
779 323 51 25 taga
851 321 92 21 initiativ
958 320 32 22 till

159 350 41 21 och
216 350 95 26 företaga
327 350 26 21 de
368 350 178 26 inskränkningar
568 350 31 20 uti
614 350 241 26 stämpelbevillningen,
872 350 32 20 till
920 349 71 21 hvilka

160 378 96 27 Ståndet,
272 379 28 27 på
315 379 67 26 grund
398 378 23 21 af
435 379 109 21 derstädes
567 378 119 27 uppgjorda
705 378 102 27 kalkyler,
824 378 41 21 kan
881 378 56 21 finna
953 384 37 15 an-

161 407 92 27 ledning.
285 408 37 20 Ett
337 407 64 21 altför
422 413 56 21 noga
493 407 157 21 inskränkande
665 407 31 21 uti
713 408 25 20 de
754 407 121 26 föreslagna
889 407 101 26 stämpel-

161 436 168 27 bevillningarna
351 442 61 21 synes
435 436 118 21 emellertid
575 436 66 27 enligt
656 436 43 21 min
715 436 64 21 tanke
795 436 46 21 icke
855 436 51 21 böra
921 437 69 26 göras,

160 465 103 21 särskildt
283 465 48 21 med
354 465 114 26 anledning
490 465 22 21 af
533 465 23 20 R.
581 471 18 15 o.
623 465 37 21 A:s
676 465 84 27 nyligen
776 465 81 20 fattade
874 465 68 20 beslut
958 466 32 19 att

160 494 131 26 tillmötesgå
315 493 170 22 Bondeständets
510 493 125 27 inbjudning
661 494 92 21 rörande
780 493 172 26 ölförsäljningen
979 492 12 21 å

160 522 153 27 gästgifverier,
330 524 51 19 enär
397 529 75 20 genom
495 523 129 26 antagandet
647 522 22 21 af
690 523 69 20 denna
775 522 125 27 inbjudning
915 521 76 22 ätmin-

161 553 62 18 stone
246 551 6 20 i
275 551 42 21 viss
340 551 48 20 män
411 557 25 14 en
457 551 63 20 säker
536 551 120 26 minskning
671 551 23 21 af
707 551 236 26 inkomstbevilloingen
958 550 33 21 för

163 579 144 27 maltdrycker
329 580 60 21 torde
413 580 71 20 kunna
507 582 97 19 emotses.
636 579 42 22 Det
693 581 24 19 är
732 580 62 21 dessa
810 579 181 26 omständigheter

159 607 38 28 jag
213 609 56 20 velat
284 609 75 26 bringa
374 608 31 21 till
421 608 23 21 R.
463 615 19 14 o.
498 609 37 20 A:s
551 608 127 24 kännedom,
694 608 39 21 och
749 608 96 21 anhåller
858 608 37 27 jag
910 614 29 15 nu
954 614 37 15 en-

163 637 47 20 dast
233 639 32 18 att
288 637 236 26 Bevillningsutskottet
546 638 66 19 mätte
634 637 20 20 fä
670 640 109 23 emottaga
794 637 198 26 protokollsutdrag

162 665 59 21 öfver
236 666 25 21 R.
277 672 18 14 o.
313 666 36 21 A:s
365 665 70 22 beslut
450 665 132 22 beträffande
593 666 58 21 såväl
662 665 273 27 maltdrycksbevillningen
946 671 45 15 som

161 694 66 21 ocksä
243 694 131 21 beträffande
394 694 240 27 stämpelbevillningen,
650 695 88 20 emedan
755 695 36 20 det
807 696 24 19 är
846 694 103 27 antagligt
960 695 32 19 att

163 722 94 22 Ständen
283 725 76 19 stanna
382 723 7 20 i
413 723 57 21 olika
493 723 71 21 beslut
590 723 30 21 uti
637 723 61 20 dessa
713 723 72 26 frägor
801 723 39 20 och
856 725 32 18 att
903 722 89 21 sälunda

161 751 295 27 sammanjemkningsförslag
471 754 55 19 samt
542 751 98 27 möjligen
660 751 103 22 förstärkt
779 751 213 27 Bevillningsutskott

162 779 129 22 härutinnan
307 780 64 21 blifva
387 780 22 21 af
422 780 76 21 nöden.

233 854 32 21 Hr
281 854 22 21 L.
353 854 133 21 Mechelin:
519 855 41 20 Det
582 855 42 20 kan
640 854 134 27 naturligtvis
790 854 46 21 icke
851 861 28 14 nu
894 854 97 25 förutses,

162 883 8 21 i
186 883 71 21 hvilka
274 883 68 21 beslut
358 883 67 27 öfriga
440 883 67 21 Ständ
523 883 72 21 kunna
610 883 84 21 komma
710 885 33 19 att
758 887 76 17 stanna
849 883 58 21 säväl
918 883 5 20 i
933 882 60 27 fräga

162 918 35 14 om
221 912 176 21 Statsutskottets
419 912 145 26 föreliggande
586 912 136 21 betänkande
745 918 46 14 som
807 912 39 21 ock
861 912 7 20 i
884 911 59 27 fräga
959 918 34 14 om

163 940 118 27 detaljerna
300 940 22 21 af
336 940 240 27 stämpelbevillningen,
593 947 47 15 men
656 941 28 26 pä
698 940 66 22 basen
780 940 23 21 af
817 941 34 21 det
862 940 76 26 beslut,
948 946 45 15 som

163 969 25 21 R.
205 976 19 14 0.
241 970 25 20 A.
283 969 7 21 i
306 970 41 26 dag
365 969 70 24 fattat,
452 976 61 20 synes
530 970 36 20 det
581 970 42 26 mig
639 976 51 14 vara
706 976 24 14 en
747 969 61 21 enkel
820 969 130 25 konsegvens
962 971 31 19 att

163 998 25 20 R.
205 1004 19 15 o.
241 998 24 20 A.
282 1004 29 14 nu
326 998 168 21 äterremitterar
511 998 143 21 betänkandet
670 998 109 26 angående
792 997 201 27 stämpelbevillnin-

164 1032 41 20 gen
228 1027 32 20 till
283 1026 242 27 Beviliningsutskottet,
541 1033 45 15 som
602 1033 50 21 eger
674 1014 109 33 inkomma
803 1027 47 21 med
866 1026 79 26 förslag
960 1028 33 19 rö-

164 1055 66 21 rande
247 1055 24 21 de
285 1043 136 33 reduktioner
436 1055 7 21 i
460 1056 35 20 det
510 1043 150 39 ursprungliga
670 1055 151 26 betänkandet,
830 1061 45 15 som
887 1054 106 22 erfordras

163 1083 35 21 för
214 1084 151 21 realiserandet
381 1084 22 20 af
417 1084 35 20 det
469 1084 121 21 beräknade
605 1084 200 21 inkomstbehofvet.
836 1084 70 26 Något
922 1084 72 20 vidare

164 1112 71 21 beslut
250 1115 45 18 tror
308 1112 36 27 jag
360 1113 46 21 icke
421 1112 47 21 från
483 1113 24 21 R.
525 1119 19 15 o.
560 1113 36 21 A:s
612 1112 46 22 sida
674 1112 108 22 behöfves.

234 1181 31 21 På
286 1180 32 22 Hr
340 1181 218 21 Landtmarskalkens
581 1181 155 26 framställning
758 1180 70 22 beslöt
845 1180 25 22 R.
887 1187 18 14 o.
922 1180 25 21 A.
963 1182 32 19 att

165 1209 33 21 till
214 1209 236 27 Bevillningsutskottet
470 1210 157 20 återremittera
649 1210 73 26 frågan
739 1216 34 14 om
789 1209 206 27 stämpelbevillning

165 1238 8 20 i
189 1238 99 21 afseende
304 1238 13 21 å
333 1238 39 20 den
387 1238 73 21 vidare
476 1238 123 26 beredning,
616 1238 84 21 hvartill
717 1238 100 21 Ståndets
829 1238 74 20 härvid
914 1238 80 20 fattade

165 1266 71 21 beslut
251 1267 91 21 rörande
357 1267 161 26 statsbudgeten
535 1267 71 21 kunde
621 1266 115 22 föranleda.

235 1340 59 21 Härå
309 1343 90 25 upptogs
415 1340 32 22 till
462 1341 130 26 behandling
612 1341 40 21 den
667 1340 21 21 af
703 1341 24 21 R.
745 1347 19 15 o.
780 1341 19 21 A
821 1340 34 21 vid
871 1339 124 27 pröfningen

164 1368 25 22 af
202 1368 247 28 Bevillningsutskottets
472 1370 136 20 betänkande
631 1370 39 20 N:o
693 1370 12 20 3
727 1375 34 15 om
777 1368 115 27 bevillning
907 1368 33 21 för
955 1368 41 20 till-

166 1398 103 26 verkning
285 1398 23 20 af
321 1398 143 26 maltdrycker
479 1398 106 21 beroende
606 1398 96 21 lemnade
718 1398 76 26 frågan
809 1404 33 14 om
860 1398 100 25 beloppet
976 1396 22 21 af

166 1426 93 21 nämnda
276 1426 119 27 bevillning.

236 1493 57 21 Frih.
311 1500 40 15 von
366 1494 88 22 Troil
470 1494 66 22 utbad
560 1495 31 27 sig
614 1495 72 21 dervid
705 1495 62 21 ordet
782 1494 39 22 och
836 1494 96 26 yttrade:
964 1493 33 21 Då

165 1522 26 21 R.
208 1528 18 15 0.
243 1522 24 21 A.
292 1529 28 14 nu
342 1522 95 27 godkänt
458 1522 177 22 Statsutskottets
657 1524 72 26 kalkyl
753 1523 89 21 rörande
861 1522 136 26 bevillnings-

905 1561 23 18 84
