1181 1773
223 130 55 20 1026
480 135 24 17 R.
518 140 17 12 o.
548 136 23 16 A.
584 136 57 16 1894.
666 136 23 16 16
701 136 48 20 Maj.

193 214 216 27 tionsexpeditionens
431 214 71 22 siffror
524 217 38 19 äro
584 216 25 20 de
625 216 55 20 enda
696 215 85 27 riktiga.
811 215 53 21 Sant
888 218 30 22 är,
941 218 32 19 att
987 215 34 21 för

193 243 144 21 innevarande
353 243 24 21 är
392 246 31 18 ett
438 246 60 19 extra
513 244 75 27 anslag
604 244 22 21 af
641 245 77 25 70,000
740 244 59 21 mark
815 244 55 22 mäst
885 244 88 28 beviljas
988 244 34 21 för

193 272 135 26 uppförande
350 272 23 21 af
393 272 49 22 stall
464 272 33 21 för
516 272 63 22 dessa
594 272 124 26 lokomotiv,
734 273 81 21 hvilket
831 273 67 21 mäste
914 280 51 14 vara
979 273 42 21 fär-

194 301 45 26 digt
253 300 34 21 till
303 301 48 20 dess
367 301 26 21 de
404 301 97 21 anlända.

263 329 42 21 För
332 329 55 21 hvad
409 330 38 26 jag
462 332 24 18 är
501 330 166 21 Statsutskottet
683 330 134 26 synnerligen
833 330 101 26 tacksam,
950 332 23 19 är
988 332 33 19 att

193 358 166 21 Statsutskottet
383 358 105 27 behjertat
511 358 41 21 den
575 358 107 26 anhällan,
706 364 45 15 som
772 358 37 27 jag
831 358 69 21 stälde
920 359 32 21 till
975 359 46 21 det-

193 392 82 16 samma
297 387 35 20 vid
355 387 183 25 remissdebatten,
562 388 106 26 nämligen
691 389 33 19 att
746 388 46 20 icke
815 388 57 20 sätta
891 387 129 27 Styrelsen
1008 383 16 35 i

192 415 134 27 förlägenhet
341 422 75 20 genom
432 416 34 20 för
482 416 86 26 knappa
583 416 80 26 anslag,
678 416 65 20 sedan
760 416 165 21 Statsutskottet
941 422 28 14 nu
985 422 36 15 en-

192 444 56 26 gäng
271 446 71 19 ansett
365 444 36 21 det
421 450 51 15 vara
494 444 132 27 nödvändigt
640 447 32 18 att
687 444 6 21 i
710 444 106 27 budgeten
833 447 94 24 upptaga
942 444 79 27 förslag

194 472 58 21 Öfver
275 475 69 18 större
367 473 227 27 nybyggnadsarbeten
610 473 39 22 och
665 473 138 22 anskaffande
818 473 23 21 af
854 479 27 21 ny
897 473 65 27 rörlig
977 479 44 15 ma-

193 502 68 21 teriel.
292 502 79 21 Härom
395 503 62 20 ordas
480 502 27 26 pä
529 503 66 20 slutet
614 502 23 21 af
656 502 38 21 sid.
718 503 13 20 6
754 502 39 21 och
819 502 27 27 pä
868 502 38 21 sid.
932 503 19 20 7.
981 503 42 26 Jag

194 530 39 21 har
248 533 45 18 mot
309 531 40 20 den
365 531 40 20 här
419 531 122 25 föreslagna
557 533 74 24 posten
654 531 47 20 icke
717 531 116 26 någonting
849 533 32 18 att
897 531 69 20 erinra
982 531 39 21 och

193 559 35 20 vill
245 559 88 26 hoppas,
349 561 32 18 att
397 566 47 14 man
461 559 47 22 med
524 559 64 26 nödig
611 559 141 27 hushällning,
776 565 45 16 som
839 559 23 26 ju
877 559 60 21 alltid
954 560 67 21 mäste

194 588 6 20 i
216 588 62 20 dessa
301 588 62 21 saker
387 588 114 27 iakttagas,
524 588 55 21 skall
603 589 71 20 kunna
698 588 31 21 slä
748 588 31 26 sig
795 590 28 19 ut.
855 588 166 21 Statsutskottet

193 618 62 24 säger
271 616 72 21 vidare
359 616 88 21 alldeles
462 617 80 26 riktigt,
559 618 32 19 att
614 617 82 21 inlösen
719 617 23 20 af
761 617 61 21 mark
838 616 33 21 för
886 617 135 26 stationspla-

193 651 41 15 nen
250 645 6 20 i
272 644 129 27 Petersburg
416 645 42 21 kan
474 646 63 21 ställa
552 646 32 26 sig
600 645 76 27 dyrare
692 647 26 19 än
738 645 121 21 beräknats.
890 645 79 27 Tyvärr
984 652 37 20 ge-

193 674 77 21 staltar
285 674 30 26 sig
331 673 143 22 förhällandet
490 674 95 26 sälunda,
602 674 40 21 och
660 674 37 27 jag
713 674 38 21 har
767 674 46 21 icke
829 680 74 15 senare
919 676 27 19 än
961 675 5 20 i
982 675 39 25 gär

193 702 87 21 erhällit
295 709 25 14 en
337 703 91 26 depesch
443 703 47 20 frän
512 703 136 26 Petersburg,
672 709 45 14 som
741 703 106 26 upplyser,
869 704 32 19 att
921 703 47 20 med
984 709 37 14 an-

193 731 86 26 ledning
295 731 23 20 af
332 731 25 21 de
375 731 22 20 af
406 731 42 27 mig
456 731 110 21 derstädes
574 731 85 21 inledda
670 727 197 35 underhandlingar,
874 731 87 21 hvarvid
973 738 48 14 man

193 760 42 21 bad
254 760 43 26 mig
311 762 53 23 göra
379 761 71 20 anbud
466 760 26 27 pä
508 760 39 21 den
566 761 93 20 önskade
681 760 95 25 marken,
795 760 223 25 värderingskommis-

192 789 74 20 sionen
289 789 34 20 vid
346 789 140 26 Petersburgs
510 789 152 26 stadsstyrelse
684 789 124 20 fördubblat
831 789 35 20 det
889 788 22 21 af
930 789 42 26 mig
987 795 33 14 er-

193 817 80 26 bjudna
298 817 71 26 priset,
393 818 12 19 5
428 817 61 21 rubel
510 824 39 20 per
571 818 90 25 gvadrat
683 817 64 26 famn,
762 817 33 21 till
812 818 26 20 10
854 817 65 21 rubel.
951 817 69 21 Saken

192 846 69 26 gäller
281 846 76 25 50,000
373 846 175 26 gvadratfamnar
570 846 39 21 och
632 846 82 21 säledes
730 852 25 15 en
771 846 95 26 stegring
873 845 47 22 frän
929 847 92 23 250,000

193 874 32 22 till
241 875 92 25 500,000
350 875 60 21 rubel
425 875 71 21 silfver
512 875 76 21 endast
610 875 34 21 för
664 875 82 21 inlösen
762 874 23 21 af
799 874 67 21 mark.
897 875 34 20 Nu
946 876 23 19 är
985 875 36 21 det

192 904 47 20 icke
255 903 84 21 absolut
354 904 68 26 sagdt,
438 906 33 18 att
486 910 49 14 man
550 903 55 21 skall
620 903 92 21 behöfva
727 906 76 23 genast
819 906 50 22 taga
884 905 31 19 ett
932 903 23 21 sä
966 906 54 18 stort

193 932 94 25 omräde,
309 938 48 14 men
380 932 36 21 det
438 932 54 21 hade
515 932 56 21 varit
590 932 84 26 mycket
698 932 99 26 önskligt,
814 938 33 15 om
875 938 48 14 man
939 932 81 20 kunnat

192 960 107 22 förvärfva
315 962 31 19 ett
361 960 24 21 sä
400 963 54 19 stort
470 961 86 21 omräde
572 961 32 21 till
620 961 78 25 skäligt
713 961 39 20 och
769 960 68 27 billigt
853 960 50 26 pris,
919 960 70 21 säsom
1003 963 16 18 t.

193 996 30 14 ex.
240 990 13 20 5
269 989 61 21 rubel
346 989 67 21 skulle
430 989 62 21 hafva
507 990 61 24 varit,
585 989 39 21 och
643 990 34 26 jag
693 989 38 21 har
746 989 33 21 för
795 991 32 19 att
842 989 71 21 kunna
929 989 6 20 i
951 989 68 26 nägon

192 1018 49 20 män
256 1019 53 25 göra
325 1024 34 14 oss
374 1018 120 21 oberoende
506 1018 23 20 af
535 1018 75 20 staden
619 1018 64 21 ocksä
691 1018 66 20 inledt
766 1018 194 26 underhandlingar
972 1018 48 20 med

192 1046 97 21 enskilda
311 1052 107 20 personer,
435 1053 44 14 som
496 1046 62 21 hafva
576 1046 101 26 lämpliga
692 1048 80 19 tomter
783 1046 28 26 pä
826 1046 68 20 andra
909 1046 60 21 sidan
985 1052 34 15 om

189 1075 124 27 jernvägen,
333 1081 46 15 men
396 1075 67 21 under
478 1076 12 21 8
507 1075 60 21 rubel
583 1075 41 21 kan
640 1081 50 15 man
705 1075 46 21 icke
767 1075 82 26 hoppas
864 1077 33 18 att
912 1074 20 21 få
943 1075 77 26 nägon-

191 1104 56 26 ting;
265 1103 27 21 bl.
309 1110 18 14 a.
344 1104 67 20 finnes
426 1104 38 20 der
479 1110 25 14 en
520 1104 87 26 lämplig
623 1106 54 18 tomt
700 1110 34 14 om
751 1103 59 21 öfver
826 1104 78 25 20,000
920 1104 99 26 gvadrat-

191 1132 85 21 famnar
298 1132 53 20 midt
374 1135 56 18 emot
454 1133 91 20 stadens.
576 1132 42 21 Det
636 1134 24 19 är
679 1138 28 15 nu
723 1139 26 14 en
765 1133 45 22 sak,
826 1138 45 15 som
887 1132 67 20 mäste
970 1134 49 18 när-

191 1167 60 15 mare
266 1160 92 27 pröfvas,
374 1167 48 15 men
435 1160 37 28 jag
490 1161 48 21 ville
554 1162 52 25 säga
620 1163 32 19 att
667 1160 33 21 för
715 1161 82 21 sädana
811 1160 105 27 surpriser
931 1162 24 19 är
971 1166 48 15 man

190 1191 70 19 utsatt
275 1190 47 20 med
339 1196 25 14 en
387 1190 66 20 sädan
476 1189 52 21 affär
543 1195 45 15 som
604 1190 52 20 vära
671 1190 174 26 statsjernvägar.
875 1188 34 21 Nu
924 1188 96 22 kommer

187 1218 38 27 jag
240 1218 34 20 till
289 1218 40 20 den
353 1218 119 26 egentligen
494 1218 119 26 kinkigaste
633 1218 101 26 punkten.
764 1218 31 20 Pä
818 1218 37 20 sid.
880 1218 13 20 8
917 1218 103 20 uträknar

191 1246 167 21 Statsutskottet
373 1246 28 27 pä
415 1247 69 26 grund
500 1246 22 21 af
536 1247 46 20 sina
598 1246 102 27 kalkyler,
716 1248 33 19 att
764 1246 36 21 det
816 1246 67 21 skulle
900 1246 80 20 äterstä
988 1248 31 18 ett

191 1275 120 21 Ofverskott
326 1275 23 21 af
362 1276 112 24 5,736,481
498 1275 68 23 mark,
581 1276 149 20 motsvarande
753 1275 6 20 i
781 1275 65 20 rundt
861 1275 31 20 tal
909 1275 112 26 1,900,000

191 1303 62 22 mark
269 1303 79 27 ärligen
365 1304 70 20 säsom
452 1304 118 26 disponibla
593 1304 69 20 medel
677 1306 33 18 att
724 1304 110 20 användas
851 1303 32 21 till
899 1303 120 21 annuiteter

190 1332 34 20 för
240 1338 42 20 nya
295 1332 142 26 jernvägslän.
468 1332 39 26 Jag
524 1332 53 21 hade
599 1333 65 20 redan
681 1332 40 21 den
737 1334 52 19 äran
805 1334 32 18 att
852 1333 119 24 omnämna,
987 1333 32 19 att

191 1360 105 22 Senatens
312 1361 204 26 dispositionsmedel
532 1361 47 21 med
603 1362 90 26 250,000
710 1360 61 21 mark
786 1360 81 26 ärligen
883 1360 52 20 böra
951 1362 68 19 sättas

190 1389 33 21 till
238 1390 7 20 i
261 1389 151 26 beräkningen,
429 1390 81 20 hvilket
532 1391 64 25 utgör
619 1390 92 25 750,000
727 1389 61 21 mark
803 1388 34 21 för
853 1388 106 26 perioden.
990 1388 29 22 Sä

189 1417 40 21 har
241 1418 39 26 jag
295 1417 46 21 haft
365 1420 52 19 äran
442 1418 80 26 påvisa,
545 1420 33 19 att
601 1418 91 25 160,000
715 1418 61 20 mark
794 1417 97 21 kommer
905 1417 32 21 till
953 1417 66 25 enligt

189 1446 363 27 Kommunikationsexpeditionens
567 1446 143 27 beräkningar
731 1449 46 18 mot
792 1446 177 21 Statsutskottets
985 1445 33 21 för

189 1475 180 26 remontarbeten,
386 1481 82 15 summa
491 1475 92 25 910,000
598 1475 68 25 mark,
682 1481 48 15 men
746 1474 24 21 sä
785 1474 67 21 finnes
869 1474 36 21 det
920 1476 56 19 ännu
992 1480 26 14 en

188 1505 56 25 post,
261 1510 34 14 om
311 1503 86 21 hvilken
413 1504 36 20 det
464 1504 46 20 icke
526 1505 87 19 nämnes
628 1503 117 27 nägonting
760 1504 6 20 i
783 1503 70 21 denna
864 1502 82 27 kalkyl,
963 1508 56 15 eme-

189 1532 42 20 dan
247 1532 73 20 derom
336 1534 57 19 ännu
408 1532 46 21 icke
469 1532 115 27 nägonting
600 1534 24 19 är
639 1532 47 21 med
703 1532 102 21 säkerhet
819 1532 100 26 afgjordt.
950 1531 70 21 Stats-
