1181 1773
215 108 56 21 1224
464 114 24 17 R.
501 119 17 12 o.
532 115 22 16 A.
567 115 57 16 1894.
650 115 22 17 21
685 115 48 20 Maj.

185 194 23 20 af
228 193 62 23 deras
309 194 58 22 förra
389 194 77 27 beslut,
481 195 115 26 godkänna
610 201 27 15 en
653 195 66 21 sådan
735 194 170 22 ständermotion
922 201 33 14 om
971 193 43 21 för-

184 222 185 28 fattningsförslag
391 224 109 26 angående
523 224 91 26 ändring
636 224 24 20 af
680 224 25 20 12
722 224 12 26 &
750 224 6 20 i
773 224 150 26 förordningen
938 222 23 22 af
975 222 40 21 den

185 251 13 21 2
219 251 61 27 April
304 252 61 26 1883,
387 258 45 15 som
456 252 36 22 det
511 252 23 21 af
546 252 208 27 landtdagsmännen
769 252 135 26 Tensikkala,
921 250 93 23 Oittinen

185 286 28 15 m.
234 280 20 20 f.
277 280 126 22 framstälda
418 281 174 27 motionsförslag
607 281 114 25 innehölle,
737 281 55 21 dock
807 281 48 21 med
871 281 40 20 den
927 280 88 26 ändring

185 310 33 19 att
233 309 122 26 gästgifveri
370 309 27 27 pä
412 310 74 21 landet
501 310 53 26 egde
569 310 103 26 rättighet
683 312 32 18 att
726 310 48 20 med
785 309 160 21 vederbörande
956 309 59 21 kom-

185 343 62 15 muns
263 337 94 21 tillständ
374 338 23 21 ät
411 338 90 22 resande
517 338 32 22 till
565 338 105 26 förtäring
681 338 28 27 pä
720 338 72 21 stället
804 338 87 26 försälja
901 338 114 26 maltdryc-

185 366 48 25 ker;
251 366 38 21 och
307 366 65 22 borde
388 366 22 22 ät
425 367 113 21 Utskottet
553 366 142 22 öfverlemnas
710 368 33 20 att
758 367 7 21 i
781 367 69 21 denna
866 366 92 26 riktning
970 372 45 15 om-

185 394 77 22 arbeta
277 394 126 22 förberörda
418 396 182 26 motionsförslag.

256 469 49 21 Med
328 469 113 28 anledning
464 469 21 22 af
506 470 69 21 denna
594 469 172 22 Bondeständets
781 469 125 27 inbjudning
921 469 94 27 yttrade:

256 543 57 21 Frih.
329 543 25 22 R.
370 544 24 21 A.
445 544 81 21 Wrede:
547 544 41 26 Jag
603 543 38 22 ber
652 546 32 19 att
694 544 22 21 få
726 543 87 22 förorda
822 543 58 22 bifall
891 543 31 21 till
933 543 81 22 Bonde-

187 571 96 22 ständets
299 572 130 27 inbjudning.
460 573 41 26 Jag
516 574 39 25 gör
570 573 36 20 det
622 573 46 20 icke
684 572 71 21 derför
771 575 32 18 att
815 572 38 33 jag
868 572 33 21 för
916 573 43 20 min
970 578 45 20 per-

187 600 83 26 sonliga
293 601 34 20 del
346 601 68 21 skulle
430 607 50 15 anse
497 601 36 21 det
549 607 51 15 vara
615 607 25 15 en
657 601 71 21 bättre
744 601 40 21 och
800 602 68 20 visare
884 600 131 27 lagstiftning

187 630 33 19 att
242 629 99 26 förbjuda
365 630 172 27 ölförsäljningen
560 629 12 22 å
587 629 175 28 gästgifverierna
779 630 57 25 eller,
852 629 70 21 såsom
938 629 39 20 här
992 631 23 18 är

186 658 7 21 i
208 657 67 28 fråga,
291 658 128 21 öfverlemna
435 659 22 20 ät
479 659 153 20 kommunerna
655 658 103 27 rättighet
781 661 32 18 att
828 659 97 20 meddela
939 658 77 21 sådant

186 686 86 25 förbud,
296 688 26 19 än
345 687 41 21 den
409 687 139 27 lagstiftning,
564 693 45 15 som
625 687 6 21 i
645 688 59 20 detta
720 687 99 21 afseende
836 687 32 20 för
883 687 133 20 närvarande

186 715 75 26 gäller,
284 721 47 15 men
352 715 37 27 jag
410 715 122 22 föranledes
551 716 31 21 till
599 716 60 21 detta
673 716 96 27 yrkande
785 715 61 22 deraf
860 717 31 19 att
905 715 36 26 jag
956 715 60 26 tyckt

187 744 42 26 mig
252 743 108 22 förmärka
383 747 32 18 att
437 745 61 21 detta
520 746 24 19 är
560 751 25 14 en
601 745 161 26 angelägenhet,
778 744 81 27 hvarpå
874 744 141 21 landtbefolk-

186 773 78 26 ningen
287 773 40 21 och
348 773 102 22 särskildt
473 773 105 26 allmogen
600 773 66 21 fäster
689 773 134 26 synnerligen
849 775 46 18 stor
910 773 49 25 vigt,
975 773 39 20 och

187 801 90 21 emedan
297 801 37 26 jag
351 807 62 16 anser
431 804 33 19 att
479 802 23 21 R.
520 808 19 15 o.
555 802 25 21 A.
598 802 64 21 borde
679 802 96 27 begagna
791 802 32 26 sig
837 802 24 21 af
874 801 98 26 tillfället,
988 800 27 21 dä

186 836 27 15 en
235 829 66 22 sädan
328 830 154 27 angelägenhet
503 831 121 26 föreligger,
648 831 38 20 der
701 831 42 25 det,
759 830 70 21 sävidt
843 830 36 27 jag
895 830 41 20 kan
952 829 62 26 finna,

187 858 47 21 icke
257 860 24 19 är
304 858 23 21 sä
349 859 187 27 maktpäliggande
552 862 32 18 att
599 859 90 22 Ständet
704 859 69 21 skulle
790 859 101 20 vidblifva
906 859 37 20 sitt
958 858 57 21 förut

187 888 6 20 i
209 887 67 21 saken
292 887 81 21 fattade
389 888 76 26 beslut,
481 890 38 24 att,
536 890 62 24 säger
611 888 43 26 jag,
672 888 3 20 i
692 894 25 15 en
728 888 67 21 sädan
807 887 152 27 angelägenhet
971 888 44 20 visa

187 916 186 26 tillmötesgäende
392 919 44 18 mot
452 916 37 22 det
504 917 140 21 Hedervärda
659 916 166 22 Bondeständet.
856 916 42 21 Det
913 916 102 20 förhäller

187 945 32 26 sig
242 945 105 26 nämligen
369 946 48 20 med
441 946 40 20 den
501 946 120 26 fördelning
636 945 23 21 af
672 945 108 27 äsigterna
795 945 7 20 i
817 945 105 21 särskilda
937 944 78 27 frägor,

187 979 45 15 som
254 979 50 21 eger
325 980 46 14 rum
394 974 56 20 inom
470 974 38 21 vär
523 974 169 26 representation
709 974 39 21 och
765 974 56 20 inom
838 974 26 20 de
880 973 57 21 olika
953 973 61 21 Stän-

187 1002 47 26 den,
246 1002 25 20 sä
281 1004 37 24 att,
331 1008 34 15 om
376 1002 140 26 landtdagens
527 1002 135 22 verksamhet
670 1002 54 22 skall
734 1002 66 21 blifva
808 1002 159 25 fruktbärande,
980 1002 36 20 det

187 1032 24 19 är
233 1031 132 26 nödvändigt
385 1033 32 19 att
440 1030 94 22 Ständen
550 1031 130 27 tillmötesgä
695 1031 122 21 hvarandra
832 1031 31 20 uti
878 1030 81 21 sädana
973 1030 42 21 frä-

186 1065 45 20 gor,
256 1060 38 20 der
312 1060 59 20 detta
387 1060 41 20 kan
443 1060 39 20 ske
497 1062 52 18 utan
564 1060 140 26 uppotfrande
720 1060 23 20 af
757 1066 52 20 egen
826 1059 139 27 öfvertygelse
981 1065 33 14 om

187 1087 56 21 hvad
267 1094 44 14 som
331 1090 24 18 är
371 1090 50 22 rätt,
437 1088 40 21 och
492 1088 69 21 skulle
569 1088 37 27 jag
622 1088 27 26 pä
665 1088 62 21 dessa
743 1088 47 21 skäl
806 1088 109 21 vördsamt
929 1087 87 21 förorda

187 1115 59 22 bifall
263 1116 32 22 till
310 1116 158 27 inbjudningen.

257 1190 32 21 Hr
304 1190 164 27 Jägerhorn
483 1191 144 21 understödde
642 1190 57 22 Frih.
716 1190 89 22 Wredes
820 1190 85 27 förslag.

257 1264 70 21 Sedan
342 1264 27 26 pä
385 1264 73 22 derom
474 1264 23 22 af
510 1264 57 22 Frih.
584 1271 40 15 von
638 1264 78 22 Born
728 1264 63 28 gjord
804 1264 99 21 anhällan
915 1265 100 20 motions-

186 1292 105 27 förslaget
306 1292 68 22 blifvit
389 1293 23 21 af
423 1293 153 21 Sekreteraren
587 1293 92 27 uppläst,
695 1294 46 26 gafs
757 1294 63 20 ordet
835 1293 22 21 ät

256 1366 59 22 Frih.
335 1373 40 15 von
394 1368 83 25 Born,
488 1373 46 15 som
549 1367 96 27 yttrade:
662 1367 70 21 Sedan
740 1368 39 26 jag
787 1374 28 14 nu
831 1367 120 27 uppfriskat
967 1367 48 21 mitt

186 1395 71 21 minne
271 1395 23 21 af
303 1396 69 21 denna
387 1395 66 27 fräga,
470 1396 38 21 ber
521 1396 37 26 jag
573 1396 22 20 fä
610 1398 58 24 yttra
678 1396 43 26 mig
732 1396 6 20 i
749 1396 74 20 saken.
841 1395 82 21 Genom
934 1402 25 14 en
973 1395 42 21 till-

185 1423 99 27 fällighet
297 1430 37 15 var
345 1424 38 27 jag
393 1424 46 22 icke
456 1424 106 22 tillstädes
577 1424 35 21 vid
628 1424 36 21 det
679 1424 94 27 plenum,
782 1424 27 21 dä
815 1424 74 26 frägan
899 1426 72 19 senast
979 1423 35 21 be-

185 1452 126 26 handlades,
322 1453 38 21 och
369 1453 51 21 fann
428 1453 32 21 till
470 1453 42 21 min
520 1452 89 22 ledsnad
617 1452 78 22 efteråt
703 1459 25 15 ur
737 1453 134 27 tidningarne
879 1455 33 19 att
922 1452 24 21 R.
959 1458 17 15 o.
990 1453 25 19 A.

184 1480 97 27 godkänt
303 1481 153 21 betänkandet.
486 1481 41 27 Jag
546 1482 40 20 har
601 1482 65 20 redan
682 1482 34 20 vid
732 1481 91 27 tidigare
840 1482 127 25 landtdagar
982 1483 32 18 ut-

184 1509 55 21 talat
262 1510 43 26 mig
327 1510 6 21 i
355 1510 207 27 nykterhetsfrägan,
584 1510 40 21 och
647 1510 70 21 säsom
739 1510 29 26 pä
789 1510 73 21 landet
877 1509 82 21 boende
975 1509 39 21 och
