1181 1773
360 132 118 17 Arbetares
490 131 121 22 försäkring
623 132 32 16 för
667 130 119 22 olycksfall.
906 125 53 21 1375

159 212 69 21 skulle
251 212 71 20 kunna
345 212 84 20 besluta
453 212 43 26 mig
512 212 33 21 till
561 212 76 21 sådant
652 212 110 21 ordnande
777 212 24 21 af
815 212 65 21 saken
896 218 45 14 som
957 212 32 20 Hr

160 240 103 22 Mechelin
286 240 113 27 föreslagit,
420 242 33 19 att
475 241 37 20 det
530 241 105 26 nämligen
651 240 68 22 skulle
734 240 87 22 fastslås
836 240 70 21 såsom
922 240 66 26 regel,

160 271 31 19 att
214 269 69 21 denna
305 268 99 22 säkerhet
426 268 32 22 för
482 269 144 26 fullgörandet
648 268 23 22 af
688 269 181 27 arbetsgifvarens
884 268 105 27 ifrågava-

160 298 66 20 rande
250 297 129 21 förbindelse
403 297 69 21 skulle
495 304 51 14 vara
569 304 25 14 en
618 298 70 26 vanlig
710 298 107 25 säkerhet,
834 300 57 24 pant,
908 297 80 27 borgen

160 332 27 15 m.
211 332 34 20 m.
269 332 25 14 en
310 326 65 21 sådan
394 326 23 21 af
431 326 56 21 hvad
502 327 46 25 slag
563 332 44 15 som
624 326 61 23 helst,
700 332 46 16 som
762 326 167 26 arbetsgifvaren
946 326 42 20 kan

161 354 68 22 förete
244 354 34 21 för
293 360 25 15 en
335 354 128 27 myndighet,
479 355 31 20 låt
526 361 51 15 vara
592 355 206 26 Industristyrelsen,
812 354 38 22 och
862 361 45 15 som
919 355 69 21 denna

161 383 124 27 myndighet
305 383 68 21 skulle
396 383 64 21 hafva
484 386 32 18 att
531 383 81 27 pröfva.
642 383 75 21 Denna
733 383 99 27 pröfning
847 389 62 21 synes
925 384 41 25 mig
981 383 6 21 i

161 412 61 26 fråga
240 418 33 15 om
290 412 71 26 dylika
376 412 125 21 säkerheter
516 412 6 20 i
538 412 78 26 många
631 412 37 20 fall
684 418 51 15 vara
751 412 48 21 svår
815 412 32 21 för
858 418 24 14 en
895 412 95 26 myndig-

161 440 36 22 het
213 440 66 21 sådan
294 447 45 14 som
355 440 207 27 Industristyrelsen,
578 441 40 21 och
632 440 36 27 jag
683 440 39 22 har
737 440 32 22 för
785 441 42 21 min
843 441 33 20 del
893 440 47 21 med
957 440 31 21 af-

161 470 78 20 seende
260 469 53 21 härå
335 469 73 25 tviflat,
424 469 105 22 huruvida
551 470 36 21 det
605 470 23 21 af
647 469 112 22 Utskottet
775 470 117 26 tillstyrkta
907 469 80 20 undan-

161 500 59 24 taget
242 505 49 14 vore
307 498 24 21 så
345 498 103 27 lämpligt,
465 504 47 15 men
528 499 73 20 härom
618 498 72 27 gäller,
706 501 32 18 att
755 499 36 20 det
807 499 67 20 skulle
890 504 51 14 vara
957 499 31 19 ett

162 527 107 26 undantag
291 527 54 20 ifrån
369 527 158 25 hufvudregeln,
543 529 31 19 att
590 527 142 21 förbindelsen
749 527 41 21 kan
807 527 101 26 fullgöras
924 527 23 20 af
961 533 28 14 en

161 555 81 27 verklig
267 555 217 26 försäkringsanstalt,
508 561 46 15 som
580 556 88 20 sålunda
693 562 74 15 svarar
782 555 33 21 för
836 556 151 25 ersättningen.

162 584 43 21 För
228 584 42 21 min
289 584 34 21 del
339 590 62 15 anser
414 584 42 27 jag,
472 586 32 19 att
520 585 40 20 den
576 584 154 27 obligatoriska
745 584 146 26 försäkringen
907 584 84 26 ganska.

163 613 33 20 väl
212 613 53 20 låter
280 612 96 21 försvara
391 613 37 26 sig,
445 613 39 20 och
500 613 7 20 i
523 613 75 26 sjelfva
614 613 73 20 verket
703 613 116 21 innefattar
833 613 40 20 den
885 613 34 20 det
933 613 55 20 enda

161 643 74 24 sättet,
258 641 27 26 på
306 641 80 21 hvilket
409 641 198 22 tillfredsställande
630 641 100 21 säkerhet
754 641 41 21 kan
812 641 89 21 beredas
917 641 22 20 åt
955 647 33 14 ar-

162 670 79 21 betare.
272 670 278 26 Försäkringsanstalterna,
572 670 102 21 förutsatt
696 670 136 27 naturligtvis
854 672 33 18 att
909 669 25 21 de
950 671 38 18 äro

162 699 33 20 väl
212 699 93 20 ordnade
321 699 39 20 och
376 699 92 20 kontroll
484 699 163 24 underkastade,
667 699 90 26 erbjuda
768 699 40 20 den
820 697 167 28 tillförlitligaste

162 727 126 21 säkerheten
311 728 5 20 i
340 728 59 20 detta
421 727 107 21 afseende.
560 727 42 21 För
619 728 61 20 deras
696 728 120 20 solidaritet
831 729 24 18 är
870 733 75 20 genom
962 732 27 15 en

162 755 23 21 af
199 756 48 26 lång
263 755 120 22 erfarenhet
398 755 116 27 bepröfvad
531 757 143 26 organisation
691 756 65 21 redan
772 755 79 27 ganska
868 756 32 20 väl
914 755 73 26 sörjdt.

163 784 50 21 Man
229 785 40 20 kan
286 786 50 25 säga
352 787 32 18 att
399 785 127 20 säkerheten
542 785 33 20 vid
592 785 47 20 dem
650 785 68 20 hvilar
729 785 28 26 på
768 784 148 21 matematiska
925 790 65 20 grun-

163 813 38 20 der
222 813 39 20 och
284 813 36 20 det
342 815 23 18 är
388 819 25 14 ur
435 813 70 20 denna
526 814 113 26 synpunkt,
655 819 44 14 som
713 813 37 27 jag
766 819 68 19 anser,
850 815 33 18 att
899 813 39 20 den
955 814 34 19 sä-

163 841 82 23 kerhet,
267 848 45 15 som
328 841 99 27 erbjudes
442 842 122 25 arbetaren,
580 842 54 21 först
650 842 121 26 derigenom
788 842 41 20 blir
843 841 146 21 tillfredsstäl-

163 870 68 26 lande,
247 872 33 19 att
295 871 39 20 den
348 870 120 27 öfvertages
484 870 22 21 af
520 877 26 14 en
563 870 143 22 kontrollerad
724 871 58 26 dylik
797 870 86 22 anstalt.
907 870 42 21 Det
965 871 26 19 är

163 899 52 21 visst
237 901 54 24 sant,
315 902 32 18 att
363 906 47 14 man
429 900 71 20 kunde
516 899 126 21 säkerställa
658 900 111 20 arbetaren
786 902 15 18 t.
818 906 29 14 ex.
865 904 75 21 genom
957 901 32 18 att

163 927 133 21 konstituera
318 928 33 21 för
372 928 61 21 dessa
457 928 143 26 ersättningar
623 930 31 18 ett
677 928 93 26 hypotek
786 928 5 21 i
809 928 39 20 den
865 927 124 21 industriela

163 956 150 26 inrättningen,
334 963 47 14 men
397 959 58 19 utom
472 957 42 25 det,
532 959 32 19 att
579 956 65 27 något
660 956 76 21 sådant
751 957 40 21 alls
807 956 45 22 icke
868 956 39 20 här
923 957 68 19 sättes

163 985 6 20 i
185 985 58 26 fråga
264 985 38 21 och
318 987 33 19 att
365 992 48 14 man
429 985 47 21 icke
491 985 69 21 heller
575 992 87 14 numera
678 992 36 14 ens
730 985 42 21 kan
788 986 65 20 tänka
870 984 27 26 på
911 990 25 15 en
953 984 36 26 dy-

164 1013 29 21 lik
209 1014 122 26 anordning,
348 1014 68 20 skulle
429 1014 37 26 jag
481 1014 61 20 äfven
558 1014 27 26 på
601 1014 39 20 den
656 1014 68 26 grund
735 1014 50 26 vilja
797 1013 55 21 afstå
863 1012 46 22 från
921 1013 68 21 denna

165 1042 63 21 tanke
245 1044 32 19 att
292 1049 48 14 man
356 1042 122 26 härigenom
494 1043 48 20 åter
558 1043 68 21 skulle
641 1043 85 20 komma
742 1045 32 18 att
789 1042 76 21 föröka
879 1042 81 20 antalet
971 1041 22 21 af

165 1071 25 20 de
206 1072 57 26 tysta
279 1071 124 27 hypoteken,
415 1071 73 21 hvilka
500 1073 92 19 tvärtom
609 1072 51 20 böra
673 1072 23 20 så
706 1071 46 21 vidt
763 1071 80 26 möjligt
855 1072 136 19 utmönstras.

165 1100 47 20 Med
233 1100 98 20 afseende
353 1100 52 20 härä
427 1106 61 20 synes
512 1100 36 20 det
569 1100 43 26 mig
626 1100 81 26 ganska
722 1100 151 26 tvifvelaktiet,
889 1098 104 21 huruvida

165 1134 25 14 en
213 1134 69 14 annan
305 1128 100 21 säkerhet
427 1130 24 18 är
471 1128 108 27 jemförlig
594 1129 47 20 med
658 1129 40 21 den
714 1135 25 14 en
755 1128 81 26 verklig
851 1127 141 26 försäkrings-

165 1157 79 20 anstalt
259 1157 42 20 kan
317 1157 94 26 erbjuda.
435 1157 41 26 Jag
492 1157 69 21 skulle
577 1157 70 21 derför
662 1157 34 21 för
712 1157 42 21 min
772 1157 34 21 del
819 1157 56 26 gifva
885 1156 108 21 företräde

166 1185 22 21 åt
204 1185 35 21 det
255 1187 42 19 sätt
313 1187 32 19 att
360 1186 67 20 ordna
442 1186 73 26 saken,
532 1192 44 14 som
592 1187 25 19 är
632 1186 115 26 föreslaget
762 1186 6 20 i
785 1185 46 21 nåd.
848 1191 61 21 prop.

236 1271 31 20 Hr
290 1271 22 21 L.
336 1271 168 21 Mechelin:
534 1272 11 20 I
564 1272 113 26 anledning
692 1271 24 21 af
730 1272 32 20 Hr
777 1272 159 26 Montgomerys
951 1272 44 25 ytt-

167 1299 65 21 rande
256 1300 37 20 ber
312 1300 37 26 jag
371 1300 20 20 få
407 1300 83 26 påpeka
506 1302 32 19 att
554 1300 24 21 så
592 1300 100 26 lämpliga
708 1300 65 21 också
789 1299 204 27 olycksfallsförsäk-

167 1328 147 26 ringsbolagen
331 1330 36 19 äro
384 1330 31 19 att
431 1328 33 22 för
479 1328 161 26 ifrågavarande
650 1328 99 21 ändamål
761 1329 72 25 anlita,
845 1328 40 21 och
897 1327 23 21 sä
931 1327 64 21 säkra

168 1356 61 21 dessa
245 1356 64 28 bolag
324 1358 6 20 i
347 1356 38 22 och
401 1357 32 21 för
448 1358 32 26 sig
495 1357 73 21 kunna
582 1364 57 19 vara,
655 1357 23 21 så
694 1357 42 21 kan
753 1357 54 21 dock
823 1357 124 21 arbetarens
961 1358 34 18 sä-

168 1385 75 21 kerhet
265 1385 39 21 sist
326 1386 39 20 och
388 1386 99 26 slutligen
510 1386 66 20 blifva
592 1386 104 21 beroende
714 1386 33 26 på,
764 1386 105 20 huruvida
884 1384 113 26 arbetsgif-

167 1420 64 14 varen
243 1413 138 27 regelbundet
396 1414 79 26 fuligör
490 1414 217 26 premiebetalningen
723 1414 32 21 till
771 1413 223 27 försäkringsbolaget.

169 1442 69 21 Också
254 1442 6 20 i
275 1441 122 22 Utskottets
407 1442 136 22 betänkande
559 1443 91 21 förutses
666 1442 137 27 möjligheten
818 1443 22 20 af
854 1444 33 19 att
897 1442 41 20 han
949 1442 49 20 icke

168 1471 129 25 tillbörligen
318 1471 157 26 upprätthåller
498 1472 40 20 den
561 1474 109 24 upptagna
691 1472 153 25 försäkringen.
875 1470 78 21 Derför
973 1472 24 18 är

169 1499 98 21 säkerhet
290 1499 23 21 af
333 1502 65 18 annat
417 1500 45 26 slag
478 1500 46 20 icke
539 1500 118 26 förkastlig.
689 1500 70 21 Också
775 1500 38 20 bör
829 1506 48 14 man
893 1499 46 21 icke
954 1498 44 21 för-

169 1528 50 25 bise,
243 1530 32 18 att
291 1528 106 26 åtskilliga
410 1528 24 20 af
448 1529 26 20 de
490 1528 126 21 industriela
631 1528 90 27 företag,
736 1534 45 15 som
798 1528 85 21 komme
899 1530 32 18 att
946 1527 51 21 falla
