1181 1773
217 122 56 20 1080
472 128 24 16 R.
510 132 17 12 o.
541 128 22 16 A.
577 128 58 17 1894.
660 128 22 16 16
694 127 47 21 Maj.

187 206 48 22 från
251 206 115 28 Kyrkstad,
388 214 48 14 men
451 208 39 20 har
505 214 29 14 nu
549 208 47 26 gått
612 207 60 21 öfver
687 207 31 21 till
741 202 138 36 Helsingfors
885 202 130 36 --Nummela.

188 235 31 21 Pä
242 242 81 14 samma
345 238 43 19 sätt
410 236 39 21 har
468 236 32 21 Hr
515 236 110 27 Tallgvist,
642 236 84 21 hvilken
743 236 90 26 uppgätt
849 236 68 20 denna
932 235 85 21 sträcka

189 264 39 21 och
251 264 28 20 dä
300 264 67 21 blifvit
383 264 79 22 bekant
480 266 48 20 med
544 266 130 24 densamma,
690 267 43 19 satt
749 266 40 20 den
805 265 6 20 i
827 264 31 21 sin
874 264 143 27 promemoria

187 292 7 21 i
218 292 27 21 de
268 295 31 19 tre
321 293 89 21 främsta
430 293 188 26 förslagsrummen
634 294 39 20 och
690 294 149 24 sträckningen
855 293 161 26 Helsingfors—

189 320 97 22 Gerknäs
308 321 54 21 först
385 322 6 20 i
414 322 66 26 fjerde
503 324 98 24 rummet,
625 322 67 20 ehuru
714 322 59 21 detta
789 322 19 26 ej
824 322 48 20 fullt
887 321 92 27 framgär
995 321 23 21 af

188 349 122 22 Utskottets
331 350 141 22 betänkande.
504 351 40 26 Jag
566 353 35 18 vet
623 350 53 25 icke,
692 357 34 14 om
747 351 37 26 jag
807 350 40 21 har
869 352 43 19 rätt
928 352 31 18 att
975 350 41 20 till-

189 378 80 21 skrifva
285 378 134 27 svärigheten
435 380 34 20 för
484 380 69 20 denna
570 379 54 27 äsigt
640 381 32 19 att
687 381 52 24 göra
755 380 31 25 sig
801 379 98 26 gällande
915 379 40 21 den
973 384 43 15 om-

189 407 155 26 ständigheten,
367 410 32 19 att
423 408 40 20 den
484 408 6 20 i
506 408 123 21 Utskottets
645 408 135 20 betänkande
796 408 46 20 icke
858 407 69 21 blifvit
942 407 23 21 sä
981 407 35 20 be-

188 435 101 26 handlad,
304 442 45 15 som
363 436 36 27 jag
414 436 56 21 hade
485 437 99 26 hoppats.
615 436 69 21 Bland
700 439 65 18 annat
781 438 51 25 säga
848 439 168 22 reservanterna,

189 465 32 20 att
243 464 76 27 frägan
335 471 33 15 om
386 465 103 21 bandelen
505 466 78 20 mellan
603 465 75 26 Hangö
695 465 39 21 och
748 465 133 26 Helsingfors
896 465 45 21 icke
958 465 59 20 kom-

188 493 39 20 mit
248 494 67 20 under
337 494 66 21 sädan
427 495 138 26 omröstning,
582 500 45 15 som
644 494 61 21 dessa
721 496 134 19 reservanter
870 493 67 21 skulle
954 493 63 21 hafva

189 521 83 21 önskat.
303 522 48 21 Men
375 529 33 14 om
427 523 37 26 jag
480 523 38 20 har
534 523 64 20 fattat
614 523 108 26 äsigterna
737 523 6 20 i
760 523 25 20 de
800 522 57 21 olika
873 522 93 21 Ständen
981 522 35 21 vid

189 550 70 21 denna
282 551 103 26 landtdag
407 551 6 20 i
434 552 70 20 denna
520 551 60 26 fräga
596 553 50 23 rätt,
662 551 24 20 sä
701 551 69 21 skulle
784 551 45 26 just
844 552 27 25 pä
885 551 131 26 grundvalen

188 579 23 20 af
231 581 31 18 ett
283 579 79 27 förslag
386 586 33 15 om
443 581 69 20 denna
535 581 55 20 bana
611 583 30 18 ett
656 583 138 23 gemensamt,
811 580 80 21 kanske
907 579 109 27 enhälligt,

188 607 71 21 beslut
275 608 70 21 kunna
361 608 165 22 ästadkommas.
556 609 49 20 Men
627 608 27 21 dä
666 609 38 26 jag
718 611 51 24 tror,
785 610 32 19 att
833 608 42 21 alla
890 608 26 21 de
931 608 84 27 äsigter,

188 642 45 15 som
257 636 85 21 komma
362 639 31 18 att
410 638 80 20 uttalas
506 637 6 20 i
529 637 59 21 detta
604 637 66 21 Stånd
687 637 69 21 denna
771 637 62 26 gång,
850 637 64 21 redan
931 638 36 19 äro
984 639 33 18 ut-

189 665 78 26 talade,
282 665 23 20 sä
321 665 35 21 vill
371 666 36 26 jag
423 666 33 21 för
472 666 42 21 min
530 667 34 20 del
581 666 130 20 understöda
726 666 32 21 Hr
777 665 182 27 Standertskjölds
975 665 42 21 för-

188 693 46 26 slag
249 699 34 15 om
300 694 126 21 anhällande
442 694 39 21 hos
496 695 133 26 Regeringen
645 694 23 21 af
681 694 133 27 proposition
830 694 33 21 till
875 696 62 19 nästa
950 694 68 21 landt-

189 721 41 27 dag
246 728 34 15 om
296 723 150 26 sträckningen
463 723 151 26 Helsingfors
629 723 71 26 Hangö
719 723 111 20 bandelen.

258 751 61 20 Hvad
345 752 43 20 min
413 751 57 27 äsigt
492 751 110 27 angäende
624 751 186 27 Jyväskyläbanan
833 751 137 25 vidkommer,
993 751 24 21 sä

188 779 69 20 skulle
271 779 36 27 jag
323 781 95 20 närmast
433 780 50 27 vilja
498 780 75 21 förena
588 781 43 25 mig
646 787 34 14 om
697 781 35 20 det
749 781 31 20 Hr
796 780 53 21 Rein
865 780 38 20 här
919 782 46 23 sagt
978 779 39 21 och

188 813 63 15 anser
272 808 37 26 jag
330 809 33 20 för
386 809 42 20 min
452 809 32 20 del
508 809 46 20 icke
574 809 36 20 det
625 815 52 14 vara
692 809 33 20 väl
743 809 89 20 betänkt
847 811 32 18 att
895 815 28 14 nu
938 808 80 21 utfästa

188 842 42 20 nya
245 836 69 21 vilkor
329 837 33 20 för
378 837 121 27 byggandet
515 838 22 20 af
551 837 69 21 denna
636 837 62 25 bana,
716 837 80 21 sädana
813 837 75 23 vilkor,
900 843 44 14 som
956 836 61 21 Stän-

188 865 41 20 den
249 864 34 21 för
305 867 32 19 tre
361 865 24 21 år
401 866 65 21 sedan
485 866 46 21 icke
548 866 54 21 hade
618 866 62 21 tänkt
696 866 38 26 sig.
751 878 25 2 —
793 866 62 20 Hvad
872 865 145 21 Waalabanan

188 893 74 27 angär,
278 894 23 21 sä
316 894 49 22 ville
379 894 36 27 jag
431 901 65 20 gerna
512 895 51 21 fälla
580 897 30 19 ett
626 896 70 19 varmt
706 895 39 21 ord
761 894 33 21 för
809 895 48 25 den,
873 895 88 20 emedan
977 894 40 20 den

188 922 69 20 skulle
280 923 73 21 förena
376 923 102 21 Finlands
497 923 109 27 fattigaste
622 923 104 27 landskap
743 923 48 21 med
808 923 35 21 det
860 923 67 27 öfriga
942 922 76 21 foster-

187 950 74 22 landet
277 951 39 21 och
332 954 51 18 utan
400 952 72 20 tvifvel
488 952 122 26 derigenom
621 952 56 20 inom
691 952 49 20 kort
752 952 147 20 ästadkomma
911 958 24 15 en
949 951 68 27 blom-

188 980 88 20 strande
292 980 202 27 mejerihandtering
510 981 117 25 derstädes,
643 980 76 21 liksom
735 981 6 20 i
758 980 69 26 öfriga
843 980 59 21 delar
912 980 22 20 af
944 980 80 20 Oster--

188 1007 82 27 botten,
286 1014 46 15 men
349 1008 27 21 dä
389 1008 37 27 jag
441 1015 63 15 anser
520 1011 32 19 att
567 1008 127 27 föregäende
711 1009 114 26 landtdags
841 1008 69 22 beslut
925 1010 56 18 ännu
994 1010 25 18 är

188 1036 106 26 gällande,
318 1036 23 22 sä
356 1039 39 24 gör
408 1037 38 27 jag
461 1038 45 20 icke
522 1038 34 20 för
571 1038 43 20 min
631 1037 33 21 del
681 1038 64 26 nägot
760 1037 95 27 yrkande
871 1037 7 21 i
894 1037 68 21 denna
977 1037 41 21 del.

260 1104 58 21 Frih.
335 1105 91 21 Mauritz
442 1106 138 26 Hisinger:
610 1106 42 26 Jag
666 1105 72 21 anhöll
757 1112 34 14 om
807 1106 62 20 ordet
884 1105 33 21 för
931 1107 33 19 att
979 1111 36 14 un-

188 1133 103 21 derstöda
313 1133 32 21 Hr
368 1134 65 26 Björn
458 1134 131 21 Schaumans
612 1134 79 26 förslag
708 1140 33 15 om
757 1136 33 19 att
805 1134 120 21 kustbanan
941 1128 77 26 Äbo—

187 1160 136 28 Helsingfors
338 1162 69 22 skulle
423 1163 77 26 dragas
515 1163 47 21 frän
578 1163 50 21 Salo
644 1163 32 20 till
692 1163 86 21 Ekenäs
795 1163 54 20 stad.

257 1229 32 21 Hr
305 1230 157 26 Jägerhorn
477 1231 144 21 understödde
638 1232 35 20 det
687 1231 23 21 af
719 1231 32 21 Hr
761 1231 24 21 L.
798 1230 133 27 Gripenberg
943 1230 76 27 gjorda

187 1257 110 27 förslaget.

257 1320 58 21 Frih.
331 1327 40 15 von
387 1321 78 21 Troil:
496 1322 37 21 Uti
548 1328 26 14 en
589 1322 24 21 sä
628 1322 65 27 vigtig
709 1322 66 27 fräga,
792 1328 45 15 som
853 1322 39 21 den
909 1321 109 27 angäende

186 1348 49 21 värt
254 1348 151 28 jernvägsnäts
427 1350 73 21 vidare
523 1351 153 27 utsträckning,
691 1352 24 20 är
730 1351 37 21 det
780 1350 24 27 ju
820 1350 72 27 hvarje
909 1356 108 20 represen-

187 1378 58 20 tants
269 1378 121 26 skyldighet
411 1381 33 19 att
466 1379 70 21 uttala
554 1380 32 20 sin
602 1379 62 27 äsigt,
680 1385 34 15 om
730 1380 42 20 han
787 1379 123 26 derigenom
925 1381 46 19 tror
985 1379 33 25 sig

186 1405 75 21 kunna
284 1406 88 27 bidraga
393 1407 32 21 till
448 1407 87 27 frägans
556 1408 116 26 belysande
694 1408 7 20 i
717 1410 32 19 ett
765 1408 52 20 eller
831 1411 65 17 annat
911 1407 105 21 afseende.

185 1433 42 27 Jag
252 1434 37 21 ber
305 1434 72 22 derför
396 1438 32 18 att
444 1436 74 21 främst
534 1436 21 20 få
571 1436 57 21 hålla
640 1436 43 27 mig
698 1436 32 21 till
746 1436 219 26 Keuru-—Jyväskylä
980 1436 37 20 ba-

185 1468 50 18 nan,
258 1462 63 22 hvars
346 1463 110 27 byggande
477 1464 37 27 jag
537 1464 33 21 för
593 1465 42 20 min
652 1465 34 21 del
702 1464 65 22 ocksä
782 1465 36 20 vill
834 1464 113 26 tillstyrka,
963 1464 54 21 dock

186 1491 77 21 endast
284 1492 69 20 säsom
376 1492 131 26 smalspärig,
530 1493 19 21 d.
572 1499 18 14 v.
615 1500 15 14 s.
654 1493 48 21 med
718 1500 27 13 en
761 1496 78 18 meters
854 1492 107 27 spärvidd,
977 1492 40 21 och

187 1519 60 21 detta
269 1520 24 20 sä
315 1520 84 26 mycket
422 1521 74 25 hellre,
520 1528 46 14 som
589 1528 75 20 genom
685 1522 40 21 den
741 1521 24 21 af
778 1522 133 26 Regeringen
927 1521 91 21 tillsatta
