1181 1773
468 113 197 32 Museibyggnader.
898 115 54 20 1209

151 202 44 21 tion
211 200 147 22 underhandla
373 207 34 15 om
419 200 118 27 inhysande
549 200 34 21 för
593 200 112 21 framtiden
718 200 24 21 af
750 200 25 21 de
789 200 111 21 Antellska
910 200 72 20 konst-

152 230 149 26 samlingarna.
331 229 68 21 Dessa
422 231 38 19 äro
482 228 120 22 emellertid
617 228 69 22 såsom
703 228 81 22 bekant
799 229 46 21 icke
861 229 22 20 af
897 234 86 21 synner-

152 258 57 27 ligen
225 258 127 26 qvantitativ
367 258 139 27 betydenhet,
524 258 40 20 och
580 257 27 21 då
622 259 101 19 räntorna
739 256 28 28 på
783 258 26 20 de
819 257 164 27 Rosenbergska

151 287 102 21 fonderna
275 286 46 21 icke
345 288 56 19 ännu
422 286 77 21 utfalla
522 286 28 27 på
566 286 128 21 åtminstone
710 287 13 20 4
739 285 13 21 å
768 286 12 21 5
797 286 29 24 år,
842 286 24 20 så
881 285 104 22 behöfver

152 315 46 21 icke
221 315 7 21 i
251 314 99 22 afseende
372 315 12 21 å
408 315 222 26 konstsamlingarnas
646 314 83 22 tillväxt
743 314 45 22 före
803 316 63 20 nästa
881 314 103 26 landtdag

151 344 76 20 tänkas
252 343 27 27 på
305 343 89 21 särskild
420 344 59 20 lokal
502 344 33 20 för
558 344 67 20 dessa.
654 343 40 21 Till
718 343 160 27 delegationens
899 342 84 28 uppgift

151 372 84 22 komme
259 371 64 22 också
344 374 32 19 att
398 372 55 21 höra
475 374 33 19 att
526 372 54 21 söka
596 371 99 22 utarbeta
711 372 80 26 förslag
807 372 32 21 till
855 372 131 26 förvaltning

153 400 23 22 af
197 401 25 21 de
245 400 112 22 Antellska
373 401 150 26 samlingarna.
554 400 112 22 Utskottet
681 400 47 27 har,
745 400 69 22 såsom
831 400 32 21 Hr
878 400 52 21 Rein
946 406 37 15 an-

153 429 77 26 märkt,
247 429 59 27 gifvit
321 429 34 21 vid
372 429 84 21 handen
472 432 33 18 att
520 430 66 27 enligt
599 429 123 21 Utskottets
733 429 65 21 tanke
809 429 36 21 det
856 435 50 15 vore
917 429 68 27 lämp-

153 459 38 26 ligt
214 461 32 18 att
267 457 21 22 få
312 465 24 14 en
359 459 80 20 central
463 458 131 27 förvaltning
616 458 32 21 för
673 459 42 20 alla
731 458 26 21 de
773 458 23 21 af
809 458 51 21 våra
875 458 110 26 offentliga

154 487 120 26 samlingar,
297 493 44 15 som
362 487 196 26 tillsammantagna
581 487 58 21 bilda
657 487 55 20 hvad
728 493 49 15 man
793 487 80 21 förstår
888 487 47 20 med
952 489 32 19 ett

155 516 198 21 nationalmuseum.
383 517 38 20 Att
444 515 114 22 Utskottet
581 515 61 27 gifvit
664 516 86 26 uttryck
767 515 22 21 åt
804 515 70 22 denna
889 515 95 27 uppfatt-

154 545 50 26 ning
226 544 63 21 beror
312 544 27 27 på
359 546 31 19 att
406 544 43 21 alla
465 545 26 21 de
506 547 100 24 experter
621 544 113 21 Utskottet
749 545 6 20 i
772 544 69 21 denna
857 544 60 27 fråga
929 544 56 21 varit

152 573 8 21 i
182 572 83 22 tillfälle
287 576 32 18 att
339 573 87 21 rädföra
447 573 96 27 sig'med
560 573 54 21 varit
630 573 22 21 af
666 573 40 21 den
722 573 56 26 äsigt
793 575 33 19 att
841 573 70 26 någon
926 573 60 26 enig-

153 601 36 22 het
211 601 66 22 borde
298 601 161 22 åstadkommas
481 601 6 21 i
511 602 37 21 det
569 601 106 22 blifvande
691 602 190 21 nationalmuseets
896 601 87 22 förvalt-

153 631 56 26 ning.
240 629 135 22 Beträffande
401 630 40 21 den
466 630 109 21 blifvande
600 630 125 27 byggnaden
749 630 39 21 har
811 630 112 21 Utskottet
937 630 50 21 icke

154 659 62 21 tänkt
238 659 31 27 sig
291 662 66 18 annat
379 661 26 19 än
430 660 33 20 att
482 659 148 26 delegationen
646 659 69 21 skulle
730 659 124 21 införskaffa
870 659 65 21 sådan
950 662 34 17 ut-

154 688 94 26 redning,
271 693 44 24 som
335 690 159 24 representeras
510 688 24 21 af
547 687 173 28 eskissritningar
736 687 38 22 och
791 687 144 27 sakkunnigas
950 689 34 19 ut-

153 716 108 21 låtanden.
292 716 66 21 Äfven
381 717 60 20 detta
463 716 40 21 blir
528 717 120 20 emellertid
670 723 26 14 en
719 716 84 27 uppgift
823 716 23 21 af
868 716 115 27 betydelse.

155 745 60 21 Hvad
239 745 100 26 slutligen
362 745 132 21 vidkommer
516 745 34 20 Hr
572 744 130 22 Grotenfelts
717 745 7 21 i
740 745 53 21 hans
809 747 83 19 senaste
908 745 77 20 andra-

155 773 68 26 gande
245 774 76 26 gjorda
344 773 80 27 förslag
448 780 34 14 om
504 773 132 27 uteslutning
654 773 23 21 af
691 773 66 22 orden
775 773 36 24 ,så
827 776 60 19 snart
902 775 82 19 statens

154 802 114 27 tillgångar
290 802 76 21 sådant
387 802 123 27 medgifva",
533 802 24 21 så
576 802 67 21 måste
656 803 37 26 jag
708 802 108 27 verkligen
831 802 106 27 medgifva
951 803 34 20 att

151 830 37 27 jag
210 831 67 20 finner
293 831 102 26 förslaget
409 831 65 21 hafva
489 831 53 25 skäl,
560 831 67 21 ehuru
640 831 37 26 jag
692 831 46 21 icke
754 831 28 26 på
794 831 68 26 grund
878 831 23 20 af
915 831 70 20 denna

153 859 42 21 min
219 859 55 27 äsigt
297 859 68 22 funnit
387 860 42 27 mig
451 859 121 21 föranlåten
588 863 32 17 att
636 862 44 19 mot
695 859 241 22 utskottsbetänkandet
951 865 33 15 re-

153 894 86 15 servera
261 888 49 26 mig.
338 889 68 21 Dessa
429 888 39 21 ord
492 888 86 21 kommo
599 888 21 21 in
638 889 7 20 i
661 888 106 22 klämmen
784 889 27 25 på
826 888 68 27 grund
910 888 23 21 af
946 888 39 21 be-

154 914 142 29 tänkligheter
318 918 7 20 i
347 917 108 21 finansielt
476 918 108 21 afseende,
600 923 47 15 men
664 917 40 21 kan
718 917 38 27 jag
771 917 46 21 icke
833 917 56 21 finna
905 917 81 21 sådana

154 945 170 27 betänkligheter
345 946 56 26 gifva
419 946 115 26 anledning
549 946 32 20 till
598 948 31 18 ett
645 946 68 26 dylikt
728 946 112 20 förbehåll.
871 945 33 21 Då
919 946 69 26 Rege-

155 974 72 26 ringen
249 975 66 20 redan
337 974 70 22 funnit
428 974 141 22 ekonomiska
589 976 89 25 utvägar
694 975 32 20 till
743 974 142 21 realiserande
901 974 22 21 af
936 980 53 21 pro-

152 1002 75 28 jektet,
251 1002 24 22 sä
294 1004 61 20 torde
371 1003 80 21 sådana
466 1005 92 24 utvägar
574 1003 60 21 äfven
650 1003 114 21 framdeles
779 1003 47 21 icke
841 1004 84 24 saknas,
945 1002 40 22 och

155 1031 66 21 under
243 1031 43 21 alla
304 1031 149 22 förhällanden
470 1031 108 21 förefaller
594 1032 36 20 det
646 1032 91 26 ologiskt
753 1034 32 19 att
800 1034 53 24 göra
868 1032 32 21 till
915 1032 73 26 Rege-

154 1060 73 26 ringen
248 1060 80 27 förslag
351 1061 47 20 med
419 1067 25 14 en
460 1060 41 21 slik
517 1060 159 27 inskränkning.
708 1061 65 26 Ingen
789 1060 114 26 anledning
918 1060 71 21 finnes

155 1088 34 21 väl
205 1088 33 22 för
254 1088 64 28 öfrigt
333 1092 33 18 att
381 1089 104 25 förmoda,
501 1089 37 21 det
554 1089 106 27 projektet
676 1089 69 21 skulle
757 1089 24 21 af
791 1089 131 27 Regeringen
933 1095 52 20 upp-

155 1120 66 23 tagas,
248 1117 73 21 såvida
346 1117 89 27 tillgång
450 1118 114 20 saknades.
596 1117 74 27 ,Ultra
690 1124 63 20 posse
777 1124 60 14 nemo
861 1117 124 27 obligatur*.

155 1146 70 21 Jemte
241 1146 36 21 det
291 1146 36 26 jag
343 1146 82 21 således
441 1146 87 21 förenar
543 1146 43 26 mig
602 1152 34 15 om
652 1148 32 19 att
696 1146 145 21 betänkandet
851 1146 66 21 måtte
930 1145 56 22 åter-

154 1175 121 20 remitteras
291 1175 48 21 med
356 1175 100 21 afseende
472 1174 12 22 å
500 1175 66 26 nödig
577 1174 104 22 befunnen
693 1175 174 27 omformulering
877 1174 48 22 utaf
935 1174 53 21 sista

155 1203 114 27 klämmen,
289 1203 124 21 hemställer
431 1203 38 27 jag
489 1204 110 21 vördsamt
622 1206 32 18 att
670 1203 144 21 betänkandet
829 1204 39 20 och
884 1203 104 26 förslaget

155 1231 34 21 för
209 1231 65 27 öfrigt
289 1232 67 21 måtte
371 1232 125 26 godkännas
512 1232 39 21 och
568 1234 32 19 att
615 1232 24 21 R.
656 1238 18 15 o.
692 1232 24 21 A.
732 1232 34 21 för
781 1233 32 20 sin
829 1232 34 21 del
878 1232 49 21 ville
942 1231 45 21 vid-

155 1263 50 23 taga
228 1260 87 28 lämplig
336 1260 75 27 ätgärd
427 1260 34 22 för
475 1260 109 27 väljandet
600 1261 23 21 af
636 1260 127 27 delegation.
793 1260 60 22 Hvad
871 1260 118 27 delegatio-

156 1294 51 16 nens
230 1289 79 21 arvode
325 1289 99 27 slutligen
446 1289 140 24 vidkommer,
606 1288 80 22 tillåter
699 1290 36 26 jag
751 1290 43 26 mig
809 1290 76 20 endast
900 1288 87 27 antyda,

155 1317 57 21 hvad
227 1323 45 15 som
289 1317 46 21 icke
347 1317 69 22 blifvit
431 1318 72 26 gjordt
514 1319 6 19 i
534 1318 152 25 betänkandet,
697 1320 33 18 att
741 1318 26 21 de
778 1320 83 19 senaste
872 1318 118 26 delegatio-

156 1351 77 15 nernas
249 1346 139 21 medlemmar
403 1346 28 27 på
446 1346 134 27 grundvalen
595 1346 22 21 af
632 1346 40 21 den
683 1346 76 26 kredit,
772 1352 43 15 som
828 1347 46 20 dem
886 1350 101 21 anvisats,

155 1374 74 27 sjelfva
245 1374 189 22 öfverenskommit
450 1381 34 15 om
500 1374 188 28 dagtraktamente
702 1381 28 15 m.
747 1381 27 15 m.
791 1375 39 21 och
846 1375 141 26 förmodligen

155 1409 29 15 nu
199 1402 62 22 äfven
277 1403 71 21 kunde
364 1404 116 26 tillvägagå
494 1404 28 26 på
537 1410 83 14 samma
636 1405 48 19 sätt.

223 1460 32 20 Hr
270 1460 160 21 Lindelöf:
446 1460 39 21 Till
503 1466 25 15 en
544 1460 76 27 början
637 1460 37 22 ber
687 1460 37 27 jag
734 1460 21 21 få
766 1460 86 21 biträda
863 1460 31 22 Hr
902 1459 88 23 Meche-

155 1488 40 21 lins
216 1488 79 26 förslag
319 1488 80 26 derom,
415 1490 33 19 att
463 1489 53 21 sista
531 1488 109 22 klämmen
656 1489 12 21 å
684 1489 39 21 sid.
741 1489 24 21 17
783 1489 67 21 skulle
867 1488 123 22 återremit-

155 1519 58 18 teras
233 1516 34 21 för
283 1519 32 19 att
331 1517 163 21 omformuleras
508 1517 7 21 i
532 1517 36 21 det
584 1518 23 20 af
621 1518 77 20 honom
714 1518 95 26 antydda
825 1517 70 27 syftet.
925 1516 65 22 Hvad
