1181 1773
232 124 53 21 1136
484 130 24 17 R.
520 135 18 13 0.
550 131 22 16 A.
587 131 57 17 1894.
669 131 24 17 18
706 130 47 22 Maj.

270 209 58 21 Härä
345 210 44 21 blef
403 210 12 26 &
431 210 12 20 8
460 210 105 26 godkänd.

271 272 11 28 $
299 273 12 21 9
326 273 88 27 gillades
429 275 52 19 utan
497 273 147 27 anmärkning.

272 336 14 27 8
303 336 32 21 10.

273 392 134 22 Diskussion:

273 455 32 22 Hr
319 456 24 21 L.
360 456 165 22 Mechelin:
556 457 44 20 Min
616 457 140 26 anmärkning
771 456 67 27 gäller
853 456 76 21 endast
945 462 25 15 en
982 456 49 21 obe-

203 484 112 27 tydlighet.
344 484 37 22 Uti
404 485 68 21 första
494 485 81 26 stycket
600 485 23 22 af
644 485 109 27 förslaget,
775 485 89 22 likasom
881 485 6 20 i
903 485 48 20 nåd.
965 491 66 20 prop.,

203 513 70 21 finnes
297 513 92 22 användt
412 516 31 19 ett
466 514 91 27 uttryck,
578 520 45 15 som
640 514 45 21 icke
701 513 115 27 återgifver
831 513 55 22 hvad
901 513 87 21 dermed
1003 513 30 21 af-

203 548 40 14 ses.
275 541 42 22 Det
340 542 61 21 heter
423 543 106 26 nämligen
553 549 33 15 om
609 543 134 27 placeringar
761 545 33 18 att
810 542 26 21 de
852 542 67 21 borde
933 548 52 15 vara
999 542 33 21 så-

203 570 63 26 dana,
291 577 45 14 som
360 571 47 21 med
428 571 77 21 lätthet
526 571 72 21 kunna
619 571 123 22 förvandlas
764 571 32 21 till
816 571 124 27 penningar,
963 571 68 21 såsom

204 599 203 26 »depositionsbevis
422 600 23 21 af
458 601 78 20 allmän
552 600 193 27 bankinrättning*.
762 600 32 21 Då
810 606 29 15 nu
854 599 88 22 härmed
960 605 72 16 menas

204 627 98 22 enskilda
324 628 87 25 banker,
435 629 24 20 så
482 629 110 20 förefaller
614 629 36 21 det
673 629 49 26 mig,
745 631 34 19 att
800 628 108 27 uttrycket
929 645 7 8 ,
943 628 88 25 allmän”

203 656 46 21 icke
265 658 25 19 är
305 657 80 26 riktigt.
415 657 41 27 Jag
472 659 60 24 tager
548 657 42 27 mig
606 657 91 22 friheten
713 657 78 22 föreslå
808 659 32 19 att
856 657 61 21 ordet
929 657 103 25 ,allmän*

202 685 116 26 utstrykes.

273 743 32 20 Hr
327 743 156 26 Stjernvall:
514 743 46 22 Den
583 743 23 22 af
627 743 113 21 Utskottet
755 743 98 21 använda
867 742 165 27 formuleringen

203 770 68 21 måste
292 771 36 27 jag
350 771 93 22 erkänna
458 778 52 15 vara
526 772 113 27 oegentlig,
656 772 39 21 och
712 772 36 21 vill
762 771 37 27 jag
815 771 72 21 derför
901 771 74 21 förena
990 771 42 26 mig

203 805 34 15 om
253 800 33 20 Hr
302 799 115 22 Mechelins
432 800 80 27 förslag
527 801 32 20 till
576 801 94 21 rättelse.

272 868 32 22 Hr
325 869 25 21 E.
373 868 22 22 af
416 869 158 21 Forselles:
608 869 41 21 Det
667 875 38 15 var
728 869 42 21 min
793 869 86 25 mening
901 870 32 19 att
955 868 76 21 under-

203 897 64 21 stöda
289 897 32 21 Hr
336 898 116 21 Mechelins
468 898 85 26 förslag.
583 898 41 26 Jag
639 904 61 15 anser
716 898 70 21 denna
801 897 38 21 sak
855 898 6 20 i
877 897 32 27 sig
925 897 48 26 sjelf
986 896 45 22 icke

203 926 72 26 vigtig,
291 932 48 15 men
355 927 115 27 oegentligt
486 928 24 20 är
524 927 115 26 uttrycket.

272 994 32 21 Hr
327 994 151 22 Norrmön:
508 995 42 21 För
566 995 43 21 min
625 995 35 21 del
676 1001 62 15 anser
751 994 38 27 jag
804 994 60 22 detta
879 994 85 26 uttryck
979 994 52 25 ,all-

202 1024 49 19 män
268 1022 189 28 bankinrättning*
473 1023 72 21 kunna
559 1024 112 21 försvaras.
695 1024 41 20 Det
751 1023 42 21 kan
807 1023 24 27 ju
842 1022 77 26 hända,
930 1025 31 19 att
972 1028 59 21 spar-

203 1051 57 21 bank
284 1051 39 21 har
345 1052 138 21 innestäende
505 1052 68 21 medel
590 1052 37 21 hos
643 1052 102 21 Finlands
761 1052 61 21 Bank
837 1051 28 27 pä
880 1057 52 21 upp-
947 1051 39 21 och
1001 1050 30 22 af-

203 1079 213 28 skrifningsräkning,
439 1080 39 22 och
502 1081 26 21 dä
552 1081 66 21 borde
640 1081 33 20 väl
691 1081 58 21 bevis
766 1080 58 21 öfver
839 1080 58 27 dylik
913 1080 117 26 deposition

201 1108 74 21 kunna
289 1108 125 26 godkännas
429 1109 6 20 i
452 1116 28 14 nu
495 1109 161 27 ifrägavarande
672 1109 106 21 afseende.

273 1176 30 21 Hr
325 1177 22 21 L.
364 1176 148 22 Mechelin:
542 1177 40 21 Om
598 1178 62 20 ordet
676 1178 104 24 ,allmän*
795 1177 84 26 intages
894 1176 88 21 framför
998 1182 32 15 or-

201 1205 36 20 det
253 1205 210 27 ,bankinrättning*,
480 1206 23 21 sä
519 1206 69 21 blefve
602 1206 46 21 icke
664 1206 102 21 Finlands
781 1205 62 22 Bank
858 1206 113 26 utesluten,
983 1211 46 15 men

201 1236 32 18 att
249 1234 104 21 beteckna
369 1234 81 21 enskild
467 1234 55 22 bank
535 1234 70 22 säsom
621 1235 77 21 allmän
714 1236 24 19 är
754 1234 47 21 icke
817 1234 80 26 riktigt.

271 1302 32 20 Hr
325 1302 24 20 E.
373 1302 176 27 Furuhjelm:
580 1302 43 21 För
641 1303 42 20 min
700 1302 33 22 del
751 1302 68 21 skulle
832 1302 37 26 jag
884 1308 51 14 anse
951 1304 78 24 uttryc-

201 1329 36 21 ket
253 1330 91 27 ,allmän
365 1330 188 27 bankinrättning*
569 1330 95 22 försvara
680 1331 32 21 sin
728 1331 57 27 plats
801 1330 70 22 såsom
886 1330 143 21 innebärande

201 1365 24 14 en
242 1361 90 19 motsats
348 1361 14 18 t.
377 1366 31 14 ex.
425 1360 33 20 till
474 1360 96 21 enskilda
590 1360 105 20 bankirer.

471 1456 289 27 Omröstningsproposition:

270 1524 53 25 Den,
339 1530 45 16 som
400 1525 124 26 godkänner
539 1524 11 28 $
567 1525 27 21 10
610 1524 135 27 oförändrad,
762 1530 74 15 svarar
849 1523 32 27 ja;
