1181 1773
225 133 56 21 1264
477 138 25 18 R.
515 143 18 13 0.
546 139 22 16 A.
582 139 58 17 1894.
664 139 27 17 24
702 138 49 22 Maj.

195 218 33 21 till
251 218 120 21 Ständerna
396 218 158 22 öfverlemnade
574 218 103 28 förslaget
692 219 34 21 till
740 219 58 27 nytt
813 218 150 26 reglemente
979 217 47 23 och

195 252 34 22 ny
245 247 49 22 stat
308 246 40 23 för
365 246 117 23 Finlands
498 247 82 27 Bank;

265 309 220 28 Jernvägsutskottets
508 310 80 27 förslag
610 310 33 21 till
664 310 206 26 sammanjemkning
885 310 23 21 af
921 309 104 23 Ståndens

196 338 124 27 skiljaktiga
335 338 70 22 beslut
420 339 36 21 vid
472 339 155 27 behandlingen
639 338 23 22 af
678 338 121 22 Utskottets
815 338 133 22 betänkande
963 338 40 22 N:o
1012 339 13 22 2

195 367 7 21 i
225 367 114 27 anledning
363 367 23 21 af
411 368 49 20 nåd.
484 374 61 20 prop.
566 367 40 21 N:o
630 368 27 20 24
676 367 109 27 angående
801 367 85 22 vidare
898 367 128 28 jernvägs-

195 395 144 28 byggnader
353 396 10 21 i
377 396 99 26 landet;

265 464 220 27 Jernvägsutskottets
508 465 79 26 förslag
610 465 33 21 till
664 465 205 26 sammanjemkning
884 465 24 20 af
921 465 104 22 Ståndens

197 493 66 21 delvis
279 493 122 27 skiljaktiga
415 493 70 22 beslut
501 493 35 22 vid
552 493 156 27 behandlingen
723 493 23 22 af
757 493 122 22 Utskottets
890 493 134 22 betänkande

197 521 40 22 N:o
256 523 9 19 1
282 522 7 20 i
305 522 113 27 anledning
433 522 23 21 af
470 522 106 21 särskilda
598 522 135 28 petitioner
753 521 126 28 angående
899 522 125 28 jernvägs-

196 550 190 28 anläggningar;
402 553 56 19 samt

265 619 165 27 Delegationens
445 620 34 21 för
493 620 135 27 uppresande
644 620 22 21 af
678 626 26 15 en
719 619 100 22 ärestod
834 619 42 22 till
889 619 135 23 åminnelse

196 647 28 22 af
244 647 285 28 Kejsaren-Storfursten
551 648 141 22 Alexander
707 648 26 22 II
749 648 111 21 skrifvelse
875 648 34 21 till
924 649 101 21 Finlands

196 676 93 22 Ständer
309 677 48 20 med
380 677 136 27 redovisning
538 677 59 22 öfver
612 677 117 22 inkomster
745 677 39 21 och
801 677 87 27 utgifter
903 677 32 21 för
950 677 75 27 uppfö-

196 705 77 22 randet
287 705 23 22 af
323 705 92 22 nämnda
429 706 87 21 ärestod
531 713 27 14 m.
574 712 28 15 m.

267 871 88 23 Plenum
371 871 117 22 afslutades
504 872 27 21 kl.
549 873 27 21 10
592 878 16 16 e.
624 878 28 15 m.

828 928 21 18 In
861 928 61 18 fidem:

772 962 51 22 Clas
838 970 17 14 v.
873 962 84 22 Collan.

325 1128 171 34 Torsdagen
515 1129 58 27 den
591 1128 35 28 24
644 1129 58 33 Maj
722 1129 41 27 kl.
782 1129 17 27 6
818 1137 25 19 e.
862 1136 39 20 m.

266 1209 25 21 R.
307 1215 18 15 0.
342 1209 37 21 A:s
394 1209 35 21 vid
444 1209 119 27 gårdagens
578 1209 86 27 plenum
680 1209 82 23 fattade
778 1209 71 22 beslut
862 1210 127 27 justerades.

265 1374 33 22 Hr
313 1374 209 22 Landtmarskalken
537 1375 126 21 meddelade
678 1377 33 19 att
726 1375 94 27 följande
835 1376 64 26 plena
913 1374 68 22 blifvit
991 1376 36 20 ut-

195 1404 59 20 satta
269 1404 32 20 att
316 1409 39 21 ega
370 1410 47 14 rum
433 1403 7 21 i
456 1410 88 20 morgon
559 1404 84 26 Fredag
658 1404 41 21 den
714 1404 27 22 25
757 1404 44 26 Maj
817 1404 28 21 kl.
863 1405 10 20 1
891 1410 18 15 e.
924 1410 35 20 m.,
976 1404 52 21 Lör-

196 1432 70 26 dagen
289 1432 40 21 den
352 1432 27 21 26
402 1432 7 21 i
431 1432 68 21 denna
521 1432 77 21 månad
621 1432 28 22 kl.
668 1433 26 21 12
709 1432 27 27 på
752 1432 70 27 dagen
837 1434 56 20 samt
907 1420 121 39 Måndagen

195 1460 42 21 den
253 1460 28 22 28
297 1460 78 22 dennes
390 1460 29 22 kl.
435 1462 13 20 6
465 1467 18 15 e.
499 1467 27 15 m.
