1181 1773
249 126 55 21 1434
493 134 24 16 R.
531 138 17 12 o.
561 134 22 16 A.
598 134 57 16 1894.
680 134 27 16 30
720 134 47 20 Maj.

289 212 38 22 Om
351 212 133 22 förestäende
508 213 70 21 beslut
598 214 68 21 skulle
682 214 61 20 äfven
760 213 161 22 Presteständet
937 213 39 22 och
992 213 55 27 Lag-

217 241 108 21 utskottet
340 248 75 20 genom
431 242 197 27 protokollsutdrag
643 242 144 22 underrättas.

542 442 190 29 Hästutskrifningen.

287 509 120 28 Föredrogs
430 511 313 27 Hästutskrifningsutskottets
759 511 134 21 betänkande
910 511 5 20 i
931 511 114 26 anledning

216 538 25 21 af
263 538 47 21 nåd.
338 545 59 20 prop.
418 539 39 21 N:o
488 540 26 21 32
538 541 48 20 med
619 541 79 26 förslag
720 539 33 22 till
777 540 34 27 lag
831 546 34 15 om
881 540 126 26 utskrifning
1023 539 23 21 af

216 566 75 22 hästar
307 567 32 21 för
354 567 128 27 krigsbehof.

289 641 114 27 Angäende
426 643 58 20 detta
508 643 115 26 lagförslag
641 643 6 20 i
663 643 118 21 allmänhet
797 645 92 24 utspann
905 643 30 26 sig
951 643 92 26 följande

286 710 133 22 Diskussion:

287 785 56 21 Frih.
358 793 40 14 von
414 787 91 20 Born:
537 787 41 20 Det
603 787 61 20 torde
690 787 34 20 väl
747 786 69 21 måsta
835 786 104 21 erkännas
955 785 22 21 af
991 786 53 21 hvar

215 814 41 21 och
280 821 31 19 en,
334 821 45 14 som
395 815 41 20 läst
451 815 83 26 igenom
550 815 140 21 förevarande
707 815 142 25 betänkande,
865 817 32 18 att
914 815 35 20 det
964 815 79 20 vittnar

215 849 35 14 om
267 843 41 26 god
324 843 55 26 vilja.
404 844 41 20 Det
462 844 37 20 har
515 844 133 26 sannerligen
665 844 45 21 icke
726 844 55 20 varit
797 843 106 21 tacksamt
919 843 32 20 för
967 843 76 26 ifräga-

215 872 94 21 varande
336 872 87 21 Utskott
448 875 32 19 att
506 879 28 14 nu
551 873 67 20 under
634 873 40 20 den
690 872 50 21 sista
757 872 173 26 arbetsdrygaste
947 872 59 21 delen
1023 871 22 22 af

215 900 130 26 landtdagen
364 900 27 27 gä
406 902 20 19 in
443 902 6 19 i
465 908 24 14 en
506 901 166 27 detaljpröfning
688 901 22 21 af
725 901 69 21 denna
809 902 7 20 i
832 902 36 20 det
883 902 58 20 stora
957 901 46 20 hela
1019 900 24 22 sä

215 928 132 22 främmande
370 929 65 27 fråga.
467 930 49 21 Man
532 930 41 20 kan
590 930 82 20 således
688 930 46 20 icke
751 930 26 26 pä
793 930 65 26 något
874 929 42 21 håll
933 929 55 21 inom
1006 929 37 21 Ut-

214 957 84 21 skottet
321 958 65 21 vädra
405 958 65 26 nägot
484 959 72 21 försök
573 959 31 20 till
622 959 141 20 obstruktion.
794 958 76 20 Denna
886 958 77 20 vackra
979 958 63 20 möda

214 986 41 21 har
271 986 114 22 resulterat
400 988 31 20 uti
447 990 31 18 ett
493 987 141 25 betänkande,
650 993 45 15 som
711 987 128 21 ätminstone
852 987 6 20 i
872 992 25 15 en
913 987 41 20 viss
970 986 73 26 punkt,

214 1014 54 22 eller
284 1015 40 21 den
339 1022 34 14 om
389 1016 120 26 grunderna
525 1016 33 20 för
574 1016 160 20 bestämmande
743 1023 12 13 af
757 1016 80 26 priset
846 1015 34 21 vid
889 1015 62 21 dessa
962 1015 81 21 maske-

215 1044 51 20 rade
290 1043 123 27 tvängsköp,
436 1044 46 21 icke
506 1044 106 26 uppbäres
635 1045 23 20 af
676 1050 44 15 mer
736 1046 25 18 än
779 1044 22 20 af
815 1045 12 19 5
843 1044 23 20 af
880 1043 119 21 Utskottets
1017 1044 25 20 12

215 1072 126 26 ledamöter,
358 1073 38 20 och
413 1072 5 20 i
434 1079 26 14 en
477 1074 137 23 reservation,
631 1079 44 15 som
692 1073 106 26 uppbäres
814 1072 23 20 af
845 1072 70 20 halfva
925 1072 117 24 Utskottet,

214 1100 85 21 hvilken
326 1102 130 20 reservation
482 1102 6 20 i
514 1102 117 26 väsentliga
654 1102 91 26 punkter
760 1101 83 21 afviker
857 1101 48 21 frän
922 1100 121 21 Utskottets

214 1128 144 22 betänkande.
389 1130 40 20 Det
453 1130 69 20 kunde
546 1130 33 21 väl
603 1132 75 19 nästan
702 1130 27 26 pä
751 1130 90 20 förhand
861 1129 110 24 beräknas,
988 1129 55 21 att
1030 1124 16 37 i

213 1158 72 20 denna
309 1158 24 21 sä
357 1164 42 20 nya
423 1158 60 26 fråga
508 1158 106 26 äsigterna
639 1159 46 21 icke
701 1159 68 20 skulle
786 1158 72 21 kunna
873 1158 78 20 samlas
967 1164 33 14 om
1016 1164 26 14 en

213 1186 90 26 lösning.
333 1187 42 26 Jag
397 1186 40 21 kan
461 1194 28 14 nu
511 1188 45 20 icke
578 1188 4 20 i
599 1188 132 20 närvarande
747 1189 94 19 moment
856 1186 49 26 ingä
921 1186 29 20 uti
966 1192 24 14 en
1007 1186 36 20 de-

213 1215 113 27 taljkritik,
352 1215 94 21 hvarken
473 1216 22 20 af
518 1216 250 20 utskottsbetänkandets
791 1215 97 21 enskilda
903 1215 138 26 stadganden,

212 1244 33 26 ej'
259 1244 67 20 heller
351 1244 22 20 af
399 1245 164 20 reservationen.
594 1244 41 26 Jag
660 1244 97 20 anhåller
773 1244 56 20 blott
844 1246 32 18 att
892 1244 21 20 få
928 1246 57 23 yttra
1000 1244 43 26 mig

213 1272 134 20 beträffande
364 1273 40 19 den
421 1273 163 26 omständighet,
602 1280 44 14 som
664 1273 72 26 skiljer
753 1272 60 21 dessa
830 1272 56 20 båda
897 1272 84 26 förslag,
991 1272 51 20 eller

212 1300 76 26 frägan
309 1307 33 15 om
359 1301 164 21 kommunernas
540 1303 43 19 rätt
598 1304 32 18 att
646 1301 123 21 solidariskt
785 1307 94 14 ansvara
894 1301 33 20 för
943 1300 99 21 behofvet

212 1328 23 22 af
256 1329 74 21 hästar
353 1330 6 20 i
381 1330 97 25 krigstid.
509 1329 85 27 Mycket
609 1330 104 21 träffande
729 1332 51 24 säga
796 1329 59 21 säväl
871 1329 110 21 Utskottet
996 1335 46 15 som

212 1360 169 22 reservanterne,
405 1361 30 17 att
460 1358 53 20 hvad
534 1359 6 19 i
557 1359 59 20 detta
632 1358 100 22 afseende
748 1359 5 20 i
770 1358 47 20 näd.
835 1364 59 20 prop.
911 1357 131 27 förespeglas

211 1386 73 21 säsom
301 1392 25 15 en
342 1386 110 27 möjlighet
468 1386 38 21 och
524 1386 110 22 Utskottet
648 1389 39 25 gör
703 1387 32 21 till
752 1393 24 14 en
793 1387 164 20 kommunernas
969 1386 73 26 rättig-

212 1414 43 24 het,
272 1414 48 21 utaf
334 1418 162 18 reservanterne
511 1415 121 21 förvandlas
648 1416 32 20 till
696 1422 26 14 en
738 1416 165 20 kommunernas
915 1415 127 26 skyldighet.

210 1442 43 28 Jag
282 1447 34 17 vet
341 1444 46 20 icke
409 1450 33 14 om
460 1444 36 20 det
511 1444 67 26 ligger
593 1451 26 14 en
635 1444 112 26 ovilkorlig
763 1444 68 20 fördel
847 1444 31 20 uti
895 1443 68 21 denna
977 1443 65 20 tanke

211 1474 34 18 att
266 1474 53 24 göra
343 1472 35 21 det
401 1472 32 21 till
450 1478 25 15 en
491 1472 163 22 kommunernas
670 1472 127 27 skyldighet.
828 1472 160 20 Kommunerna
1003 1477 39 14 an-

210 1505 65 15 svara
298 1500 46 21 icke
367 1501 6 20 i
388 1501 48 21 vårt
452 1501 55 25 land,
524 1501 69 21 sävidt
606 1502 37 26 jag
658 1502 33 20 för
707 1500 137 27 ögonblicket
860 1501 42 19 kan
918 1500 65 26 draga
999 1500 43 26 mig

211 1528 33 21 till
270 1529 89 26 minnes,
387 1530 6 20 i
418 1530 66 26 nägot
508 1529 120 22 hänseende
645 1530 124 21 solidariskt
784 1530 7 20 i
807 1529 134 21 förhällande
957 1528 31 20 till
1005 1528 37 20 det
