1181 1773
201 113 54 21 1222
441 120 25 16 R.
480 124 17 12 o.
511 121 21 15 A.
546 120 58 17 1894.
628 120 23 17 21
664 120 48 21 Maj.

170 199 182 27 tidningspressen
377 200 39 21 och
439 200 39 21 der
498 201 104 26 ingäende
617 201 81 21 notiser
713 200 42 22 fätt
770 200 113 27 anledning
897 200 33 22 till
946 200 50 21 beif-

169 228 66 21 rande
258 229 24 21 af
302 228 200 27 lagöfverträdelser
524 229 23 21 af
564 229 161 21 vederbörande
740 230 134 27 tjenstemän.
904 228 93 22 Hvarför

169 256 68 22 skulle
253 263 50 15 man
318 257 27 21 dä
360 257 46 21 icke
422 258 101 25 erkänna,
539 258 189 27 attitidningarne
737 258 46 21 ofta
790 258 123 27 upprepade
923 258 73 26 klago-

169 286 42 20 mål
235 286 110 26 angående
369 286 165 22 öfverträdelser
548 286 24 22 af
586 286 244 28 spräkförordningarna
845 286 81 22 kunnat
941 286 55 27 gifva

169 314 145 26 prokuratorn
330 314 114 28 anledning
460 317 32 19 att
507 316 86 26 vidtaga
608 316 173 26 undersökning?
806 316 46 20 Han
869 315 68 21 skulle
948 315 49 21 der-

169 342 34 22 vid
227 342 56 22 blott
301 342 88 22 handlat
405 344 6 20 i
427 344 131 26 konsegvens
574 344 48 21 med
639 344 55 21 hvad
710 344 41 21 han
767 344 66 26 enligt
848 344 31 21 sin
895 350 52 20 egen
962 345 33 19 ut-

168 377 51 21 sago
247 371 6 21 i
279 372 68 21 andra
371 372 37 21 fall
430 372 63 27 gjort.
523 372 41 27 Jag
587 374 62 25 säger
667 372 122 28 ingalunda,
806 375 32 19 att
852 372 143 27 prokuratorn

167 400 67 21 borde
257 400 114 22 observera
393 400 73 28 hvarje
489 401 63 27 notis,
569 401 74 27 hvarje
658 401 107 27 klagomä]
782 402 90 20 rörande
888 401 107 27 spräkför-

167 428 156 27 ordningarnas
345 429 159 27 efterlefvande,
524 436 48 15 men
585 430 38 27 jag
638 432 62 25 säger
715 432 38 21 att,
771 430 26 21 dä
813 430 60 21 dessa
889 429 106 28 klagomäl

167 457 24 21 sä
211 458 44 21 ofta
275 464 111 21 upprepas,
403 459 60 20 detta
478 459 70 21 kunde
564 465 51 15 vara
630 465 26 15 en
672 459 115 26 anledning
802 459 33 21 för
851 459 143 26 prokuratorn

167 487 33 20 att
221 487 87 26 vidtaga
326 487 69 26 nägon
411 487 165 28 undersökning,
592 488 24 21 sä
631 488 84 27 mycket
731 495 45 14 mer
791 494 44 15 som
852 487 142 26 prokuratorn

167 515 22 26 ju
205 515 62 26 eljest
282 515 73 27 tyckes
371 515 56 22 fästa
442 517 32 25 sig
488 516 35 21 vid
539 517 113 26 klagomål,
668 523 46 14 som
730 517 49 26 ingå
794 517 6 20 i
816 516 134 27 tidningarne
961 517 32 20 rö-

168 544 91 21 rörande
281 545 137 26 tjenstemäns
441 545 142 26 tillgöranden
606 546 6 20 i
635 545 99 26 tjensten.
767 545 44 22 Och
835 545 42 21 kan
897 545 36 26 jag
949 545 45 20 icke

167 575 65 18 annat
254 574 26 19 än
302 573 100 26 vidhälla,
418 575 32 20 att
466 573 26 21 dä
508 580 26 15 en
549 574 55 27 gäng
622 573 110 22 Utskottet
747 574 57 27 gjort
819 573 79 27 förslag
913 579 34 15 om
963 575 31 19 ett

167 601 111 21 uttalande
299 601 73 22 derom
395 604 32 19 att
450 603 143 25 prokuratorn
617 603 48 20 ville
681 603 78 21 beakta
775 602 161 26 ifrägavarande
951 601 42 22 för-

166 629 109 26 hällande,
296 633 32 18 ett
351 631 136 21 förkastande
509 632 23 20 af
546 631 58 21 detta
620 631 122 21 Utskottets
758 631 79 26 förslag
853 631 67 20 skulle
936 631 57 20 inne-

167 658 52 21 bära
241 661 32 18 ett
294 659 56 26 slags
367 659 135 22 erkännande
518 662 32 19 att
566 660 25 21 de
607 659 162 27 ifrägavarande
785 659 120 27 lagbrotten
920 661 37 19 äro
973 659 22 21 af

167 687 81 21 mindre
265 687 108 28 betydelse
389 690 26 19 än
431 689 72 20 andra.

236 755 32 22 Hr
284 756 220 27 Montgomery:
535 757 31 21 Hr
582 757 52 21 Rein
650 759 24 19 är
689 757 32 20 för
736 759 73 24 sträng
825 757 81 26 logiker
918 757 33 20 för
961 758 32 19 att

166 784 46 21 icke
233 785 73 20 kunna
321 784 58 22 finna
394 785 111 22 skilnaden
521 786 89 21 emellan
626 788 32 19 att
674 786 94 21 erkänna
784 785 30 27 sig
830 785 63 21 hafva
909 785 84 21 erhållit

166 813 83 26 nyttiga
265 814 167 21 underrättelser
448 815 23 20 af
484 821 87 20 pressen
588 814 38 21 och
642 817 33 18 att
689 815 97 20 förklara
801 814 31 26 sig
847 821 52 14 vara
914 813 23 21 af
951 820 42 15 em-

165 841 102 28 betspligt
283 842 82 27 skyldig
380 845 32 18 att
427 846 95 23 upptaga
537 843 114 26 klagomäl,
662 849 44 15 som
722 843 82 21 anförts
820 843 6 20 i
837 849 92 20 pressen.
951 842 42 21 Det

165 876 40 15 ena
228 872 25 20 är
276 871 47 21 från
339 871 155 27 prokuratorns
510 872 45 21 sida
572 872 96 26 erkändt,
684 872 39 21 och
740 871 94 27 framgår
849 877 25 15 ur
890 871 52 21 hans
958 871 34 21 be-

165 900 94 20 rättelse.
292 900 63 21 Detta
371 901 111 21 uttalande
499 900 53 21 hade
566 900 24 26 ju
606 900 54 21 varit
675 903 33 19 att
723 903 50 24 taga
789 906 51 15 vara
855 900 28 26 pä
892 900 46 21 från
949 906 42 15 ma-

162 928 114 26 joritetens
299 929 46 20 sida
367 928 39 22 och
429 930 49 20 bort
493 930 64 26 lugna
572 929 128 21 densamma.
729 929 50 21 Men
795 928 61 22 deraf
869 929 62 26 följer
946 928 46 22 icke

164 959 33 18 att
211 963 49 14 man
277 957 39 21 har
331 958 113 26 anledning
455 958 63 21 ställa
529 958 59 20 detta
599 958 48 20 kraf
657 957 26 27 pä
697 958 142 26 prokuratorn
851 959 38 21 att,
901 958 23 20 sä
933 960 59 18 snart

165 986 123 26 upprepade
311 986 107 26 klagomäl
441 993 67 20 yppas
531 987 55 20 inom
611 986 186 27 tidningspressen,
821 986 35 21 det
874 992 49 14 vore
939 986 53 20 hans

165 1014 122 26 skyldighet
308 1015 70 21 säsom
401 1015 196 27 embetsäliggande
620 1017 32 19 att
675 1017 53 25 göra
748 1015 38 21 sak
803 1014 60 21 deraf
877 1017 55 18 samt
948 1017 44 18 mot

164 1042 77 21 honom
260 1043 68 21 uttala
344 1046 31 18 ett
390 1044 170 24 klandervotum,
576 1050 34 14 om
627 1044 40 20 han
684 1044 46 20 icke
745 1046 40 24 gör
800 1043 29 21 sä.
860 1043 50 21 Deri
927 1043 65 27 ligger

165 1071 66 26 enligt
247 1072 42 20 min
305 1072 136 27 uppfattning
457 1079 25 15 en
499 1072 103 26 väsentlig
618 1072 90 21 skilnad.

234 1146 31 20 Hr
288 1146 116 21 Munck:
435 1146 31 21 På
481 1152 61 21 pagg.
558 1147 13 20 2
588 1146 38 22 och
642 1147 12 20 3
670 1146 66 21 finnes
753 1146 130 24 omnämndt,
899 1148 33 18 att
947 1146 44 20 mä-

163 1173 45 21 lens
231 1174 59 21 anta]
313 1174 27 26 pä
356 1181 74 15 senare
447 1176 55 20 tider
517 1175 83 27 mycket
616 1175 62 21 ökats
694 1175 39 21 och
750 1178 32 18 att
798 1174 64 22 ocksä
877 1174 114 26 fullföljan-

163 1202 36 21 det
219 1203 23 20 af
256 1203 41 21 mäl
314 1203 5 20 i
336 1203 66 26 högre
418 1206 44 19 rätt
477 1204 67 21 likasä
561 1204 68 20 ökats.
660 1204 32 20 En
708 1204 64 20 orsak
788 1202 70 22 dertill
875 1202 67 22 finner
954 1203 37 26 jag

163 1231 56 26 ligga
235 1231 53 25 deri,
304 1234 32 18 att
352 1232 371 21 kommunalnämndsordförandene
738 1232 87 21 erhållit
841 1231 103 27 rättighet
959 1234 32 18 att

162 1259 87 21 utfärda
273 1260 58 21 bevis
355 1260 58 22 öfver
432 1261 119 24 fattigdom,
567 1261 38 21 och
622 1261 62 20 dessa
700 1260 58 22 bevis
774 1262 37 19 äro
828 1260 45 21 ofta
889 1266 40 20 nog
945 1260 45 21 icke

162 1288 182 27 sanningsenliga;
361 1289 58 21 detta
435 1290 68 20 skulle
516 1290 37 26 jag
568 1289 72 21 kunna
655 1289 47 21 leda
718 1290 6 20 i
740 1290 59 20 bevis
815 1289 5 20 i
832 1288 104 21 särskilda
947 1288 43 22 fall.

162 1316 42 21 Får
227 1323 26 14 en
271 1320 47 23 part
333 1318 83 26 engång
432 1318 64 23 bevis,
513 1321 33 18 att
561 1318 42 21 han
619 1320 24 18 är
659 1318 23 20 så
697 1318 68 25 fattig,
782 1320 33 18 att
830 1317 41 21 han
887 1317 46 21 icke
949 1317 42 21 kan

162 1344 46 22 lösa
231 1346 115 26 protokoll,
370 1346 102 27 fullföljer
487 1347 41 21 han
546 1346 84 21 hvilken
646 1346 85 22 ohemul
747 1346 112 26 rättegång
875 1352 44 14 som
935 1346 56 21 helst

161 1374 33 20 till
217 1374 78 26 högsta
316 1374 82 22 instans
421 1375 40 21 och
476 1375 102 21 anställer
593 1375 51 21 flere
659 1381 41 21 nya
716 1375 115 25 obehöriga
847 1374 142 27 rättegångar.

161 1402 47 21 Den
231 1404 69 20 andra
315 1404 91 20 orsaken
422 1407 46 18 tror
481 1404 37 26 jag
533 1410 51 14 vara
600 1405 46 24 den,
663 1406 32 18 att
711 1404 46 20 icke
773 1403 133 27 lagskiparen
923 1403 67 21 oftare

161 1431 62 21 fäller
247 1432 32 20 till
296 1438 77 14 ansvar
389 1436 73 22 parter
477 1433 33 20 för
526 1432 116 27 obehöriga
658 1433 138 25 rättegångar
811 1432 39 20 och
867 1432 40 20 den
923 1431 67 26 tredje

161 1460 98 25 orsaken,
276 1463 39 21 att,
331 1460 89 22 oaktadt
436 1461 108 26 åtskilliga
559 1461 151 27 författningar
726 1461 113 20 utkommit
852 1460 67 21 under
930 1466 60 14 sven-

161 1488 38 20 ska
219 1488 66 26 tiden,
308 1489 69 21 såsom
397 1490 41 20 den
455 1490 73 26 kallas,
545 1490 73 20 derom
634 1492 32 18 att
682 1490 39 20 den
737 1489 108 27 tappande
861 1492 74 23 parten
951 1488 40 21 bör

161 1518 80 20 ersätta
258 1518 31 20 sin
301 1518 112 26 vederpart
425 1518 274 26 rättegångskostnaderna,
710 1518 25 21 de
747 1518 46 20 ofta
804 1518 78 26 qvittas
894 1518 51 20 eller
957 1519 32 19 ut-
