1181 1773
424 132 154 18 Prokuratorns
590 134 120 17 beråttelse.
900 128 55 21 1217

151 213 6 20 i
180 212 188 27 tidningspressen,
391 213 40 21 och
455 215 31 19 att
514 213 37 23 det
573 219 50 15 vore
647 212 117 22 önskvärdt
786 215 33 19 att
840 213 143 27 prokuratorn

152 241 68 21 skulle
235 242 57 20 fästa
307 241 98 22 afseende
422 242 80 20 dervid.
532 242 43 20 Det
590 243 24 19 är
626 242 89 26 möjligt,
732 242 40 21 och
786 242 37 26 jag
837 242 37 20 vill
889 241 93 27 tillägga,

153 270 36 21 det
211 272 24 18 är
258 270 80 26 troligt,
361 272 33 19 att
417 270 77 26 många
509 270 23 21 af
543 270 62 21 dessa
620 270 109 26 klagomål
745 272 38 19 äro
799 270 116 25 obefogade
931 269 53 21 eller

152 298 57 22 hvila
224 298 28 26 på
268 298 148 22 missförstånd
433 298 39 22 och
488 298 67 21 sakna
570 299 54 24 skäl,
640 305 48 15 men
699 298 130 22 talrikheten
841 299 23 21 af
873 299 26 21 de
911 298 73 27 klago-

153 327 48 26 mål,
217 327 73 21 hvilka
302 327 143 25 förekommit,
461 327 47 21 icke
522 328 7 20 i
545 334 26 14 en
587 328 52 20 eller
655 327 41 26 två,
713 330 52 18 utan
782 327 77 27 många
871 327 112 27 tidningar,

153 356 38 21 och
214 355 72 21 hvilka
302 355 117 22 framstälts
435 356 23 21 af
471 358 59 18 snart
546 356 62 27 sagdt
624 356 79 26 otaliga
718 356 120 26 insändare,
855 356 128 21 talrikheten

153 384 23 21 af
190 384 61 21 dessa
266 384 113 27 klagomål,
392 386 62 25 säger
466 384 43 27 jag,
525 384 63 26 visar,
604 387 33 19 att
652 385 26 21 de
690 385 54 21 dock
755 384 64 22 hafva
829 384 69 28 någon
908 384 75 26 grund,

154 415 32 19 att
209 414 26 20 de
253 413 47 21 icke
317 413 41 21 alla
374 415 37 19 äro
427 413 75 27 gripna
518 419 26 15 ur
558 413 75 21 luften.
664 414 40 26 Jag
720 414 43 20 kan
779 413 72 21 derför
865 413 48 21 icke
927 412 57 22 finna

153 444 66 19 annat
241 443 26 20 än
291 443 32 20 att
344 441 112 22 Utskottet
478 442 46 21 haft
547 442 115 27 anledning
676 444 86 25 antaga,
778 444 33 19 att
826 444 31 19 ett
873 442 51 21 visst
939 441 46 28 slag

156 471 22 20 af
199 470 199 27 lagöfverträdelser
419 472 24 19 är
458 471 85 26 mycket
558 471 89 20 allmänt
662 471 6 20 i
684 471 79 24 landet,
779 471 39 21 och
834 472 33 20 att
881 470 104 27 prokura-

155 501 48 18 torn
226 499 48 21 med
297 499 114 27 anledning
433 499 63 21 häraf
515 499 82 21 kunnat
618 499 90 27 ingripa.
738 499 41 27 Jag
801 499 67 22 finner
888 499 33 21 för
943 499 41 21 den

156 527 55 21 skull
234 530 32 19 att
288 528 158 21 reservationen
470 528 54 21 varit
548 527 82 27 ganska
645 528 138 21 omotiverad.
812 528 41 26 Jag
868 528 39 21 har
927 528 59 21 svårt

156 556 33 21 för
212 557 42 20 min
271 557 33 20 del
320 559 33 18 att
368 558 41 23 tro,
425 559 33 18 att
472 557 25 20 R.
514 563 18 14 o.
548 557 24 20 A.
587 557 69 20 skulle
671 557 73 20 kunna
758 557 7 20 i
781 557 69 20 denna
865 556 68 27 punkt
947 563 38 14 un-

158 585 109 20 derkänna
289 585 145 21 betänkandet
458 585 40 21 och
520 585 113 26 godkänna
656 585 165 22 reservationen.
852 585 41 26 Jag
907 585 40 21 har
962 584 24 21 så

157 613 83 27 mycket
263 614 86 20 svårare
371 616 32 19 alt
425 616 34 19 tro
483 614 66 25 detta,
573 620 45 15 som
635 614 24 27 ju
674 614 103 21 särskildt
792 614 36 21 vid
843 613 143 22 innevarande

157 642 101 26 landtdag
273 643 24 20 R.
315 649 18 14 o.
349 643 22 20 A.
389 643 34 20 vid
440 642 50 21 flere
506 642 98 21 tillfällen
620 643 114 26 ådagalagt
749 643 32 20 sin
797 649 84 20 omsorg
896 649 34 14 om
953 644 32 19 att

157 671 97 26 lagarnas
276 671 124 21 efterlefnad
424 677 56 20 noga
494 671 132 21 öfvervakas.
656 671 25 21 R.
698 678 19 14 o.
734 671 24 21 A.
775 671 39 21 har
829 674 14 18 t.
861 677 30 15 ex.
907 671 79 20 uttalat

159 701 31 19 ett
205 699 89 21 klander
315 699 58 21 öfver
390 706 25 15 en
432 699 82 26 åtgärd,
530 705 46 16 som
592 699 82 28 tycktes
690 700 90 21 Ståndet
795 699 105 22 innefatta
915 705 26 16 en
957 699 30 21 af-

156 728 79 21 vikelse
254 728 46 21 från
323 728 98 27 gällande
444 728 129 27 näringslag.
603 729 49 20 Man
676 729 71 20 kunde
766 729 107 20 måhända
887 730 52 24 säga
954 729 33 19 att

157 757 68 20 denna
241 757 34 26 lag
290 757 71 20 såsom
384 757 123 26 ständerlag
522 757 55 21 hade
592 763 26 16 en
634 759 69 19 större
719 757 70 26 helgd,
805 763 48 15 men
868 758 32 20 att
911 757 39 20 här
959 763 28 14 nu

158 787 24 18 är
204 785 59 26 fråga
285 785 54 21 blott
362 791 33 15 om
415 785 157 21 administrativ
590 786 41 26 lag.
662 785 49 22 Men
727 786 37 21 fall
779 785 63 22 hafva
857 785 61 22 äfven
933 785 54 21 före-

158 813 96 26 kommit,
278 814 25 21 då
319 814 24 21 R.
366 820 19 15 o.
410 815 24 20 A.
451 814 102 21 särskildt
569 815 77 20 uttalat
663 815 31 26 sig
710 821 34 15 om
761 814 169 21 administrativa
945 813 42 21 för-

158 842 126 27 fattningars
300 843 62 26 helgd
379 843 39 20 och
433 843 186 26 nödvändigheten
635 843 23 20 af
672 845 32 19 att
719 845 83 24 strängt
818 842 58 22 hålla
890 842 28 27 på
933 842 54 21 dem.

158 871 23 21 R.
199 877 19 15 o.
236 872 25 20 A.
277 871 39 21 har
331 874 14 18 t.
360 878 31 14 ex.
407 871 65 21 fattat
487 873 31 19 ett
533 871 77 26 beslut,
626 871 147 22 innefattande
785 873 32 19 ett
829 871 89 21 klander
930 873 57 19 emot

158 906 26 14 en
199 900 108 27 afdelning
323 900 20 21 af
360 900 82 21 landets
458 900 106 26 Regering
579 900 77 26 derför,
672 902 32 19 att
716 901 123 21 densamma
847 900 46 21 icke
904 902 84 24 strängt

159 928 68 21 skulle
249 929 100 26 iakttagit
372 928 99 28 gällande
486 929 151 27 författningar
652 930 92 20 rörande
759 929 96 21 vilkoren
871 928 33 22 för
919 928 69 21 tillde-

159 957 62 21 lande
245 957 48 21 utaf
315 958 76 21 ansökt
410 957 118 21 understöd
552 958 22 20 ät
596 958 123 21 folkskolor.
750 958 41 26 Jag
811 958 39 20 har
865 957 123 26 visserligen

159 986 45 20 icke
227 986 32 20 till
280 987 58 20 detta
354 986 70 21 beslut
439 986 101 26 bidragit,
557 986 27 21 dä
600 986 36 21 det
651 986 66 26 enligt
732 986 43 21 min
791 986 65 21 tanke
872 986 46 21 icke
933 986 56 20 varit

159 1014 125 26 tillräckligt
306 1015 79 26 utredt,
408 1015 106 21 huruvida
539 1014 189 28 lagöfverträdelse
757 1015 38 21 här
821 1015 107 26 verkligen
953 1016 36 24 egt

159 1049 53 14 rum.
243 1043 48 21 Men
307 1044 7 20 i
330 1043 42 21 alla
386 1043 38 21 fall
439 1043 49 27 gick
504 1044 24 20 R.
545 1050 19 14 o.
580 1044 38 20 A:s
634 1050 85 20 omsorg
734 1050 34 14 om
783 1044 61 20 dessa
855 1043 134 21 administra-

160 1071 43 21 tiva
224 1071 163 27 författningars
411 1072 62 26 helgd
497 1072 23 20 sä
536 1072 66 26 långt,
618 1074 32 19 att
665 1072 25 21 R.
707 1079 18 14 o.
742 1072 26 21 A.
784 1072 109 27 skyndade
908 1073 33 19 att
956 1074 33 18 ut-

160 1100 44 20 tala
227 1102 30 19 ett
276 1100 89 22 klander
387 1100 59 21 öfver
468 1100 144 27 Regeringens
628 1100 162 27 handlingssätt.
821 1100 40 22 Om
877 1100 46 22 äter
939 1100 6 20 i
961 1106 29 15 nu

159 1128 140 22 förevarande
321 1129 36 21 fall
381 1130 24 20 R.
421 1135 20 15 o.
459 1130 25 20 A.
508 1129 69 21 skulle
600 1129 96 21 förkasta
719 1130 162 26 Lagutskottets
903 1128 86 27 förslag,

160 1164 45 14 som
228 1158 56 20 afser
306 1160 32 18 att
361 1158 54 21 vissa
431 1158 169 21 administrativa
615 1158 158 26 författningar,
793 1159 19 20 d.
827 1164 18 15 v.
862 1164 16 15 s.
895 1158 32 26 de,
943 1164 46 14 som

160 1186 54 26 angä
229 1186 103 26 spräkens
347 1186 135 27 användning
493 1186 35 21 vid
544 1186 140 27 embetsverk,
696 1186 53 22 böra
761 1188 106 25 noggrant
876 1186 113 26 iakttagas,

161 1214 23 21 så
207 1214 72 22 kunde
311 1215 58 21 detta
392 1215 106 27 knappast
527 1217 53 24 göra
601 1218 65 18 annat
689 1216 84 26 intryck
796 1215 28 27 pä
846 1215 144 21 allmänheten

161 1244 26 19 än
210 1246 32 18 att
264 1244 36 20 det
319 1244 122 26 Höglofliga
457 1243 90 21 Ständet
562 1244 47 21 icke
625 1246 24 19 är
664 1244 44 20 lika
722 1244 113 26 angeläget
850 1250 34 15 om
901 1245 32 19 att
947 1243 44 21 alla

162 1272 58 25 lagar
243 1272 60 21 skola
325 1272 107 26 jakttagas
456 1278 45 15 som
524 1279 26 14 en
574 1272 34 21 del
632 1273 64 27 lagar.
728 1272 45 21 Och
788 1272 65 26 vägar
866 1272 38 27 jag
919 1272 72 20 derför

161 1302 32 18 tro
210 1302 32 18 att
257 1300 90 22 Ständet
362 1301 47 21 icke
425 1300 55 22 skall
496 1301 113 26 godkänna
625 1301 164 21 reservationen.
810 1301 41 21 Det
867 1302 40 20 bör
921 1300 70 26 aldrig

161 1334 50 15 vara
226 1328 60 22 fallet
302 1331 32 19 att
349 1329 204 27 lagöfverträdelsen
572 1330 67 20 finner
654 1332 32 18 ett
701 1330 49 20 stöd
765 1330 7 20 i
787 1329 203 27 representationen.

161 1357 26 26 Ej
203 1357 66 21 heller
285 1358 39 20 bör
341 1358 145 21 allmänheten
502 1358 73 21 kunna
590 1358 22 21 få
627 1358 40 22 den
676 1358 153 27 föreställning,
840 1360 31 19 att
880 1358 37 20 det
927 1357 65 21 bland

162 1385 87 27 lagarna
264 1386 68 21 skulle
348 1387 91 21 existera
455 1386 87 26 sädana,
559 1387 72 21 hvilka
646 1387 36 21 det
697 1386 46 22 icke
758 1392 49 15 vore
823 1386 23 22 sä
861 1386 131 26 nödvändigt

161 1416 33 19 att
216 1414 100 27 jakttaga.
347 1416 41 26 Jag
411 1417 24 19 är
458 1414 28 27 pä
508 1416 63 20 dessa
590 1416 46 20 skäl
652 1415 125 27 öfvertygad
792 1421 34 15 om
842 1417 32 19 att
889 1415 25 21 R.
932 1420 19 15 o.
967 1415 24 20 A.

162 1443 96 21 kommer
273 1446 32 18 att
320 1444 113 25 godkänna
450 1443 145 22 betänkandet
610 1444 39 21 och
665 1443 97 21 förkasta
777 1444 164 20 reservationen.

231 1500 60 20 Frih.
312 1506 41 15 von
377 1500 84 21 Born:
492 1500 10 21 I
521 1503 91 19 motsats
627 1501 32 21 till
676 1500 40 21 den
732 1503 84 18 senaste
831 1500 65 21 ärade
911 1500 82 21 talaren

162 1528 96 21 anhåller
270 1528 36 27 jag
317 1530 32 20 att
360 1528 21 22 få
392 1529 125 26 obetingadt
528 1529 132 21 understöda
670 1530 166 26 reservationen,
847 1529 39 21 och
897 1528 96 21 anhåller

902 1568 22 17 77
