1181 1773
373 117 114 17 Arbetares
500 117 120 21 försäkring
629 118 32 16 för
671 117 119 21 olycksfall.
912 112 55 20 1379

167 197 55 21 skall
237 196 100 26 erbjudas
353 196 23 21 af
389 203 24 14 en
431 203 71 15 ensam
516 197 159 27 arbetsgifvare,
691 198 24 20 så
730 197 69 21 måste
815 198 68 20 denna
897 196 100 21 säkerhet

167 226 6 20 i
189 225 118 26 penningar
322 225 105 21 uträknad
443 225 67 21 blifva
525 228 69 19 större
617 226 24 26 ju
666 226 81 21 mindre
771 226 59 20 antal
843 226 98 20 arbetare
955 225 40 20 han

167 254 6 20 i
189 254 31 20 sin
236 254 65 25 tjenst
316 254 140 26 sysselsätter,
472 256 22 24 ty
510 260 34 15 om
566 261 49 14 man
627 254 39 22 ock
682 257 35 18 vet
744 256 32 19 att
791 255 6 20 i
814 261 24 14 en
855 254 140 20 förevarande

167 282 142 26 industrigren
325 282 28 26 på
369 282 40 21 100
425 282 98 21 arbetare
538 282 98 22 inträffar
651 283 23 21 så
690 283 39 21 och
746 283 23 21 så
785 282 77 27 många
878 282 117 26 olycksfall,

167 310 24 21 så
210 310 71 22 kunna
302 311 64 21 säkra
388 311 154 26 slutledningar
565 312 45 20 icke
632 313 70 25 göras,
718 318 35 14 om
765 312 35 20 vid
816 313 31 19 ett
863 311 50 21 verk
929 310 66 22 finnes

166 341 15 19 t.
198 345 31 15 ex.
245 340 26 20 20
287 339 104 21 arbetare.
418 340 41 20 Det
474 340 41 20 kan
522 340 24 26 ju
555 339 85 22 inträffa
648 342 32 19 att
689 340 68 21 under
766 342 31 19 ett
805 340 24 20 år
837 340 50 21 flere
897 340 98 20 arbetare

167 367 54 27 ljuta
236 368 69 20 döden
320 374 75 20 genom
419 368 110 26 olycksfall
546 369 51 21 eller
613 369 65 21 blifva
693 368 106 27 tillfälliga
815 368 108 21 invalider.
954 368 42 21 För

167 398 32 18 att
214 396 72 21 kunna
301 396 82 27 skydda
399 396 137 22 arbetarenes
547 399 49 24 rätt,
612 397 82 21 hvilket
712 404 51 14 vore
779 396 216 27 kontrollmyndighe-

167 427 47 19 tens
237 424 89 28 uppgift,
354 425 67 21 måste
444 432 48 14 man
514 426 62 21 ställa
600 426 126 21 säkerheten
743 426 5 20 i
765 426 81 26 kapital
863 426 23 20 så
902 425 41 27 hög
964 426 32 19 att

167 454 81 21 mindre
271 454 166 21 industriidkare
454 454 45 21 icke
516 454 67 22 skulle
599 454 72 22 kunna
686 454 93 22 uthärda
795 457 32 18 att
842 454 86 27 erlagga
944 453 52 22 eller

167 483 106 26 deponera
288 483 73 20 sådan.
392 483 76 20 Derför
484 483 74 26 skulle,
582 483 69 21 såsom
673 484 38 20 här
726 484 40 21 ock
783 483 68 21 blifvit
867 483 128 25 framhållet,

166 511 79 27 följden
262 511 65 21 blifva
343 513 31 19 att
396 511 121 28 försäkring
539 512 69 21 blefve
631 513 40 20 den
687 512 84 27 vanliga
787 512 81 21 formen
884 511 33 21 för
933 511 39 21 den
989 511 6 20 i

166 539 61 27 lagen
243 540 99 21 fordrade
351 540 133 22 säkerheten,
500 541 65 20 också
573 547 34 15 om
616 541 31 21 Hr
656 541 115 21 Mechelins
780 541 138 26 formulering
926 539 69 22 skulle

166 570 95 25 antagas.
292 569 49 20 Men
366 575 75 20 genom
465 571 31 19 att
520 570 6 20 i
542 570 61 26 lagen
623 570 72 20 ställes
711 576 42 20 upp
770 569 68 21 såsom
857 570 8 19 1
884 575 61 14 mom.
963 570 33 19 att

167 597 104 25 säkerhet,
303 603 44 15 som
370 597 22 21 af
411 598 200 27 Industristyrelsen
634 598 131 26 godkännes,
789 598 31 21 fär
843 597 106 27 erbjudas,
971 597 24 20 sä

166 626 68 21 skulle
257 632 48 15 man
326 626 24 27 ju
373 626 70 21 inleda
466 627 154 26 arbetsgifvare
642 627 5 20 i
663 627 98 20 frestelse
776 629 32 18 att
824 627 107 20 inkomma
947 626 47 20 med

167 655 149 26 ansökningar,
333 655 72 20 hvilka
421 655 65 21 sedan
502 655 54 21 dock
572 656 45 20 icke
626 656 70 20 kunde
708 655 94 27 beviljas,
813 655 39 21 och
867 655 128 26 derigenom,

167 683 69 21 säsom
252 683 32 21 Hr
300 683 147 27 Montgomery
463 684 107 25 framhöll,
586 684 88 21 äsamka
689 684 199 26 Industristyrelsen
905 685 31 18 ett
948 689 47 14 oer-

166 712 63 21 hördt
244 713 74 20 arbete
333 714 52 19 utan
401 713 150 20 motsvarande
566 719 61 20 gagn.
657 713 80 26 Regeln
754 713 95 20 kommer
865 713 5 20 i
882 711 113 28 praktiken

167 740 44 21 helt
236 741 52 20 visst
311 742 32 19 att
366 747 51 14 vara
440 741 47 22 den,
511 743 32 19 att
566 741 120 26 försäkring
702 745 59 23 tages
778 741 38 21 och
833 741 36 21 det
884 742 24 19 är
923 740 73 21 derför

166 769 111 21 Utskottet
293 769 23 21 af
334 769 109 26 praktiska
467 770 45 20 skäl
536 770 65 21 ocksä
623 771 94 26 uppstält
740 770 108 26 principen
865 775 34 15 om
915 769 80 26 obliga-

166 798 68 20 torisk
249 797 124 27 försäkring.
406 797 114 27 Uppgiften
538 799 38 21 har
592 799 55 20 varit
663 800 31 19 att
710 799 127 20 säkerställa
852 798 100 21 arbetare
968 797 28 26 pä

167 826 33 21 för
215 827 178 26 arbetsgifvarene
409 827 65 20 minst
490 827 134 27 betungande
640 829 48 19 sätt.
721 827 113 26 Undantag
844 827 73 20 kunna
927 826 68 20 finnas

166 855 40 21 och
221 855 6 20 i
243 855 11 27 &
270 856 12 20 6
298 855 92 21 förutses
406 855 86 21 sådana.
523 856 75 21 Denna
614 856 29 27 &:s
660 856 159 25 bestämningar
835 855 69 21 kunde
920 855 74 20 visser-

166 884 55 26 ligen
237 884 23 21 af
274 884 42 21 alla
331 884 115 21 försöksvis
462 885 84 25 anlitas,
563 892 47 14 men
627 891 61 21 egare
705 885 22 21 af
737 885 80 20 mindre
829 883 167 22 industriinrätt-

166 913 75 26 ningar
264 913 84 21 komma
371 915 32 19 att
425 917 75 22 genast
523 914 34 20 vid
579 914 67 21 första
669 914 107 26 påseende
791 913 57 21 finna
864 915 32 18 att
911 912 36 21 det
963 911 33 21 för

167 942 47 20 dem
230 942 45 20 icke
292 944 24 18 är
332 941 121 27 förmänligt
469 944 33 19 att
517 943 67 20 anlita
600 943 12 26 $
628 943 18 20 6.
678 942 75 20 Denna
769 942 12 26 $
797 942 12 20 6
823 942 39 20 bar
873 941 123 21 tillkommit

166 970 27 27 pä
209 971 67 25 grund
292 970 23 22 af
329 972 32 19 att
377 971 35 20 det
427 971 6 20 i
450 970 46 21 vårt
511 971 50 21 land
569 971 63 21 också
639 970 96 22 finnessä
745 972 58 19 stora
810 970 126 21 industriela
944 968 51 22 verk

166 1000 32 20 att
217 1000 62 20 deras
294 999 198 27 arbetarepersonal
517 1000 41 20 kan
582 999 58 21 bilda
662 1006 25 14 en
707 999 133 27 sjelfständig
855 998 140 26 försäkrings-

166 1028 67 21 stock.
264 1028 45 20 Här
324 1028 67 20 finnas
407 1028 6 20 i
429 1028 121 21 Utskottets
567 1028 134 21 betänkande
716 1028 91 20 anförda
823 1027 74 25 siffror,
913 1026 28 27 pä
956 1026 38 21 sid.

168 1057 32 23 18,
224 1062 33 15 om
280 1058 32 19 ett
330 1056 121 22 industrielt
467 1057 58 24 verk,
541 1063 45 15 som
602 1057 95 25 frivilligt
713 1056 39 21 och
767 1062 76 20 genom
859 1056 136 26 kapitalupp-

167 1084 99 27 offringar
281 1085 47 21 frän
343 1085 180 27 arbetsgifvarens
539 1086 47 20 sida
601 1086 136 20 säkerställer
753 1086 45 20 sina
815 1085 104 24 arbetare,
931 1090 64 20 unge-

166 1114 32 20 fär
213 1114 6 20 i
235 1120 80 14 samma
331 1114 48 21 män
395 1120 45 15 som
456 1120 76 20 genom
548 1114 131 26 antagandet
694 1114 23 20 af
728 1113 121 21 Utskottets
860 1112 136 22 betänkande

165 1142 69 21 skulle
250 1143 85 21 komma
350 1144 31 20 att
397 1143 42 25 ske,
458 1143 39 20 och
512 1143 32 21 för
561 1149 24 15 en
602 1143 64 21 sädan
682 1142 91 21 industri
789 1148 45 15 som
849 1142 77 24 denna,
942 1141 53 21 hvil-

165 1170 42 22 ken
222 1172 135 26 sysselsätter
373 1171 58 21 öfver
448 1172 63 24 2,000
534 1172 98 20 arbetare
654 1172 67 20 under
739 1177 82 15 samma
836 1170 160 26 arbetsgifvare,

165 1199 67 21 finnes
254 1200 65 21 redan
341 1200 111 26 möjlighet
478 1203 32 18 att
532 1200 96 26 tillämpa
647 1200 132 20 statistikens
794 1200 35 26 lag
845 1206 34 14 om
895 1199 26 20 de
937 1200 59 19 stora

165 1228 64 21 talen.
260 1228 14 27 &
290 1230 12 20 6
318 1228 117 21 innehåller
450 1228 82 22 således
548 1231 31 19 ett
594 1230 115 25 undantag,
725 1234 45 15 som
782 1229 41 20 kan
834 1227 162 27 tillgodonjutas

166 1256 22 22 af
202 1257 25 21 de
243 1259 81 19 största
346 1258 125 20 industriela
499 1257 110 27 företagen
626 1257 38 21 hos
680 1263 40 19 oss,
738 1256 39 22 och
794 1263 47 15 man
858 1257 41 20 kan
915 1255 82 22 bereda

166 1286 63 20 dessa
243 1292 26 14 en
285 1286 82 26 verklig
382 1286 75 25 fördel,
474 1292 47 15 men
537 1288 33 19 att
586 1286 107 26 uppställa
708 1286 32 26 $:s
756 1285 92 21 innehåll
858 1285 70 21 såsom
937 1284 58 26 regel

165 1320 51 15 vore
231 1316 32 18 att
279 1314 120 26 onödigtvis
413 1314 28 26 gä
457 1321 25 14 en
498 1316 76 25 omväg
590 1314 33 21 för
639 1317 32 18 att
687 1314 54 21 dock
757 1314 100 26 slutligen
873 1315 77 19 stanna
961 1312 35 21 vid

165 1342 126 27 försäkring.
322 1343 43 21 Det
387 1345 24 19 är
433 1345 33 19 att
488 1343 80 21 beakta
587 1345 32 19 att
635 1343 25 21 de
676 1342 171 25 industriidkare,
865 1348 45 15 som
926 1341 69 21 skulle

166 1371 63 21 ställa
255 1372 106 26 säkerhet,
387 1372 33 20 stä
448 1372 92 21 enskilät
565 1371 33 21 för
623 1372 31 26 sig
682 1372 38 20 och
743 1371 46 21 icke
805 1371 127 21 solidariska
947 1369 49 21 med

165 1400 127 21 hvarandra.
323 1400 72 22 Skulle
412 1400 25 21 de
460 1400 33 21 stä
515 1400 128 21 solidariska
659 1400 47 21 med
723 1400 126 26 hvarandra,
866 1399 130 21 åtminstone

165 1428 166 22 industriidkare
357 1429 6 21 i
387 1435 83 15 samma
495 1429 111 25 brancher,
630 1429 23 21 så
675 1428 69 21 skulle
757 1428 24 26 ju
796 1426 200 28 Industristyrelsen

165 1458 72 21 kunna
252 1457 108 27 uppställa
378 1464 25 14 en
417 1457 155 27 jemförelsevis
588 1457 114 26 lindrigare
718 1457 191 27 kapitalplacering
925 1455 71 21 såsom

166 1486 106 24 säkerhet,
287 1492 49 15 men
352 1486 27 21 då
393 1486 79 21 sådant
487 1492 28 14 nu
530 1486 48 21 icke
593 1486 41 20 blir
649 1486 67 24 fallet,
732 1492 33 15 om
783 1486 30 20 Hr
829 1484 116 22 Mechelins
953 1484 43 20 för-

165 1515 46 26 slag
227 1516 94 25 antages,
337 1514 24 22 så
376 1515 41 21 kan
431 1514 37 27 jag
483 1514 47 21 icke
546 1514 57 21 finna
618 1514 101 26 förslaget
733 1514 113 26 praktiskt.
876 1514 41 25 Jag
927 1512 70 21 måste
