1181 1773
220 132 56 21 1444
471 138 25 17 R.
509 142 18 12 o.
539 138 23 16 A.
575 138 57 17 1894.
656 138 27 16 30
695 138 48 20 Maj.

190 218 41 21 den
254 218 191 26 omständigheten,
469 220 33 18 att
517 218 65 23 tiden,
599 218 27 21 dä
642 218 127 26 stadgandet
789 218 6 20 i
811 218 14 20 4
840 218 53 26 Kap.
909 217 110 26 konunga-

190 246 79 21 balken
292 246 24 21 L.
335 246 24 22 L.
382 246 40 21 och
447 247 54 21 1720
517 246 35 21 ärs
567 246 25 21 R.
608 246 24 21 F.
649 246 89 26 tillkom,
754 246 47 21 fans
816 248 56 19 ännu
887 246 47 21 icke
950 245 68 27 nägon

189 274 93 22 särskild
307 276 104 26 procedyr
436 275 99 21 faststäld
558 275 33 21 för
614 275 100 21 stiftande
738 275 23 21 af
781 275 110 26 grundlag,
910 277 51 18 utan
977 274 40 21 den

189 303 100 21 stiftades
311 303 70 21 säsom
404 304 72 26 vanlig
499 304 40 26 lag.
570 304 30 20 Pä
624 304 42 20 alla
684 304 62 20 dessa
761 303 47 21 skäl
824 303 39 21 har
875 303 37 27 jag
927 303 33 21 för
975 302 42 22 min

189 332 35 21 del
240 344 28 3 —
281 332 37 26 jag
340 332 106 21 erkänner
466 338 66 20 gerna
555 334 33 19 att
600 332 38 26 jag
653 332 39 20 hör
708 332 31 20 till
756 332 161 26 Lagutskottets
933 331 85 27 majori-

189 362 32 19 tet
245 373 15 3 —
273 360 46 22 icke
334 361 82 21 kunnat
432 361 86 21 komma
533 361 32 21 till
581 360 69 27 nägon
660 367 69 14 annan
739 361 135 26 uppfattning
882 362 27 19 än
918 360 46 27 den,
973 366 44 15 som

189 389 44 21 helt
249 389 49 21 kort
313 389 6 21 i
335 390 161 26 Lagutskottets
512 390 112 20 utlätande
639 389 117 27 framlagts.

259 463 32 22 Hr
311 464 123 21 Waldemar
450 463 181 22 Schauman:
662 464 42 26 Jag
719 464 78 21 räknar
813 463 101 22 särskildt
930 463 87 21 Utskot-

189 494 32 19 tet
243 493 33 20 till
295 492 105 27 förtjenst,
417 495 31 18 att
464 493 36 20 det
515 493 47 26 gätt
577 493 88 26 tillväga
681 493 47 20 med
745 495 45 18 stor
805 492 121 21 varsamhet
941 492 34 20 vid
991 491 26 21 de

188 521 76 26 gjorda
279 521 142 26 ändringarna
437 521 23 21 af
470 521 144 27 föreliggande
630 521 48 20 näd.
692 527 60 20 prop.
783 522 71 19 Annat
865 521 54 20 hade
930 520 87 22 Utskot-

190 551 31 19 tet
244 550 46 21 icke
313 550 66 21 heller
403 557 66 20 gerna
491 550 82 21 kunnat
591 552 59 24 göra,
664 550 47 20 med
727 550 121 21 beaktande
864 549 22 21 af
900 550 39 20 den
955 549 63 21 korta

189 578 38 26 tid,
250 584 45 15 som
312 578 111 22 Utskottet
439 579 123 26 disponerat
578 579 59 20 öfver
653 578 32 21 för
700 581 33 18 att
748 579 92 26 granska
856 578 39 21 och
910 579 61 26 lägga
986 578 31 25 sig

190 607 20 20 in
227 607 6 20 i
249 606 83 27 frägan,
348 607 89 21 likasom
454 607 61 21 äfven
532 607 78 24 derför,
627 609 32 19 att
674 608 47 26 den,
736 607 70 21 säsom
819 607 22 21 af
851 613 24 15 en
887 607 51 20 ärad
949 607 68 20 talare

189 638 66 24 sagts,
279 638 24 18 är
325 636 22 21 af
360 636 117 27 grannlaga
493 638 67 19 natur.
590 636 40 26 Jag
647 636 68 21 skulle
731 636 72 20 derför
818 636 33 21 för
867 636 42 20 min
926 635 32 21 del
974 635 43 20 för-

189 664 63 21 ordat
272 671 26 14 en
314 664 196 27 detaljeranskning
532 665 23 20 af
575 665 108 26 förslaget,
707 665 90 20 såframt
812 665 46 20 icke
874 665 5 20 i
895 664 121 21 Utskottets

189 693 81 26 förslag
292 693 68 21 skulle
383 693 68 21 finnas
471 693 66 27 nägra
558 693 98 26 punkter,
679 693 72 21 hvilka
763 693 38 27 jag
815 693 34 21 för
863 693 42 21 min
922 693 33 20 del
970 693 46 20 icke

191 727 62 16 anser
269 728 52 15 vara
336 722 114 27 antagliga,
468 722 80 21 sådana
563 722 25 21 de
604 723 37 19 äro
657 721 126 27 föreslagna.
814 722 10 21 I
840 721 141 22 betraktande
996 721 23 21 af

189 750 39 21 den
252 750 63 21 korta
334 751 37 24 tid,
387 757 45 14 som
449 750 92 21 äterstär
556 751 32 20 till
605 751 140 25 landtdagens
761 750 128 25 afslutande,
905 756 62 15 anser
979 749 38 27 jag

189 779 54 20 dock
266 781 32 19 att
321 779 68 26 nägon
414 779 89 27 ändring
519 779 45 21 icke
581 779 41 21 kan
640 785 58 15 mera
713 779 161 26 ifrägakomma,
891 779 38 21 och
945 778 72 21 derför

189 808 79 21 önskar
287 807 36 27 jag
347 807 74 22 förena
444 808 42 27 mig
502 809 6 20 i
525 808 31 21 Hr
572 807 116 22 Mechelins
704 808 79 27 förslag
799 808 32 21 till
848 808 116 25 uttalande,
984 809 32 19 att

189 835 96 27 Ständet,
301 837 6 20 i
331 837 106 20 anseende
453 837 31 20 till
500 836 136 21 förestäende
650 836 117 27 afslutning
781 836 23 21 af
819 837 134 26 landtdagen,
970 836 46 21 icke

188 870 59 15 mera
262 865 81 20 kunnat
358 865 49 27 ingä
422 866 6 20 i
446 865 196 27 detaljgranskning
658 865 22 20 af
694 865 151 26 betänkandet,
858 867 51 19 utan
921 865 96 20 anhäller

188 900 34 14 om
239 894 48 20 näd.
303 900 60 20 prop.
379 894 31 21 till
427 896 63 19 nästa
505 894 109 26 landtdag.
646 894 60 20 Hvad
722 894 157 20 reservationen
895 894 40 20 N:o
951 894 12 20 2
979 900 36 14 an-

187 922 45 26 gär,
256 923 24 20 sä
302 923 39 20 har
360 922 36 27 jag
411 923 76 27 funnit,
502 925 31 18 att
550 922 40 21 den
606 924 24 19 är
646 922 86 27 hopsatt
748 922 24 21 sä
787 923 72 26 lösligt
874 922 39 22 och
929 922 24 21 sä
968 922 48 26 föga

187 951 146 26 genomtänkt,
349 954 33 18 att
398 958 48 14 man
463 952 45 20 icke
525 952 61 20 torde
599 951 71 21 kunna
679 951 55 21 fästa
743 951 64 26 nägot
816 951 98 21 afseende
923 951 33 20 vid
966 950 50 21 den-

165 1000 2 2 .
187 985 88 15 samma.
296 980 49 20 Men
359 980 36 26 jag
411 983 45 18 tror
468 980 70 25 också,
550 982 32 18 att
594 982 160 18 reservanterne
770 980 46 20 icke
827 980 24 20 sä
862 980 83 26 mycket
954 979 61 21 tänkt

187 1008 28 26 pä
237 1010 34 19 att
288 1008 141 21 framkomma
446 1008 46 21 med
508 1012 32 17 ett
555 1008 85 26 förslag,
656 1011 51 18 utan
723 1008 185 26 hufvudsakligast
923 1008 45 20 haft
983 1008 33 20 till

187 1036 55 27 syfte
265 1038 32 20 att
317 1037 79 21 föreslä
418 1038 42 20 den
482 1037 47 21 näd.
552 1043 72 21 prop:s
642 1037 145 21 förkastande.
817 1037 42 26 Jag
873 1037 85 21 förenar
973 1037 43 26 mig

187 1065 84 21 således
293 1066 49 20 med
365 1065 32 21 Hr
422 1066 106 21 Mechelin
552 1072 33 14 om
608 1067 33 19 att
664 1066 197 26 detaljeranskning
882 1065 46 21 icke
948 1064 67 22 måtte

187 1093 87 22 komma
276 1089 15 36 i
310 1094 66 27 fräga.

255 1162 58 21 Frih.
329 1168 42 15 von
385 1162 91 21 Born:
506 1162 32 21 De
553 1162 75 27 gjorda
643 1162 140 21 uttalandena
799 1162 39 21 och
861 1161 99 21 särskildt
974 1162 41 20 den

186 1190 53 21 sista
262 1191 65 21 ärade
341 1190 94 22 talarens
450 1191 100 27 yttrande
573 1191 77 27 betaga
664 1191 43 27 mig
722 1191 74 26 hvarje
811 1190 113 26 anledning
939 1192 32 19 att
986 1190 29 21 vi-

186 1219 51 21 dare
261 1219 49 27 ingå
332 1220 7 20 i
361 1219 197 27 detaljeranskning
580 1219 22 21 af
616 1220 74 26 sjelfva
705 1220 40 20 den
761 1219 106 27 egentliga
882 1218 82 27 frågan;
980 1219 35 27 jag

187 1247 97 21 anhåller
307 1248 75 20 endast
398 1251 33 17 att
446 1248 28 25 få,
490 1248 47 21 med
553 1248 113 26 anledning
682 1248 60 21 deraf
755 1250 33 18 att
803 1248 56 20 Frih.
876 1248 77 20 Wrede
969 1245 56 23 icke"

186 1278 23 18 är
225 1277 140 26 närvarande,
381 1279 58 18 emot
455 1277 31 21 Hr
502 1277 148 26 Montgomery
665 1277 6 20 i
688 1277 69 21 denna
767 1276 25 21 sä
803 1276 119 26 principielt
935 1276 79 28 vigtiga

185 1305 287 27 grundlagstolkningsfräga
494 1305 100 26 päminna
616 1305 79 26 derom,
716 1307 32 19 att
771 1305 35 21 vid
822 1305 58 21 säväl
897 1305 55 21 1888
968 1312 45 14 som

187 1333 52 21 1891
265 1334 34 20 års
324 1334 128 26 landtdagar
474 1334 120 21 Ständerna
616 1334 40 20 och
672 1334 153 26 Lagutskottet
840 1334 131 20 behandlade
988 1340 26 14 en

184 1362 69 26 fräga,
269 1368 45 14 som
337 1362 7 20 i
367 1362 60 21 detta
446 1362 99 21 afseende
561 1369 37 14 var
614 1362 22 21 af
651 1362 37 21 bra
704 1368 41 21 nog
761 1362 44 21 lika
819 1364 69 18 natur.
919 1362 42 21 Det
976 1369 38 14 var

184 1390 49 21 näd.
257 1396 60 21 prop.
344 1397 34 15 om
404 1391 120 27 skyldighet
549 1390 32 22 för
606 1391 69 21 lärare
701 1391 39 21 och
767 1391 120 21 lärarinnor
911 1391 34 21 vid
971 1391 43 21 ele-

184 1419 212 21 mentarläroverken
418 1426 28 14 m.
470 1426 26 14 m.
520 1421 32 19 att
564 1419 48 27 afgä
627 1426 25 14 ur
668 1420 92 26 tjensten
776 1419 35 21 vid
827 1420 41 20 viss
883 1419 66 21 ålder.
979 1419 35 21 Nu

185 1447 67 21 finnes
269 1448 36 20 det
320 1454 25 14 en
361 1447 127 27 författning
503 1448 23 20 af
541 1448 61 26 1786,
618 1454 45 15 som
679 1448 7 20 i
702 1448 36 21 det
751 1448 98 21 afseende
860 1448 153 26 kompletterar

183 1475 26 21 R.
225 1476 32 26 F.,
273 1478 32 18 att
321 1476 38 20 der
374 1476 107 21 förklaras
496 1479 32 18 att
544 1477 66 20 under
626 1476 108 27 uttrycket
749 1476 104 27 ,välfärd*
869 1476 7 21 i
891 1476 25 21 R.
933 1476 24 21 F.
973 1477 12 19 2
1001 1476 12 26 8

183 1504 62 21 äfven
262 1504 78 21 förstäs
355 1504 156 22 innehafvande
527 1505 83 21 embete
626 1505 39 21 och
679 1505 74 27 tjenst;
771 1505 39 21 och
826 1505 50 21 fann
884 1504 129 27 Lagutskot-

183 1534 33 19 tet
238 1532 35 22 vid
297 1533 56 21 bäda
376 1534 63 20 dessa
461 1534 133 26 landtdagar,
618 1534 69 20 sävidt
708 1540 25 14 ur
749 1534 156 26 handlingarna
919 1532 94 27 framgär
