1181 1773
219 121 42 21 980
470 128 24 18 R.
508 134 17 12 o.
540 130 22 16 A.
576 130 57 16 1894.
661 130 21 16 15
696 130 47 20 Maj.

191 208 106 21 utskottet
313 208 46 22 haft
373 209 48 21 med
437 208 172 27 Statsutskottet,
625 210 45 21 ledt
685 210 32 21 till
733 210 38 21 full
787 210 85 21 evidens
884 212 32 20 att
927 210 23 22 sä
960 212 59 20 stora

192 236 147 28 förhöjningar
358 243 45 15 som
419 238 82 26 möjligt
516 238 54 22 böra
585 238 47 22 frän
648 239 234 27 stämpelbevillningen
898 239 98 26 erhällas,
1011 240 8 20 i

189 264 102 22 händelse
314 272 48 14 man
384 266 36 21 vill
443 267 71 27 undgå
537 267 40 21 den
598 267 47 21 med
668 266 117 28 ingalunda
799 269 118 25 angenäma
932 268 87 21 känslor

192 295 125 25 emottagna
339 295 159 26 propositionen
521 302 34 15 om
579 296 115 26 bevillning
708 296 33 21 för
756 296 43 21 fast
814 296 103 27 egendom
933 296 39 22 och
987 296 32 21 in-

190 322 79 21 komst.
299 322 42 22 Det
360 324 24 20 är
399 323 28 27 pä
442 324 69 21 denna
526 324 69 26 grund
611 324 39 22 och
666 324 115 27 ingalunda
797 325 22 21 af
833 325 111 27 sjelftagen
960 331 59 21 myn-

191 350 73 27 dighet
285 350 235 29 Bevillningsutskottet
535 352 110 28 föreslagit
660 353 67 27 nägra
742 353 146 27 förhöjningar
903 354 31 20 uti
950 354 69 20 denna

190 379 109 21 indirekta
323 380 64 26 skatt,
410 381 84 21 hvilken
518 382 55 21 dock
595 382 75 21 lättast
692 382 24 21 af
736 382 43 21 alla
794 382 83 22 skatter
892 382 41 21 kan
948 382 69 21 bäras.

189 408 44 21 Det
258 408 74 22 tillhör
354 408 120 23 Ständerna
496 411 32 20 att
550 410 126 26 bestämma,
692 410 105 22 huruvida
816 411 25 21 de
857 411 113 27 föredraga
985 412 33 20 att

189 436 76 27 sjelfva
286 437 86 27 erlägga
395 438 70 22 direkt
481 438 115 28 bevillning
611 440 52 21 eller
677 440 65 27 ätaga
757 440 32 27 sig
805 446 25 15 en
845 440 93 21 indirekt
953 440 64 27 skatt,

191 465 67 22 sädan
273 472 46 15 som
335 467 239 27 stämpelbevillningen.

258 529 33 20 Hr
311 529 86 22 Rein:
429 530 63 21 Strax
514 530 45 21 före
581 531 40 21 den
636 531 75 26 punkt,
727 537 45 15 som
789 531 89 21 handlar
893 537 34 15 om
943 537 73 20 perso-

187 563 46 20 ner,
249 557 72 22 hvilka
336 558 50 21 idka
401 559 81 26 näring,
498 560 62 25 säges
575 561 33 19 att
623 560 72 25 ,bevis
710 559 23 22 ät
749 560 45 21 elev
813 560 34 21 vid
868 562 80 19 statens
967 559 50 22 sko-

189 586 33 21 lor
246 586 39 21 och
308 587 272 27 undervisningsanstalter,
595 588 109 21 äfvensom
719 588 23 21 af
756 588 148 21 föreståndare
920 589 51 21 eller
986 589 30 20 lä-

187 620 49 15 rare
260 614 109 22 utfärdadt
384 615 59 22 bevis
459 616 57 21 öfver
532 617 93 20 enskildt
640 617 84 21 förhör"
739 619 25 19 är
779 617 145 27 stämpelfritt.
955 617 62 21 Efter

189 643 66 21 orden
265 643 70 22 skulle
343 644 82 22 således
433 645 73 26 hvarje
514 645 47 21 elev
569 646 7 20 i
585 647 81 20 statens
675 646 268 26 undervisningsanstalter
951 645 65 22 undfå

187 671 60 22 bevis
270 671 23 22 af
307 672 55 21 hvad
377 673 46 27 slag
438 680 45 15 som
499 674 56 21 helst
570 676 51 19 utan
638 674 158 27 stämpelafgift.
827 674 113 27 Meningen
955 675 60 20 torde

188 700 55 21 dock
265 701 46 21 icke
327 701 62 22 hafva
404 703 56 20 varit
475 702 73 26 sådan,
564 705 52 18 utan
631 703 61 21 torde
707 703 35 21 väl
758 709 88 15 snarare
861 703 56 21 varit
931 705 33 19 att
979 709 38 14 en-

187 729 49 21 dast
258 729 77 22 sådant
357 730 64 26 bevis,
443 737 47 15 som
513 731 22 21 åt
555 731 45 21 elev
615 731 35 22 vid
666 733 81 20 statens
763 732 72 21 skolor
851 731 39 22 och
905 732 111 21 undervis-

187 758 166 26 ningsanstalter
375 759 109 22 meddelas
506 760 22 21 af
542 760 70 21 lärare
627 761 34 20 vid
678 767 81 14 samma
775 761 78 26 skolor,
870 760 108 21 äfvensom
995 760 23 21 af

187 786 80 21 sådana
292 787 70 21 lärare
383 788 87 27 afgifvet
490 788 58 21 bevis
572 788 60 22 öfver
654 789 92 21 enskildt
767 789 73 21 förhör
855 789 91 21 erhålles
961 789 54 21 fritt.

187 814 41 27 Jag
244 815 68 22 skulle
332 816 118 27 hemställa,
467 817 105 21 huruvida
586 817 47 22 icke
646 818 69 21 denna
730 817 69 27 punkt
815 817 65 22 borde
895 817 121 22 återremit-

185 845 58 19 teras
269 843 34 22 för
325 851 26 14 en
374 845 69 22 bättre
466 846 121 26 stilisering,
611 846 23 21 så
656 848 32 19 att
710 846 37 21 det
767 847 46 20 icke
832 847 68 20 skulle
917 846 50 21 heta
982 848 33 19 att

186 871 73 28 hvarje
285 873 22 21 åt
332 873 45 21 elev
402 874 34 21 vid
463 876 81 20 statens
567 875 72 21 skolor
659 875 112 21 utfärdadt
793 875 58 21 bevis
867 877 24 19 är
906 874 46 22 fritt
967 874 47 22 från

185 901 160 27 stämpelafgift.

254 964 59 22 Frih.
335 971 40 15 von
396 965 92 22 Born:
518 966 41 27 Jag
574 966 38 21 ber
626 966 22 22 få
663 966 130 22 understöda
809 966 31 21 Hr
855 966 64 21 Reins
934 966 80 27 förslag

185 992 40 21 och
249 993 70 21 erinra
334 1000 34 14 om
385 996 32 19 att
432 994 40 22 den
488 994 24 21 af
526 994 78 22 honom
620 995 112 21 anmärkta
748 994 158 28 tvetydigheten
922 995 45 21 icke
983 995 31 21 in-

184 1020 39 27 går
237 1020 8 22 i
260 1021 49 22 nåd.
325 1028 59 21 prop.

440 1114 317 27 Omröstningspropositioner:

253 1176 40 20 1:0.
323 1176 52 25 Den,
399 1183 45 15 som
467 1178 125 26 godkänner
613 1178 248 26 Bevillningsutskottets
876 1177 136 22 betänkande

182 1204 93 22 rörande
291 1204 58 22 bevis
361 1205 23 21 åt
400 1206 46 21 elev
461 1206 34 21 vid
510 1208 82 19 statens
608 1206 72 22 skolor
695 1209 48 25 etc.,
759 1208 70 19 röstar
843 1206 31 27 ja;

250 1267 43 21 blir
315 1268 33 26 nej
373 1268 161 27 öfvervägande,
557 1269 169 21 återremitteras
750 1269 69 21 denna
841 1269 69 26 punkt
925 1268 32 22 till
973 1268 39 22 Ut-

181 1295 84 22 skottet
280 1296 34 21 för
329 1298 33 19 att
377 1296 126 28 förtydligas
518 1298 6 20 i
540 1298 36 20 det
592 1297 54 27 syfte
662 1298 31 20 Hr
708 1297 54 21 Rein
777 1297 86 27 antydt;

249 1352 86 22 hvilken
351 1353 133 27 proposition
498 1354 129 22 besvarades
642 1354 48 22 med
706 1354 155 27 öfvervägande
877 1354 39 26 nej.

249 1409 42 21 2:0.
321 1410 54 26 Den,
399 1416 45 16 som
468 1410 123 27 godkänner
614 1411 40 21 den
675 1411 23 21 af
711 1410 113 22 Utskottet
839 1411 120 27 föreslagna
975 1411 36 21 be-

179 1437 138 27 skattningen
333 1439 7 20 i
351 1439 114 27 anledning
476 1440 22 20 af
508 1440 98 21 anmälan
619 1446 35 15 om
664 1440 93 20 idkande
768 1440 22 20 af
802 1440 81 27 näring,
895 1446 74 14 svarar
976 1439 34 27 ja;

248 1494 43 21 blir
313 1495 33 27 nej
369 1495 160 28 öfvervägande,
547 1497 110 21 nedsättes
673 1496 68 22 denna
757 1496 58 22 skatt
830 1497 7 21 i
853 1496 92 27 enlighet
961 1496 49 21 med

178 1522 33 22 Hr
226 1522 117 23 Norrmens
359 1523 80 28 förslag
454 1524 32 22 till
502 1525 27 21 50
544 1526 70 26 penni.
