1181 1773
389 135 256 21 Jernvägsbyggnaderna
657 135 7 17 i
676 135 77 17 landet.
906 129 53 21 1061

160 215 70 21 stämd
247 215 33 21 för
295 214 147 22 bestridandet
457 215 23 21 af
493 214 216 22 trafikkostnaderna.
739 215 42 26 Jag
797 216 46 20 tror
858 220 48 16 man
917 213 73 22 derför

160 244 48 21 icke
230 243 65 21 altför
309 245 83 25 strängt
407 244 67 21 borde
490 244 89 21 bedöma
595 243 232 27 Björneborgsboarna,
844 249 34 15 om
894 243 25 21 de
935 243 56 21 varit

161 272 119 27 försigtiga.
311 271 114 22 Gentemot
448 272 40 21 den
511 274 85 20 senaste
618 272 82 21 talaren
716 272 69 21 måste
798 272 37 26 jag
850 271 33 21 för
898 272 42 20 min
956 271 34 21 del

161 303 58 25 säga,
243 302 32 20 att
300 300 44 22 ifall
365 306 26 16 en
407 300 63 26 bana,
486 307 46 15 som
547 300 110 22 förbinder
672 300 85 22 landets
771 300 38 22 två
824 302 78 20 största
918 300 73 21 städer

163 330 47 21 med
227 329 126 26 hvarandra,
369 329 54 21 skall
436 335 62 15 anses
514 336 52 15 vara
581 336 25 14 en
622 329 123 24 lokalbana,
761 335 48 15 men
825 335 25 15 en
866 329 62 27 bana,
943 334 46 16 som

161 358 109 22 förbinder
285 358 73 21 Keuru
371 358 179 26 jernvägsstation
567 358 48 21 med
632 370 24 2 —
673 358 19 21 vi
708 358 62 20 skola
785 360 15 18 t.
817 364 18 14 o.
853 364 26 15 m.
895 359 52 25 säga
964 369 24 3 —

161 387 92 27 Kuopio,
276 388 24 20 är
323 392 25 16 en
371 386 113 22 stambana
499 400 28 2 —
540 387 30 26 ja,
586 386 27 22 då
628 386 78 22 förstår
720 386 37 27 jag
772 386 42 26 mig
829 386 46 21 icke
891 386 28 27 på
934 386 56 20 hvad

161 416 68 21 lokal-
251 415 40 21 och
313 415 113 21 stambana
450 415 35 21 vill
510 417 57 25 säga,
590 415 23 21 så
628 415 64 22 framt
709 415 46 21 icke
771 415 40 21 den
827 415 64 21 ärade
907 414 83 21 talaren

162 444 89 22 menade
274 446 33 19 att
327 444 64 27 linjen
407 444 233 27 Keuru—Suonnejoki
656 444 46 21 icke
718 450 37 15 ens
771 443 42 22 blir
828 450 26 14 en
869 443 120 26 lokalbana,

162 473 47 22 icke
231 473 40 21 har
292 472 65 27 nägot
375 473 129 26 välgörande
520 473 115 26 inflytande
650 479 38 14 ens
703 473 56 20 inom
776 473 32 20 sin
823 474 108 19 närmaste
947 478 45 15 om-

162 501 56 28 nejd.
248 501 139 22 Annorlunda
409 501 43 21 kan
472 501 38 27 jag
532 501 46 22 icke
602 501 68 22 förstå
692 501 60 22 detta
771 501 107 27 yttrande,
894 507 47 15 men
956 500 36 27 jag

163 532 24 19 är
204 530 54 21 dock
274 530 47 21 icke
337 530 23 21 sä
375 532 45 19 stor
435 530 107 27 pessimist
558 532 32 19 att
603 530 37 27 jag
655 532 96 25 antager,
767 530 36 21 det
815 529 63 22 linien
888 530 102 21 Keuru—

163 559 116 26 Jyväskylä
295 559 67 20 skulle
377 559 21 21 fä
414 559 43 20 lika
472 561 45 19 stor
532 559 64 21 trafik
611 565 45 15 som
672 565 26 14 en
715 559 42 20 viss
772 559 52 20 liten
839 558 84 27 bibana,
945 564 46 15 som

163 588 39 26 går
225 587 33 21 till
279 587 74 22 Iisvesi
377 587 39 22 och
439 593 44 16 som
505 589 24 19 är
544 587 76 27 stängd
637 587 49 22 hela
701 587 91 23 vintern,
808 587 27 21 dä
850 587 61 26 ingen
927 586 64 22 trafik

165 616 38 21 der
225 615 72 22 finnes.
329 615 80 22 Sädant
429 615 69 22 skulle
521 615 143 22 förhällandet
679 615 61 22 äfven
757 615 73 22 säkert
845 615 62 21 blifva
922 615 29 27 pä
966 621 26 15 en

164 645 50 21 linie
237 644 47 25 frän
307 645 135 26 Rautalampi
466 645 32 20 till
516 645 78 25 Kuhjo.
624 644 56 22 Frän
696 644 138 27 Rautalampi
849 644 32 21 till
897 644 95 21 Suonne-

162 673 46 27 joki
231 673 68 22 skulle
322 674 35 21 det
379 673 100 27 möjligen
498 673 48 27 gätt
562 673 70 27 nägon
646 673 116 27 vagnslast,
785 679 48 15 men
849 673 46 20 frän
910 673 81 20 Rauta-

165 702 66 27 lampi
254 702 32 21 till
302 702 71 27 Kuhjo
388 702 69 21 skulle
474 703 36 20 det
525 702 107 21 bestämdt
647 701 46 22 icke
708 702 28 26 gä
751 701 77 27 mänga
843 701 86 21 sädana.
959 700 34 21 Dä

163 731 38 27 jag
224 731 46 20 icke
293 731 39 20 har
354 731 142 26 förhoppning
512 737 40 19 om,
568 733 33 19 att
616 731 40 20 den
672 731 23 20 af
708 731 43 26 mig
764 730 66 27 jemte
845 730 66 27 några
926 729 67 21 andra

167 759 173 21 undertecknade
356 759 157 21 reservationen
529 759 55 21 skall
599 759 63 21 vinna
677 759 102 22 Ständets
789 759 110 26 pluralitet
909 758 34 21 för
953 758 38 26 sig,

165 788 96 21 biträder
275 788 36 27 jag
326 794 65 21 gerna
406 788 26 21 de
448 787 23 22 af
485 788 32 21 Hr
532 787 103 22 Mechelin
651 788 122 26 föreslagna
788 788 139 21 klämmarna.

235 873 32 21 Hr
289 873 111 21 Taube:
432 873 33 21 Dä
488 873 120 22 Ständerna
633 879 28 15 nu
680 873 32 21 till
728 873 69 21 denna
813 873 101 27 landtdag
929 873 64 21 hafva

166 902 42 21 fätt
223 904 95 24 mottaga
333 908 25 15 en
374 902 133 26 proposition
524 909 33 14 om
574 902 110 27 byggande
700 902 23 21 af
736 908 26 15 en
774 902 219 26 sammanbindnings-

166 930 57 22 bana
237 931 91 21 emellan
344 931 65 21 Vasa-
425 931 41 21 och
481 930 207 26 Savolaksbanorna,
697 930 87 22 hvarom
799 930 120 22 Ständerna
931 930 62 21 hafva

166 960 145 26 petitionerat,
319 966 62 14 anser
393 959 37 27 jag
446 960 36 20 det
497 966 52 14 vara
564 966 25 14 en
606 960 96 26 oafvislig
716 960 54 26 pligt
786 962 32 18 att
833 962 77 24 antaga
924 959 69 21 denna

166 988 139 27 proposition.
334 988 38 21 Att
387 988 54 21 afslä
457 988 40 21 den
513 994 51 15 vore
580 988 120 21 Ständerna
714 988 49 26 föga
779 988 89 26 värdigt.
889 988 30 21 Af
927 987 66 21 sädan

167 1016 113 27 anledning
305 1016 42 21 kan
369 1017 36 27 jag
427 1016 47 22 icke
498 1017 66 21 heller
586 1017 113 26 godkänna
714 1016 122 22 Utskottets
853 1016 141 24 betänkande,

167 1045 82 21 hvilket
264 1046 39 26 gär
318 1047 24 19 ut
356 1045 27 27 pä
399 1052 25 14 en
440 1045 86 24 bibana,
541 1052 45 14 som
602 1048 88 18 stannar
705 1045 34 21 vid
755 1045 84 21 Keitele
853 1045 32 26 sjö
896 1045 39 21 och
948 1044 45 22 icke

168 1073 41 22 blir
225 1080 25 15 en
266 1074 267 27 sammanbindningsbana
548 1074 91 21 emellan
654 1074 67 21 Vasa-
736 1074 40 21 och
787 1074 206 24 Savolaksbanorna,

168 1105 53 18 utan
237 1102 67 21 mäste
317 1102 37 27 jag
368 1102 33 21 för
416 1103 42 21 min
476 1103 33 21 del
525 1103 85 21 biträda
622 1103 40 21 den
678 1102 48 21 näd.
742 1108 68 21 prop.,
829 1105 20 24 ty
861 1102 66 21 sädan
939 1102 55 20 bana

168 1131 65 21 hafva
254 1131 20 21 vi
298 1131 76 21 önskat
396 1131 39 21 och
452 1132 65 20 sädan
533 1132 56 20 bana
604 1133 37 19 äro
657 1132 18 20 vi
692 1138 29 14 nu
725 1126 12 36 i
759 1131 82 21 tillfälle
856 1133 32 19 att
903 1130 27 21 fä.
961 1130 34 21 Dä

168 1160 69 20 skulle
259 1159 66 21 ocksä
346 1160 114 21 kanhända
476 1162 32 19 ett
526 1160 34 21 län
576 1160 32 21 till
624 1160 23 20 sä
662 1162 56 19 stort
733 1160 84 26 belopp,
833 1166 45 14 som
894 1159 99 26 Regerin-

168 1194 40 21 gen
224 1188 39 21 har
279 1188 128 27 föreslagit
401 1184 12 36 i
423 1189 32 20 sin
471 1188 131 27 proposition
618 1189 32 21 för
661 1188 272 22 kommunikationsfonden
943 1194 52 14 vara

168 1216 199 28 tillfyllestgörande
389 1217 40 21 och
444 1216 74 22 landet
533 1217 47 21 icke
595 1217 91 21 behöfva
701 1217 120 21 skuldsätta
836 1217 31 26 sig
882 1216 32 22 till
929 1216 66 26 nägot

167 1245 66 27 högre
255 1246 86 26 belopp,
362 1246 80 20 hvilket
462 1246 71 21 kunde
550 1246 64 21 blifva
629 1246 80 26 vädligt
724 1246 34 20 för
773 1246 120 20 framtiden.
923 1245 32 20 Hr
971 1245 23 21 L.

168 1274 103 21 Mechelin
287 1274 40 21 har
341 1274 39 21 här
395 1274 109 21 försäkrat
519 1281 40 17 oss,
575 1277 32 18 att
623 1274 47 21 vårt
685 1274 110 21 finansiela
810 1274 46 26 läge
875 1275 23 20 är
908 1273 25 21 sä
943 1274 52 26 godt

167 1302 40 22 och
229 1302 151 26 blomstrande,
403 1304 33 20 att
451 1303 21 21 vi
487 1306 51 18 utan
554 1304 43 20 alla
611 1303 101 27 farhågor
727 1303 72 21 kunna
814 1302 66 22 inläta
896 1308 34 15 oss
946 1302 7 20 i
969 1308 26 15 en

167 1331 106 27 betydligt
295 1333 68 19 större
386 1332 166 26 skuldsättning,
575 1338 47 14 men
645 1332 27 20 dä
687 1332 37 20 det
738 1332 85 20 komme
839 1333 32 19 att
886 1330 109 22 användas

167 1360 57 20 ända
243 1360 32 21 till
298 1361 13 20 5
334 1360 97 26 miljoner
451 1360 61 22 mark
528 1367 34 14 om
578 1360 46 21 äret
640 1360 68 21 under
722 1362 107 19 närmaste
845 1359 150 33 finansperiod,

167 1389 25 20 sä
217 1388 66 21 mäste
307 1388 23 27 ju
353 1388 105 27 betydligt
480 1395 59 15 mera
562 1388 103 28 upplänas
681 1390 26 20 än
724 1389 25 21 de
767 1390 25 19 12
809 1388 102 27 miljoner,
928 1394 45 14 som
989 1388 6 20 i

167 1416 49 22 nåd.
239 1422 60 21 prop.
321 1417 94 21 föreslås.
446 1417 41 21 Till
510 1424 25 14 en
551 1418 65 20 sådan
633 1417 164 21 betänksamhet
812 1416 131 22 beträffande
958 1416 38 21 vär

168 1445 159 27 skuldsättning
341 1445 67 21 finner
421 1445 38 27 jag
474 1448 80 19 största
569 1446 45 20 skäl
630 1452 51 14 vara
696 1446 33 21 för
745 1446 90 26 handen,
851 1446 27 20 dä
893 1445 19 21 vi
925 1445 71 21 erinra

168 1480 35 15 oss
225 1476 32 19 att
278 1474 6 20 i
308 1474 42 26 dag
369 1474 40 21 har
425 1474 127 22 behandlats
568 1475 159 26 propositionen
743 1480 34 15 om
793 1473 203 22 kommunikations-

168 1502 85 25 fonden,
269 1502 38 22 der
323 1502 36 22 det
373 1503 66 21 visats
448 1505 34 19 att
492 1503 90 21 fondens
592 1503 124 26 inkomster,
728 1503 45 21 dels
783 1503 55 21 ifrän
847 1503 148 26 jernvägarne,

168 1531 46 21 dels
225 1530 52 22 ifrän
289 1531 193 27 bränvinsskatten,
492 1531 65 21 hafva
569 1532 67 20 under
650 1532 40 21 den
700 1532 53 20 sista
761 1531 170 27 treärsperioden
945 1530 51 21 ned-
