1181 1773
357 129 113 16 Arbetares
482 128 120 21 försäkring
616 128 31 16 för
660 128 118 20 olycksfall.
899 122 52 21 1341

222 210 99 20 Rörande
344 209 146 21 betänkandet
512 210 6 20 i
541 209 117 21 allmänhet
681 212 92 24 utspann
797 210 31 26 sig
843 208 91 27 följande

223 278 136 21 Diskussion:

224 346 57 21 Frih.
298 352 40 15 von
356 346 97 20 Troil:
485 346 33 20 Då
532 346 36 26 jag
583 346 34 20 vid
633 348 31 19 ett
679 346 130 26 föregående
825 345 158 21 sammanträde

155 375 93 26 begärde
264 375 69 21 denna
348 374 71 26 frågas
435 375 124 26 ytterligare
575 374 154 26 bordläggning
745 374 40 21 och
801 374 24 21 R.
843 380 18 15 o.
878 375 24 20 A.
914 374 70 26 ingick

156 403 27 27 på
207 404 68 20 denna
293 404 42 20 min
351 403 161 27 framställning,
529 403 23 21 så
568 410 62 14 anser
644 403 36 27 jag
696 404 42 26 mig
754 409 51 15 vara
820 402 113 27 förpligtad
952 404 32 19 att

155 432 7 21 i
187 432 65 21 saken
277 434 57 25 yttra
349 432 66 26 några
431 432 46 20 ord.
507 432 41 26 Jag
564 432 67 20 måste
646 432 82 20 skänka
745 432 48 20 mitt
809 431 86 21 fullaste
910 431 75 21 erkän-

157 461 68 21 nande
249 461 22 21 åt
291 461 54 26 Lag-
361 461 37 20 och
417 461 222 20 Ekonomiutskottets
655 461 79 26 förslag
751 463 32 18 att
798 467 76 20 genom
891 467 24 14 en
932 459 52 22 obli-

159 489 96 26 gatorisk
271 489 241 27 olycksfallsförsäkring
524 489 26 27 på
561 489 178 26 arbetsgifvarens
753 489 118 21 bekostnad
885 487 100 22 förskaffa

159 518 112 21 arbetaren
295 518 117 26 ersättning
434 517 34 21 för
491 518 80 21 sådana
586 518 116 27 olycksfall,
718 524 46 15 som
779 517 63 22 hafva
858 517 31 21 till
905 517 80 26 påföljd

160 547 69 20 lifvets
245 546 76 21 förlust
337 547 50 20 eller
403 547 126 25 invaliditet,
546 547 38 20 och
600 549 33 18 att
648 547 68 20 tillika
732 547 76 26 ålägga
818 545 167 27 arbetsgifvaren

161 577 34 18 att
210 575 67 21 under
293 575 122 21 arbetarens
432 575 97 26 sjukdom
552 575 57 26 gifva
624 575 68 21 denne
708 575 118 26 ersättning
841 575 33 20 för
889 575 39 20 den
945 574 42 21 för-

160 604 43 20 lust
226 604 5 20 i
255 604 53 21 hans
329 604 80 26 näring,
432 610 45 15 som
494 610 75 20 genom
586 604 123 27 sjukdomen
727 604 147 26 uppkommer,
889 610 50 14 vare
955 603 32 26 sig

160 634 33 19 att
208 633 40 20 slik
264 633 117 26 ersättning
397 633 91 20 erhölles
504 639 76 20 genom
596 633 112 26 sjukkassa
718 633 52 20 eller
781 632 69 21 direkt
866 632 21 21 af
905 631 82 21 arbets-

160 661 100 26 gifvaren.
292 661 31 21 De
345 661 161 26 invändningar,
530 667 44 15 som
595 661 68 21 blifvit
678 661 77 26 gjorda
770 663 57 19 emot
841 661 146 25 majoritetens

163 689 31 21 uti
211 690 93 21 komitén
320 689 79 27 förslag
410 690 90 20 rörande
511 689 137 22 förkastande
661 691 47 20 utaf
718 689 141 27 obligatorisk
869 689 117 26 sjukdoms-

161 717 126 28 försäkring,
311 725 62 20 synas
398 719 43 26 mig
464 718 46 21 icke
526 725 51 14 vara
593 719 23 20 af
630 719 40 20 den
686 718 153 25 beskaffenhet,
855 720 33 18 att
903 717 25 21 de
944 717 44 20 för-

161 747 58 26 tjena
245 747 116 26 synnerligt
385 747 106 25 afseende,
516 747 26 20 då
565 747 35 21 det
625 747 5 20 i
657 747 25 21 de
708 746 61 21 flesta
797 746 35 21 fall
859 748 24 19 är
907 745 81 22 sådana

161 775 149 27 inrättningar,
338 776 70 20 hvilka
429 775 45 21 icke
500 775 64 21 hafva
587 776 118 26 sjukkassa,
727 775 71 21 hvilka
822 775 91 26 påyrkat
935 774 53 21 obli-

161 804 96 25 gatorisk
279 804 235 27 sjukdomsförsäkring.
545 804 43 21 Det
610 804 86 21 sakrika
715 804 116 25 utlåtande,
849 810 44 14 som
906 803 82 21 försäk-

162 833 184 26 ringinspektören
367 833 29 20 uti
413 832 74 26 frågan
503 832 83 27 afgifvit
602 833 39 21 och
656 833 101 21 hvarmed
774 833 120 20 Utskottets
910 831 79 26 förslag

161 861 7 20 i
191 861 121 21 hufvudsak
335 861 205 25 öfverensstämmer,
564 861 69 21 skulle
658 861 107 27 sjelffallet
786 867 51 14 vara
857 861 32 20 för
905 861 42 25 mig
963 866 25 14 en

161 890 82 26 ganska
258 890 65 26 vigtig
339 890 38 21 och
393 893 61 23 tungt
466 890 95 26 vägande
572 890 113 26 anledning
698 892 32 19 att
740 890 114 26 godkänna
867 889 122 21 Utskottets

163 918 141 27 betänkande,
321 925 33 15 om
370 919 45 21 icke
431 919 67 20 saken
511 920 6 20 i
534 920 56 20 vissa
605 920 59 20 delar
680 921 55 19 ännu
751 921 59 24 synts
826 919 42 25 mig
881 924 51 14 vara
942 919 47 19 out-

164 947 59 21 redd.
254 947 81 21 Genom
357 947 137 21 föreskriften
509 950 32 18 att
557 948 243 26 olycksfallsförsäkring
816 947 55 21 skall
887 953 50 14 vara
953 946 36 20 ob-

163 976 111 26 ligatorisk
299 978 98 25 antingen
421 976 31 20 uti
476 982 25 14 en
523 976 22 21 af
559 978 69 19 staten
645 976 94 21 inrättad
755 974 234 28 försäkringsanstalt
977 970 15 37 i

163 1004 90 21 Finland
270 1005 51 21 eller
337 1005 31 20 uti
383 1004 97 22 enskilda
496 1004 323 27 olycksfallsförsäkringsbolag,
833 1004 71 21 derest
920 1003 71 27 dylika

163 1033 64 27 bolag
249 1033 39 21 hos
311 1033 91 21 Senaten
426 1034 100 20 utverkat
548 1034 31 26 sig
598 1034 96 20 tillstånd
711 1034 33 20 till
760 1033 135 27 upptagande
911 1032 23 21 af
947 1032 43 20 för-

163 1062 112 26 säkringar
291 1062 64 26 enligt
371 1062 68 21 denna
456 1062 40 26 lag,
513 1064 37 18 äro
566 1062 106 27 nämligen
688 1062 81 21 sådana
784 1061 161 22 bestämmelser
960 1060 31 21 in-

163 1090 64 21 förda
241 1091 31 20 uti
289 1091 39 20 den
344 1090 122 27 föreslagna
484 1091 159 26 författningen,
660 1092 32 20 att
707 1091 36 21 det
759 1090 42 22 kan
816 1097 52 14 vara
880 1088 111 22 tvifvelak-

163 1119 48 26 tigt,
228 1119 105 21 huruvida
356 1120 35 20 det
407 1120 55 20 skall
478 1119 67 21 blifva
561 1120 82 26 möjligt
658 1119 34 21 för
707 1119 168 27 arbetsgifvaren
891 1120 32 20 att
938 1124 54 20 upp-

163 1153 53 27 fylla
232 1154 25 20 de
273 1154 150 26 förpligtelser,
439 1154 72 21 hvilka
527 1154 66 27 enligt
608 1160 81 14 samma
704 1154 35 26 lag
754 1154 79 20 honom
849 1154 75 26 åligga.
953 1143 38 41 Åt-

164 1182 106 21 minstone
293 1183 66 21 borde
385 1183 112 21 härstädes
520 1182 131 26 opererande
673 1181 319 28 olycksfallsförsäkringsbolag

165 1211 64 21 hafva
251 1211 70 21 blifvit
339 1212 68 20 hörda
423 1211 58 21 öfver
497 1212 27 20 de
538 1212 77 21 vilkor,
631 1217 44 15 som
692 1212 30 20 uti
740 1211 69 21 denna
825 1211 34 27 lag
874 1210 118 21 fastställas

164 1239 34 21 för
218 1239 278 27 olycksfallsförsäkringars
511 1240 121 20 afslutande
649 1240 39 20 hos
704 1240 62 20 dessa
782 1240 69 26 bolag,
868 1239 38 21 och
923 1238 70 26 någon

163 1268 59 26 slags
245 1269 117 26 beräkning
377 1275 50 14 vara
443 1268 105 26 framlagd
564 1269 64 25 öfver,
644 1269 55 20 huru
714 1268 85 27 mycket
815 1271 30 18 ett
861 1267 131 27 olycksfalls-

164 1296 203 28 försäkringsbolag,
382 1298 107 26 grundadt
506 1297 22 21 af
541 1300 77 20 staten,
634 1296 68 22 skulle
718 1298 85 20 komma
814 1299 31 19 att
856 1297 62 20 kosta
929 1297 64 19 stats-

165 1326 81 20 verket.
277 1326 66 20 Detta
363 1326 66 21 finnes
452 1326 53 21 icke.
536 1326 41 26 Jag
599 1326 41 20 kan
664 1326 70 20 derför
750 1326 30 20 uti
802 1326 77 20 sakens
902 1324 5 21 i
924 1324 70 21 denna

166 1353 34 21 del
226 1354 105 21 outredda
355 1355 58 20 skick
436 1354 118 22 tillsvidare
576 1354 114 27 godkänna
720 1354 93 21 hvarken
834 1353 159 27 propositionen

165 1382 53 22 eller
233 1382 152 22 betänkandet.

236 1440 32 21 Hr
283 1440 23 21 L.
323 1440 167 21 Mechelin:
521 1440 42 21 Det
578 1440 144 26 föreliggande
739 1439 138 27 lagförslaget
892 1438 103 22 omfattar

166 1468 7 20 i
189 1469 32 20 sin
237 1468 163 27 hufvudsakliga
415 1469 33 20 del
465 1475 26 15 en
507 1468 85 26 reform,
609 1468 85 21 hvilken
711 1468 70 21 såvidt
796 1468 83 26 möjligt
894 1467 46 21 icke
956 1466 39 21 bör

167 1497 133 27 uppskjutas.
329 1498 41 26 Jag
392 1497 67 27 syftar
478 1497 90 21 härmed
583 1498 28 26 på
626 1497 196 26 lagbestämningen
839 1496 109 26 angående
963 1500 33 14 ar-

167 1525 140 27 betsgifvares
323 1526 141 26 ansvarighet.
496 1526 70 21 Sedan
582 1526 72 21 utredt
672 1525 75 26 blifvit,
763 1526 32 20 att
810 1525 7 20 i
833 1524 74 27 sjelfva
922 1523 74 21 verket
