1181 1773
441 152 119 23 Ändringar
572 154 8 16 i
592 154 143 21 Kyrkolagen.
922 148 55 20 1269

177 234 280 26 församlingsmedlemmar,
480 240 51 15 vare
554 234 32 26 sig
609 234 25 20 de
654 234 7 20 i
677 234 100 26 religiösa
792 234 45 26 ting
852 233 61 21 tänkt
928 233 28 27 på
971 234 36 20 det

178 268 41 15 ena
241 262 51 21 eller
314 263 67 20 andra
396 264 72 20 sättet,
484 269 51 14 vare
550 262 31 27 sig
598 263 24 20 de
638 262 56 21 varit
708 263 40 21 den
764 262 243 27 evangelisk-lutherska

178 291 81 27 kyrkan
276 290 90 28 tillgifna
382 291 51 21 eller
448 291 52 21 icke.
532 291 40 26 Jag
588 291 35 21 vill
639 292 89 26 tillägga
744 293 33 19 att
789 291 37 27 jag
841 291 46 21 icke
903 290 67 22 finner
981 291 26 20 de

178 326 41 20 nya
242 320 144 26 stadgandena
408 320 69 20 införa
501 326 25 14 en
543 320 81 26 verklig
639 320 117 26 skärpning
772 320 22 20 af
808 319 143 27 kyrkotukten
967 319 40 21 och

178 348 104 21 innefatta
297 348 68 27 någon
381 348 54 21 våda
451 349 6 19 i
474 348 100 21 afseende
590 349 12 20 å
613 349 40 20 den
664 349 107 20 enskildes
782 348 141 21 samvetsfrid.
945 348 62 21 Hvad

178 379 161 19 reservanterna
362 377 73 21 anföra
454 379 32 19 att
502 377 36 21 det
554 377 67 21 skulle
636 377 105 21 innefatta
757 379 31 19 ett
803 379 111 24 strängare
929 380 78 24 system

179 408 32 18 att
233 406 127 20 tillerkänna
381 406 129 26 kyrkorådet
534 406 39 20 den
597 406 123 26 myndighet
742 406 36 21 det
793 412 88 14 numera
896 405 68 21 skulle
979 405 27 26 få,

179 435 19 20 d.
216 440 19 15 v.
254 440 14 15 s.
287 437 30 18 att
334 438 50 17 utan
401 434 125 21 hemställan
544 434 83 21 besluta
643 441 33 14 om
693 434 162 27 tillämpningen
867 434 22 21 af
899 434 26 21 de
936 434 72 21 tukto-

179 463 75 26 medel,
279 463 86 21 hvarom
389 463 36 21 det
448 465 24 19 är
494 463 60 26 fråga
575 463 45 23 här,
636 470 62 20 synes
714 464 43 26 mig
773 463 62 22 hafva
851 463 68 21 blifvit
934 463 27 26 på
977 465 32 19 ett

179 492 113 21 bevisande
316 494 42 19 sätt
381 492 82 21 bemött
485 492 7 20 i
508 492 122 21 Utskottets
646 493 97 20 motiver.
772 492 27 21 Vi
815 492 54 21 lefva
885 492 32 21 för
932 494 76 18 närva-

179 521 65 21 rande
267 521 46 20 icke
329 521 5 20 i
351 521 267 26 religionsförföljelsernas
634 521 111 21 tidehvarf.
778 521 25 20 Vi
819 523 36 18 äro
873 521 58 26 långt
946 520 63 21 borta

178 549 47 21 från
249 549 36 21 det
308 550 25 20 16
358 550 38 20 och
420 550 36 20 det
481 549 24 20 17
526 549 144 21 århundradet
686 550 39 21 och
741 549 28 27 på
784 549 85 21 fullaste
885 549 66 21 allvar
967 549 41 20 kan

179 607 75 20 sådant
271 606 67 21 skulle
353 607 159 26 ifrågakomma,
529 607 93 20 berodde
639 607 35 20 det
690 607 27 26 på
732 613 26 15 en
773 607 122 20 kommunal
910 606 99 27 slapphet

179 635 38 21 hos
241 635 154 26 församlingen,
419 635 85 21 hvilken
520 642 50 19 eger
585 638 33 18 att
634 638 46 19 utse
696 636 138 21 medlemmar
849 636 6 20 i
872 635 135 27 kyrkorådet.

178 663 41 26 Jag
242 664 38 21 bör
302 665 99 25 slutligen
425 664 71 21 erimra
519 665 25 20 de
569 665 64 20 ärade
654 665 164 20 medlemmarne
834 671 33 14 om
884 667 31 18 att
931 663 77 22 omför-

179 693 70 20 mälda
271 693 130 26 stadganden
425 693 71 26 gillats
522 693 23 20 af
567 693 142 27 kyrkomötet,
734 693 63 21 hvars
820 693 137 20 medlemmar
973 693 35 20 be-

179 721 34 21 stå
234 721 47 21 icke
304 721 54 21 blott
381 721 22 21 af
427 721 143 26 presterskap,
595 725 52 17 utan
672 722 64 21 också
757 722 23 20 af
794 724 31 19 ett
841 721 82 27 mycket
939 721 70 20 starkt

180 750 211 21 lekmannaelement.
422 749 55 22 Från
502 751 59 20 detta
580 750 216 21 lekmannaelements
819 751 46 20 sida
880 750 79 26 höjdes,
975 750 33 20 sä-

179 779 46 20 vidt
245 779 36 26 jag
301 779 40 20 kan
358 779 69 20 erinra
443 779 49 26 mig,
509 779 39 20 och
564 779 81 20 kunnat
661 779 51 26 följa
728 779 47 20 med
791 779 72 25 saken,
878 779 45 20 icke
939 779 70 26 någon

179 807 104 26 väsentlig
305 808 128 25 invändning
455 810 45 18 mot
522 808 40 20 den
578 807 120 27 föreslagna
714 808 116 26 ändringen
846 808 23 21 af
882 807 128 26 stadgandet

179 842 34 15 om
233 836 149 27 kyrkotukten.
413 835 71 27 Något
499 836 66 21 borde
582 837 59 20 detta
657 837 64 20 också
737 836 64 21 hafva
817 839 31 18 att
864 836 79 26 betyda
957 836 6 20 i
975 842 32 14 sa-

179 864 48 21 ken.
257 864 40 26 Jag
319 864 38 21 ber
379 864 71 21 derför
472 865 70 20 såsom
565 865 166 21 ståndsmedlem
750 865 21 21 få
794 865 106 27 tillstyrka
915 864 95 28 godkän-

179 894 69 20 nande
263 894 23 20 af
299 893 101 27 förslaget
415 893 61 21 äfven
492 894 7 20 i
516 894 61 20 dessa
593 894 64 21 delar.

249 967 58 21 Frih.
323 974 40 14 von
379 968 99 20 Troil:
509 968 41 21 Till
567 968 55 21 hvad
639 968 39 21 den
694 970 85 19 senaste
795 968 64 21 ärade
875 968 81 20 talaren
972 974 38 14 an-

180 996 42 21 fört
244 996 38 21 ber
295 996 36 26 jag
346 997 122 26 ytterligare
487 999 109 24 gentemot
620 997 56 21 Frih.
694 1003 40 15 von
751 996 87 22 Alfthan
855 996 20 21 få
891 996 118 24 framhålla,

180 1027 32 18 att
235 1025 36 21 vår
293 1025 74 27 kyrka,
391 1025 60 21 äfven
472 1032 34 14 om
523 1026 40 20 den
579 1028 23 18 är
618 1026 77 21 folkets
711 1026 73 26 kyrka,
801 1025 54 22 dock
871 1027 23 19 är
909 1025 32 21 fri.
959 1026 52 20 enär

180 1054 40 20 den
242 1054 47 20 icke
310 1054 106 21 förmenar
438 1054 70 26 någon
531 1054 23 20 af
567 1055 46 20 sina
628 1054 139 21 medlemmar
783 1057 32 18 att
830 1054 85 26 öfvergå
931 1054 32 20 till
979 1055 32 19 ett

181 1082 208 26 dissentersamfund,
413 1089 33 14 om
463 1082 55 21 blott
535 1083 59 21 detta
610 1083 98 21 samfund
724 1083 39 21 har
779 1089 25 15 en
821 1083 124 26 lagstadgad
961 1082 49 20 ord-

180 1111 50 26 ning
245 1111 108 24 faststäld;
371 1111 38 21 och
425 1118 44 14 som
486 1112 20 20 vi
522 1111 68 21 finnar
603 1112 25 26 ju
643 1114 37 18 äro
695 1114 31 18 ett
742 1111 61 27 lojalt
818 1112 50 22 folk,
885 1117 44 15 som
945 1111 6 20 i
967 1111 43 20 allo

180 1140 52 20 söka
252 1140 63 20 ställa
331 1146 34 14 oss
380 1140 124 21 Frälsarens
521 1140 49 23 bud,
587 1142 32 19 att
634 1140 56 26 gifva
705 1140 138 26 Kejsarenom
861 1140 34 20 det
911 1140 99 26 Kejsare-

181 1174 48 15 nom
255 1168 72 21 tiilhör
353 1168 38 21 och
417 1168 55 22 Gadi
500 1169 36 21 det
559 1169 54 21 Gudi
634 1169 78 25 tillhör,
729 1169 32 21 till
777 1168 147 23 efterrättelse,
941 1168 23 20 sä
977 1174 33 20 sy-

180 1203 37 15 nes
233 1197 37 21 det
285 1197 43 27 mig
343 1197 46 21 icke
404 1204 51 14 vara
471 1197 65 26 nägot
552 1198 46 20 skäl
614 1200 32 18 att
658 1200 66 24 vägra
740 1198 40 20 den
796 1198 67 20 finska
875 1196 80 28 kyrkan
967 1198 43 19 rät-

180 1225 68 26 tighet
271 1228 32 18 att
322 1226 32 20 för
377 1226 189 26 upprätthällande
581 1226 23 21 af
618 1226 54 24 tukt,
688 1226 106 26 sedlighet
809 1226 38 21 och
864 1225 84 27 kyrklig
963 1225 48 21 ord-

179 1254 51 26 ning
253 1255 96 20 använda
373 1255 25 20 de
420 1255 76 21 medel,
513 1261 45 14 som
574 1255 72 21 kunna
662 1254 67 22 finnas
745 1255 140 26 nödvändiga,
902 1254 27 20 dä
944 1254 68 20 andra

179 1283 144 21 trossamfund
339 1284 4 20 i
360 1283 72 21 landet
453 1283 143 21 obehindradt
611 1283 21 21 fä
648 1284 58 20 öfver
722 1283 46 21 sina
784 1284 137 20 medlemmar
937 1282 75 21 utöfva

180 1311 41 20 slik
243 1312 130 26 myndighet,
389 1314 54 18 samt
460 1318 48 14 man
525 1312 55 21 ändä
596 1312 62 21 torde
673 1314 52 24 göra
740 1312 29 21 alt
786 1312 55 20 hvad
857 1318 48 14 man
920 1311 42 21 kan
978 1311 33 21 för

179 1341 32 19 att
227 1338 75 28 bringa
318 1340 68 21 denna
402 1340 67 27 kyrka
484 1340 28 27 pä
527 1340 43 21 fall.
592 1341 46 21 Den
655 1340 39 21 bör
709 1341 90 21 sälunda
814 1340 47 21 fritt
876 1340 21 21 fä
912 1340 99 21 utveckla

179 1368 31 26 sig
225 1370 52 19 utan
293 1370 32 19 att
340 1375 50 15 vara
406 1369 84 21 bunden
507 1369 23 21 af
544 1369 166 27 bestämningar,
730 1375 45 15 som
786 1369 91 21 försätta
889 1369 122 21 densamma

178 1396 8 21 i
209 1402 25 16 en
255 1396 7 21 i
282 1396 121 27 jemförelse
423 1398 49 20 med
488 1398 67 20 andra
570 1398 40 20 här
625 1398 134 21 existerande
774 1397 165 27 kyrkosamfund
956 1396 55 21 oför-

178 1424 79 27 mänlig
279 1426 106 26 ställning.
417 1426 41 26 Jag
480 1426 117 27 tillstyrker
620 1426 72 22 derför
714 1427 7 20 i
743 1426 41 21 allo
800 1426 120 27 antagande
936 1425 22 21 af
972 1424 40 22 Ut-

179 1454 91 21 skottets
283 1454 140 22 betänkande.

247 1522 32 21 Hr
301 1522 66 21 Adolf
387 1522 149 21 Aminoff:
568 1522 70 22 Ocksä
660 1522 28 27 pä
710 1522 44 27 mig
775 1522 38 21 har
829 1522 59 22 detta
903 1521 108 27 uttryck
998 1517 16 37 i

179 1556 63 16 mom.
259 1550 20 22 b.
295 1550 24 22 af
332 1552 11 25 $
359 1551 26 21 65
402 1550 83 28 ,fänar*
500 1550 58 28 gjort
573 1552 31 20 ett
619 1551 85 27 mycket
720 1551 123 27 obehagligt
857 1550 90 28 intryck.
971 1550 42 27 Jag
