1056 1686
456 89 13 12 N

327 117 25 18 R.
364 121 18 13 o.
394 117 23 17 A.
430 117 55 18 1891.
505 117 27 18 28
543 117 59 18 Febr.
810 112 40 21 351

54 196 40 21 och
111 196 47 21 icke
173 198 81 19 ersatta
270 196 23 21 af
306 197 75 26 andra,
402 203 48 14 men
471 197 37 26 jag
530 197 47 21 haft
598 196 84 22 tillfälle
705 199 33 19 att
759 197 35 21 vid
815 197 67 26 nägra

53 224 129 27 föregäende
197 225 128 27 landtdagar
340 225 103 22 bemärka
458 225 109 22 äfvensom
583 225 56 21 fästa
652 225 99 21 Ständets
767 225 114 27 uppmärk-

52 253 85 22 samhet
159 253 28 27 pä
210 255 33 20 att
264 254 187 26 inventeringarna
474 254 7 21 i
503 253 225 27 afdelningskontoren
749 254 47 21 icke
819 254 62 21 alltid

52 281 70 21 blifvit
136 282 24 20 sä
175 282 109 26 punktligt
299 282 138 24 verkställda,
451 282 57 21 hvad
524 282 58 21 tiden
599 282 106 26 beträffar,
721 288 45 15 som
785 282 6 20 i
813 282 67 27 regle-

52 311 82 20 mentet
149 310 147 24 föreskrifvits,
314 310 23 21 sä
352 310 69 22 skulle
435 311 37 26 jag
487 311 64 27 tycka
574 312 33 20 att
630 310 36 22 det
687 310 45 22 icke
755 316 50 16 vore
828 313 52 19 utan

52 339 54 26 skäl,
130 345 33 15 om
187 339 171 21 Bankutskottet
377 340 48 20 ville
449 339 94 21 affordra
565 338 195 27 Bankfullmäktige
782 340 98 20 närmare

52 367 136 27 redogörelse
203 367 33 21 för
251 368 186 26 inventeringarna
452 368 7 21 i
475 368 232 26 afdelningskontoren.
737 368 11 20 I
763 374 81 14 samma
859 368 24 20 af

52 396 44 26 mig
111 396 121 26 åberopade
248 396 26 20 16
291 396 11 27 $
318 397 7 20 i
341 396 138 25 berättelsen,
495 398 52 25 säga
559 396 143 27 Fullmäktige
713 396 78 26 vidare,
808 396 73 24 ,,dess-

52 426 60 20 utom
129 424 63 21 hafva
214 425 145 26 inspektioner
381 425 136 21 verkställts*
539 425 36 21 vid
598 425 101 21 kontoret
720 425 6 21 i
748 425 133 26 Björneborg

54 453 40 21 den
111 454 27 20 29
153 453 130 21 Januari—1
301 453 103 21 Februari
422 454 55 20 1890
492 454 23 20 af
536 454 181 20 bankdirektören
741 453 140 27 Charpentier

54 482 40 21 och
106 482 79 26 jemväl
201 482 34 20 vid
251 482 100 21 kontoret
366 482 6 21 i
388 482 117 21 Sordavala
521 482 23 21 af
558 488 80 15 samme
649 482 154 21 bankdirektör
814 482 66 21 Char-

54 510 83 27 pentier
152 511 41 20 den
209 510 83 22 30—31
309 511 88 21 Januari
414 511 63 21 1890.
508 511 42 21 Det
565 510 110 22 förefaller
697 511 47 21 litet
767 510 114 27 besynner-

53 539 45 26 ligt,
115 538 55 22 huru
186 545 81 15 samma
282 539 154 21 bankdirektör
452 540 82 20 kunnat
547 539 124 26 inspektera
691 539 28 26 på
741 538 36 22 två
797 539 24 21 så
836 539 45 21 vidt

54 567 70 21 skilda
140 570 57 18 orter
212 567 115 27 samtidigt.
359 567 154 28 Fullmäktiges
537 567 83 27 uppgift
643 568 129 21 härutinnan
788 567 42 21 kan
845 567 35 21 väl

53 595 45 22 tåla
113 596 94 21 rättelse.

122 653 58 20 Frih.
196 659 47 14 von
265 653 83 21 Born:
370 653 31 20 På
423 653 38 21 sid.
485 654 27 21 52
528 655 51 24 säga
594 653 206 26 Bankfullmäktige:
818 669 11 9 ,,
832 653 48 20 med

54 681 100 21 afseende
170 681 12 22 å
198 682 36 20 det
249 681 81 26 hinder,
354 682 41 21 den
413 681 106 21 svårlösta
534 681 74 27 frågan
632 688 33 14 om
689 681 192 26 Bankfullmäktig-

55 710 159 21 institutionens
231 711 167 25 reorganisation
414 711 55 20 visat
485 711 32 22 sig
532 712 77 25 utgöra
631 710 33 21 för
687 710 194 27 åvägabringandet

54 739 23 20 af
90 740 47 25 nytt
152 738 195 27 bankreglemente,
372 739 62 20 hafva
455 739 195 26 Bankfullmäktige
672 739 23 20 så
716 739 84 26 mycket
822 744 59 15 mera

54 767 70 21 funnit
138 767 32 26 sig
185 767 121 21 föranlåtne
322 769 32 19 att
369 768 31 20 uti
415 768 165 25 nedanintagna,
603 767 23 21 af
646 767 142 26 Fullmäktige
803 767 7 20 i
826 773 53 15 sam-

53 795 39 22 råd
108 795 48 22 med
171 796 196 21 Bankdirektionen
383 796 119 27 uppgjorda
525 795 80 27 förslag
620 796 6 21 i
642 797 71 20 ämnet
728 795 108 21 bibehålla
851 801 29 15 nu

53 824 99 26 gällande
170 824 180 27 bestämningar".
380 825 41 25 Jag
444 825 41 20 kan
509 825 46 20 icke
577 824 87 21 förebrå
684 824 195 26 Bankfullmäktige

54 855 32 19 att
101 852 26 21 de
143 852 46 22 icke
205 859 29 14 nu
250 852 145 27 återupptagit
411 853 35 21 det
461 853 36 21 vid
515 853 53 21 1885
584 852 35 21 års
634 853 103 26 landtdag
756 852 65 21 fallna
837 852 44 21 för-

54 882 68 25 slaget
138 888 33 14 om
188 883 31 19 ett
231 882 150 20 förstärkande
392 881 22 21 af
425 881 334 26 bankfullmäktiginstitutionen.
782 881 48 21 Men
844 880 37 27 jag

53 910 69 20 måste
137 910 46 21 icke
199 910 48 21 dess
262 910 83 21 mindre
361 910 92 26 beklaga
469 912 32 18 att
519 910 74 26 frågan
609 916 28 14 nu
659 910 46 21 icke
720 909 69 21 blifvit
805 910 76 26 uppta-

53 940 47 24 gen.
130 938 195 28 Bankfullmäktige
341 939 80 26 antyda
436 940 32 19 att
483 938 75 26 frågan
582 940 25 19 är
627 938 99 26 svärlöst,
750 938 39 21 och
805 938 36 20 det
857 939 24 19 är

54 967 41 21 den
110 966 169 28 otvifvelaktigt;
295 974 49 14 men
356 967 45 27 just
417 967 72 21 derför
505 969 24 19 är
545 967 36 21 det
597 973 26 15 en
638 967 53 26 pligt
706 967 33 21 för
755 966 126 24 Ständerna,

54 1001 62 21 synes
132 996 36 20 det
183 996 48 26 mig,
247 998 33 18 att
292 996 35 20 vid
342 996 74 26 hvarje
432 996 103 26 landtdag
545 997 95 25 upptaga
651 996 68 20 denna
730 995 80 26 vigtiga
821 994 61 27 fråga

54 1024 33 21 till
104 1024 135 27 behandling,
255 1024 32 21 till
304 1025 47 20 dess
367 1024 40 21 den
423 1024 42 21 kan
481 1025 64 20 lösas.
568 1024 42 21 Det
628 1026 24 18 är
667 1024 101 21 särskildt
783 1024 6 20 i
801 1023 80 21 sådana

54 1052 139 22 ekonomiska
216 1053 40 21 och
280 1052 61 22 äfven
362 1053 101 26 politiska
484 1052 175 28 brytningstider,
685 1059 44 15 som
753 1052 26 21 de
806 1053 75 19 närva-

54 1081 72 25 rande,
142 1080 34 22 för
191 1081 103 21 Finlands
309 1082 57 21 bank
382 1088 26 14 en
423 1082 98 20 kännbar
544 1081 105 21 afsaknad
665 1082 32 20 att
711 1081 46 21 icke
773 1080 7 21 i
795 1082 86 24 spetsen

53 1110 33 20 för
102 1110 31 20 sin
149 1110 89 26 styrelse
255 1116 39 20 ega
309 1112 31 19 ett
363 1110 126 26 tillräckligt
512 1110 71 20 starkt
604 1110 97 25 element,
725 1115 50 15 vare
797 1111 30 24 sig
850 1111 31 18 ett

54 1140 69 19 större
139 1138 59 21 antal
214 1138 194 27 Bankfullmäktige
425 1138 52 21 eller
493 1145 25 14 en
534 1137 95 27 Konselj,
645 1150 28 3 —
689 1144 25 15 en
730 1136 89 27 förmån,
836 1143 44 15 som

51 1167 25 26 ju
88 1167 7 20 i
106 1167 72 26 regeln
194 1167 94 26 åtnjutes
298 1167 23 21 af
330 1167 51 21 våra
395 1167 154 26 privatbanker
565 1166 40 21 och
617 1166 49 21 utaf
674 1166 77 26 många
766 1165 115 21 utländska

54 1195 203 21 bankinstitutioner
278 1195 121 27 jemförliga
420 1196 48 21 med
492 1195 101 21 Finlands
616 1195 68 20 Bank.
714 1195 43 20 För
779 1194 102 21 Finlands

53 1223 58 22 bank
133 1230 51 15 vore
200 1230 26 15 en
247 1224 66 21 sådan
329 1224 118 26 anordning
469 1224 24 21 så
517 1224 84 27 mycket
621 1229 46 15 mer
687 1223 128 26 nödvändig,
836 1228 44 15 som

54 1253 48 20 dess
117 1252 218 27 hufvudprincipaler,
351 1253 127 26 Ständerna,
501 1252 24 26 ju
548 1252 47 21 icke
618 1252 159 21 sammanträda
793 1251 88 26 årligen,

53 1283 52 19 utan
121 1281 63 21 hvart
199 1281 75 27 tredje,
295 1281 23 27 ja
340 1281 81 21 kanske
443 1281 66 21 också
531 1281 69 26 någon
621 1280 56 27 gång
692 1280 63 21 hvart
770 1279 64 22 femte
850 1279 30 21 år.

53 1309 43 22 Det
112 1309 67 22 måste
194 1310 69 21 under
279 1309 80 22 sådana
374 1309 150 22 förhållanden
539 1316 52 14 vara
606 1309 81 26 nödigt,
708 1310 33 19 att
763 1308 34 21 för
812 1307 69 21 denna

53 1338 64 27 långa
132 1338 110 21 mellantid
257 1338 109 21 förstärka
381 1339 40 20 den
437 1338 129 26 institution,
581 1343 46 16 som
650 1338 159 25 representerar
824 1336 56 26 prin-

54 1367 88 26 cipalen.
160 1379 24 2 —
201 1367 41 26 Jag
257 1367 43 21 kan
315 1367 27 26 på
357 1367 54 21 intet
430 1367 31 20 vis
476 1373 52 15 anse
544 1367 36 20 det
595 1372 28 15 nu
639 1366 96 26 lämpligt
756 1367 33 19 att
811 1364 48 27 ingå
874 1365 7 20 i

53 1395 67 26 några
135 1395 91 27 detaljer
240 1396 7 20 i
263 1395 69 21 denna
344 1395 67 27 fråga.
441 1395 41 26 Jag
497 1395 40 21 har
558 1395 76 21 endast
656 1395 57 20 velat
733 1394 57 20 fästa
811 1393 71 21 Bank-

53 1423 117 21 utskottets
186 1423 190 27 uppmärksamhet
391 1423 34 21 vid
436 1423 130 21 densamma.
582 1435 28 3 —
625 1422 42 27 Jag
682 1422 39 21 bör
735 1428 52 15 vara
801 1421 80 21 beredd

53 1452 29 26 på
96 1458 27 14 en
138 1452 147 26 anmärkning,
302 1458 45 15 som
363 1452 26 21 de
404 1458 75 15 senare
495 1452 84 21 tiderna
594 1452 7 20 i
615 1451 78 27 många
704 1450 57 22 olika
776 1456 105 15 samman-

53 1480 57 27 hang
124 1480 75 27 gjorts,
215 1481 106 27 nämligen
337 1482 33 20 att
384 1480 59 22 tiden
457 1480 48 22 icke
521 1486 50 16 vore
587 1480 97 26 lämpligt
699 1479 55 21 vald.
781 1478 42 26 Jag
837 1477 44 22 hål-

53 1508 32 22 ler
100 1509 104 21 fastmera
218 1508 46 22 före
286 1511 32 19 att
334 1509 59 21 tiden
414 1515 29 15 nu
463 1509 102 21 särskildt
587 1510 25 19 är
632 1507 94 28 lämplig.
755 1507 44 21 Det
813 1508 25 19 är
852 1512 29 16 nu
