1056 1686
203 107 26 20 32
457 113 24 16 R.
495 118 16 11 o.
525 114 22 16 A.
560 114 52 17 1891.
637 115 26 16 30
676 114 47 17 Jan.

453 192 156 24 Presteständets
625 193 103 24 elektorer.

245 260 59 21 Från
319 261 161 21 Presteständet
496 261 55 21 hade
567 262 69 26 ingått
654 264 31 19 ett
707 262 200 27 protokollsutärag
922 263 85 21 medde-

174 289 72 25 lande,
263 291 34 18 att
312 288 91 22 Ständet
417 291 68 19 utsett
500 289 33 21 till
548 290 85 21 valmän
644 290 44 21 Hrr
706 290 146 27 Forsman,
868 291 138 26 Kihlman,

174 317 138 25 Törnudd,
340 318 114 26 Donner,
479 314 176 29 Schroderus,
677 318 30 22 H.
728 319 25 21 E.
777 319 164 27 Danielson,
965 320 42 20 Jo-

175 346 131 24 hansson,
330 346 19 21 J.
366 346 72 27 Lyra,
458 346 139 26 Stenbäck,
619 347 205 27 Schvartzberg,
846 348 160 21 Nordström

174 374 41 21 och
237 374 152 27 Nordlund,
416 377 55 19 samt
494 376 33 20 till
549 376 234 26 elektorssuppleanter
809 377 43 21 Hrr
874 376 132 27 Räbergh,

174 402 138 28 Hedberg,
324 403 169 27 Fredrikson,
505 404 160 27 Karlsberg,
682 405 131 21 Helander
824 406 39 20 och
878 405 128 27 Tallgren.

527 552 124 23 Utskottsval.

244 620 40 20 Ett
300 620 46 21 från
362 620 24 21 R.
403 627 18 14 o.
439 620 37 21 A:s
490 621 107 20 elektorer
607 621 117 21 inkommet
735 621 118 26 försegladt
864 620 142 27 valprotokoll

175 648 107 27 uppbröts
298 648 22 21 af
334 648 32 21 Hr
381 649 214 26 Landtmarskalken,
611 656 45 15 som
673 649 53 22 derä
738 649 31 21 lät
781 649 90 27 uppläsa
882 649 124 26 detsamma,

175 677 79 20 hvaraf
267 677 140 24 inhemtades,
424 679 32 19 att
475 678 127 21 valmännen
624 680 68 19 utsett
715 678 94 26 följande
831 678 140 21 medlemmar
986 677 23 21 af

176 705 92 21 Ständet
289 705 32 21 till
337 706 118 21 ledamöter
476 707 39 20 och
539 707 138 26 suppleanter
699 707 7 20 i
729 707 165 20 nedannämnda
915 707 91 25 utskott,

174 734 108 26 nemligen
297 734 7 20 i

511 831 162 28 Lagutskottet:

245 894 130 20 ledamöter:
391 894 58 20 Frih.
465 894 74 21 Rabbe
553 894 53 21 Axel
622 894 97 22 Wrede
736 894 40 21 och
787 894 32 21 Hr
829 894 82 21 Robert
927 894 84 21 Mont-

176 928 117 20 gomery,
310 922 47 21 med
374 923 26 20 22
417 924 69 19 röster
501 923 112 24 hvardera,
629 923 57 21 Frih.
703 922 80 22 Gustaf
797 923 213 27 Langenskiöld,

178 950 48 21 med
246 951 26 20 21
290 952 75 24 röster,
381 950 57 21 Frih.
455 951 76 21 Viktor
547 958 40 14 von
600 952 73 24 Born,
692 951 50 21 med
759 952 26 20 19
801 953 76 23 röster;
899 952 112 26 supplean-

176 980 44 20 ter:
244 979 46 21 Hrr
305 980 83 20 Krister
404 980 191 26 Jägerskjöld,
616 980 48 21 med
681 981 26 21 18
725 982 69 19 röster
810 980 39 21 och
865 980 50 21 Carl
935 980 76 21 Cron-

177 1008 79 22 stedt,
276 1008 49 21 med
340 1008 12 20 9
369 1010 75 19 röster.

485 1105 221 21 Ekonomiutskottet:

246 1167 131 22 ledamöter:
394 1167 43 21 Hrr
452 1168 53 21 Axel
522 1167 92 27 Späre,
631 1168 48 21 med
690 1169 27 20 22
734 1169 77 22 röster,
827 1168 84 26 August
921 1167 92 22 Fredrik

176 1195 144 28 Granfelt,
336 1197 54 20 Axel
404 1196 179 27 Björkenheim
599 1197 40 20 och
654 1197 94 20 Lorentz
763 1196 100 21 Leonard
883 1195 128 24 Lindelöf,

176 1224 83 22 enhvar
268 1225 49 21 med
326 1225 24 21 21
361 1226 75 24 röster,
448 1225 147 26 suppleanter:
605 1225 43 21 Hrr
659 1225 50 21 Carl
718 1224 81 21 Gustaf
805 1231 42 14 von
858 1225 155 20 Christier-

177 1259 55 20 son,
249 1254 51 21 med
317 1254 25 21 16
359 1253 40 21 och
414 1253 63 27 Hugo
493 1260 40 15 von
552 1253 137 26 Ovanten,
709 1253 50 22 med
776 1253 26 21 12
818 1255 70 19 röster.

511 1356 166 21 Statsutskottet.

248 1419 131 21 ledamöter:
395 1419 44 20 Hrr
454 1418 100 22 Wilhelm
571 1418 141 26 Hackman,
729 1418 49 21 med
795 1418 27 21 20
837 1419 76 25 röster,
929 1418 83 20 Kasten

178 1446 109 27 Antell,
310 1448 48 20 med
381 1448 26 20 19
437 1448 75 25 röster,
540 1447 45 21 Nils
611 1446 171 26 Grotenfelt,
803 1446 50 22 med
880 1447 25 21 18
935 1448 76 24 röster,

178 1474 77 22 Alfred
271 1476 142 25 Norrm6n,
424 1476 49 20 med
486 1478 26 21 14
522 1477 77 24 röster;
611 1476 148 27 suppleanter:
775 1475 58 21 Frih.
845 1474 51 22 Otto
913 1474 98 25 Wrede,

178 1504 49 20 med
250 1505 26 20 15
300 1504 40 22 och
355 1504 32 21 Hr
403 1504 49 21 Carl
468 1504 79 22 Gustaf
567 1504 236 26 Standertskjöld,
824 1504 49 21 med
891 1504 25 20 14
935 1505 76 19 röster.
