1056 1686
209 105 43 22 486
461 110 25 17 R.
498 114 18 13 o.
527 110 23 17 A.
563 110 56 17 1891.
638 111 23 16 19
673 110 62 17 Mars.

253 189 35 22 Då
303 189 147 22 diskussionen
465 189 74 22 härvid
555 189 132 27 afstannade,
704 189 132 22 framställde
845 189 32 22 Hr
886 189 117 22 Landtmar

184 218 90 22 skalken
297 219 31 20 till
352 218 100 21 Ståndets
468 218 131 21 besvarande
615 218 93 27 följande
724 218 276 27 omröstningsproposition

254 275 53 25 Den,
324 281 45 15 som
384 275 123 26 godkänner
523 275 68 26 tredje
606 275 107 21 klämmen
728 275 7 20 i
751 275 118 21 utskottets
878 275 128 21 betänkande

184 303 138 24 oförändrad,
338 304 71 20 röstar
421 303 35 27 ja;

254 360 75 21 vinner
350 360 41 26 nej,
414 360 122 26 godkännes
559 360 123 21 densamma
700 360 49 21 med
765 360 36 21 det
815 360 75 26 tillägg
905 361 32 19 att
953 360 6 20 i
975 359 32 21 ko-

184 388 67 22 miten
267 388 53 22 böra
335 388 89 27 inväljas
439 394 102 22 personer
556 388 127 22 tillhörande
700 389 26 21 de
741 388 190 25 samhällsklasser,
941 388 66 21 hvilka

184 418 98 20 närmast
297 417 88 21 beröras
399 417 23 21 af
435 417 161 27 ifrågavarande
612 417 226 27 lagstiftningsåtgärd.

255 474 42 21 Vid
313 474 51 20 härå
379 474 110 26 företagen
505 474 131 27 omröstning
651 474 128 22 besvarades
794 474 159 26 propositionen
965 473 44 21 med

186 503 26 19 41
237 502 23 27 ja
283 502 39 21 och
346 503 26 20 22
395 502 40 26 nej,
454 502 86 22 hvarför
555 503 24 21 R.
596 509 19 15 o.
631 503 26 21 A.
672 503 55 21 hade
743 502 95 22 beslutat
853 502 112 26 godkänna
979 504 30 19 ut-

185 531 95 21 skottets
294 531 80 26 förslag
389 531 31 21 uti
435 530 161 28 ifrägavarande
612 532 34 21 del
659 531 146 21 oförändradt.
829 530 39 22 Om
879 530 130 22 förestäende

185 559 72 21 beslut
276 559 68 21 skulle
360 559 138 21 Medständen
514 562 55 19 samt
585 560 53 26 Lag-
655 560 39 21 och
710 560 211 21 Ekonomiutskottet
937 565 73 20 genom

184 587 200 27 protokollsutdrag
398 588 141 21 underrättas.

394 732 134 23 Rektorsvalen
543 732 29 24 vid
588 731 222 24 elementarläroverken.

257 789 121 27 Föredrogs
393 790 113 21 Allmänna
520 789 211 22 Besvärsutskottets
746 789 119 26 bordlagda
879 787 134 22 betänkande

187 817 41 22 N:o
244 818 14 21 4
274 818 7 21 i
296 819 113 25 anledning
424 818 23 21 af
461 820 31 19 ett
507 819 5 20 i
528 818 161 21 Presteständet
704 817 118 22 inlemnadt
832 817 181 26 petitionsmemo-

187 846 47 25 rial,
256 846 111 26 angående
389 846 132 22 tillsättande
543 846 23 21 af
580 846 97 22 rektorer
691 846 36 20 vid
743 846 83 20 landets
842 844 171 22 elementarläro-

186 874 58 26 verk,
262 874 87 22 hvarvid

257 931 33 21 Hr
311 931 24 21 E.
359 932 94 26 Lagus
475 932 66 20 erhöll
557 932 62 20 ordet
635 932 38 20 och
697 931 98 26 yttrade:
818 930 75 21 Ehuru
905 930 36 26 jag
957 929 57 22 fruk-

186 960 41 25 tar,
251 962 34 18 att
306 960 44 20 min
372 960 60 27 ringa
453 962 96 24 stämma,
576 960 134 21 omedelbart
731 959 54 21 efter
800 959 36 21 det
852 965 26 15 en
893 958 23 21 af
930 958 25 21 de
971 958 44 27 vig-

187 988 79 26 tigaste
289 988 78 27 frågor,
387 994 45 16 som
447 988 129 28 hänskjutits
592 988 32 22 till
640 988 136 26 landtdagen,
792 988 99 26 upptagit
907 987 35 21 det
958 987 57 26 Hög-

187 1016 74 27 lofliga
277 1016 101 22 Ständets
393 1017 194 27 uppmärksamhet,
603 1018 46 20 icke
665 1017 56 21 skall
736 1017 73 20 kunna
823 1016 68 20 räkna
903 1015 28 27 pä
942 1016 36 20 det
985 1015 30 21 in-

187 1047 76 22 tresse,
287 1051 45 15 som
348 1045 37 27 jag
401 1046 99 26 önskade,
516 1046 6 20 i
539 1046 115 26 synnerhet
669 1046 28 20 dä
710 1046 24 26 ju
750 1044 188 26 ,rektorsfrägan*
954 1050 61 14 anses

188 1073 22 21 af
224 1073 91 27 mängen
331 1074 82 21 mindre
429 1074 75 27 vigtig;
520 1074 23 21 sä
558 1074 65 27 vägar
640 1075 37 26 jag
693 1074 55 21 dock
766 1075 95 25 upptaga
876 1073 37 21 det
928 1072 88 26 Höglof-

188 1102 44 25 liga
254 1102 102 22 Ständets
379 1102 188 27 uppmärksamhet
590 1104 31 20 ett
639 1102 113 27 ögonblick
770 1102 7 20 i
793 1102 39 20 och
847 1101 34 21 för
895 1101 121 26 utveckling

188 1129 23 21 af
226 1130 70 21 denna
312 1130 66 27 fräga,
395 1137 44 15 som
455 1131 31 20 uti
502 1131 133 21 skolverlden
650 1131 47 21 icke
713 1136 62 15 anses
791 1136 51 14 vara
857 1131 52 19 utan
925 1129 44 26 vigt
977 1129 39 21 och

187 1158 118 27 betydelse.
335 1159 41 26 Jag
391 1159 36 22 vill
444 1160 122 26 visserligen
582 1159 112 27 medgifva,
711 1161 32 19 att
758 1158 74 27 frågan
848 1164 34 15 om
898 1157 119 22 rektorsval

187 1187 109 21 mähända
310 1187 46 22 icke
372 1189 23 19 är
411 1188 22 21 af
447 1188 40 21 den
503 1190 38 24 art,
558 1189 33 20 att
606 1189 39 20 den
664 1188 56 21 hade
737 1187 49 21 bort
794 1187 77 26 dragas
880 1187 67 20 under
955 1186 62 21 Stän-

188 1215 79 21 dernas
289 1216 140 26 behandling;
452 1223 48 15 men
525 1217 27 20 dä
574 1216 23 21 sä
613 1216 82 27 engäng
711 1216 64 25 skett,
791 1217 24 19 är
831 1216 36 20 det
882 1215 135 26 naturligtvis

188 1244 125 26 Önskvärdt,
330 1247 32 19 att
377 1245 121 21 uttalandet
513 1245 50 21 sker
577 1246 7 20 i
599 1245 41 21 den
656 1245 134 26 lämpligaste
799 1244 55 21 form
865 1244 40 21 och
915 1243 100 26 riktning.

187 1272 43 27 Jag
252 1273 50 21 ville
327 1273 27 21 dä
376 1273 33 21 för
425 1274 36 21 det
477 1273 66 22 första
557 1273 90 27 päpeka,
663 1276 33 19 att
712 1279 26 15 en
754 1273 73 21 rektor
842 1273 7 20 i
865 1274 31 19 ett
911 1271 106 24 läroverk,

186 1301 8 20 i
216 1301 54 21 vära
293 1301 66 27 dagar
376 1301 89 22 likasom
481 1303 88 25 fordom,
586 1303 70 26 spelar
671 1308 26 15 en
713 1301 85 28 mycket
813 1301 66 26 vigtig
894 1301 38 20 rol.
963 1299 55 22 Hela

188 1329 159 27 pedagogikens
370 1331 87 20 historie
478 1332 24 19 är
516 1331 38 21 full
569 1331 24 21 af
607 1331 96 26 exempel
718 1331 34 26 pä,
768 1329 85 22 hvilken
869 1335 72 15 enorm
958 1329 60 26 bety-

188 1357 59 22 delse
272 1365 25 14 en
320 1358 195 22 skolföreständare
530 1359 42 21 kan
588 1359 69 26 hafva,
673 1359 48 21 icke
737 1359 56 20 blott
808 1357 33 22 för
857 1358 46 21 sina
918 1357 99 26 underly-

188 1386 70 20 dande
283 1387 69 21 lärare
374 1387 39 21 och
428 1388 75 23 elever,
518 1389 52 19 utan
586 1388 61 20 äfven
662 1388 33 20 för
712 1387 49 21 hela
775 1386 119 21 samhället.
925 1386 41 26 Jag
981 1385 36 21 vill

187 1414 75 22 vidare
284 1414 84 27 päpeka
390 1417 32 19 att
441 1416 75 26 frägan
531 1422 34 14 om
581 1416 119 21 rektorsval
716 1416 62 26 länge
793 1415 7 20 i
815 1414 133 22 skolkretsar
963 1413 55 21 varit

188 1448 27 15 en
238 1443 125 22 brännande
385 1444 66 27 fräga.
482 1444 42 22 Det
542 1444 54 21 hade
612 1444 72 22 derför
700 1443 108 22 mähända
823 1444 55 20 varit
893 1442 124 24 önskvärdt,

188 1472 34 20 att
236 1472 108 21 utskottet
359 1472 64 27 nägot
439 1472 123 28 utförligare
578 1472 117 22 behandlat
711 1472 71 22 denna
800 1471 61 27 fräga
876 1473 27 19 än
918 1478 29 14 nu
963 1471 54 21 varit

187 1499 68 22 fallet.
286 1500 149 22 Betänkandet
457 1503 24 19 är
503 1502 7 20 i
532 1501 56 21 vissa
610 1502 100 26 punkter,
727 1501 66 25 enligt
808 1500 43 21 min
866 1500 70 25 tanke,
951 1500 66 26 nägot
