1056 1686
207 105 42 22 278
453 111 25 17 R.
490 116 17 13 o.
520 112 22 16 A.
557 112 54 17 1891.
636 112 24 17 14
671 112 60 17 Febr.

248 191 49 21 Men
319 191 122 26 derigenom
459 193 33 19 att
513 191 57 21 Frih.
593 191 78 22 Wrede
693 192 76 27 antydt
791 194 32 19 att
838 192 131 21 inrättandet
983 192 22 21 af

178 225 26 16 en
227 219 92 22 särskild
342 219 77 27 högsta
440 220 92 21 domstol
555 220 68 21 skulle
646 220 87 27 päkalla
751 226 25 15 en
789 220 216 26 justitieexpeditions

178 248 144 27 tillskapande
338 249 7 20 i
361 248 98 27 Senaten,
477 249 37 20 och
531 249 87 21 dermed
635 251 31 18 att
681 249 7 20 i
704 249 234 26 petitionsmemorialet
951 249 54 26 jem-

177 277 34 20 väl
226 277 95 26 päpekas
337 279 33 19 att
384 277 77 26 högsta
476 277 119 21 domstolen
610 277 132 21 fortfarande
758 277 53 27 egde
825 277 57 27 gifva
894 277 110 21 utlätande

177 305 7 21 i
205 304 223 28 lagstiftningsfrägor,
451 306 28 20 ha
497 306 54 20 dock
566 306 46 21 icke
628 306 43 20 alla
686 306 158 21 konsekvenser
866 305 48 21 utaf
927 305 41 21 den
983 305 22 21 af

178 333 56 21 Frih.
258 334 79 21 Wrede
352 333 109 27 päyrkade
477 334 106 21 reformen
598 334 71 21 blifvit
685 334 139 27 ädagalagda.
849 334 32 21 Hr
896 334 53 21 Rein
965 334 40 21 har

178 362 66 21 redan
267 362 118 21 framhällit
405 362 108 27 ätskilliga
533 362 24 21 af
577 362 25 22 de
628 362 179 28 betänkligheter,
829 369 45 15 som
896 364 108 25 gentemot

178 390 59 22 detta
260 390 173 27 reformyrkande
456 391 57 27 gjort
531 392 32 26 sig
577 391 106 27 gällande.
713 391 42 27 Jag
770 393 24 19 är
809 392 6 20 i
831 391 60 21 detta
905 390 99 22 afseende

178 419 67 21 delvis
268 419 145 21 förekommen
429 420 39 20 och
484 420 36 20 vill
535 420 47 20 icke
598 426 96 20 upprepa
709 420 26 20 de
752 420 65 22 redan
833 420 34 20 väl
881 419 124 21 framburna

178 448 80 25 skälen,
280 454 48 15 men
350 448 54 20 skall
427 448 26 21 be
475 450 32 19 att
530 448 22 21 få
567 448 88 27 tillägga
670 448 67 27 några
753 448 188 26 omständigheter.
971 448 30 21 Då

177 476 189 27 landtdagsfrägor
388 476 89 22 beredas
500 477 31 21 till
547 478 138 25 proposition,
701 477 40 21 och
757 477 74 24 likasä,
847 477 26 21 dä
888 476 115 22 framställ-

178 505 76 27 ningar
269 505 23 21 af
306 505 120 21 Ständerna
441 505 124 26 behandlas,
581 506 24 20 sä
620 506 49 20 sker
685 506 60 20 detta
760 506 33 20 för
808 506 132 21 närvarande
951 506 6 20 i
968 506 35 20 det

177 535 59 19 stora
256 534 107 26 kollegiet,
378 533 49 21 hela
443 534 97 21 Senaten.
571 534 42 21 Det
634 535 61 20 torde
718 534 62 21 äfven
795 534 23 21 af
833 534 46 26 den,
895 540 45 14 som
956 534 45 21 icke

178 562 49 26 sjelf
241 562 89 26 deltagit
346 562 6 21 i
368 562 103 21 Senatens
486 563 81 24 arbete,
584 563 39 20 lätt
639 563 56 20 inses
712 564 33 19 att
756 569 25 14 en
790 562 119 27 betydande
919 563 84 25 garanti

178 590 33 21 för
226 590 136 27 omsorgsfull
378 590 98 27 pröfning
491 591 39 20 och
550 591 73 21 säkert
638 591 139 26 iakttagande
793 591 22 20 af
829 591 34 26 lag
878 591 66 26 ligger
959 591 45 20 deri

178 620 32 20 att
226 619 40 21 den
282 619 113 26 kollegiala
407 619 128 26 myndighet,
553 626 43 15 som
615 619 40 21 har
669 620 153 21 förutpämnda
837 620 88 25 uppgift,
941 621 24 19 är
981 619 23 21 sä

179 648 144 26 organiserad,
347 654 45 15 som
415 648 33 21 för
470 649 133 20 närvarande
625 650 24 19 är
666 648 67 21 fallet.
765 648 63 21 Säväl
844 648 27 21 dä
887 649 35 20 det
937 648 68 26 gäller

178 676 168 26 propositioners
369 676 112 25 aflätande,
505 683 46 14 som
571 677 35 20 vid
627 677 132 26 granskning
775 677 23 20 af
811 677 129 20 Ständernas
956 683 49 14 svar

178 705 39 20 och
240 705 115 26 petitioner
377 705 77 26 uppstå
471 705 44 21 icke
531 705 68 21 sällan
615 705 72 27 frågor
703 705 110 27 angående
829 705 40 20 den
885 707 119 19 statsrätts-

177 733 43 27 liga
242 733 161 27 befogenheten,
425 733 83 22 hvilkas
531 734 83 26 lösning
636 734 85 21 fordrar
745 734 61 21 säker
829 733 78 21 inblick
927 733 6 21 i
954 733 51 21 vära

178 762 137 27 grundlagar.
348 763 24 20 Vi
393 764 48 19 veta
461 762 23 26 ju
507 763 43 20 alla
571 765 32 18 att
623 765 90 24 gränsen
736 763 90 20 emellan
842 763 40 20 den
898 762 107 21 allmänna

177 790 172 28 lagstiftningens
372 791 41 21 sfer
434 791 39 21 och
498 791 57 21 Hans
577 791 111 27 Majestäts
718 791 169 21 administrativa
914 790 91 27 lagstift-

177 819 123 27 ningsmakt
320 820 46 21 icke
387 821 24 19 är
432 820 51 20 eller
499 820 41 20 kan
556 826 51 14 vara
622 820 6 20 i
644 820 159 26 grundlagarna
817 819 48 22 fullt
881 819 76 27 tydligt
973 822 31 18 ut-

178 848 83 20 stakad.
292 848 42 21 Det
355 850 24 18 är
401 848 23 20 af
440 848 106 26 synnerlig
561 848 44 26 vigt
621 850 32 19 att
668 848 110 26 konseljen
794 848 34 21 mä
843 854 52 15 vara
910 847 23 21 sä
949 854 54 14 sam-

178 879 95 19 mansatt
288 879 32 19 att
336 877 40 21 den
391 876 39 21 har
445 876 80 27 verklig
543 877 124 26 kompetens
683 878 33 19 att
731 877 49 20 med
799 877 99 21 säkerhet
914 876 91 21 bedöma

178 905 72 27 dylika
265 905 78 27 frägor,
359 905 72 21 hvilka
445 905 70 21 säsom
531 906 68 20 kändt
614 905 77 27 uppstä
705 905 79 27 jemväl
800 906 27 26 pä
839 906 36 20 det
885 905 118 21 finansiella

176 934 89 26 gebitet.
296 934 72 21 Skulle
384 940 24 14 en
424 934 123 26 förändring
561 934 7 20 i
584 934 94 26 enlighet
693 934 48 21 med
753 934 57 21 Frih.
823 934 86 21 Wredes
923 934 80 26 förslag

178 962 44 24 ske,
238 962 24 21 sä
278 962 68 21 blefve
362 963 42 20 alla
419 963 134 26 garantierna
563 962 34 21 för
604 963 88 27 behörig
702 962 115 26 utredning
827 962 23 21 af
857 963 61 21 dessa
926 969 77 21 grann-

177 991 49 27 laga
240 991 74 27 frägor
328 991 131 26 försvagade.
491 990 69 22 Ocksä
580 991 56 21 hvad
651 992 133 20 vidkommer
800 990 153 28 lagförslagens
969 991 36 21 be-

178 1020 89 26 redning
289 1020 7 20 i
318 1019 64 27 öfrigt
404 1021 24 19 är
443 1020 36 20 det
494 1026 25 14 en
535 1020 104 26 väsentlig
654 1020 98 26 skillnad,
769 1026 34 15 om
819 1020 186 26 Justitiedeparte-

178 1051 81 19 mentet
282 1048 110 27 kollegialt
415 1048 95 26 deltager
533 1049 45 21 deri
594 1049 52 21 eller
661 1056 34 14 om
712 1049 56 21 blott
784 1051 31 19 ett
830 1048 110 22 utlätande
956 1048 47 21 frän

178 1083 26 15 en
219 1077 78 27 högsta
312 1077 92 21 domstol
418 1077 119 27 föreligger.

247 1106 43 21 Vill
306 1112 48 14 man
370 1106 79 20 sträfva
466 1106 30 20 till
513 1106 35 20 det
562 1106 7 21 i
585 1106 39 21 och
640 1106 33 20 för
689 1106 32 25 sig
737 1106 133 25 berättigade
886 1105 64 21 mälet
965 1107 40 23 att,

178 1140 77 21 genom
278 1134 77 27 högsta
377 1134 129 21 domstolens
529 1134 125 27 afskiljande
676 1133 48 22 frän
741 1134 92 21 Senaten
851 1134 33 21 för
899 1136 37 18 vär
952 1135 52 19 rätt-

180 1163 98 26 skipning
300 1163 82 20 erhålla
407 1169 25 14 en
457 1169 75 20 genom
548 1163 43 20 alla
605 1163 106 20 instanser
727 1163 131 26 konsegvent
874 1163 38 20 och
928 1163 77 26 princi-

179 1192 52 26 pielt
255 1191 64 26 riktig
341 1191 150 26 organisation,
515 1191 23 21 sä
561 1193 23 19 är
600 1192 35 20 det
651 1193 22 18 af
687 1193 92 25 ytterstä
794 1192 44 23 vigt
853 1193 32 18 att
901 1193 104 24 noggrant

178 1220 129 26 undersöka,
323 1220 72 20 hvilka
411 1220 41 21 alla
467 1220 148 27 förändringar
631 1220 33 21 till
679 1220 54 26 följd
741 1220 62 21 deraf
811 1220 41 21 den
863 1219 141 27 gvarstäende

179 1248 240 27 styrelsemyndigheten
435 1249 65 20 borde
516 1249 147 24 underkastas,
680 1249 28 26 pä
725 1249 36 20 det
776 1250 33 19 att
823 1248 36 21 det
872 1248 54 21 mätt
937 1248 22 20 af
969 1254 36 20 ga-

178 1277 57 22 ranti
257 1277 34 20 för
310 1283 25 15 en
351 1277 182 26 grundlagsenligt
547 1277 48 21 förd
611 1278 88 26 styreise
715 1277 40 21 och
771 1276 198 27 upprätthällandet
984 1276 23 21 af

178 1308 32 19 ett
232 1307 50 19 sant
304 1306 171 20 konstitutionelt
489 1305 133 22 förhällande
639 1306 91 21 emellan
745 1305 91 22 Monark
852 1305 39 21 och
907 1305 96 24 Ständer,

179 1334 82 21 hvilket
284 1334 104 21 Senatens
409 1335 123 20 nuvarande
549 1335 144 26 organisation
711 1334 107 27 erbjuder,
835 1334 46 21 icke
897 1333 66 21 mätte
978 1333 27 26 gä

179 1363 112 21 förloradt.
316 1363 42 26 Jag
372 1363 65 26 vägar
451 1363 47 21 icke
510 1363 61 26 gripa
587 1369 25 15 en
631 1363 92 21 skeende
739 1365 98 18 närmare
849 1362 156 25 undersökning

178 1392 24 20 af
222 1392 62 20 detta
304 1391 103 26 spörsmäl
430 1392 6 20 i
459 1391 80 27 förväg,
553 1391 36 27 jag
605 1391 80 21 tilläter
701 1392 44 26 mig
760 1391 56 21 blott
831 1391 84 26 antyda,
932 1392 32 19 att
979 1396 26 14 en

178 1420 127 26 erforderlig
320 1420 83 26 garanti
419 1420 6 20 i
442 1420 36 20 det
491 1420 126 20 omnämnda
633 1420 64 26 syftet
712 1420 107 26 knappast
833 1419 42 21 kan
892 1418 61 22 ernäs
968 1424 37 15 an-

179 1448 105 22 norlunda
300 1450 26 18 än
342 1450 33 19 att
390 1449 114 26 styrelsens
520 1448 117 22 ledamöter
654 1448 68 22 blefve
739 1448 157 21 underkastade
907 1454 26 14 en
943 1446 61 22 verk-

178 1478 30 26 lig
223 1477 162 21 konstitutionel
400 1477 141 27 ansvarighet.
571 1477 130 26 Härigenom
717 1477 72 20 kunde
804 1476 106 21 måhända
925 1478 30 18 ett
964 1476 41 20 till-

179 1505 167 27 fyllestgörande
369 1506 109 20 korrektiv
500 1506 79 25 vinnas,
603 1512 48 15 men
668 1505 106 21 huruvida
790 1505 38 21 och
845 1506 38 20 när
898 1504 49 21 vära
963 1504 42 21 för-
