1056 1686
108 760 12 25 8
136 760 33 20 40.

101 970 12 26 S
128 970 34 20 41.

101 1325 13 26 8
130 1325 32 20 68.

206 102 40 19 124
467 100 24 17 R.
505 105 16 12 o.
534 101 23 16 A.
571 101 52 16 1891.
646 101 11 16 ?
669 100 59 17 Febr.

176 187 68 32 skap,
256 189 28 22 sä
302 187 9 23 i
329 187 119 30 städerna,
467 195 50 16 som
535 189 31 29 pä
584 187 82 23 landet
685 187 43 23 och
747 187 42 23 vid
806 187 93 23 Finska
911 187 92 23 Militä-

176 229 49 23 ren,
244 223 36 22 att
298 221 36 24 för
352 221 84 31 hvarje
455 223 34 28 är,
511 221 76 24 innan
610 223 123 30 utgängen
753 221 26 24 af
795 221 104 24 Januari
917 221 88 24 mänad

176 256 38 23 det
232 255 168 31 nästföljande,
418 263 85 24 genom
521 256 174 23 vederbörande
718 255 229 31 Kontraktsprostar
965 255 40 24 till

176 289 171 31 Domkapitlen
374 290 103 23 insända
503 289 188 32 förteckningar,
713 290 141 30 upprättade
873 289 76 31 enligt
967 290 38 23 det

176 324 26 23 af
219 324 291 24 Riddarhusdirektionen
523 324 44 23 den
581 324 16 23 8
609 324 49 31 Maj
675 324 67 24 1782
756 324 133 24 meddelade
903 323 102 30 schema,

176 358 66 24 öfver
270 358 66 32 gifte,
357 358 66 24 födde
441 358 43 24 och
502 358 55 24 döde
576 360 14 21 å
608 358 69 24 såväl
696 358 111 32 manliga
825 366 51 16 som
893 357 112 32 gvinliga

177 392 70 24 sidan
266 392 73 24 bland
358 392 49 24 alla
427 394 13 22 å
458 392 161 24 Riddarhuset
638 392 180 24 introducerade
836 395 61 21 ätter
909 392 24 23 af
945 392 58 23 Rid-

176 426 128 32 derskapet
322 427 44 23 och
378 426 84 30 Adeln,
474 427 87 23 hvilka
572 426 182 32 förteckningar
767 427 106 29 derefter,
881 426 36 24 för
929 428 74 22 stam-

176 460 118 24 taflornas
313 461 190 32 komplettering,
522 461 69 23 skola
609 469 84 23 genom
712 461 171 32 Domkapitlen
895 460 38 24 till
945 460 58 24 Rid-

177 495 241 24 darhusdirektionen
436 496 122 30 insändas,
577 496 40 22 bör
636 495 158 24 Direktionen
812 503 62 24 noga
892 494 64 24 vaka
969 495 34 23 öf-

176 537 43 15 ver
237 530 46 22 den
301 530 114 31 behöriga
432 530 157 31 fullgörelsen
608 530 77 30 häraf,
703 530 125 24 äfvensom
847 532 40 28 att,
905 531 31 29 på
957 532 48 21 sätt

176 563 90 31 jemväl
288 563 153 24 föreskrifvet
467 567 34 27 är,
517 564 56 23 från
591 563 28 24 de
636 564 182 31 församlingar,
836 564 65 23 inom
918 563 87 24 hvilka

177 597 83 32 adliga
279 598 128 31 giftermål,
419 598 99 23 födelse-
537 598 58 23 eller
608 598 103 23 dödsfall
726 599 53 23 icke
791 598 118 29 inträffat,
921 601 82 20 anmä-

176 632 43 23 lan
238 632 79 23 derom
335 632 9 23 i
362 633 100 31 stadgad
481 633 102 31 ordning
601 633 39 22 till
659 632 158 24 Direktionen
836 633 77 31 ingår.

558 699 14 28 $
586 699 34 28 17.

247 750 85 24 Skulle
351 751 178 24 uraktlåtenhet
547 751 8 24 i
574 751 163 32 fullgörandet
757 752 24 23 af
793 752 210 31 presterskapets
991 746 16 42 i

176 785 198 32 nästföregående
393 787 13 28 $
425 786 142 23 omnämnda
585 786 146 31 åligganden
751 795 45 23 ega
806 794 61 23 rum,
879 786 125 24 ankomme

177 821 15 21 å
209 819 158 24 Direktionen
386 822 34 21 att
437 820 100 31 vidtaga
555 820 44 23 den
617 821 92 31 åtgärd,
722 828 51 16 som
785 821 39 23 till
837 821 97 23 rättelse
946 821 57 23 här-

178 853 24 23 af
220 853 50 23 kan
289 853 80 24 finnas
389 854 144 31 erforderlig.

560 920 15 27 $
587 922 37 23 18.

246 965 47 24 Till
312 966 123 24 vinnande
454 966 25 24 af
500 967 87 32 nödiga
604 967 182 32 upplysningar
804 968 37 23 för
859 968 144 24 stamtaflor-

176 1007 45 16 nas
249 1000 115 32 behöriga
389 1000 184 33 komplettering
600 1002 93 31 åligger
715 1002 289 24 Riddarhusdirektionen

176 1036 42 28 att,
236 1034 36 23 tid
290 1035 59 23 efter
368 1042 87 23 annan,
473 1035 9 23 i
501 1036 66 23 såväl
587 1036 118 24 Finlands
725 1044 51 16 som
794 1036 137 31 Rysslands
951 1036 52 24 offi-

176 1068 72 24 ciella
266 1069 124 31 tidningar
408 1077 121 23 uppmana
538 1070 187 32 Ridderskapets
736 1071 43 23 och
790 1071 90 23 Adelns
893 1071 110 23 medlem-

176 1110 53 15 mar
248 1105 36 21 att
301 1103 39 23 till
367 1103 155 24 Direktionen
550 1104 103 23 insända
673 1105 163 32 fullständiga
854 1106 43 23 och
916 1105 87 23 tillför-

176 1136 98 32 litligen
302 1137 95 30 styrkta
424 1138 120 31 uppgifter
572 1140 13 21 å
603 1139 27 22 de
651 1139 178 32 förändringar,
847 1139 87 24 hvilka
952 1139 53 24 med

176 1170 52 23 dem
256 1171 44 24 och
326 1171 68 24 deras
421 1172 105 31 familjer
548 1173 109 23 inträffat
675 1173 44 24 och
738 1177 41 20 äro
798 1173 25 24 af
840 1173 165 24 beskaffenhet

177 1207 35 21 att
231 1205 58 23 böra
307 1206 8 22 i
334 1206 165 23 stamtaflorna
517 1207 98 23 införas.

559 1273 16 27 $
587 1275 36 23 19.

245 1317 52 24 Vid
314 1318 84 31 början
417 1319 24 23 af
459 1319 85 32 hvarje
562 1320 115 32 landtdag
697 1321 67 23 skall
784 1321 219 24 Riddarhusdirek-

175 1351 82 24 tionen
276 1352 40 23 till
334 1352 173 32 Ridderskapet
525 1354 42 23 och
585 1355 78 23 Adeln
676 1355 106 24 aflemna
801 1355 109 32 skriftlig
926 1356 77 23 berät-

175 1385 60 23 telse
254 1393 38 16 om
310 1386 179 32 förvaltningen
508 1388 25 23 af
550 1388 176 24 Riddarhusets
744 1390 203 31 angelägenheter
957 1398 46 15 un-

176 1419 40 23 der
234 1420 46 23 den
298 1420 41 30 tid,
366 1428 49 16 som
436 1421 102 24 förflutit
556 1422 73 24 sedan
648 1423 128 24 berättelse
795 1424 108 23 deröfver
922 1426 82 22 senast

175 1453 40 23 till
234 1453 100 25 Ståndet
361 1455 120 31 afgifvits;
500 1456 102 24 börande
621 1457 118 32 öfversigt
757 1458 67 23 öfver
841 1458 163 24 Riddarhuset

176 1488 127 32 tillhöriga
320 1488 86 25 kassor
424 1490 42 23 och
484 1490 81 24 fonder
584 1491 29 23 då
631 1492 84 23 tillika
734 1492 100 24 Ståndet
851 1492 126 24 meddelas.
