1056 1686
333 119 25 18 R.
371 124 17 13 o.
401 120 22 16 A.
437 119 52 18 1891.
516 120 23 17 14
550 119 59 18 Febr.
817 114 42 22 269

58 192 58 22 Frän
130 193 193 28 Borgareständet:
338 193 44 21 Hrr
397 193 154 27 Tallgvist,
567 194 135 26 Högman,
718 188 112 27 Äström
847 194 39 22 och

130 222 144 27 Federley.

130 225 168 57 Bondeståndet:
315 250 43 21 Hrr
374 251 24 20 E.
415 250 116 27 Avellan,
555 250 20 22 S.
599 251 139 26 Konkola,
761 251 16 22 I
799 251 88 22 Roini

130 279 40 21 och
185 281 25 19 A.
226 279 155 27 Häyrinen;
398 281 57 19 samt

88 266 12 11 ”

364 376 46 21 Till
425 377 142 27 suppleanter
574 384 7 13 :

57 431 58 22 Från
130 432 170 22 Presteståndet:
318 433 42 21 Hrr
376 433 138 21 Järvinen
531 434 39 20 och
586 434 147 26 Wegelius.

87 476 12 10 »
129 460 191 28 Borgareståndet:
336 462 44 20 Hrr
396 462 91 21 Walle
503 462 39 21 och
558 462 159 21 Frosterus.

86 505 13 10 »
128 490 172 21 Bondeständet:
316 490 43 21 Hrr
374 490 19 21 J.
410 490 146 22 Pitkänen
572 490 39 22 och
627 491 24 21 A.
667 490 144 22 Kananen.

126 637 57 22 Frän
198 637 212 28 Jernvägsutskottet
433 638 56 22 hade
512 639 118 21 ankommit
653 645 26 15 en
702 639 110 21 skrifvelse
835 639 50 21 med

57 666 157 21 underrättelse
241 668 33 19 att
298 667 105 21 utskottet
429 667 34 21 till
490 667 32 22 sin
550 667 128 22 ordförande
701 669 68 20 utsett
790 668 33 21 Hr
846 667 37 22 Th.

55 694 158 28 Tallgvist.

208 844 62 23 Priset
284 843 31 23 för
330 844 219 29 landtdagsprotokollen
565 844 34 23 och
616 844 115 29 handlingar.

124 901 58 21 Frän
198 900 170 23 Statsutskottet
382 901 55 22 hade
453 902 114 21 inkommit
582 902 40 21 och
644 902 109 26 upplästes
775 908 28 14 nu
819 907 26 15 en
860 901 24 21 sä

54 929 92 27 lydande
162 929 122 22 skrifvelse:

251 1026 121 28 Höglofliga
386 1027 160 27 Ridderskapet
562 1026 40 22 och
617 1027 75 21 Adeln.

125 1084 95 21 Härmed
235 1084 33 21 får
283 1084 168 21 Statsutskottet
466 1084 111 21 vördsamt
591 1084 79 21 föreslå
692 1085 32 20 att
745 1083 139 27 tryckningen

54 1112 26 21 af
93 1112 101 21 ståndens
209 1112 241 27 diskussionsprotokoll
465 1112 36 22 vid
516 1112 143 21 innevarande
682 1112 102 26 landtdag
806 1112 78 20 anord-

56 1146 40 15 nas
111 1141 27 26 på
154 1141 112 21 enahanda
281 1143 49 24 sätt,
346 1147 46 15 som
408 1141 36 21 vid
460 1143 85 19 senaste
563 1141 133 26 landtdagar,
720 1141 51 20 eller
794 1139 90 22 sålunda

56 1170 35 20 att
105 1169 63 21 hvart
184 1169 63 21 stånd
262 1169 33 22 för
311 1170 31 27 sig
358 1169 91 22 afslutar
465 1169 214 22 öfverenskommelse
695 1175 34 15 om
745 1169 139 26 tryckningen

55 1197 25 21 af
93 1197 38 22 sitt
148 1198 109 26 protokoll
280 1198 40 21 och
342 1198 97 21 beslutar
463 1204 34 15 om
520 1200 66 19 sättet
607 1198 33 21 för
661 1197 48 22 dess
732 1197 152 26 distribuering

54 1228 58 19 samt
128 1226 67 27 öfriga
210 1227 87 21 dermed
312 1227 211 26 sammanhängande
538 1226 78 27 frågor.

125 1255 45 21 Och
183 1255 67 27 jemte
265 1256 36 21 det
317 1255 168 22 Statsutskottet
499 1255 40 21 har
553 1257 53 19 äran
625 1255 98 21 meddela
745 1256 32 19 att
800 1254 83 21 utskot-

55 1284 33 20 tet
103 1283 101 26 beslutat,
220 1284 36 21 det
271 1284 73 27 hvarje
360 1284 165 27 landtdagsman
541 1284 55 21 skall
616 1283 117 28 afgiftsfritt
756 1283 82 22 erhålla
853 1285 31 19 ett

54 1312 111 26 exemplar
180 1312 22 21 af
216 1313 37 20 sitt
268 1315 49 24 eget
332 1313 73 21 stånds
421 1312 109 27 protokoll
543 1313 34 20 vid
588 1312 109 27 pågående
707 1312 110 27 landtdag,
829 1313 55 20 samt

56 1339 105 23 fastställt
183 1341 194 26 prenumerations-
399 1341 41 22 och
471 1341 159 26 boklädspriset
658 1340 33 21 för
714 1340 107 27 protokoll
844 1340 40 21 och

56 1368 128 28 handlingar
199 1369 47 22 frän
262 1370 69 21 denna
346 1370 103 26 landtdag
466 1371 39 24 att,
521 1372 52 19 utan
589 1369 99 22 afseende
704 1369 13 21 ä
727 1369 82 21 antalet
821 1369 61 25 band,

55 1399 80 25 utgöra
150 1404 37 15 sex
202 1398 61 21 mark
278 1398 34 21 för
327 1398 72 26 hvarje
423 1398 76 21 ständs
521 1399 108 25 protokoll
652 1398 39 20 och
714 1398 30 20 tio
767 1397 61 21 mark
849 1397 34 21 för

54 1426 120 26 samlingen
198 1426 24 22 af
245 1427 26 21 de
293 1427 35 21 vid
351 1426 132 27 landtdagen
506 1427 113 21 tillkomna
641 1426 154 26 handlingarna
810 1425 73 21 äfven-

54 1460 47 15 som
117 1454 86 22 nedsatt
218 1456 67 26 priset
298 1455 79 27 jemväl
393 1455 12 21 &
421 1455 158 27 handlingarna
593 1455 48 21 frän
663 1454 72 27 hvarje
753 1454 129 27 föregäende

54 1482 105 28 landtdag
174 1484 33 20 till
223 1484 105 26 sistsagda
344 1484 85 26 belopp,
444 1483 35 22 fär
495 1484 166 21 Statsutskottet
675 1483 80 21 härhos
773 1482 110 22 vördsamt

55 1510 121 28 hemställa,
191 1512 105 22 huruvida
311 1512 46 22 icke
373 1512 124 27 Höglofliga
511 1512 25 22 R.
553 1518 20 16 o.
589 1513 32 25 A.,
642 1512 33 21 till
697 1511 145 27 befrämjande
861 1511 23 21 af
