1056 1686
351 111 25 17 R.
389 115 17 13 o.
419 111 22 17 A.
455 111 52 17 1891.
533 111 12 17 3
557 111 59 17 Febr.
842 106 27 21 49

266 182 145 31 Äterinförande
432 189 21 24 af
475 189 102 24 hundskatt
595 189 24 29 pä
635 189 68 24 landet.

141 253 78 22 Likasä
242 253 113 21 bordlades
370 253 33 21 till
418 254 63 20 nästa
496 253 86 26 plenum
597 255 32 18 ett
642 253 79 26 jemväl
735 253 24 21 af
772 252 57 22 Frih.
845 253 52 21 Edv.

73 281 129 27 Hisinger
217 281 115 21 inlemnadt
348 281 213 27 petitionsmemorial
576 281 23 21 af
613 281 93 26 följande
721 281 90 27 lydelse:

239 355 41 21 Till
296 355 120 27 Höglofliga
427 355 160 27 Ridderskapet
602 356 39 21 och
657 356 74 20 Adeln.

361 395 117 21 Vördsamt
493 395 118 21 memorial.

142 446 70 21 Sedan
234 446 144 21 hundskatten
393 446 44 21 tills
459 446 72 22 vidare
555 446 101 27 upphäfts
679 446 27 26 pä
729 446 73 22 landet
821 452 77 21 genom

72 475 42 21 den
135 474 77 27 nädiga
233 475 150 26 förordningen
403 474 24 21 af
441 475 41 21 den
498 475 28 21 20
542 475 121 21 November
679 476 54 20 1882
748 475 40 21 har
803 475 95 21 hundar-

72 509 39 15 nas
127 503 59 21 antal
200 503 131 21 fortfarande
351 504 61 20 ökats
435 504 32 20 till
491 505 31 19 ett
545 504 50 26 otal,
619 510 46 15 som
688 503 69 21 mäste
773 510 52 15 oroa
841 504 58 21 säväl

72 532 144 21 helsovännen
232 538 44 15 som
290 532 159 26 jagtvärdaren.

142 560 64 21 Utom
230 560 25 21 de
273 560 77 27 många
365 560 62 21 svåra
442 560 38 21 fall
496 560 23 21 af
532 561 79 20 Rabies
634 560 81 22 Canina
735 560 7 21 i
764 562 59 19 östra
838 561 61 21 delen

72 589 25 20 af
110 588 90 21 Finland
215 589 67 21 under
298 589 50 20 ären
366 589 112 21 1886—87
493 589 37 20 vill
551 589 36 27 jag
609 595 30 15 nu
659 589 76 21 endast
750 589 100 26 päminna
865 595 34 16 om

72 617 74 26 nägra,
162 623 45 15 som
222 617 96 21 inträffat
332 617 68 22 under
415 619 86 20 senaste
517 617 57 22 äret:
598 619 31 20 ett
644 617 37 22 fall
696 617 68 22 under
779 617 60 27 April
855 617 44 22 mä-

74 645 42 22 nad
130 646 8 20 i
153 645 32 22 S:t
200 646 84 26 Michel,
300 647 31 20 ett
350 645 37 22 fall
410 647 7 20 i
439 646 136 27 Leppävirta,
597 648 32 19 ett
652 646 37 21 fall
713 646 40 21 den
777 647 25 20 19
825 646 44 21 Juli
891 646 8 21 i

72 674 79 25 Kotka,
168 680 18 15 o.
203 681 15 14 s.
235 681 18 14 v.

142 703 66 21 Detta
224 709 61 20 synes
305 703 43 27 mig
370 703 65 21 redan
458 709 53 15 vara
530 709 42 21 nog
593 703 33 21 för
647 705 32 19 att
701 703 47 21 äter
767 703 69 21 införa
859 703 41 21 den

73 731 84 27 nyttiga
179 731 154 26 hundskatten;
356 731 23 22 sä
400 731 86 27 mycket
501 737 59 16 mera
582 738 45 15 som
649 732 109 21 allaredan
780 733 70 20 röster
871 731 28 28 pä

73 759 77 27 mänga
166 762 58 19 orter
240 760 45 27 höjt
300 761 32 26 sig
346 760 33 21 för
394 761 131 20 densamma.
551 761 102 21 Kommer
668 767 29 14 nu
711 760 125 27 ytterligare
852 760 47 21 der-

73 788 34 21 till
122 788 40 21 den
178 789 73 26 skada,
268 795 44 15 som
328 789 40 21 den
384 789 95 21 ordnade
493 789 74 26 jagten
581 789 54 20 lider
654 789 23 21 af
691 789 25 21 de
732 789 77 26 mänga
830 789 68 26 kring-

74 816 116 27 drifvande,
206 817 32 21 till
253 819 45 19 stor
314 817 34 22 del
362 817 110 22 herrelösa
488 817 89 25 hundar,
601 817 62 21 torde
686 824 49 15 man
757 817 46 22 icke
825 817 74 22 kunna

74 845 64 21 tveka
153 852 34 14 om
202 846 155 21 hundskattens
380 847 59 19 stora
455 852 62 20 gagn,
534 846 81 20 hvilket
629 846 34 20 för
678 852 26 14 en
720 846 52 20 hvar
795 846 104 26 klarligen

73 872 129 29 ädagalades
218 874 54 21 efter
291 874 36 21 det
349 874 152 26 förordningen
517 874 22 20 af
561 874 40 21 den
625 875 26 20 20
675 874 42 27 Maj
743 875 53 21 1878
819 874 80 22 trädti

72 902 142 22 verksamhet.

141 931 41 27 Jag
196 930 65 28 vägar
277 931 71 21 derför
363 930 79 22 föreslä
457 933 33 19 att
506 931 35 21 det
557 931 122 27 Höglofliga
699 931 89 21 Ständet
803 931 48 21 ville
867 932 32 21 in-

73 958 66 27 bjuda
154 960 26 20 de
196 959 68 27 öfriga
280 959 95 21 Ständen
393 960 32 20 till
441 961 33 19 att
489 960 48 21 med
553 960 32 26 sig
601 960 85 26 deltaga
708 960 7 20 i
737 966 26 14 en
777 966 121 20 gemensam

73 988 132 26 underdänig
224 988 94 27 petition
340 995 32 13 om
388 988 159 20 hundskattens
562 995 68 14 snara
649 988 174 27 återinförande,
839 989 8 19 i
861 996 38 14 en-

72 1016 66 28 lighet
152 1017 48 20 med
215 1016 82 28 nädiga
309 1017 165 27 förordningen
491 1017 30 27 af
533 1016 42 21 den
589 1018 30 20 20
634 1016 51 28 Maj
699 1017 64 21 1878.

141 1056 139 28 Helsingfors,
297 1056 40 22 den
352 1057 13 20 2
380 1056 105 22 Februari
504 1057 61 21 1891.

621 1108 92 20 Edvard
729 1108 112 27 Hisinger.

139 1214 70 22 Sedan
224 1215 32 21 Hr
271 1216 208 21 Landtmarskalken
494 1215 108 22 meddelat
617 1218 33 19 att
665 1217 63 20 nästa
750 1216 85 27 plenum
850 1215 47 22 blif-

71 1244 30 21 vit
116 1245 68 20 utsatt
200 1244 32 21 till
254 1245 114 27 torsdagen
390 1245 40 21 den
452 1245 13 21 5
485 1245 105 20 Februari
612 1245 29 21 kl.
658 1245 12 20 6
687 1251 18 15 e.
721 1251 26 14 m.
769 1244 40 21 och
831 1244 66 27 derpä

70 1272 94 27 följande
180 1274 155 21 sammanträde
357 1273 33 21 till
411 1273 104 27 lördagen
531 1273 41 21 den
588 1274 12 20 7
616 1274 7 21 i
639 1273 68 22 denna
729 1273 77 22 mänad
819 1273 78 27 jemväl

70 1301 30 21 kl.
116 1303 12 19 6
145 1307 17 16 e.
178 1307 35 21 m.,
229 1301 117 22 afslutades
362 1302 85 26 plenum
462 1302 30 21 kl.
507 1303 12 20 2
536 1307 17 16 e.
569 1308 28 15 m.

683 1358 20 17 In
715 1358 62 17 fidem:

637 1398 23 22 J.
676 1398 27 22 F.
719 1398 106 28 Aminoff.
