1056 1686
180 115 42 21 428
426 121 24 16 R.
464 125 17 12 o.
493 121 22 16 A.
529 121 54 16 1891.
609 121 22 16 12
644 121 61 16 Mars.

418 199 111 23 Periodiska
545 199 177 24 skolläraremöten.

223 255 79 22 Likasä
318 256 114 21 bordlades
448 256 31 21 till
502 258 63 19 nästa
589 256 86 27 plenum
698 258 31 19 ett
752 255 46 22 frän
822 255 161 22 Presteständet

154 284 118 21 inkommet
287 284 198 26 protokollsutdrag
499 284 24 21 af
536 284 93 27 följande
645 284 92 27 lydelse:

154 346 86 27 Utdrag
255 353 26 14 ur
296 346 173 22 Presteständets
484 347 109 26 protokoll
611 347 34 21 vid
669 347 130 27 lanätdagen
822 348 6 20 i
852 347 132 27 Helsingfors

458 381 40 20 den
515 382 11 18 9
543 381 58 21 Mars
619 382 60 21 1891.

224 437 41 21 Till
281 438 128 26 behandling
431 438 94 26 företogs
547 438 113 21 Allmänna
681 438 210 21 Besvärsutskottets
912 438 73 21 betän-

156 466 69 20 kande
241 466 41 20 N:o
298 467 12 19 3
327 466 47 21 med
390 466 113 26 anledning
518 466 23 21 af
555 468 31 19 ett
601 466 32 21 till
649 466 161 22 Presteständet
822 466 117 21 inlemnadt
949 473 36 19 pe-

157 494 156 27 titionsförslag
330 500 33 15 om
380 494 98 22 hällande
494 495 23 20 af
528 495 107 21 allmänna
647 496 142 20 läraremöten
802 495 61 20 hvart
875 495 68 26 tredje
955 495 30 21 är.

227 522 71 22 Sedan
315 529 25 15 en
356 523 6 21 i
378 525 71 19 ämnet
471 523 110 21 förefallen
603 524 121 20 diskussion
748 524 115 20 förklarats
886 524 99 26 afslutad,

157 551 71 21 beslöt
243 551 162 21 Presteständet
421 552 102 26 enhälligt
539 555 38 20 att,
593 552 48 21 med
664 552 139 21 förkastande
826 552 22 20 af
869 552 117 21 utskottets

157 579 7 20 i
181 579 147 21 betänkandet
344 579 79 27 afgifna
439 580 214 26 resolutionsförslag,
670 581 5 20 i
692 581 48 20 dess
756 580 61 21 ställe
835 582 77 24 antaga
924 582 31 19 ett
966 580 23 21 af

158 608 109 26 professor
283 608 115 21 Bonsdorff
411 609 128 25 framstäldt,
562 609 23 20 sä
608 609 91 26 lydande
721 609 81 26 förslag
823 609 31 20 till
875 609 112 26 petition
976 604 16 35 i

158 637 102 20 ärendet:
276 637 28 26 pä
319 637 102 20 svenska:

229 694 50 26 »Att
296 694 169 26 Ofverstyrelsen
486 693 33 21 för
540 694 150 21 skolväsendet
714 694 52 26 egde
788 693 154 21 sammankalla
958 694 29 21 lä-

160 728 75 15 rarene
252 722 34 21 vid
303 722 83 21 landets
402 723 215 20 elementarläroverk
633 723 39 20 och
689 722 98 21 läroverk
803 721 34 21 för
856 722 132 26 gvinnobild-

160 751 50 26 ning
226 751 32 20 till
276 751 106 20 allmänna
388 747 87 46 möten,
492 751 72 21 hvilka
580 751 67 21 skulle
664 758 39 19 ega
719 757 46 14 rum
781 751 48 20 med
851 757 25 14 en
899 751 90 20 mellan-

160 779 31 21 tid
197 767 53 32 af)
250 781 58 24 högst
324 781 11 19 5
352 779 45 25 är;*
413 779 38 21 och

232 795 54 37 satt
294 807 77 22 sådant
381 796 62 32 möte
459 807 54 27 finge
528 808 56 26 välja
600 808 124 26 bestyrelse,
748 814 45 14 som
815 807 6 21 i
840 807 84 21 samråd
941 808 48 21 med

162 832 169 30 Öfverstyrelsen
347 836 33 20 för
396 836 150 20 skolväsendet
562 837 52 25 egde
630 836 119 21 bestämma
771 836 162 26 samlingsorten
950 836 39 20 och

161 864 59 22 tiden
235 864 35 21 för
285 864 93 27 följande
395 866 56 19 möte
467 867 55 19 samt
537 852 86 34 besluta
639 864 109 27 angående
770 864 48 21 dess
833 870 100 37 program
950 864 39 21 och

162 893 156 25 anordnande";
344 892 28 27 på
387 892 78 22 finska:
842 906 20 2 —

232 950 71 20 Jemte
319 950 35 20 det
370 956 55 20 resp.
446 949 140 21 Medständen
609 950 38 20 och
664 950 114 20 Allmänna
793 950 198 21 Besvärsutskottet

162 978 67 21 borde
246 984 76 20 genom
338 978 197 26 protokollsutdrag
551 984 33 15 om
601 978 100 21 Ständets
718 978 90 21 sälunda
823 978 82 21 fattade
922 978 69 21 beslut

163 1007 146 25 underrättas,
326 1007 67 21 skulle
409 1007 140 21 Medständen
565 1007 70 21 tillika
650 1007 99 26 inbjudas
773 1008 32 19 att
821 1006 74 22 förena
911 1007 30 26 sig
957 1013 34 14 om

164 1035 120 21 detsamma
300 1035 39 21 och
355 1038 33 18 att
403 1036 56 26 förty
475 1036 60 20 äfven
550 1036 33 20 för
599 1036 31 20 sin
647 1036 33 20 del
697 1035 90 21 omfatta
808 1036 132 20 sistberörda
956 1041 36 20 pe-

164 1064 162 26 titionsförslag.

747 1103 21 17 In
781 1103 60 17 fidem:

655 1132 51 21 Carl
723 1131 49 22 Joh.
793 1132 130 27 Lindegvist.

236 1229 32 20 Hr
284 1229 207 21 Landtmarskalken
508 1229 124 21 meddelade
655 1231 32 18 att
703 1231 96 18 närmast
822 1228 93 26 följande
931 1229 63 26 plena

165 1257 85 21 komme
267 1259 33 19 att
316 1263 38 20 ega
370 1263 46 14 rum
433 1257 118 26 Måndagen
567 1258 40 20 den
630 1259 25 20 16
677 1257 58 21 Mars
758 1257 28 20 kl.
807 1258 20 19 11
845 1257 14 21 f.
876 1263 33 19 m.,
933 1257 61 20 Tors-

166 1285 67 27 dagen
250 1286 42 20 den
310 1287 24 20 19
351 1286 57 20 Mars
423 1286 28 21 kl.
469 1287 31 20 11.
518 1286 13 21 f.
548 1293 26 14 m.
591 1288 56 19 samt
661 1286 106 26 Tisdagen
789 1286 41 21 den
846 1286 27 20 24
893 1285 101 27 jemväli

168 1314 70 20 denna
253 1314 77 21 månad
348 1315 26 20 kl.
394 1315 23 20 11
435 1314 12 21 f.
465 1321 26 14 m.

236 1370 90 21 Plenum
342 1371 117 21 afslutades
474 1371 28 20 kl.
519 1371 12 20 8
547 1377 18 15 e.
582 1377 25 14 m.

789 1432 20 18 In
822 1432 62 18 fidem:

739 1472 22 21 J.
779 1472 26 21 E.
824 1473 101 26 Aminoff.
