1056 1686
311 113 25 16 R.
349 117 17 12 o.
379 113 22 16 A.
414 113 54 16 1891.
493 113 23 16 10
528 113 59 17 Febr.
789 108 42 21 391

104 193 49 21 Med
178 193 48 22 stöd
248 193 23 20 af
292 193 55 20 hvad
366 192 62 22 ofvan
453 193 82 21 anförts
558 193 65 27 vägar
637 193 37 27 jag
689 193 78 22 föreslä
783 199 26 16 en
824 200 38 15 un-

36 221 102 27 derdänig
151 222 92 27 petition
259 222 73 20 derom

242 286 31 18 att
288 290 27 14 ur
330 284 122 20 staismedel
468 291 25 13 en
508 290 85 14 summa
609 284 31 27 af
651 285 80 23 10,000
746 284 63 20 mark
825 285 38 20 är-

174 312 58 28 ligen
247 313 64 20 måtte
327 312 86 21 anvisas
426 312 43 28 för
484 315 32 18 att
531 313 32 27 af
570 312 115 27 Styrelsen,
697 313 66 27 enligt
771 314 32 26 af
810 313 52 21 den-

173 348 82 14 samma
279 343 102 19 närmare
404 341 109 21 bestämda
528 341 103 27 grunder,
647 342 98 27 utgifvas
761 348 45 14 som
822 349 40 13 an-

173 370 48 27 slag
233 370 43 27 för
294 370 147 27 befordrande
457 370 31 27 af
497 370 62 27 öfver
575 370 40 20 den
627 358 94 40 vanliga
736 370 126 21 skolåldern

174 398 78 21 komna
278 399 96 27 manliga
397 398 38 20 och
457 399 96 27 qvinliga
576 398 109 22 arbetares
706 399 156 27 undervisning

172 434 76 21 genom
264 427 191 21 elementarkurser
471 427 38 21 och
525 428 112 27 föredrag.

105 490 139 27 Helsingfors,
262 490 40 22 den
318 492 12 20 6
346 490 103 22 Februari
467 491 60 21 1891.

625 553 23 20 V.
665 560 17 13 v.
705 552 88 27 Wright.

105 649 120 22 Petitionen
241 649 148 22 remitterades
404 649 32 21 till
452 649 114 21 Allmänna
582 649 202 22 Besvärsutskottet.

106 811 10 21 I
131 811 105 21 anseende
253 810 32 21 till
301 810 41 21 den
357 810 64 21 redan
437 809 143 21 framskridna
597 809 57 21 tiden
667 809 83 22 afbröts
759 816 106 15 samman-

36 841 72 20 trädet
124 841 99 19 närmare
238 839 28 20 kl.
282 839 13 19 3
311 844 18 14 e.
345 844 34 20 m.,
395 838 33 20 för
443 840 33 18 att
492 838 27 21 kl.
537 839 12 19 6
565 838 46 20 åter
626 838 118 21 fortsättas.

276 1006 117 24 Samma
411 1006 56 31 dag
486 1006 35 24 kl.
536 1007 15 23 6
570 1013 22 17 e.
609 1013 36 17 m.

107 1074 32 20 Hr
154 1073 207 21 Landtmarskalken
377 1072 143 27 tillkännagaf
534 1074 32 20 att
581 1073 66 26 pollet
662 1073 90 26 uttagits
767 1072 34 21 för

106 1130 77 27 Adliga
199 1131 58 20 ätten

36 1176 40 21 N:o
108 1177 47 19 237.
187 1175 98 28 Edelfelt
307 1175 23 21 af
348 1175 57 21 Frih.
430 1175 59 20 Karl
512 1175 75 20 Viktor
602 1175 26 20 de
641 1175 22 20 la
681 1175 106 27 Chapelle,
803 1175 60 21 Refe-

106 1204 239 26 rendariesekreterare,
363 1203 104 22 Statsräd.

230 1359 62 22 Privat
308 1357 117 24 skollärares
441 1357 106 28 tjensteärs
563 1357 109 29 heräkning.

106 1421 67 21 Ordet
188 1422 107 20 lemnades
311 1420 23 22 ät

105 1484 33 21 Hr
153 1484 101 26 Lagus,
271 1490 45 14 som
332 1484 98 26 uppläste
446 1484 31 20 ett
494 1483 24 21 af
531 1483 77 21 honom
624 1483 66 26 jemte
702 1483 31 20 Hr
749 1482 113 21 Wallen-

36 1512 86 22 sköld
138 1512 116 22 inlemnadt
269 1512 215 27 petitionsmemoria!
501 1512 22 21 af
536 1512 93 26 följande
645 1511 102 21 innehåll:
