1056 1686
214 109 43 21 416
459 114 24 16 R.
497 118 17 13 o.
526 114 23 17 A.
563 114 54 17 1891.
642 114 23 17 12
677 114 62 17 Mars.

186 193 54 22 rika.
271 193 56 21 Hela
342 193 83 21 antalet
439 193 35 21 till
493 193 103 21 Amerika
617 193 126 26 förpassade
759 195 47 24 steg
820 193 83 21 säledes
919 192 24 21 är
960 193 54 22 1889

186 222 33 21 till
242 222 62 25 2,541
329 223 57 25 män,
411 222 40 21 699
468 222 89 26 gvinnor
579 221 40 22 och
644 222 38 21 181
707 221 62 24 barn,
791 221 76 22 inalles
889 221 60 26 3,421
967 227 46 20 per-

186 256 64 15 soner
266 250 52 21 eller
334 251 42 20 240
392 256 101 21 personer
507 249 51 22 flere
574 251 27 20 än
617 249 24 22 är
665 250 61 21 1888.
757 250 72 27 Enligt
845 250 23 21 af
880 251 133 26 guvernören

186 279 7 20 i
215 278 67 21 Wasa
303 279 35 20 län
362 278 105 21 aflemnad
489 278 134 26 förteckning
643 279 40 20 och
698 278 84 26 uppgift
801 279 40 20 har
861 278 152 26 länestyrelsen

185 306 70 22 under
270 306 93 22 sistlidet
379 306 24 22 är
420 307 54 21 1890
489 306 96 22 utfärdat
600 312 49 21 pass
665 306 32 22 till
713 306 102 22 Amerika
830 306 23 21 ät
875 306 62 24 2,164
957 308 56 23 män,

186 335 42 21 786
244 335 90 27 gvinnor
350 335 40 21 och
406 336 39 20 331
470 335 59 21 barn.
559 335 115 21 Dessutom
697 334 64 22 hafva
783 335 163 26 magistraterna
961 335 7 20 i
983 335 31 21 lä-

186 365 48 19 nets
249 364 74 20 städer
338 363 40 21 och
398 364 206 20 kronolänsmannen
626 364 7 20 i
656 363 77 21 Gamla
755 364 95 26 Karleby
872 363 87 21 distrikt
981 363 32 21 till

187 392 95 21 nämnda
297 392 105 21 verldsdel
418 392 67 21 under
501 392 105 26 sistsagda
621 392 25 20 är
661 392 96 21 utfärdat
773 398 49 20 pass
832 392 34 21 för
881 392 60 26 1,086
957 393 55 25 män,

185 421 42 21 407
244 420 90 27 gvinnor
350 420 39 21 och
405 421 25 21 91
447 420 60 25 barn,
523 420 84 22 hvadan
623 420 46 21 frän
685 420 92 22 berörda
799 420 36 21 län
857 420 33 21 till
912 420 101 21 Amerika

185 448 121 27 förpassats
321 449 69 21 under
405 448 46 22 äret
466 449 74 21 inalles
561 449 63 26 3,250
646 450 57 24 män,
728 449 61 22 1,193
811 449 90 26 gvinnor
916 448 39 21 och
971 449 40 21 422

185 477 56 21 barn
258 477 52 21 eller
324 477 76 21 inalles
415 478 63 25 4,865
494 483 107 21 personer,
619 478 19 20 d.
654 484 19 14 v.
689 484 16 14 s.
725 478 61 24 1,444
809 483 101 21 personer
925 483 45 15 mer
985 479 27 19 än

185 506 69 21 under
270 506 37 20 det
327 507 96 19 närmast
444 505 129 27 föregäende
596 506 53 20 äret.
679 506 44 20 För
744 506 133 26 jemförelses
899 505 55 21 skull
977 506 36 20 mä

186 534 87 21 anföras
289 536 32 19 att
336 534 67 21 under
419 534 91 21 sistlidet
526 534 24 21 är
565 534 32 21 till
613 534 67 21 andra
695 534 82 21 utrikes
788 536 57 19 orter
857 534 95 26 utgifvits
963 540 49 20 pass

186 562 23 21 ät
224 563 42 20 328
282 563 56 26 män,
354 563 42 20 209
412 562 89 26 gvinnor
516 562 38 21 och
571 564 26 19 55
615 563 58 26 barn,
691 564 56 19 samt
762 562 33 21 för
806 569 48 14 resa
864 562 32 21 till
907 562 105 27 Ryssland

186 591 23 21 ät
226 591 25 20 17
269 592 48 19 män
333 591 39 20 och
388 591 13 20 6
417 591 93 26 gvinnor.

254 619 74 21 Under
343 619 51 21 ären
411 619 111 21 1888—90
537 619 137 27 förpassades
687 618 64 22 alltsä
765 619 32 20 till
813 619 101 20 Amerika
930 621 83 19 ensamt

184 647 47 22 frän
247 648 66 21 Wasa
328 647 35 21 län
380 648 65 26 enligt
466 647 97 22 officiella
585 647 108 27 uppgifter
715 647 75 21 inalles
807 648 76 25 11,467
904 653 108 21 personer.

186 676 100 21 Adderar
300 682 49 15 man
366 676 68 21 denna
449 683 82 14 summa
546 676 32 21 till
601 676 47 21 dem
669 676 34 21 för
726 676 25 21 de
775 676 13 19 6
811 675 127 27 föregäende
961 675 51 22 ären

187 705 148 25 1882—1887,
352 704 34 21 för
401 704 72 21 hvilka
487 705 113 26 föreligger
616 704 77 21 officiel
713 704 101 27 statistik,
839 705 66 26 enligt
927 704 85 21 hvilken

185 733 83 21 antalet
284 733 129 26 emigranter
428 733 47 20 frän
490 733 64 21 Wasa
570 733 35 21 län
621 733 68 21 under
713 733 62 21 dessa
798 733 24 20 är
844 733 91 26 uppgick
957 733 56 20 tilli

183 761 7 21 i
206 761 66 21 rundt
288 761 30 21 tal
334 761 69 26 9,500,
419 761 96 21 kommer
530 768 49 14 man
594 761 33 21 för
643 763 12 20 9
671 761 25 21 är
711 761 33 21 till
760 767 26 15 en
797 761 127 21 slutsumma
934 761 23 20 af
966 761 46 21 icke

183 790 85 21 mindre
284 791 26 20 äo
326 790 77 25 21,000
418 796 101 20 personer
541 790 49 21 frän
612 790 154 21 meranämnda
787 790 64 21 Wasa
873 790 42 25 län,
935 790 77 25 21,000

184 818 24 21 af
222 818 26 21 de
264 818 104 26 raskaste,
386 820 53 19 mest
454 818 154 21 beslutsamma
623 819 40 20 och
685 818 112 26 energiska
820 818 23 21 af
864 818 37 21 vär
924 818 89 26 fätaliga

184 846 126 26 befolkning
325 846 112 26 utflyttade
453 847 56 20 inom
525 847 70 21 denna
609 847 64 21 korta
691 846 44 21 tid!
759 846 41 21 Det
823 848 24 19 är
862 852 26 15 en
903 846 34 21 väl
953 846 60 21 stark

184 874 142 27 äderlätning,
342 874 24 21 sä
382 875 66 24 stark,
464 876 32 20 att
512 875 40 21 den
575 875 68 21 måste
666 874 67 22 blifva
753 874 71 28 vädlig
846 874 34 22 för
902 874 111 22 samhälls-

185 903 105 26 kroppen,
306 909 34 15 om
355 903 47 21 icke
418 903 65 27 nägot
497 906 62 24 göres
575 904 33 20 för
624 905 32 19 att
671 904 6 20 i
694 903 69 26 nägon
779 903 49 21 män
851 903 84 21 hämma
950 903 62 21 blöd-

183 932 85 26 ningen.

254 960 44 20 För
318 959 120 27 Uleåborgs
453 960 35 20 län
503 962 37 19 äro
556 960 26 21 de
598 960 99 21 officiella
713 960 98 21 siffrorna
825 960 47 21 icke
888 960 44 20 lika
947 961 64 25 stora,

183 994 49 15 men
248 990 60 19 stora
322 994 49 20 nog.
421 995 10 14 År
447 989 54 21 1882
523 988 93 27 uppgick
631 989 169 26 emigranternas
816 988 59 21 antal
890 988 47 21 från
953 988 60 22 detta

183 1017 36 20 län
234 1016 35 21 till
284 1016 48 26 332,
348 1016 25 21 är
390 1017 53 21 1883
459 1017 97 27 utgjorde
573 1017 36 21 det
626 1018 46 24 149,
689 1017 25 21 är
731 1017 55 21 1884
802 1017 47 26 135,
866 1016 24 22 är
906 1017 54 21 1885
976 1023 36 14 en-

184 1045 49 21 dast
248 1045 35 26 85,
300 1044 24 22 är
340 1046 55 20 1886
411 1046 47 25 225,
475 1048 45 24 steg
535 1046 24 20 är
576 1046 54 20 1887
647 1046 32 20 till
697 1046 68 26 1,185,
787 1045 40 21 och
847 1045 25 21 är
892 1046 61 24 1888,
977 1045 35 21 det

184 1074 59 25 sista,
260 1074 34 20 för
309 1074 81 20 hvilket
402 1074 37 26 jag
455 1080 49 20 eger
519 1074 114 26 uppgifter,
649 1074 94 27 uppgick
758 1074 81 21 antalet
854 1080 110 20 personer,
979 1073 33 22 för

184 1102 74 20 hvilka
273 1108 49 20 pass
337 1102 34 21 för
386 1102 71 21 afresa
471 1102 33 21 till
519 1102 102 22 Amerika
636 1102 39 22 hos
699 1102 153 27 länestyrelsen
874 1102 8 21 i
903 1102 109 26 Uleäborg

183 1130 100 26 uttagits,
299 1130 65 27 enligt
380 1130 13 21 ä
407 1131 92 20 nämnda
514 1131 139 26 länestyrelse
675 1131 107 26 uppgjord
806 1130 39 21 och
867 1130 32 21 till
919 1130 93 21 Senaten

182 1158 76 21 insänd
275 1158 140 27 förteckning,
430 1159 33 20 till
478 1159 75 21 inalles
569 1160 40 20 913
626 1165 109 20 personer,
756 1159 52 21 eller
829 1159 42 21 614
891 1161 56 24 män,
971 1159 41 21 205

183 1187 92 26 gvinnor
290 1187 39 20 och
346 1187 27 21 94
388 1187 59 24 barn,
464 1187 63 21 alltså
542 1187 33 21 för
591 1189 11 20 7
620 1187 24 22 är
659 1188 32 20 till
709 1188 63 25 3,024
792 1193 108 21 personer.
931 1187 42 21 Det
988 1189 25 19 är

182 1215 77 20 härvid
275 1217 33 18 att
323 1216 80 25 märka,
419 1217 32 20 att
467 1216 25 20 de
508 1215 99 22 officiella
622 1215 99 22 siffrorna
731 1216 47 21 icke
791 1216 100 27 uppgifva
903 1216 36 21 det
951 1215 60 21 verk-

181 1243 44 26 liga
240 1243 89 27 antalet,
345 1245 51 20 enär
411 1244 36 21 det
462 1246 24 19 är
499 1251 25 14 en
539 1245 57 20 känd
613 1245 44 24 sak,
673 1246 34 19 att
723 1251 25 14 en
764 1246 45 19 stor
830 1245 34 20 del
881 1244 130 27 emigranter

182 1271 72 22 afresa
269 1274 52 19 utan
344 1274 32 19 att
398 1279 51 14 vara
472 1273 47 20 med
541 1279 50 20 pass
612 1273 109 26 försedda,
743 1273 184 26 hufvudsakligast
949 1272 60 21 öfver

182 1300 138 26 riksgränsen
336 1302 57 19 emot
409 1301 167 26 Sverge-Norge.

250 1328 138 22 Beträffande
403 1329 165 27 emigranternes
583 1329 60 22 älder
657 1329 95 26 framgär
774 1335 26 15 ur
815 1329 192 27 länestyrelsernas

180 1357 7 20 i
204 1357 67 21 Wasa
285 1357 40 22 och
339 1357 120 27 Uleäborgs
471 1358 35 21 län
517 1357 166 28 förteckningar,
699 1360 32 19 att
742 1358 37 21 det
789 1358 129 27 ojemförligt
929 1359 80 20 största

182 1385 84 21 antalet
281 1386 135 26 emigranter,
432 1386 34 22 för
481 1386 71 21 hvilka
568 1387 74 21 äldern
665 1389 24 18 är
712 1387 121 26 uppgifven,
857 1387 55 20 varit
934 1386 77 20 mellan

184 1414 26 20 15
226 1413 41 21 och
283 1414 27 20 30
326 1414 30 26 är,
373 1414 67 21 ehuru
457 1420 26 16 en
498 1416 45 20 stor
558 1415 34 21 del
608 1415 55 21 varit
678 1414 68 21 äldre.

252 1442 12 20 I
279 1442 236 26 petitionsmemorialet
529 1443 125 21 framhälles
676 1443 64 21 äfven
763 1443 36 21 det
821 1442 90 27 faktum,
935 1444 32 20 att
981 1442 32 21 fa-

183 1469 136 27 miljefadern
335 1470 46 22 ofta
395 1472 133 26 gvarlemnar
542 1472 77 20 hustru
633 1471 40 22 och
689 1471 54 21 barn
761 1473 53 19 utan
835 1473 33 19 att
890 1471 122 21 sedermera

183 1497 120 23 återvända
318 1499 38 27 till,
373 1500 49 20 eller
440 1500 131 21 understöda
587 1500 54 26 dem,
665 1500 74 21 hvilka
761 1500 65 20 sedan
842 1500 33 21 till
890 1500 47 21 icke
952 1500 60 26 ringa
