1056 1686
217 106 27 21 72
470 111 26 16 R.
509 115 17 13 o.
539 111 22 16 A.
574 111 53 17 1891.
651 111 11 17 7
674 111 59 17 Febr.

188 190 99 26 tänkare,
303 191 86 21 hvilken
405 190 69 22 säsom
496 191 91 21 medlem
603 191 7 21 i
625 190 137 27 statskyrkan
786 191 40 21 och
849 189 140 28 medborgare
1010 189 7 21 i

188 219 82 26 landet,
294 219 39 22 hos
355 219 33 21 sin
409 219 134 26 kyrkoherde
567 219 96 21 anhäller
681 225 35 15 om
732 219 84 27 lysning
837 219 33 21 till
891 218 126 27 äktenskap,

188 248 70 21 ehuru
274 248 42 21 han
332 249 56 20 ännu
405 248 18 27 ej
439 247 74 28 begått
528 248 141 23 nattvarden;
685 250 86 24 presten
791 249 24 20 är
838 247 33 27 dä,
895 248 6 20 i
924 247 94 26 enlighet

188 277 49 20 med
254 276 156 21 ofvannämnda
425 277 90 26 lagrum,
531 278 93 24 tvungen
640 278 33 19 att
687 278 67 25 vägra
776 276 79 22 honom
878 276 83 26 lysning
984 275 33 21 till

188 306 126 20 detsamma.
345 304 45 22 Och
406 304 55 21 hvad
477 305 42 20 blir
533 305 80 26 följden
629 305 68 21 deraf:
719 305 102 27 antingen
842 306 33 19 att
891 304 42 21 han
953 303 66 27 hyck-

189 333 64 21 lande
269 333 143 21 underkastar
427 333 32 27 sig
479 333 40 21 den
542 333 98 27 kyrkliga
661 333 201 26 lagbestämmelsen
885 332 40 22 och
948 332 70 21 säsom

188 362 103 21 erkänsla
306 362 72 21 derför
392 368 77 20 genom
488 362 85 26 kyrklig
595 362 66 26 vigsel
684 362 106 26 välsignas
813 362 33 21 till
869 362 38 20 sitt
929 360 90 22 sälunda

188 390 109 27 ingängna
312 390 99 24 förbund,
427 390 53 22 eller
495 390 46 26 ock,
558 397 34 15 om
608 390 42 21 han
666 392 25 19 är
709 396 26 16 en
755 390 54 27 ärlig
832 390 40 22 och
895 389 123 21 karaktärs-

188 419 44 21 fast
247 425 84 21 person,
348 419 81 26 nödgas
444 419 100 21 förblifva
559 418 54 28 ogift
627 419 52 21 eller
694 419 81 21 kanske
791 418 56 22 lefva
868 419 7 21 i
899 424 25 15 en
947 417 71 27 oloflig

188 448 139 21 förbindelse.
358 448 73 26 Enligt
453 448 44 21 min
512 448 65 20 tanke
593 450 24 18 är
640 448 91 26 ärlighet
753 447 39 21 och
817 446 148 28 uppriktighet
987 446 32 21 af-

188 476 74 27 gjordt
277 478 33 19 att
324 476 125 26 föredragas
463 476 89 21 framför
563 476 95 27 hyckleri
669 476 39 21 och
719 476 186 27 skrymtaktighet,
922 476 97 26 isynner-

188 505 38 21 het
241 504 29 28 pä
288 505 36 21 det
339 505 99 27 religiösa
454 504 105 27 omrädet,
578 505 39 21 och
641 504 153 27 förhällanden,
811 505 72 21 hvilka
905 504 114 21 framkalla

190 533 87 25 sädant,
294 533 66 21 borde
376 533 131 27 nödvändigt
521 533 24 21 af
559 534 159 26 lagstiftningen
734 534 153 26 undanrödjas.
916 532 103 22 Besinnar

190 568 49 15 man
255 562 73 21 vidare
344 562 6 20 i
366 562 81 21 hvilket
470 562 158 27 samvetstväng
650 568 25 15 en
698 562 99 26 allvarlig
819 562 94 26 kyrkans
937 561 82 26 tjenare

188 591 7 20 i
211 590 154 21 förutnämnda
382 590 35 21 fall
433 590 68 21 måste
521 590 92 26 komma,
635 590 27 21 dä
685 590 43 21 han
751 590 12 21 &
786 596 40 15 ena
847 590 60 21 sidan
929 589 90 22 måste
1006 585 16 35 i

189 619 102 21 afseende
306 618 13 21 å
334 619 128 21 nattvarden
477 619 114 21 framhålla
606 621 33 19 att
654 619 55 25 ,,den
728 625 46 15 som
790 619 98 26 ovärdigt
910 620 47 19 äter
980 617 38 22 och

189 647 93 27 dricker,
298 647 42 21 han
356 649 46 20 äter
420 647 39 22 och
476 647 84 22 dricker
575 648 32 26 sig
623 648 49 26 sjelf
688 654 26 14 en
737 647 70 26 dom”,
831 647 65 21 likväl
917 647 12 21 &
953 646 66 21 andra

188 676 62 21 sidan
275 675 23 22 af
316 676 143 27 kyrkolagens
482 676 163 27 ifrågavarande
669 676 118 27 stadgande
810 676 83 26 tvingas
914 677 33 20 att
967 675 52 21 råda

177 713 2 2 *
188 711 107 20 personen
310 704 69 27 ifråga
393 707 34 19 att
441 705 55 26 begå
511 705 134 26 nattvarden,
668 705 34 21 för
724 706 33 19 att
779 705 72 20 kunna
872 704 49 27 ingå
945 704 74 26 lagligt

188 733 127 27 äktenskap.
354 733 65 21 Detta
443 733 7 21 i
474 733 42 21 min
539 733 65 21 tanke
625 733 92 27 oriktiga
738 733 135 21 förhållande
896 733 42 21 kan
962 733 58 20 dess-

188 763 62 20 utom
266 761 100 27 möjligen
383 762 48 21 leda
446 762 33 21 till
494 762 110 21 anlitande
619 762 24 21 af
664 763 41 20 den
724 762 7 21 i
752 761 124 22 Giftermåls
898 761 93 22 Balkens
1007 761 12 20 3

189 790 51 27 kap.
257 791 14 20 9
287 790 39 21 och
343 791 27 20 10
384 790 24 28 $$
424 793 56 19 samt
495 797 81 14 samma
592 791 61 20 balks
670 791 26 20 10
712 790 49 27 kap.
778 791 12 20 7
814 791 9 25 $
842 790 103 21 domaren
961 789 59 22 med-

189 819 60 25 gifna
265 821 44 18 rätt
324 821 32 18 att
372 818 95 22 förklara
482 820 55 24 dem,
553 819 72 21 hvilka
640 825 77 20 genom
733 818 114 28 lägersmäl
863 819 31 26 sig
909 818 110 26 förbrutit,

189 847 35 21 för
240 847 52 21 äkta
308 847 80 26 makar,
407 847 24 21 sä
446 847 85 27 mycket
553 854 45 14 mer
614 846 51 22 'som
689 847 64 21 deras
774 847 60 27 barn,
857 847 28 27 gä
908 847 69 27 grund
998 846 22 21 af

190 875 148 27 stadgandena
353 876 7 20 i
375 875 213 23 Giftermälsbalkens
604 877 12 20 5
632 876 48 26 kap.
696 877 9 19 1
723 876 11 27 $
751 876 40 21 och
810 875 67 21 Arfda
896 875 93 21 Balkens
1007 875 12 21 8

189 904 49 26 kap,
256 905 10 20 1
280 904 39 22 och
334 904 13 21 2
358 905 26 26 88
395 904 64 22 hafva
469 904 52 22 äkta
533 904 64 22 barns
608 905 93 21 arfsrätt.
725 904 62 21 Huru
797 906 59 19 orätt
871 904 40 21 och
921 904 100 21 abnormt

190 932 62 22 detta
275 939 57 21 vore,
353 932 66 28 ligger
439 934 7 20 i
470 935 69 25 öppen
562 934 47 26 dag.
645 932 45 22 Och
713 932 76 22 männe
812 933 47 21 icke
881 934 30 20 ett
934 932 23 21 af
976 938 44 16 om-

190 961 177 27 ständigheterna
382 962 144 26 framkalladt,
550 962 68 21 oftare
633 962 55 20 bruk
704 962 23 20 af
741 962 69 21 denna
833 961 93 27 sorgliga
948 962 72 26 utväg,

190 990 139 26 hvarigenom
344 992 71 19 staten
431 990 84 22 komme
531 992 33 20 att
575 990 95 22 erkänna
685 990 64 21 deras
764 990 170 21 sammanlefnad
949 990 72 21 säsom

190 1018 121 28 äktenskap
327 1031 27 3 —
370 1018 75 22 männe
461 1019 46 21 icke
532 1021 32 19 ett
587 1018 76 22 sädant
685 1019 56 21 bruk
763 1019 7 21 i
792 1024 27 16 en
841 1018 88 22 framtid
952 1018 69 22 skulle

189 1047 71 21 alstra
275 1047 109 21 tänkesätt
401 1048 39 20 och
456 1048 128 26 handlingar
599 1047 126 21 kränkande
740 1047 33 21 för
788 1047 37 21 det
840 1047 81 26 sedliga
937 1047 84 21 medve-

192 1076 76 21 tandet
292 1076 40 21 och
354 1076 91 26 menliga
461 1076 34 21 för
511 1076 130 21 samhället?

261 1104 32 21 Pä
309 1105 62 20 ofvan
392 1105 6 20 i
414 1105 87 20 korthet
523 1105 90 20 anförda
635 1104 47 21 skäl
702 1104 67 27 vägar
789 1104 38 27 jag
849 1104 110 21 vördsamt
982 1104 39 21 hos

190 1129 123 56 Högtofliga
328 1133 24 21 R.
369 1139 19 15 o.
404 1133 26 21 A.
445 1133 80 21 föreslå
546 1139 25 15 en
595 1132 133 27 underdänig
750 1133 90 26 petition
862 1132 23 21 af
906 1132 115 21 ständerna

206 1167 61 15 erom

398 1209 33 19 att
446 1207 61 21 Hans
525 1206 124 27 "Kejserliga
671 1206 101 27 Majestät
792 1207 49 20 ville
864 1206 7 21 i
891 1206 67 21 nåder
973 1207 48 25 taga

332 1236 34 21 det
390 1235 27 26 på
440 1235 85 22 Honom
545 1235 157 21 ankommande
723 1235 92 21 initiativ
837 1235 33 20 till
893 1234 128 22 förändrade

330 1264 169 27 lagstadganden
515 1264 7 21 i
537 1264 54 27 syfte
613 1266 32 19 att
665 1264 84 27 lysning
768 1263 33 22 till
823 1263 120 27 äktenskap
966 1263 55 26 finge

330 1293 97 20 utfärdas
443 1293 62 20 äfven
520 1292 33 21 för
569 1298 84 21 person,
669 1299 47 14 som
732 1294 57 19 ännu
802 1292 46 21 icke
864 1291 70 22 blifvit
949 1291 72 22 delak-

330 1321 31 27 tig
376 1321 23 21 af
412 1321 95 21 Herrans
523 1321 70 26 heliga
608 1321 107 21 nattvard.

263 1361 144 21 Riddarhuset
423 1361 6 20 i
445 1360 134 27 Helsingfors
595 1361 40 21 den
649 1361 12 20 3
677 1361 104 21 Februari
798 1361 63 20 1891.

736 1410 128 22 Constantin
880 1411 71 27 Boije.

262 1474 238 22 Petitionsmemorialet
516 1474 114 21 bordlades
646 1474 32 21 till
694 1476 63 19 nästa
773 1473 94 27 plenum.
