1056 1686
106 381 11 27 8
134 380 33 28 60.

107 638 11 27 8
136 637 32 28 61.

112 1254 12 27 8
140 1253 33 28 62.

211 108 40 21 188
458 114 25 17 R.
496 119 17 12 o.
526 115 22 16 A.
562 115 54 17 1891.
641 115 12 17 7
665 115 59 18 Febr.

179 195 91 31 ningar
287 195 9 23 i
314 195 155 24 omförmälda
493 195 140 31 afseenden;
662 195 103 24 börande
791 195 44 24 hos
854 195 153 24 Direktionen

180 229 119 30 anmälas,
326 232 45 21 när
397 229 87 24 härvid
503 230 90 23 sädana
612 229 204 32 omständigheter
834 229 81 24 finnas
933 229 74 24 hafva

180 263 118 30 inträffat,
315 263 86 24 hvilka
419 264 102 24 inverka
539 266 31 29 pä
588 264 175 24 Riddarhusets
783 266 54 21 rätt.

557 332 16 28 $
589 332 39 23 60.

249 382 79 24 Minst
355 390 29 16 en
405 384 65 30 gäng
487 383 85 31 hvarje
591 383 92 24 halftär
707 383 70 24 skola
797 383 151 24 skuldsedlar
967 383 42 23 och

181 417 77 24 andra
276 417 273 32 säkerhetshandlingar
567 418 26 23 af
610 418 290 23 Riddarhusdirektionen
913 425 95 24 genom-

180 453 44 30 gäs
244 452 44 23 och
306 451 120 32 granskas
446 454 62 21 samt
526 452 83 23 dervid
620 452 83 24 tillika
715 452 115 30 beslutas,
842 460 37 16 om
891 452 43 24 och
945 452 64 24 hvad

181 486 86 31 ätgärd
284 486 39 23 till
342 486 162 31 betryggande
523 486 25 23 af
566 486 175 24 Riddarhusets
760 488 49 22 rätt
827 486 43 24 och
888 487 68 23 bästa
968 486 41 24 bör

180 520 132 32 iakttagas,
330 520 101 24 hvarom
449 520 168 24 Sekreteraren
635 521 30 23 dä
683 521 73 23 äfven
775 520 168 32 förständigas.

560 587 15 28 $
594 589 35 23 61.

251 639 51 24 Vid
328 647 91 16 samma
446 639 98 24 tillfälle
566 639 65 24 skall
649 640 305 24 Riddarhussekreteraren
973 639 36 24 af-

182 673 69 32 gifva
278 674 146 31 redogörelse
451 674 36 23 för
512 674 37 23 det
567 674 140 31 föregående
726 674 87 23 halfva
831 676 50 22 året
899 674 66 23 öfver
983 674 26 23 de

182 708 101 24 ärender
301 708 56 30 han,
375 708 9 23 i
401 708 121 32 egenskap
541 708 25 23 af
585 709 163 30 ombudsman,
766 709 124 31 handlagt,
909 708 51 24 med
972 710 37 21 ut-

182 743 104 31 redning
313 743 116 23 särskildt
447 743 36 22 för
501 743 85 31 hvarje
605 743 92 29 ärende,
716 750 51 16 som
785 745 32 29 pä
835 743 84 32 åtgärd
937 743 74 29 beror,

183 785 37 15 om
238 777 162 32 anledningen
419 777 91 30 dertill;
530 777 102 24 börande
651 777 171 24 Sekreteraren
841 777 71 24 äfven
928 777 36 24 för
976 777 34 23 öf-

183 811 55 32 rigt,
257 814 46 20 när
322 813 27 22 så
367 811 130 31 påfordras,
515 811 84 24 kunna
619 811 103 24 aflemna
741 811 156 32 erforderliga
911 811 99 32 upplys-

183 845 91 31 ningar
298 845 121 31 angående
441 846 26 22 de
485 845 26 23 af
528 845 85 24 honom
632 846 9 22 i
659 846 156 23 förenämnda
833 846 120 31 egenskap
972 846 39 22 be-

184 879 119 24 handlade
328 880 104 30 ärender,
450 880 37 22 för
504 880 95 23 hvilket
617 880 113 23 ändamål
748 880 50 23 han
818 888 55 24 eger
891 880 51 23 föra
960 880 51 23 dia-

183 914 65 23 rium
276 914 66 23 öfver
368 914 126 30 desamma,
521 914 52 23 med
596 914 149 32 anteckning
763 922 36 15 om
819 914 64 24 hvad
901 915 8 22 i
927 914 85 30 hvarje

184 948 87 24 ärende
297 948 35 24 tid
358 948 59 24 efter
437 956 82 16 annan
538 948 82 24 blifvit
638 948 120 32 tillgjordt
777 948 43 24 och
838 948 64 24 huru
920 948 93 24 dermed

185 982 93 32 aflupit.

523 1066 81 50 KAP.
627 1070 45 32 VI

373 1137 193 32 Redogörelse
585 1137 56 24 och
659 1138 171 30 räkenskap.

563 1204 15 27 $
594 1205 40 24 62.

255 1247 73 40 Årlig
355 1255 138 24 hufvudbok
520 1256 58 23 eller
605 1256 278 31 redovisningsräkning
904 1256 66 23 öfver
988 1255 27 24 de

186 1290 76 23 under
284 1289 299 26 Riddarhusdirektionens
601 1290 153 32 förvaltning
772 1290 79 24 stälda
869 1290 86 23 kassor
972 1289 42 24 och

186 1324 85 24 fonder
297 1326 132 29 upprättas,
455 1325 117 24 särskildt
598 1325 37 23 för
653 1325 92 30 hvarje,
765 1325 24 23 af
807 1324 208 24 Riddarhuskam-

187 1366 111 22 reraren;
326 1359 43 23 och
389 1361 115 29 upptages
523 1359 50 24 deri
591 1359 157 31 fullständigt
767 1359 132 24 inkomster
917 1358 42 24 och
977 1360 38 21 ut-

188 1393 80 31 gifter,
287 1393 137 31 fordringar
441 1393 43 23 och
503 1393 148 31 behållning,
669 1393 78 31 enligt
766 1393 27 23 de
811 1393 150 23 föreskrifter
972 1392 43 23 Di-

188 1426 126 24 rektionen
340 1434 54 24 eger
420 1427 112 30 meddela,
559 1427 86 24 hvilka
663 1427 194 32 redovisningar,
875 1427 99 31 åtföljda
993 1426 24 24 af

189 1461 115 31 behöriga
330 1461 185 30 verifikationer,
537 1461 77 24 innan
633 1462 43 23 den
697 1462 32 23 15
748 1461 117 24 Februari
883 1461 134 31 påföljande

190 1497 27 22 år
235 1495 58 23 böra
310 1495 40 23 till
368 1495 155 24 Direktionen
542 1496 125 24 inlemnas.
