1056 1686
206 99 42 21 368
458 105 23 16 R.
496 109 16 12 o.
526 107 21 14 A.
562 105 52 16 1891.
639 105 13 16 2
665 105 62 16 Mars.

176 185 7 20 i
200 185 60 20 detta
275 185 153 26 sammanhang
444 184 113 22 framhälla
573 185 48 20 dem
637 184 70 21 säsom
723 185 79 26 billiga.
833 184 40 27 Jag
889 184 40 21 har
940 184 64 21 fram-

176 213 74 21 kastat
273 213 62 21 dessa
358 213 164 27 anmärkningar
540 213 6 21 i
569 213 38 21 den
624 213 145 27 förhoppning
784 215 32 19 att
831 212 173 27 Expeditionsut-

177 242 89 24 skottet,
282 241 27 27 pä
324 242 82 21 hvilket
421 242 36 21 det
467 242 124 21 ankommer
604 243 33 19 att
647 241 76 22 affatta
735 242 40 21 den
786 241 143 26 underdäniga
943 241 62 21 skrif-

177 271 73 20 velsen
273 271 7 20 i
302 271 70 20 denna
390 271 45 25 sak,
451 270 99 26 möjligen
566 271 70 20 kunde
651 270 58 20 fästa
725 270 100 21 afseende
840 270 35 20 vid
891 270 114 24 desamma,

179 299 143 26 synnerligast
344 305 44 15 som
409 299 24 26 ju
455 299 60 21 deraf
529 298 69 27 nägon
614 298 67 26 saklig
697 298 125 27 förändring
837 298 23 21 af
874 298 40 21 den
930 298 76 26 ifräga-

179 329 58 19 satta
259 328 118 26 petitionen
398 328 47 20 icke
465 327 127 21 föranledes.
622 327 43 21 För
681 329 33 19 att
730 327 117 21 emellertid
864 326 85 27 angifva
964 326 43 21 min

180 356 139 26 uppfattning
342 362 34 15 om
398 357 116 20 utskottets
536 356 111 20 uttalande
669 356 6 20 i
697 356 124 25 allmänhet,
837 355 38 21 ber
887 356 37 26 jag
939 357 32 19 att
986 354 21 22 fä

179 384 116 22 framhålla
317 387 33 19 att
374 385 65 26 enligt
461 385 49 20 mitt
533 386 42 19 sätt
591 387 32 18 att
639 390 22 14 se
676 384 66 22 saken
759 384 115 26 tullfrägan
889 384 118 26 egentligen

180 413 141 21 sönderfaller
344 414 7 20 i
374 413 46 27 fyra
439 413 104 21 särskilda
559 414 99 20 moment.
688 413 44 21 Det
747 412 68 22 första
830 414 123 23 momentet,
969 412 39 22 och

178 442 37 26 jag
239 442 39 21 bör
302 444 50 24 säga
376 442 36 20 det
434 442 89 20 främsta
538 442 23 20 af
575 442 68 25 dessa,
660 443 24 19 är
700 442 34 20 väl
750 441 258 27 grundlagssynpunkten,

181 470 41 21 den
244 470 167 27 uppfattningen
434 472 32 19 att
489 471 64 26 enligt
573 470 51 21 vära
639 470 130 26 grundlagar
784 471 62 25 ingen
861 476 52 20 gren
929 469 22 21 af
964 470 45 20 lan-

181 499 48 21 dets
252 499 131 26 förvaltning
405 499 41 21 kan
469 500 80 20 lemnas
572 499 7 20 i
602 498 111 21 händerna
735 498 28 26 pä
779 504 24 16 en
819 498 128 27 myndighet,
963 504 45 15 som

182 527 45 21 står
250 530 60 18 utom
336 528 83 20 landets
440 528 64 26 lagar.
535 528 42 20 Det
600 527 67 21 andra
685 529 118 19 momentet
818 527 49 21 ville
880 527 37 27 jag
931 528 79 20 nämna

182 556 36 21 det
242 556 181 25 statsfinansiella,
440 557 104 25 nemligen
561 556 39 20 den
617 556 162 26 uppfattningen
795 558 33 18 att
843 555 37 21 vär
896 557 114 19 autonoma

182 585 92 25 tillvaro,
291 586 33 19 att
338 584 198 27 upprätthällandet
553 585 22 20 af
588 584 53 21 vära
657 584 93 21 finanser
765 585 24 20 är
805 583 94 27 omöjligt
914 586 51 19 utan
978 583 33 22 bi-

182 613 128 21 behällande
334 613 22 20 af
378 613 168 26 tullintraderna,
572 613 45 20 icke
639 613 56 20 blott
710 613 34 20 till
760 613 63 20 deras
837 613 122 20 nuvarande
975 613 36 20 be-

182 641 56 27 lopp,
262 643 53 19 utan
331 641 33 21 till
380 641 35 22 det
431 641 84 27 omfäng
531 648 45 14 som
592 641 84 21 landets
693 641 126 26 fortgäende
834 641 121 26 utveckling
971 641 40 21 och

182 670 62 21 deraf
257 670 140 21 framkallade
413 671 96 26 stegrade
525 669 66 22 behof
605 669 80 22 kräfva.
718 670 77 27 Tredje
810 671 117 20 momentet
942 669 69 22 skulle

180 699 37 26 jag
233 705 51 14 anse
299 705 51 14 vara
366 699 36 20 det
417 699 49 21 kraf
480 699 46 20 vårt
541 699 139 20 ekonomiska
703 699 30 23 lif,
748 698 135 27 jordbruket,
899 698 111 25 industrin,

184 727 92 21 handeln
300 727 39 21 och
362 727 129 26 näringarna
515 727 63 22 ställa
596 727 65 26 derpä
676 729 33 19 att
725 728 6 20 i
747 727 38 21 vär
801 727 164 26 tullagstiftning
980 728 31 19 ta-

182 762 38 21 ges
235 756 82 27 hänsyn
333 756 33 21 till
381 755 47 22 värt
443 756 60 21 lands
520 762 55 21 egna
590 755 155 22 förhällanden.
777 755 42 21 Det
834 755 67 27 fjerde
916 761 95 15 momen-

184 786 32 19 tet
237 791 51 14 vore
311 784 169 21 önskvärdheten
504 784 23 21 af
541 791 26 14 en
584 785 139 20 underlättad
739 784 126 21 samfärdsel
880 784 39 21 och
935 784 77 21 under-

184 813 80 21 lättadt
279 813 139 26 varuombyte
433 813 48 21 med
497 813 163 27 kejsareäömet.
691 813 75 26 Enligt
787 813 42 20 min
845 813 64 20 tanke
924 813 42 20 kan
981 813 31 20 in-

184 847 40 21 gen
248 842 156 26 angelägenhet
427 842 91 20 rörande
541 841 48 21 värt
610 841 133 21 tullväsende
759 841 84 26 afgöras
859 842 47 20 med
923 841 90 26 ensidigt

184 870 122 21 beaktande
329 870 23 21 af
373 870 74 21 endast
471 870 35 21 det
531 876 40 15 ena
593 870 52 20 eller
661 870 36 21 det
713 871 70 19 andra
798 869 23 21 af
835 870 62 20 dessa
912 872 101 24 moment,

185 900 51 19 utan
253 898 39 21 bör
308 898 73 27 hvarje
396 898 75 27 ätgärd
486 898 27 27 pä
531 899 60 20 detta
607 898 86 21 omräde
704 901 51 23 taga
766 898 81 27 hänsyn
855 898 32 20 till
899 898 42 21 alla
952 898 62 21 dessa

184 927 140 26 synpunkter.
356 927 93 21 Sälunda
472 927 63 21 hafva
559 927 42 21 vii
617 927 51 21 vära
683 927 150 21 förhällanden
849 926 58 22 svärt
923 929 33 19 att
971 926 42 21 för-

184 955 54 21 orda
260 958 32 19 ett
315 956 51 20 eller
389 958 71 23 annat,
483 962 45 14 mer
552 956 51 20 eller
627 956 82 20 mindre
729 955 196 27 protektionistiskt
940 955 74 27 tullsy-

186 986 60 24 stem,
270 985 20 20 vi
306 984 68 21 mäste
389 984 90 21 bedöma
495 984 71 26 hvarje
584 984 60 27 fräga
659 984 21 21 in
696 990 52 15 casu
767 984 38 21 och
821 984 89 21 hänföra
926 984 40 20 den
981 984 33 21 till

187 1012 43 22 alla
246 1013 26 21 de
288 1013 94 21 nämnda
390 1012 167 22 förhällandena.
581 1013 34 21 Nu
630 1012 68 22 finner
711 1012 38 27 jag
764 1015 33 18 att
811 1012 116 21 utskottets
940 1012 75 21 betän-

186 1041 71 21 kande
286 1042 133 26 synnerligen
441 1042 134 26 fullständigt
595 1042 74 20 berört
692 1042 27 20 de
739 1041 38 21 två
797 1047 75 15 senare
887 1043 127 24 momenten,

186 1076 49 15 men
259 1070 97 22 deremot
380 1070 66 26 enligt
468 1070 42 21 min
525 1070 65 21 tanke
606 1070 75 21 endast
697 1070 149 26 ofullständigt
861 1070 25 20 de
902 1070 36 21 två
953 1069 63 21 först-

187 1099 102 25 nämnda,
306 1098 71 22 hvilka
390 1098 37 27 jag
442 1098 63 21 likväl
522 1099 101 21 tillmäter
639 1099 40 21 den
695 1100 82 19 största
791 1098 50 26 vigt.
871 1098 40 27 Jag
926 1098 40 21 har
981 1098 35 20 väl

187 1127 47 20 icke
250 1127 71 26 någon
337 1127 141 26 förhoppning
494 1129 32 18 att
541 1127 48 20 med
605 1127 99 21 afseende
721 1127 12 20 å
744 1127 77 20 sakens
833 1126 133 21 brådskande
977 1126 36 21 be-

188 1155 126 24 skaffenhet,
330 1155 70 26 någon
421 1156 88 26 ändring
524 1156 7 20 i
546 1156 60 20 detta
621 1155 99 21 afseende
736 1155 55 21 skall
807 1155 71 20 kunna
893 1155 120 21 åstadkom-

188 1190 52 18 mas,
265 1191 48 14 men
334 1184 37 27 jag
394 1184 39 20 har
450 1184 57 21 velat
522 1184 174 21 reservationsvis
711 1185 71 20 uttala
797 1184 42 26 mig
855 1184 6 20 i
877 1184 59 21 detta
951 1183 62 27 syfte.

189 1211 104 28 Slutligen
316 1213 38 20 ber
374 1213 37 26 jag
428 1212 21 21 få
465 1215 76 18 nämna
557 1215 32 18 att
602 1213 37 26 jag
654 1213 33 20 för
702 1213 44 20 min
763 1213 33 20 del
811 1212 46 21 icke
873 1214 24 19 är
912 1212 101 21 tillfreds-

189 1241 65 21 ställd
270 1241 48 21 med
334 1241 163 26 formuleringen
512 1241 23 20 af
541 1241 157 24 slutklämmen,
707 1247 49 15 men
772 1241 27 21 då
815 1241 36 26 jag
866 1241 39 20 har
920 1241 42 26 mig
978 1241 36 20 be-

189 1269 53 22 kant
258 1272 34 19 att
314 1270 79 26 förslag
408 1270 31 20 till
455 1276 69 15 annan
540 1269 57 22 kläm
615 1270 97 21 kommer
727 1271 33 19 att
775 1269 136 26 framställas,
928 1269 37 21 vill
978 1269 37 26 jag

188 1297 82 22 afhålla
285 1299 43 26 mig
342 1297 47 22 från
405 1300 32 19 att
452 1298 75 21 beröra
542 1299 128 20 densamma.

260 1355 58 21 Frih.
341 1361 51 15 von
414 1355 81 21 Born:
519 1355 10 21 I
551 1355 98 21 afseende
666 1355 13 20 å
700 1355 27 21 de
742 1355 171 26 anmärkningar,
930 1361 44 14 som
990 1354 25 21 hr

192 1383 72 22 Antell
280 1384 79 21 uttalat
374 1386 57 19 emot
446 1383 74 27 sjelfva
535 1383 150 26 betänkandet,
709 1385 24 19 är
754 1384 37 26 jag
811 1383 48 21 med
875 1383 76 20 honom
967 1382 50 21 fullt

193 1418 55 14 ense.
280 1412 41 26 Jag
336 1414 24 18 är
376 1412 64 21 också
455 1412 47 21 med
518 1412 31 20 Hr
565 1412 71 21 Antell
653 1418 48 15 ense
718 1412 32 20 uti
765 1414 33 18 att
813 1410 74 28 sjelfva
900 1411 40 21 den
951 1411 64 25 kläm,

194 1446 45 15 som
255 1440 71 21 bildar
341 1440 142 26 afslutningen
505 1440 23 21 af
549 1440 248 26 utskottsbetänkandet,
821 1440 46 20 icke
890 1440 41 20 kan
954 1445 62 15 anses

194 1475 52 15 vara
262 1468 50 22 fullt
326 1469 201 21 tillfredsställande.
553 1469 41 26 Jag
606 1469 151 21 konsidererar
768 1468 85 22 äfvenså
863 1469 26 21 de
905 1468 111 26 egendom-

194 1497 44 26 liga
253 1497 154 27 förhållanden,
423 1504 44 14 som
483 1499 53 25 göra
557 1499 33 19 att
612 1500 31 19 ett
665 1497 183 27 ändringsförslag
870 1498 7 20 i
899 1497 68 21 denna
983 1496 34 22 del
