1056 1686
326 112 25 17 R.
364 112 52 17 o.:A.
429 112 54 17 1891.
509 113 23 16 10
543 113 59 16 Febr.
808 107 41 22 207

52 192 68 27 öfriga
142 192 46 24 hus,
211 192 27 27 pä
260 193 79 20 stenfot
362 193 24 20 af
401 193 64 20 minst
480 192 121 27 fyratiofem
617 193 136 21 centimeters
768 193 57 26 höjd,
842 193 37 21 der

52 221 41 21 den
115 223 25 19 är
160 221 62 26 lägst,
242 221 49 21 med
314 223 79 25 väggar
408 221 23 21 af
446 221 91 26 timmer,
553 222 58 25 tegel
626 221 53 21 eller
694 223 65 20 annat
774 221 28 27 pä
818 224 61 19 orten

52 249 96 27 brukligt
170 250 178 26 byggnadsämne,
372 251 56 20 samt
443 249 92 27 inredas,
551 249 12 22 ä
579 250 172 27 kyrkoherdebol
767 250 32 21 till
815 251 65 20 minst

52 284 42 18 sex,
118 278 64 26 högst
196 279 37 25 tio,
249 278 40 21 och
305 279 12 20 å
332 280 65 19 annat
411 279 92 20 boställe
519 279 32 20 till
566 279 65 20 minst
647 278 52 27 fyra,
716 279 63 26 högst
794 278 33 27 sju
842 279 37 21 bo-

52 307 109 26 ningsrum
174 307 66 26 jemte
256 307 92 27 tambur,
364 306 49 26 kök,
430 306 92 27 skafferi,
539 307 140 27 erforderliga
694 308 78 20 kontor
787 307 40 21 och
836 307 43 21 för-

52 337 81 25 stugor,
148 336 8 20 i
171 336 65 20 köket
251 336 116 26 anbringas
383 336 63 26 spisel
461 336 48 20 med
525 336 44 20 häll
585 336 39 21 och
643 336 32 20 uti
690 336 73 26 hvarje
779 336 101 26 bonings-

51 370 49 15 rum
116 364 108 21 äfvensom
240 364 7 20 i
262 364 112 21 tamburen
390 364 91 27 eldstad,
497 364 23 21 af
533 364 8 21 i
555 364 74 22 landet
644 364 95 27 allmänt,
755 364 32 21 uti
803 364 76 21 sädant

52 392 47 25 hus,
123 392 86 22 hvarom
229 394 24 20 är
268 392 67 28 fräga,
351 392 96 27 brukligt
462 393 104 26 material,
583 394 48 20 med
645 392 94 28 jernplät
754 393 52 21 eller
821 393 60 26 plan-

52 423 48 19 sten
115 421 88 21 framför
218 422 74 26 spisel-
308 422 39 21 och
362 422 253 26 eldstadsöppningarna;
632 428 96 15 rummen
740 424 64 24 göras
815 422 65 20 minst

53 452 33 19 tre
102 450 39 21 och
157 450 102 27 tjugufem
275 450 189 22 etthundradedels
480 452 68 20 meter
563 450 57 27 höga
636 450 39 22 och
691 451 67 21 förses
771 450 48 21 med
827 450 53 21 dub-

53 479 123 26 belfönster,
192 481 84 24 tapeter
291 479 13 21 &
319 480 111 26 väggarne,
447 479 87 27 gipsade
550 479 53 21 eller
615 480 104 26 panelade
731 479 36 21 tak
779 479 39 21 och
829 479 51 26 olje-

53 508 94 26 målning
170 508 12 21 &
204 508 62 26 panel
288 508 39 21 och
350 508 77 20 dörrar
449 510 55 18 samt
519 508 60 21 dörr-
594 508 39 21 och
649 508 231 26 fönsterinfattningar;

54 536 109 22 äfvensom
178 536 84 27 golfven
278 536 102 27 antingen
396 536 111 27 oljemälas
523 537 52 21 eller
592 536 49 22 med
657 537 90 21 fernissa
761 536 118 27 bestrykas.

123 577 10 20 I
155 576 131 27 församling,
309 576 38 21 der
369 576 178 27 pastorsadjunkt
562 583 25 14 ex
605 575 69 22 officio
698 576 72 24 finnes,
787 576 39 21 bör
841 576 40 21 ock

54 605 88 27 lämplig
156 605 77 21 bostad
249 605 22 21 åt
287 605 77 21 honom
380 604 113 22 anskaffas.

444 731 11 27 8
472 733 19 19 7.

126 779 73 30 Öfriga
220 783 50 24 laga
292 782 40 21 hus
353 782 35 21 mä
410 782 102 27 uppföras
527 781 89 22 afskildt
631 781 46 22 frän
695 781 120 22 hvarandra
831 781 52 22 eller

55 811 47 24 ock,
118 811 38 22 der
172 811 24 21 sä
210 811 125 27 lämpligare
350 811 93 26 pröfvas,
463 811 182 27 sammanbyggas.
677 810 74 22 Under
766 811 61 20 dessa
842 810 40 21 hus

55 840 40 21 bör
110 840 72 26 läggas
198 840 79 21 stenfot
293 840 23 20 af
329 840 64 20 minst
408 840 74 20 trettio
499 840 135 20 centimeters
649 839 58 27 höjd,
723 839 38 21 der
773 839 40 21 den
826 840 55 24 lägst

56 870 30 19 är.
116 868 103 21 Källaren
240 868 33 22 fär
294 868 113 27 anbringas
422 868 69 21 under
505 874 70 15 annan
591 868 105 26 byggnad.
727 867 54 21 Stall
796 867 40 21 och
852 867 30 21 fä-

56 897 40 21 hus
112 897 54 21 böra
180 897 68 21 förses
264 898 48 20 med
327 896 116 22 foderrum.

447 1023 13 27 &
476 1024 20 20 8.

126 1074 40 22 Till
181 1074 139 27 taktäckning
335 1074 61 22 skola
411 1074 56 21 helst
483 1075 92 21 eldfasta
591 1077 75 19 ämnen
682 1074 114 22 användas.

125 1104 43 20 För
191 1103 131 26 boningshus
345 1103 107 21 äfvensom
468 1103 34 21 för
518 1104 68 26 öfriga
602 1104 48 26 laga
665 1104 40 20 hus
720 1103 13 21 å
749 1102 134 27 embetsgård

56 1131 42 26 må,
122 1131 54 22 efter
192 1131 99 22 behofvet
306 1132 40 21 och
362 1133 72 20 ortens
449 1132 45 27 sed,
510 1132 73 27 tjenlig
599 1132 121 21 beklädnad
736 1131 39 22 och
790 1130 93 27 målning

56 1161 145 21 föreskrifvas.

449 1275 12 26 8
478 1275 20 21 9.

126 1326 11 21 I
153 1325 64 26 öfrigt
232 1325 46 25 bör,
294 1325 34 22 vid
344 1325 139 22 meddelande
500 1325 23 21 af
535 1325 111 21 föreskrift
662 1331 34 15 om
711 1325 99 26 byggnad
825 1324 12 21 &
848 1324 37 22 bo-

58 1355 68 26 ställe,
150 1356 120 25 noggrannt
292 1353 99 22 afseende
412 1353 67 22 fästas
503 1354 12 21 &
537 1354 62 26 hvad,
616 1354 47 21 med
679 1353 86 27 hänsigt
780 1353 58 21 såväl
853 1353 32 21 till

58 1383 74 27 hvarje
155 1383 103 21 boställes
279 1383 47 26 läge
343 1383 39 21 och
398 1385 71 18 ortens
485 1383 44 26 sed,
546 1383 97 26 lämpligt
659 1384 30 22 är,
704 1382 24 21 så
743 1383 33 20 att
791 1381 94 22 hvarken

58 1411 205 22 boställshafvarens
286 1412 82 26 skäliga
383 1410 66 22 behof
463 1410 91 22 förbises
570 1411 51 21 eller
637 1410 26 22 de
679 1410 206 28 byggnadsskyldige

59 1440 138 21 öfverhöfvan
213 1440 111 27 betungas.

127 1480 45 21 Allt
195 1486 45 15 som
261 1480 43 21 kan
319 1479 111 22 förorsaka
445 1480 83 21 eldfara
543 1481 56 20 samt
614 1479 83 21 således
709 1478 110 22 förhindra
833 1478 52 22 eller

58 1508 88 28 fördyra
162 1508 190 28 brandförsäkring
366 1508 46 26 bör,
428 1508 71 22 såvidt
514 1508 83 28 möjligt
612 1510 31 24 är,
659 1508 110 21 undvikas.
