1056 1686
338 107 24 17 R.
375 111 17 12 o.
404 107 23 16 A.
441 107 54 16 1891.
521 106 22 17 19
555 106 63 17 Mars.
821 101 41 20 487

65 186 155 27 ofullständigt.
250 186 41 27 Jag
313 186 36 21 vill
371 185 72 22 derför
465 186 49 21 med
532 192 39 20 par
586 185 39 22 ord
640 185 100 27 päminna
755 192 34 15 om
805 185 86 27 frägans

64 215 123 26 utveckling
201 215 67 20 under
283 214 71 27 flydda
368 215 72 25 dagar.

136 243 56 21 Före
208 243 55 21 1843
276 243 102 21 tillsattes
392 243 47 21 icke
455 242 98 21 rektorer
568 241 27 28 pä
611 242 97 21 bestämd
723 243 38 25 tid,
777 246 51 17 utan
844 242 47 21 rek-

66 271 141 22 torsembetet
221 271 48 27 gick
284 271 7 21 i
306 273 36 19 tur
356 271 53 21 ifrän
425 271 71 21 lektor
511 271 33 20 till
559 271 76 26 lektor,
652 271 39 21 och
706 271 79 21 skedde
797 271 94 21 rektors-

65 300 87 26 ombyte
167 300 73 26 hvarje
255 299 30 22 är.
308 299 82 21 Genom
410 299 115 27 gymnasii-
540 298 40 22 och
595 298 164 27 skolordningen
771 299 54 21 afär
836 300 55 20 1843

66 328 124 27 medgäfvos
204 328 94 21 lektorer
312 328 65 26 jemte
392 327 219 28 gymnasiiadjunkter
621 327 102 27 rättighet
737 329 32 19 att
779 328 56 21 inom
847 328 44 21 lek-

65 358 98 20 torernas
185 357 59 21 antal
266 356 57 27 välja
337 357 33 21 för
388 359 32 19 tre
437 356 34 21 ärs
487 356 31 21 tid
533 356 80 24 rektor,
629 358 52 19 utan
697 358 32 19 att
744 356 147 27 Domkapitlet

64 387 28 19 än
108 386 82 20 mindre
206 385 98 25 Senaten,
319 385 55 21 hade
390 386 45 20 rätt
449 386 33 20 att
497 384 102 22 förändra
614 385 106 26 utgängen
735 384 23 21 af
772 385 62 21 deras
849 385 40 21 val.

64 408 30 27 Är
119 414 54 22 1872
196 414 141 21 förändrades
352 414 36 20 det
402 414 72 26 gamla
489 414 67 20 sättet
571 413 32 21 för
619 413 97 27 väljande
731 413 24 21 af
768 414 73 20 rektor
855 414 35 20 vid

63 442 102 21 skolorna
186 442 6 21 i
215 442 24 21 sä
261 442 75 24 mätto,
358 444 32 18 att
411 442 130 26 rättigheten
557 443 32 19 att
603 441 56 27 välja
674 442 73 21 rektor
761 442 130 27 fullkomligt

64 470 96 28 fräntogs
183 471 91 26 lärarne,
296 470 22 27 ja
340 472 32 20 att
388 471 62 21 dessa
465 472 16 19 t.
498 476 19 15 o.
533 476 26 15 m.
575 470 47 21 icke
638 476 45 15 mer
698 470 70 21 blefvo
784 470 7 21 i
807 471 83 21 tillfälle

64 501 32 19 att
111 501 59 25 yttra
185 500 31 26 sig
232 506 33 14 om
282 500 40 20 den
337 499 134 27 lämpligaste
486 504 112 21 personen.
628 499 65 21 Detta
708 498 181 28 betraktelsesätt,

64 534 45 15 som
132 528 66 21 sedan
218 528 50 20 fann
283 528 38 21 sitt
336 528 85 26 uttryck
436 528 6 20 i
458 527 117 27 skollagen,
591 528 62 20 torde
668 527 63 21 hafva
746 527 77 27 utgått,
838 528 52 21 eller

64 556 130 21 ätminstone
209 556 113 27 kraftigast
334 556 137 21 understödts
479 556 24 20 af
514 556 27 20 dä
551 556 94 20 varande
657 556 141 21 ordföranden
810 557 7 20 i
828 556 61 21 Skol-

64 585 168 26 öfverstyrelsen,
248 585 71 20 Baron
335 591 40 14 von
390 584 92 21 Kothen.
514 584 70 21 Baron
599 590 41 15 von
655 583 86 22 Kothen
756 584 55 22 hade
830 585 7 21 i
853 585 37 21 all-

63 613 88 21 mänhet
174 619 25 15 en
222 615 44 19 stor
288 613 86 21 misstro
392 613 31 20 till
439 613 104 26 kollegier
559 613 39 20 och
611 613 8 20 i
634 613 114 26 synnerhet
763 613 32 20 till
810 613 79 22 lärare-

63 641 109 27 kollegier.
202 642 48 21 Han
274 641 61 24 skall,
358 641 69 22 säsom
450 641 146 21 motiverande
618 641 32 20 sin
672 641 136 26 ständpunkt,
827 641 63 22 hafva

62 672 68 25 yttrat
146 670 25 21 de
186 670 105 27 märkliga
306 670 73 26 orden,
395 672 32 19 att
443 676 34 15 om
494 669 73 22 rektor
583 671 58 20 utses
656 675 76 20 genom
747 669 34 22 val
791 670 58 21 inom
859 671 30 20 lä-

63 699 157 26 rarekollegier,
237 698 23 21 sä
275 698 67 27 väljas
357 700 137 19 nattmössor.
522 698 49 21 Man
587 698 110 27 päpekade
712 698 129 27 visserligen,
857 700 32 19 att

63 727 34 21 vid
112 727 149 21 universitetet
276 727 74 21 rektor
365 727 65 27 väljes
445 726 24 21 af
483 727 160 26 professorerna
658 727 39 20 och
715 728 32 19 att
757 733 82 15 samma
846 727 43 21 för-

62 755 88 22 farande
166 755 108 27 angäende
290 755 118 22 rektorsval
425 755 62 22 äfven
503 755 34 21 vid
553 755 120 27 gymnasier
689 755 39 21 och
739 755 70 26 lyceer
821 755 71 22 kunde

62 784 65 21 lända
142 784 66 21 saken
223 784 33 21 till
271 783 96 27 fromma,
383 790 48 15 men
446 784 43 21 han
505 784 71 21 kunde
591 784 47 21 icke
653 783 32 22 fäs
700 783 46 22 frän
757 784 38 21 sitt
806 784 86 21 betrak-

62 813 104 25 telsesätt,
182 814 33 19 att
231 812 131 27 kollegierna
376 813 84 20 komme
476 814 33 19 att
521 812 56 27 välja
592 814 137 19 nattmössor.
753 812 94 21 Sålunda
863 812 29 21 ef-

62 843 34 19 ter
112 841 24 21 är
152 841 54 21 1872
223 841 65 21 hafva
302 841 132 21 skollärarne
449 841 48 20 icke
513 841 55 20 varit
584 841 7 20 i
606 840 83 21 tillfälle
705 842 32 19 att
753 841 55 25 välja
821 841 70 21 rekto-

64 876 42 19 rer,
127 869 46 21 icke
197 869 67 21 heller
286 871 33 19 att
338 870 69 20 uttala
429 869 32 27 sig
479 875 35 15 om
529 869 73 21 hvilka
617 869 26 21 de
658 875 50 15 anse
724 869 121 27 lämpligast
859 868 33 22 till

64 898 62 21 dessa
141 899 79 25 poster.
244 897 28 28 Sä
287 897 76 22 fortfor
378 898 75 26 frägan
468 898 34 20 till
520 898 61 24 1886,
596 898 34 26 dä,
641 897 69 21 säsom
721 897 40 21 den
769 898 122 20 nuvarande

66 926 143 21 ordföranden
224 926 7 21 i
247 926 168 27 Ofverstyrelsen
423 926 33 22 för
463 926 279 26 skolväsendet
619 922 12 35 i
642 926 94 26 egenskap
751 926 24 21 af
781 926 111 21 ordföran-

64 954 26 21 de
113 955 35 21 vid
172 955 153 21 rektorsmötet
341 955 23 21 är
381 956 54 20 1887
451 954 132 27 meddelade,
599 961 26 15 en
641 954 108 22 skrifvelse
765 954 126 22 emanerade

64 982 47 22 frän
134 983 290 27 Ecklesiastikexpeditionen
446 983 49 21 med
513 983 100 26 innehäll,
629 985 32 19 att
676 982 114 22 framdeles
805 983 35 21 vid
856 983 36 21 be-

64 1012 99 20 sättande
179 1012 22 20 at
216 1012 172 26 rektorsplatser,
403 1012 123 20 skolrädets
541 1012 100 26 yttrande
656 1012 67 21 borde
735 1012 106 20 inhemtas
851 1012 40 20 och

63 1040 67 26 jemte
146 1040 228 27 Skolöfverstyrelsens
390 1040 100 27 yttrande
499 1041 100 20 insändas
609 1040 32 21 till
652 1040 57 26 Kejs.
723 1040 99 21 Senaten.
848 1040 43 21 För

64 1070 32 19 att
111 1068 66 27 nägot
192 1068 114 27 uppehälla
322 1069 42 27 mig
379 1069 34 21 vid
429 1069 71 21 denna
516 1069 116 25 skrifvelse,
648 1069 36 20 vill
697 1069 36 26 jag
744 1068 68 26 äfven,
823 1068 68 21 ehuru

61 1097 38 27 jag
118 1097 87 27 medger
228 1097 41 21 den
284 1098 107 26 välvilliga
404 1098 118 20 tendensen
537 1098 8 20 i
560 1098 129 25 densamma,
704 1097 83 27 päpeka
803 1098 32 20 att
851 1097 40 21 den

63 1125 46 21 icke
132 1125 112 21 äterfinnes
266 1126 7 20 i
295 1125 38 22 vär
355 1125 236 27 författningssamling,
611 1125 22 27 ja
649 1125 44 22 icke
709 1132 37 15 ens
761 1125 7 21 i
783 1125 48 21 värt
846 1125 45 20 offi-

64 1154 57 20 ciösa
136 1153 114 27 skolarkiv,
266 1154 148 27 Pedagogiska
429 1154 136 26 föreningens
581 1153 99 22 tidskrift.
705 1155 46 20 Den
767 1155 25 19 är
808 1153 83 21 säledes

64 1182 55 21 blott
142 1184 31 19 ett
196 1182 54 26 bref,
274 1184 31 19 ett
327 1182 39 22 räd
382 1183 32 21 till
429 1182 212 27 skolöfverstyrelsen
658 1182 38 21 och
712 1182 115 25 skolrädet,
843 1181 47 22 icke

62 1216 27 15 en
113 1210 111 22 föreskrift
238 1217 46 15 som
302 1211 68 22 måste
385 1211 69 27 följas,
470 1211 137 21 aildenstund
623 1211 60 21 detta
698 1211 47 21 bref
758 1211 85 20 komme
858 1212 33 19 att

62 1239 7 20 i
92 1239 104 26 väsentlig
218 1239 49 22 män
289 1239 103 22 förändra
413 1240 26 21 de
459 1239 114 27 uppgifter,
590 1245 45 16 som
651 1239 164 26 skolordningen
831 1239 22 20 af
867 1238 24 21 är

64 1267 55 21 1872
140 1268 100 26 uppragit
265 1268 23 21 ät
309 1268 116 21 skolrädet.
456 1268 126 21 Skolrädets
597 1268 83 27 uppgift
695 1270 24 19 är
733 1268 77 27 tydligt
825 1267 66 21 fram-

63 1296 64 21 ställd
150 1296 31 21 uti
199 1296 25 27 $$
246 1297 91 25 82—87,
359 1297 109 21 dessutom
488 1297 8 21 i
518 1297 27 26 $$
569 1297 47 25 108,
640 1297 47 26 109,
711 1297 40 20 115
769 1295 39 22 och
824 1295 66 27 några

62 1325 69 20 andra
145 1325 124 26 paragrafer
284 1325 6 21 i
309 1325 172 27 skolordningen,
501 1325 102 22 likaledes
619 1326 7 20 i
641 1325 66 27 nägra
722 1323 125 28 paragrafer
869 1324 23 21 af

62 1353 150 26 förordningen
233 1353 23 21 af
270 1353 19 22 d.
305 1355 27 20 24
347 1354 121 21 November
485 1354 55 21 1869
557 1360 33 15 om
605 1354 122 21 inrättande
749 1353 22 21 af
787 1352 104 27 öfversty-

63 1382 55 21 relse
140 1381 34 22 för
190 1382 155 21 skolväsendet.
375 1383 46 20 Här
436 1382 69 21 finnes
520 1383 108 25 ingenting
644 1382 99 26 stadgadt
759 1388 34 15 om
809 1381 81 21 skolrä-

62 1410 48 20 dets
132 1410 104 26 rättighet
255 1410 40 21 och
310 1410 121 28 skyldighet
446 1413 33 19 att
495 1410 86 27 deltaga
596 1411 32 20 uti
643 1412 31 19 ett
689 1412 31 20 ett
735 1410 24 21 sä
773 1409 117 27 grannlaga

62 1437 52 27 värf,
131 1444 45 15 som
192 1438 134 27 utväljandet
341 1439 23 21 af
377 1440 26 20 de
418 1439 136 27 lämpligaste
566 1445 130 21 personerna
707 1439 33 21 till
751 1438 138 26 rektorstjen-

62 1468 50 20 ster.
142 1467 42 26 Jag
206 1467 62 26 gillar
290 1468 7 20 i
318 1468 42 20 allo
389 1467 64 27 syftet
476 1468 7 20 i
507 1468 60 21 detta
588 1466 301 27 Ecklesiastikexpeditionens

62 1494 53 27 bref,
138 1501 48 15 men
208 1495 37 21 ber
267 1495 22 21 fä
310 1496 90 27 päpeka,
418 1498 33 19 att
467 1496 50 21 dess
532 1496 133 21 föreskrifter
679 1496 46 21 icke
741 1496 72 20 kunna
827 1500 62 16 anses
