1056 1686
332 114 26 16 R.
370 118 18 12 o.
400 113 22 17 A.
435 113 54 17 1891.
513 114 22 16 19
548 113 62 16 Mars.
814 109 39 20 501

58 193 82 26 ningar.
170 193 49 21 Men
241 199 28 14 nu
293 195 24 18 är
339 193 37 20 det
391 199 25 15 en
431 193 57 20 känd
505 193 44 24 sak,
565 194 33 20 att
613 193 72 26 dylika
699 194 72 20 möten
787 193 98 22 erfordra

58 221 55 22 bäde
128 221 77 26 mänga
220 222 39 21 och
278 221 63 26 länga
356 221 161 22 förberedelser.
549 221 50 21 Man
614 221 42 21 kan
673 221 70 21 derför
753 221 87 26 förutse,
851 224 33 19 att

57 250 95 21 komitön
177 250 66 21 borde
266 250 165 21 sammankallas
447 249 108 27 ätskilliga
570 250 79 26 gänger
665 249 39 22 och
720 250 81 21 kanske
817 251 66 20 under

57 279 83 25 ganska
162 278 64 26 långa
248 279 62 25 tider,
333 278 102 21 särskildt
450 278 34 20 för
505 280 32 19 att
559 278 120 21 bestämma
701 278 26 21 de
743 278 78 26 frågor,
838 285 45 15 som

58 306 61 22 skola
141 306 49 27 ingä
212 307 7 21 i
242 308 150 25 programmet.
423 306 33 21 En
477 306 66 21 sädan
560 306 119 26 anordning
693 306 68 22 blefve
777 306 55 22 bäde
848 307 35 21 be-

57 336 78 25 svärlig
159 335 39 21 och
220 335 95 21 kostsam
338 335 39 21 och
399 335 68 22 skulle
482 335 106 27 knappast
603 335 48 21 leda
667 335 32 21 till
714 335 67 27 nägra
795 336 88 20 säkrare

57 364 98 26 resultat,
178 365 27 19 än
229 364 40 20 den
292 370 44 14 som
358 363 77 27 följdes
450 364 34 20 vid
501 365 84 19 senaste
600 364 134 20 läraremöte.
765 364 41 26 Jag
821 370 62 14 anser

58 392 90 21 sälunda
169 392 109 27 ingenting
300 392 80 24 vinnas,
404 398 33 15 om
458 392 117 26 petitionen
591 392 6 20 i
613 392 70 21 denna
698 392 34 20 del
748 392 69 21 blefve
831 392 51 26 god-

57 421 64 21 känd.
151 420 99 22 Tvärtom
266 421 68 21 skulle
350 427 47 14 man
415 420 121 27 derigenom
552 420 75 21 endast
643 420 65 26 skapa
717 421 112 25 praktiska
837 420 46 22 svä-

58 449 96 26 righeter
177 449 33 21 för
232 449 163 21 läraremötena.
425 449 101 21 Deremot
542 449 105 21 erkänner
661 449 36 26 jag
711 455 71 20 gerna,
799 451 32 19 att
847 449 36 21 det

57 478 71 21 kunde
152 484 52 14 vara
227 478 99 26 önskligt,
350 480 32 18 att
404 480 85 19 mötena
512 478 69 20 blefve
603 477 122 27 periodiska
741 478 52 20 eller
808 477 75 21 ätmin-

58 508 68 24 stone,
142 508 32 19 att
190 506 24 21 de
231 506 67 21 skulle
314 506 167 21 sammankallas
496 507 57 20 inom
569 506 47 21 icke
632 506 73 21 alltför
720 506 63 26 länga
793 506 87 26 tidrym-

58 534 48 26 der;
130 541 47 15 men
201 541 25 15 en
242 535 100 21 säkerhet
358 535 5 20 i
380 535 59 21 detta
454 534 100 22 afseende
570 541 62 15 anser
645 535 37 26 jag
697 534 66 21 redan
778 534 104 26 föreligga

58 563 53 24 deri,
134 565 32 18 att
188 563 118 26 Kejserliga
322 563 92 21 Senaten
429 561 124 23 förbehällit
568 563 31 26 sig
615 563 107 26 rättighet,
738 565 39 23 att,
793 564 38 19 när
847 563 36 20 det

58 597 62 15 anses
142 591 80 26 nödigt,
246 591 154 21 sammankalla
423 591 68 27 dylikt
512 593 63 19 möte.
607 591 48 21 Med
681 591 112 26 anledning
813 591 23 21 af
849 591 33 21 Hr

57 620 65 21 Reins
145 620 99 27 yttrande
260 622 33 19 att
308 619 153 27 författningen
477 621 7 19 i
500 622 71 19 ämnet
586 620 46 21 icke
648 620 67 20 skulle
731 620 70 20 lemna
816 619 66 27 några

56 649 108 25 garantier
187 649 7 20 i
218 649 59 20 detta
292 649 127 23 hänseende,
435 648 27 21 då
475 648 24 27 ju
516 649 27 20 20
558 648 23 21 år
597 648 80 21 förlidit
693 649 90 20 emellan
799 648 35 21 det
850 655 30 14 se-

56 679 62 18 naste
141 677 38 20 och
204 677 36 20 det
256 679 48 19 näst
318 677 141 26 förutgäende
475 677 107 21 allmänna
598 677 191 25 skolläraremötet,
807 677 23 20 så
845 677 36 20 vill

53 705 38 27 jag
112 705 100 26 påminna
228 706 80 25 derom,
324 707 32 19 att
372 706 40 20 den
428 705 131 26 författning,
576 711 45 15 som
637 705 26 27 på
681 705 118 21 1860-talet
815 705 66 21 utfär-

56 734 66 21 dades
142 734 109 26 angående
268 734 71 27 dylika
355 736 78 21 möten,
449 734 56 21 hade
520 734 75 21 endast
611 740 26 15 en
653 736 106 24 temporär
774 733 106 27 giltighet;

57 762 40 21 den
121 763 111 26 upphörde
255 765 31 18 att
301 763 63 26 gälla,
381 763 27 20 då
424 763 40 20 den
480 769 42 20 nya
537 763 109 26 skollagen
662 762 74 21 trädde
752 763 7 20 i
774 762 107 21 verksam-

56 791 43 20 het.
130 791 49 20 Man
195 791 42 20 kan
253 791 82 21 således
350 791 46 21 icke
412 791 48 21 med
476 791 47 20 skäl
538 791 68 26 påstå,
622 793 32 18 att
669 791 68 26 någon
749 791 131 20 uraktlåten-

56 819 36 21 het
114 821 32 19 att
168 821 53 24 göra
244 819 55 21 bruk
315 820 23 20 af
351 826 26 14 en
392 826 75 20 genom
485 819 120 26 åberopade
621 819 125 26 författning
762 819 118 26 medgifven

57 847 104 26 rättighet
176 848 73 20 härvid
266 848 68 21 skulle
350 849 35 25 egt
401 854 52 14 rum.
486 848 31 20 En
537 848 68 20 fördel
620 854 51 14 vore
686 850 51 18 utan
753 847 71 21 tvifvel
839 854 41 19 om,

55 876 29 26 på
108 877 42 20 sätt
164 876 7 20 i
186 876 118 26 petitionen
326 876 96 25 föreslås,
439 876 130 27 rättigheten
585 878 32 19 att
633 876 153 28 sammankalla
801 864 80 33 lärare-

56 906 57 19 möte
137 904 158 27 öfverflyttades
315 904 46 22 från
378 889 119 47 Kejserliga
513 904 92 22 Senaten
621 904 27 26 på
664 900 167 31 Öfverstyrelsen
847 904 34 21 för

56 932 155 26 skolväsendet,
235 940 48 14 men
296 933 37 27 jag
349 936 44 18 tror
410 933 61 25 dock,
488 935 32 19 att
535 933 133 27 Regeringen
683 933 46 21 icke
744 939 66 20 gerna
826 933 54 21 skall

56 961 55 21 afstå
126 961 47 21 från
189 968 25 14 en
230 962 134 26 befogenhet,
381 968 44 14 som
442 950 40 32 den
499 962 23 20 så
537 962 84 26 nyligen
637 968 75 20 genom
728 962 94 26 utgifven
837 961 42 21 för-

54 990 93 26 fattning
168 989 124 22 förbehållit
314 990 38 26 sig,
368 990 85 21 hvarför
469 990 37 21 det
521 990 61 21 torde
599 996 47 15 vara
663 990 102 21 fruktlöst
779 992 33 19 att
828 990 52 26 peti-

55 1018 83 21 tionera
153 1018 79 21 derom.
263 1018 74 21 Ehuru
351 1019 36 26 jag
403 1018 84 21 således
503 1019 110 22 erkänner,
629 1021 32 19 att
679 1018 202 27 petitionsförslaget

54 1046 7 21 i
85 1047 37 20 sitt
144 1047 122 21 nuvarande
290 1047 58 21 skick
372 1048 39 20 har
433 1048 57 20 vissa
510 1047 128 24 företräden,
655 1048 23 20 så
693 1047 68 21 måste
773 1047 38 27 jag
826 1047 54 21 dock

55 1074 99 33 vidhålla,
178 1075 55 21 hvad
255 1075 37 27 jag
314 1076 66 20 redan
400 1076 34 20 vid
451 1076 100 21 ärendets
566 1076 59 20 förra
641 1076 127 26 behandling
783 1075 96 24 nämnde,

54 1105 33 19 att
107 1104 37 25 jag
167 1104 46 20 icke
236 1110 62 14 anser
321 1104 74 26 sjelfva
419 1104 66 21 saken
501 1110 50 14 vara
567 1104 22 20 af
604 1104 39 21 den
659 1104 116 27 betydelse,
791 1106 32 18 att
839 1104 40 20 den

54 1131 68 21 borde
144 1133 63 25 göras
222 1132 34 21 till
271 1132 89 21 föremål
375 1132 33 21 för
423 1139 26 14 en
465 1132 184 26 ständerpetition.
680 1133 10 20 I
706 1133 59 20 detta
780 1132 99 21 afseende

54 1161 25 19 är
99 1160 37 26 jag
155 1159 23 22 af
198 1167 82 14 samma
302 1161 55 26 äsigt
378 1167 45 14 som
439 1161 58 20 Frih.
514 1161 77 20 Wrede
607 1161 40 21 och
662 1161 123 21 hemställer
801 1160 76 25 derför,

54 1188 105 21 huruvida
182 1189 36 20 det
234 1191 23 18 är
272 1189 47 21 skäl
334 1177 34 33 för
383 1189 24 21 R.
424 1195 19 15 o.
461 1190 23 20 A.
503 1191 31 19 att
549 1189 76 26 frångå
641 1190 36 21 sitt
693 1190 5 20 i
714 1189 66 21 saken
796 1189 82 20 fattade

54 1217 77 20 beslut.

123 1274 31 21 Hr
170 1273 103 22 Gustaf
287 1274 179 21 Grotenfelt:
483 1274 34 21 Då
531 1275 70 20 denna
616 1274 59 26 fråga
684 1275 83 26 nyligen
775 1273 28 27 pä
811 1273 68 26 grund

53 1302 24 20 af
98 1303 112 20 Allmänna
228 1303 209 20 Besvärsutskottets
453 1303 136 21 betänkande
603 1303 96 20 förekom
716 1303 38 20 hos
770 1302 23 21 R.
811 1308 18 14 o.
846 1301 33 25 A.,

54 1330 55 21 hade
130 1331 33 26 jag
188 1331 66 21 redan
276 1333 51 19 äran
346 1331 88 21 förorda
449 1337 27 15 en
492 1332 89 26 petition
598 1331 5 21 i
620 1331 59 21 detta
695 1331 60 27 syfte.
785 1331 41 25 Jag
841 1330 38 21 ber

54 1359 72 21 derför
141 1365 28 14 nu
186 1359 54 21 blott
255 1361 33 19 att
303 1359 21 21 få
339 1360 88 21 hänvisa
443 1360 32 21 till
492 1360 26 21 de
534 1360 46 21 skäl
593 1360 37 26 jag
646 1360 27 21 dä
688 1359 88 21 anförde
792 1365 33 14 om
836 1359 44 26 vig-

53 1389 36 19 ten
112 1387 22 21 af
155 1388 117 25 periodiskt
296 1388 174 20 äterkommande
490 1389 149 20 läraremöten.
669 1388 40 26 Jag
725 1388 48 20 ville
789 1387 89 26 päpeka,

52 1417 34 19 att
106 1415 69 21 sävidt
195 1416 37 26 jag
253 1416 43 21 kan
317 1416 74 26 förstå,
414 1417 31 21 uti
469 1417 41 20 den
525 1416 144 26 föreliggande
683 1416 152 26 inbjudningen
851 1416 26 20 de

53 1444 66 26 begge
142 1444 52 25 skäl,
216 1444 72 21 hvilka
303 1447 71 19 senast
389 1444 47 22 från
451 1447 91 19 motsatt
557 1445 46 20 sida
618 1445 125 21 framhöllos
758 1447 45 18 mot
819 1443 58 21 bifall

52 1472 33 21 till
106 1478 26 15 en
148 1473 57 26 dylik
220 1473 96 26 petition,
333 1480 28 14 nu
376 1475 37 19 äro
430 1474 145 26 undanröjda;
592 1474 105 25 nämligen
711 1473 34 21 för
761 1473 36 20 det
812 1472 68 21 första

52 1502 34 20 att
101 1501 141 21 läraremöten
258 1502 162 26 nödvändigtvis
437 1502 69 21 skulle
521 1502 69 21 hällas
606 1502 62 21 hvart
683 1502 67 26 tredje
766 1501 30 25 är,
810 1501 5 20 i
827 1500 53 21 hvil-
