1056 1686
306 126 24 17 R.
344 131 17 12 o.
374 127 22 16 A.
409 127 52 16 1891.
487 127 24 16 10
523 126 58 17 Febr.
787 121 42 20 209

34 207 60 20 skott
116 207 31 20 till
164 207 129 25 densamma,
316 206 107 21 äfvensom
439 206 110 27 bidragets
564 206 121 27 fördelning
699 206 159 27 presterskapet

33 235 97 25 emellan,
147 235 115 21 fastställes
277 235 27 26 pä
319 235 94 26 följande
426 237 54 18 sätt:

102 264 42 20 För
166 263 118 26 beredning
305 263 23 20 af
344 263 76 21 sädant
436 263 79 21 ärende
531 263 40 21 och
589 264 139 26 uppgörande
743 263 23 21 af
779 264 79 26 förslag

34 292 44 21 deri
99 292 101 21 tillsättes
223 292 12 20 &
250 292 160 26 kyrkostämma
426 294 31 19 ett
473 292 89 24 utskott,
578 292 7 20 i
600 292 81 20 hvilket
696 291 161 27 församlingens

33 322 83 25 prester
131 321 52 20 böra
198 320 22 21 fä
235 320 55 26 ingä.

102 349 123 21 Utskottets
241 349 81 25 förslag
337 348 104 27 granskas
456 349 35 21 vid
506 348 167 27 kyrkostämma,
689 349 32 21 till
736 349 63 21 hvars
815 349 44 21 häl-

35 378 62 20 lande
124 378 144 20 förordnande
283 377 33 21 för
332 376 79 28 ojäfvig
425 379 109 25 prestman
550 377 23 21 af
581 377 148 27 kyrkoherden
740 378 118 26 utverkats;

36 406 39 21 och
99 406 25 21 de
148 408 57 19 emot
226 406 117 20 detsamma
358 406 75 26 gjorda
448 406 171 26 päminnelserna
642 408 55 19 samt
712 406 67 26 öfriga
793 407 7 20 i
816 408 43 20 äm-

35 437 37 18 net
88 435 124 21 framstälda
237 434 80 27 förslag
332 435 83 25 intagas
430 435 6 20 i
453 434 228 26 stämmoprotokollet,
697 434 108 22 hvarefter
820 435 39 21 och

34 464 66 20 sedan
124 465 104 19 stämman
251 463 65 21 fattat
339 463 70 21 beslut
432 464 6 19 i
459 464 94 25 ärendet,
569 463 130 26 protokollet
712 463 93 26 justeras
821 464 38 20 och

35 492 185 21 stämmobeslutet
235 492 112 26 kungöres,
364 491 26 27 pä
406 494 43 18 sätt
465 492 6 20 i
486 492 131 26 kyrkolagen
627 494 24 18 är
659 492 140 24 föreskrifvet,
811 492 48 21 med

35 521 69 20 tillika
127 521 84 20 lemnad
234 520 110 26 anvisning
358 520 34 21 för
407 520 40 21 den
463 521 48 20 med
527 520 92 21 beslutet
635 520 114 26 missnöjde
765 522 32 19 att
812 521 48 21 der-

36 549 60 20 öfver
115 549 56 20 inom
196 550 39 19 den
258 549 6 20 i
288 549 65 26 sagda
369 549 35 26 lag
419 549 103 26 stadgade
538 549 30 20 tid
579 549 39 20 hos
633 548 137 22 Guvernören
786 549 75 21 anföra

36 577 83 21 besvär.
150 577 241 26 Förrättningsmannen
412 577 100 21 insänder
527 577 66 26 derpä
608 577 155 26 handlingarna
777 578 7 20 i
800 579 60 20 ären-

36 606 36 21 det
86 606 66 26 jemte
169 608 48 24 eget
232 606 99 26 yttrande
348 606 32 20 till
395 605 146 27 Guvernören,
558 606 85 20 hvilken
655 606 104 21 infordrar
771 606 25 21 de
807 612 52 20 upp-

36 635 108 26 lysningar
167 635 38 20 och
230 635 39 20 den
285 635 73 20 vidare
374 635 119 26 utredning,
511 641 44 14 som
570 635 7 20 i
593 635 113 26 anledning
721 634 23 21 af
758 635 102 20 besvären

36 663 53 20 eller
105 663 61 27 eljest
181 663 71 20 kunna
268 663 67 21 finnas
350 663 84 26 nödiga,
451 665 56 18 samt
521 663 109 21 meddelar
639 663 145 26 Domkapitlet
794 663 65 21 hand-

36 692 104 25 lingarna,
164 691 107 22 äfvensom
294 691 105 27 slutligen,
416 691 48 21 med
485 691 112 27 bifogande
613 691 22 21 af
650 691 155 26 Domkapitlets
821 692 39 21 och

36 722 48 24 eget
100 720 111 21 utlätande
227 721 6 20 i
250 720 94 26 ärendet,
362 719 142 22 öfverlemnar
520 721 117 20 detsamma
648 721 32 20 till
691 720 103 21 Senatens
804 720 56 27 pröf-

37 749 49 26 ning
101 749 40 21 och
155 749 122 26 afgörande.

420 824 9 24 S
448 823 32 20 14.

107 868 70 20 Hafva
193 868 162 26 församlingens
371 868 39 20 och
426 868 171 26 presterskapets
614 868 75 26 bidrag
703 868 33 20 till
743 868 118 26 byggnads-

38 897 78 21 kassan
139 896 49 21 fullt
211 897 179 26 tillgodokommit
409 897 130 25 densamma,
562 896 40 21 och
624 896 39 21 har
679 897 87 20 kassans
781 896 80 26 kapital

38 925 69 21 tillika
122 924 90 28 uppnått
228 925 109 21 faststäldt
353 925 84 26 belopp,
453 926 35 20 må
504 926 72 20 vidare
591 925 132 26 inbetalning
737 925 47 21 från
800 925 61 21 deras

38 954 47 20 sida
101 954 97 26 upphöra.
235 954 47 20 Men
299 954 39 20 har
353 954 78 20 kassan
447 960 75 20 genom
539 954 131 26 betydligare
685 954 86 26 utgifter
782 953 33 21 för
826 960 36 20 ny-

39 982 98 27 byggnad
160 982 51 21 eller
233 982 101 21 förluster
353 982 46 21 åter
416 982 88 26 nedgått
519 982 68 21 under
603 982 91 21 berörda
709 982 83 27 belopp,
808 982 54 21 skall

39 1011 81 20 bristen
136 1010 61 27 fyllas
212 1017 76 20 genom
304 1011 123 26 ytterligare
444 1011 77 27 bidrag
536 1011 6 20 i
557 1010 59 22 förut
632 1011 90 25 stadgad
738 1011 89 26 ordning
841 1010 23 21 af

39 1039 151 26 församlingen
206 1040 39 20 och
261 1040 164 26 presterskapet.

109 1068 97 20 Befinnes
223 1068 89 20 kassans
328 1068 80 26 kapital
425 1068 162 26 ursprungligen
603 1067 64 21 hafva
683 1068 104 20 faststälts
797 1067 65 27 lägre,

39 1098 27 18 än
82 1098 33 19 att
130 1098 101 19 räntorna
247 1096 50 21 derå
313 1096 65 21 förslä
394 1097 33 20 till
443 1096 136 22 bestridande
596 1096 21 21 af
625 1096 25 21 de
663 1096 68 26 årliga
741 1096 120 26 utgifterna,

40 1125 54 20 skall
110 1126 47 24 nytt
172 1125 78 26 förslag
268 1131 32 14 om
317 1125 88 20 kassans
421 1125 160 26 kapitalbelopp
597 1126 107 25 uppgöras
720 1124 39 21 och
769 1124 93 21 faststäl-

40 1153 37 25 las,
93 1153 7 20 i
116 1153 41 20 den
173 1153 89 26 ordning
277 1153 14 27 &
309 1153 25 21 13
350 1153 143 22 föreskrifver.

424 1251 11 25 8
453 1251 32 20 15.

109 1295 36 21 Uti
162 1295 139 27 erläggandet
317 1295 23 21 af
353 1296 171 26 presterskapets
540 1295 75 27 bidrag
631 1296 31 20 till
677 1295 187 27 byggnadskassan

38 1323 62 22 skola
116 1324 97 26 samtlige
230 1324 106 21 ordinarie
351 1326 84 24 prester
447 1325 57 20 inom
520 1324 150 27 församlingen
687 1325 90 25 deltaga,
786 1324 79 21 enhvar

38 1352 8 20 i
68 1351 136 22 förhällande
228 1353 32 20 till
283 1353 53 20 hans
358 1352 46 21 frän
423 1353 150 26 församlingen
589 1353 105 26 utgäende
710 1352 154 21 löneförmäner

36 1380 67 26 jemte
118 1381 112 20 förmänen
245 1381 23 20 af
282 1381 97 21 boställe.
410 1381 74 21 Under
501 1381 92 26 ledighet
608 1381 23 21 af
645 1381 124 26 presttjenst
785 1381 79 26 äligger

40 1409 65 20 sädan
122 1409 122 26 skyldighet
260 1410 39 20 den
316 1410 51 20 eller
383 1409 54 26 dem,
453 1410 74 20 hvilka
541 1410 120 20 inkomsten
677 1410 34 20 vid
723 1409 90 26 tjensten
822 1408 43 22 till-

38 1437 159 27 godokommer.

108 1466 117 26 Angäende
242 1466 25 20 de
282 1466 100 26 grunder,
399 1466 66 26 enligt
481 1466 72 21 hvilka
568 1466 36 21 det
619 1466 28 27 pä
662 1466 152 26 församlingen
829 1472 36 14 an-

39 1494 130 20 kommande
191 1494 98 27 bidraget
311 1494 32 21 till
361 1494 77 21 kassan
454 1494 55 21 skall
525 1495 22 21 af
561 1495 25 21 de
602 1494 215 27 betalningsskyldige
832 1496 33 19 ut-

37 1524 71 24 göras,
125 1524 25 19 är
165 1528 76 21 genom
258 1523 91 21 särskild
364 1522 125 27 förordning
505 1523 22 21 af
541 1524 68 20 denna
625 1523 40 27 dag
681 1523 106 27 stadgadt.

107 1563 37 16 N:o
157 1567 16 15 5.
775 1562 22 18 14
