1056 1686
205 106 41 22 376
458 111 25 18 R.
495 116 18 13 0.
525 113 23 16 A.
561 112 54 17 1891.
639 113 13 16 3
663 113 64 16 Mars.

178 194 58 19 möte
259 191 134 22 framhällna.
422 192 50 21 Men
492 191 34 22 för
548 193 33 20 att
605 198 25 15 en
645 192 84 27 verklig
744 192 40 21 och
800 192 97 27 varaktig
912 194 61 25 nytta
988 193 19 21 af

178 221 74 27 dylika
268 221 143 21 läraremöten
427 221 54 21 skall
497 220 68 26 ernäs,
582 220 23 21 sä
621 223 24 18 är
660 221 37 21 det
712 221 81 26 nödigt,
809 222 32 20 att
857 221 26 21 de
899 220 65 21 blifva
973 227 34 20 pe-

177 249 93 22 riodiskt
286 249 180 26 äterkommande,
483 249 40 22 och
538 249 47 22 icke
597 249 66 26 nägot
678 249 92 22 enstaka
785 249 102 22 stäende.
904 249 53 21 Häri
970 250 38 25 lig-

179 284 39 20 ger
230 278 47 26 just
292 277 70 21 skälet
384 277 32 21 till
432 280 32 19 att
479 284 28 14 nu
523 277 61 21 äfven
600 278 35 20 vid
651 278 70 20 denna
741 278 104 26 landtdag
860 278 33 21 till
907 277 102 21 Finlands

179 306 93 21 Ständer
294 306 145 21 framkommit
462 312 25 15 en
510 306 90 26 petition
623 306 6 21 i
651 306 61 21 detta
735 306 60 27 syfte.
827 306 32 21 En
875 306 31 22 tid
921 306 22 21 af
957 306 12 21 3
985 306 24 21 är

178 335 80 21 mellan
273 336 86 20 mötena
374 340 61 22 synes
450 335 43 26 mig
507 334 20 27 ej
542 334 34 22 för
591 334 56 26 kort,
664 334 71 22 säsom
751 341 26 14 en
793 335 216 21 reservant
909 330 9 36 i
930 335 79 21 utskot-

178 364 33 20 tet
226 363 74 27 tyckes
316 369 56 15 anse.
397 363 40 27 Jag
453 365 46 19 tror
514 365 100 24 tvärtom,
631 365 32 19 att
679 365 86 19 mötena
774 364 61 20 äfven
843 363 90 21 sälunda
941 363 68 21 skulle

178 391 67 21 blifva
261 398 41 20 nog
318 391 75 21 talrikt
408 392 95 26 besökta,
521 392 39 21 och
577 393 38 24 att,
631 398 76 20 genom
719 393 32 20 ett
766 392 139 26 förlängande
921 392 23 20 af
958 392 50 21 mel-

177 420 98 21 lantiden
290 420 80 22 mellan
384 422 92 24 mötena,
492 420 100 21 intresset
607 420 34 21 för
663 421 110 21 desamma
787 421 70 20 skulle
875 420 80 21 svalna.
977 421 32 20 Hr

178 449 101 21 Lindelöf
299 449 39 21 har
358 450 77 23 ansett,
459 450 32 20 att
506 449 149 21 anordnandet
669 449 24 21 af
706 449 63 21 dessa
785 449 108 21 allmänna
907 449 103 21 skollära-

179 479 99 19 remöten
293 477 67 21 borde
375 477 118 21 bibehällas
508 478 33 20 för
554 478 140 26 Regeringen,
711 478 20 20 d.
747 484 18 14 v.
783 484 16 14 s.
815 478 148 26 förnämligast
975 477 35 21 väl

179 506 38 22 ske
238 512 77 20 genom
338 506 217 26 skolöfverstyrelsen.
586 506 41 26 Jag
647 506 34 20 för
696 506 43 21 min
756 506 33 21 del
805 506 68 21 häller
888 506 33 21 för
936 508 32 18 att
984 512 25 15 en

179 536 70 20 större
272 534 84 27 garanti
379 534 33 21 för
435 536 38 24 att,
489 534 62 22 äfven
567 534 68 22 under
651 535 43 20 alla
709 534 155 26 förhällanden,
881 534 26 21 de
923 534 86 27 äsigter,

179 569 45 15 som
249 563 148 21 erfarenheten
418 563 38 20 och
479 563 40 20 den
533 563 108 20 allmänna
656 563 113 32 meningen
785 563 6 20 i
807 563 48 20 värt
870 563 49 20 land
935 563 53 26 hysa
1003 563 7 20 i

179 591 242 26 undervisningsfrägor,
443 591 22 21 fä
487 591 84 21 tillfälle
589 592 32 20 att
637 591 70 21 uttala
723 591 38 26 sig,
777 591 119 26 förefinnes,
912 591 45 21 ifall
972 597 37 15 an-

180 620 121 21 ordnandet
316 620 23 21 af
352 621 86 20 mötena
453 619 62 22 äfven
530 619 130 22 tillkommer
675 621 88 19 mötena
778 620 80 27 sjelfva,
875 608 21 33 d.
911 626 18 15 v.
946 626 16 14 s.
973 620 36 21 det

178 648 130 27 föregående
323 650 69 19 mötet
405 655 76 20 genom
497 648 69 26 någon
582 648 23 21 af
619 649 119 20 detsamma
754 648 33 21 för
802 649 114 20 framtiden
932 648 77 21 utsedd

179 677 87 21 komité.
293 677 30 20 På
339 677 42 20 alla
396 677 62 21 dessa
474 677 89 20 anförda
579 677 46 21 skäl
641 683 62 15 anser
717 677 37 26 jag
770 683 25 15 en
811 677 91 26 petition
917 677 6 20 i
934 677 75 26 antydt

178 705 56 27 syfte
258 705 112 27 högeligen
393 705 106 21 önskvärd
520 705 39 22 och
582 705 37 21 ber
635 705 26 26 på
677 706 37 21 det
729 708 107 18 varmaste
852 705 39 21 hos
907 705 36 21 det
959 705 50 26 hög-

178 734 72 27 lofliga
267 734 89 21 Ståndet
371 733 21 22 få
406 733 87 22 förorda
508 741 28 14 nu
552 733 145 28 föreliggande
714 735 90 25 petition
815 734 39 21 och
865 734 141 23 betänkande,

248 790 34 21 Hr
303 791 81 21 Rein:
414 791 43 20 För
479 791 43 20 min
538 791 34 20 del
588 792 23 19 är
621 791 38 26 jag
673 791 49 21 med
739 791 40 20 den
795 793 85 19 senaste
896 791 65 20 ärade
976 792 32 19 ta-

177 819 60 21 laren
254 825 50 15 ense
320 825 34 15 om
369 821 78 25 gagnet
462 819 23 21 af
498 819 106 21 allmänna
619 819 199 25 skolläraremöten,
835 826 48 15 men
899 819 42 21 kan
953 819 55 21 dock

177 848 47 20 icke
240 848 144 26 undertrycka
399 848 40 20 den
455 847 109 27 farhågan,
581 850 32 18 att
629 848 36 20 det
680 848 54 20 skall
751 848 45 20 visa
808 848 31 26 sig
852 848 81 20 mindre
944 848 64 26 prak-

178 876 54 21 tiskt
256 878 33 19 att
304 876 24 21 så
342 882 61 20 noga,
419 882 45 15 som
480 870 108 27 utskottet
603 877 62 25 velat,
683 882 25 15 en
724 876 56 27 gång
795 876 33 21 för
843 876 43 21 alla
901 876 66 21 fixera
982 876 25 20 ti-

178 905 40 21 den
234 904 35 21 för
283 906 91 20 mötena.
400 904 42 22 Det
456 905 108 21 förefaller
579 905 43 26 mig
637 905 82 21 mindre
739 905 97 26 lämpligt
847 906 32 20 att
890 904 117 22 bestämma

178 933 63 21 hvart
264 933 68 27 tredje
356 933 23 21 år
401 933 33 21 för
457 933 62 21 dessa
539 935 79 23 möten,
642 933 27 21 då
689 934 25 26 ju
729 933 163 21 förhållandena
907 934 100 20 stundom

176 962 74 20 kunna
274 964 59 24 göra,
356 963 33 19 att
411 962 36 20 det
462 968 49 15 vore
528 962 122 26 önskvärdt,
666 964 33 19 att
714 964 87 18 mötena
816 962 71 21 kunde
902 968 105 14 samman-

177 990 88 21 komma
281 990 74 25 oftare,
372 990 98 21 stundom
487 990 46 21 åter
547 990 83 22 mindre
646 990 56 26 ofta;
719 990 73 21 derför
807 993 47 18 tror
867 990 42 27 jag,
926 992 33 19 att
970 990 36 21 det

176 1025 52 15 vore
243 1019 42 24 väl,
301 1025 34 15 om
351 1018 107 27 Styrelsen
474 1019 39 21 här
528 1019 67 21 skulle
612 1018 63 22 hafva
691 1018 128 27 befogenhet
839 1021 33 19 att
887 1019 119 21 bestämma

178 1053 34 15 om
235 1049 93 23 mötena,
352 1047 40 21 och
411 1047 86 21 förenar
513 1048 42 26 mig
571 1048 72 20 derför
659 1048 49 20 med
724 1048 32 20 Hr
771 1048 104 20 Lindelöf.
905 1048 41 26 Jag
961 1050 46 18 tror

176 1076 92 21 likasom
284 1076 32 21 Hr
331 1076 103 25 Lindelöf,
450 1078 33 19 att
498 1076 35 21 det
549 1076 18 27 ej
584 1076 54 21 skall
653 1076 46 21 visa
716 1076 32 26 sig
769 1076 97 26 lämpligt
881 1078 39 22 att,
936 1076 69 21 såsom

176 1104 109 21 utskottet
300 1104 115 27 föreslagit,
432 1104 36 21 det
483 1104 127 27 föregående
631 1107 68 18 mötet
715 1104 53 21 skall
785 1104 120 21 bestämma
921 1104 36 21 det
967 1104 39 21 föl-

174 1132 66 27 jande
256 1135 79 19 mötets
350 1138 105 21 program.
486 1133 33 20 Då
534 1135 46 19 tror
593 1133 36 26 jag
645 1133 36 21 det
696 1139 51 14 vore
763 1133 131 26 lämpligare,
906 1135 32 18 att
949 1132 56 21 skol-

177 1161 106 27 styrelsen
306 1161 67 21 skulle
390 1161 63 21 hafva
468 1161 161 22 bestämmande
645 1163 51 24 röst,
714 1161 39 21 och
769 1161 116 26 förmodar,
901 1163 32 19 att
949 1161 56 21 skol-

177 1190 107 26 styrelsen
308 1190 114 26 ingalunda
445 1190 55 21 skail
523 1192 66 24 vägra
612 1192 32 19 att
666 1189 27 28 på
709 1191 146 25 programmet
871 1190 33 21 för
919 1191 87 20 mötena

176 1219 96 26 upptaga
288 1217 80 22 sådana
383 1218 76 27 frågor,
476 1219 71 21 hvilka
566 1219 73 20 väckts
655 1218 22 21 af
692 1218 121 27 respektive
824 1218 181 26 lärarekollegier.

175 1246 159 21 Erfarenheten
349 1247 75 20 hittills
440 1247 39 21 har
494 1247 61 26 gifvit
569 1247 114 26 anledning
699 1249 42 20 tro,
753 1249 32 18 att
796 1247 152 26 skolstyrelsen
960 1246 46 21 icke

176 1274 55 21 skall
254 1275 77 21 hindra
353 1274 72 22 hvilka
442 1275 71 26 frågor
529 1282 44 15 som
589 1276 62 23 helst,
667 1282 46 15 som
729 1275 64 21 häraf
809 1275 73 21 kunna
897 1281 52 15 vara
963 1275 43 20 för-

176 1303 74 27 tjenta,
276 1306 32 18 att
330 1304 85 21 komma
437 1305 68 20 under
524 1304 127 21 diskussion.
681 1304 42 26 Jag
738 1306 29 23 är,
785 1304 4 20 i
806 1303 100 22 afseende
923 1303 12 21 å
951 1303 54 20 hvad

173 1331 39 27 jag
227 1332 7 20 i
250 1332 89 21 ärendet
355 1332 77 21 önskar
447 1334 58 25 säga,
521 1333 90 20 sålunda
627 1332 140 21 öfverhufvud
784 1338 49 15 ense
849 1334 48 19 med
913 1333 32 20 Hr
957 1332 48 21 Lin-

176 1360 64 21 delöf.
268 1361 41 26 Jag
325 1363 43 18 tror
385 1360 200 28 öfverhufvudtaget
600 1361 55 26 icke,
670 1363 33 19 att
719 1361 37 21 det
772 1367 50 15 vore
838 1363 50 21 rätt,
905 1362 32 19 att
949 1360 56 21 skol-

174 1389 140 21 lärarekåren
330 1389 67 21 skulle
413 1389 86 21 komma
514 1392 33 18 att
562 1390 96 20 etablera
673 1389 71 27 någon
760 1391 43 19 stat
818 1389 7 21 i
841 1392 78 20 staten,
935 1389 70 20 såsom

174 1418 54 19 nära
244 1423 43 21 nog
302 1418 60 20 fallet
376 1417 75 26 blefve,
467 1418 44 20 ifall
520 1418 69 21 denna
599 1418 89 26 petition
697 1424 70 14 vunne
778 1418 105 23 afseende,
892 1419 52 19 utan
953 1419 61 23 tror,.

174 1447 33 19 att
223 1446 123 20 densamma
361 1447 21 19 af
397 1446 90 21 Ståndet
503 1446 39 21 bör
557 1446 80 21 lemnas
653 1448 52 19 utan
726 1446 105 26 afseende,
845 1446 68 21 under
924 1446 36 20 det
968 1446 37 26 jag

173 1475 58 19 ännu
254 1480 27 15 en
302 1474 55 27 gång
379 1474 38 22 ber
439 1474 22 21 få
477 1481 110 15 reservera
601 1477 45 19 mot
661 1475 49 25 mig,
727 1476 33 19 att
772 1474 38 27 jag
824 1474 47 22 icke
887 1474 69 21 skulle
972 1474 33 20 till

173 1501 53 22 fullo
243 1505 86 19 sentera
343 1505 78 24 gagnet
436 1503 40 21 och
490 1504 76 20 värdet
581 1504 22 20 af
617 1504 198 20 skolläraremöten.
