1056 1686
203 99 42 22 336
448 103 24 18 R.
486 108 17 13 o.
515 104 22 17 A.
551 104 54 17 1891.
629 104 29 17 28
669 104 59 17 Febr.

511 183 165 29 Militiebudgeten.

244 246 122 27 Föredrogs
382 245 49 22 nåd.
447 252 60 21 prop.
528 245 41 22 N:o
593 247 26 20 13
643 252 34 15 om
701 245 116 22 anvisande
839 246 24 21 af
882 245 67 22 medel
971 245 34 22 till

176 275 141 21 bestridande
332 274 24 21 af
370 275 145 21 kostnaderna
536 274 34 21 för
592 274 69 21 finska
676 274 108 21 militären
799 275 68 21 under
882 274 51 21 åren
950 274 54 20 1892

176 303 93 23 —1894.

244 366 12 21 I
271 365 114 27 anledning
399 365 64 21 häraf
475 364 105 27 begärdes
601 364 62 22 ordet
677 364 33 22 till
732 364 55 22 först
809 364 24 22 af

247 411 33 22 Hr
288 412 26 20 K.
330 410 101 26 Antell,
442 416 47 16 som
497 410 95 27 yttrade:
601 410 32 21 En
640 410 123 27 jemförelse
772 410 23 22 af
802 410 49 22 det
844 406 10 35 i
860 410 145 26 föreliggande

177 439 49 22 nåd.
236 446 61 21 prop.
306 439 79 22 äskade
393 439 96 27 anslaget
497 439 33 21 för
535 438 69 22 finska
610 439 107 21 militären
724 438 34 22 för
763 440 50 20 näst
818 439 103 27 ingående
928 438 77 22 finans-

174 468 77 27 period
261 468 49 22 med
327 468 26 21 de
363 469 96 20 närmast
469 467 128 27 föregående
607 467 214 27 militärbudgeterna
830 467 67 27 gifver
907 467 36 21 vid
953 466 51 22 han-

174 497 43 21 den
228 498 34 20 att
278 503 26 15 en
314 496 47 22 icke
371 496 61 27 ringa
442 496 94 27 stegring
551 496 32 21 uti
599 496 116 26 utgifterna
725 496 34 21 för
769 496 108 21 militären
892 495 112 27 påkallats,

176 525 29 27 på
220 531 84 15 samma
318 524 56 28 gång
389 531 46 15 som
451 525 26 21 de
499 524 108 22 ordinarie
631 524 147 22 inkomsterna
799 525 32 21 uti
851 524 154 22 militiefonden

175 553 98 26 nedgått.
300 553 42 22 Vid
358 559 26 15 en
398 555 99 19 närmare
511 552 131 27 granskning
657 553 23 21 af
693 554 37 20 det
745 559 30 14 nu
789 552 145 27 föreliggande
951 552 54 21 bud-

175 581 143 28 getförslaget
339 581 68 22 finner
425 587 49 16 man
489 581 66 21 likväl
569 582 34 20 att
617 581 38 21 det
669 587 50 21 nyss
735 581 123 26 uppställda
872 581 69 21 finska
955 581 49 20 dra-

175 611 177 26 gonregementet
366 610 7 21 i
388 610 43 26 hög
445 609 53 28 grad
513 609 94 27 bidragit
625 609 33 22 till
681 610 40 21 den
745 610 81 21 skedda
848 609 155 27 förhöjningen,

175 639 31 26 ity
221 640 34 20 att
276 638 119 22 kostnaden
417 638 34 21 för
470 638 69 21 finska
561 638 216 27 dragonregementet
797 640 104 25 upptages
921 637 34 22 för
977 638 27 21 de

175 667 95 21 nämnda
286 667 12 21 3
314 667 51 21 åren
380 667 33 21 till
429 667 112 26 2,682,000
556 667 69 21 mark.
655 667 43 21 Det
713 668 25 19 är
753 668 32 20 ett
799 667 84 27 belopp,
905 673 45 14 som
965 673 38 14 un-

174 695 119 27 gefärligen
308 697 109 26 uppväger
437 695 41 21 den
497 695 130 26 förefintliga
642 695 113 21 skilnaden
770 695 91 22 emellan
877 695 25 21 de
918 695 85 21 ordina-

175 724 31 21 rie
222 724 118 27 utgifterna
354 724 31 21 uti
401 723 36 22 det
451 730 30 15 nu
495 723 145 27 föreliggande
660 723 40 22 och
716 723 27 22 de
765 725 96 20 närmast
875 723 128 27 föregående

175 752 117 27 förslagen.
321 752 41 22 Väl
378 752 131 21 förekomma
524 753 32 20 uti
579 752 60 21 detta
661 752 82 27 förslag
765 752 62 21 äfven
850 752 66 27 några
936 752 68 21 andra

176 781 128 27 stegringar,
320 781 70 21 såsom
407 781 126 26 exempelvis
548 780 34 21 för
598 780 252 27 befälhafvarestyrelsen
866 781 39 21 och
923 780 34 22 för
971 786 33 16 re-

175 811 61 20 mont
252 809 41 22 och
308 809 122 27 reparation
446 809 23 21 af
481 809 237 27 kasernbyggnaderna.
749 809 49 21 Men
817 810 7 21 i
840 809 90 22 främsta
947 815 58 15 rum-

176 839 45 20 met
236 839 26 19 är
277 838 55 21 dock
348 837 40 21 den
403 837 185 27 omständigheten
604 837 34 21 för
653 837 122 21 Ständerna
797 838 114 26 betänklig,
927 839 34 19 att
978 837 26 21 de

176 866 108 21 ordinarie
299 866 146 21 inkomsterna
466 866 8 21 i
496 866 154 21 militiefonden
670 872 91 15 numera
775 866 48 22 icke
837 866 7 21 i
859 872 81 16 samma
955 872 49 20 pro-

175 894 94 27 portion,
291 901 46 15 som
352 894 105 22 härintills
472 894 90 26 bidraga
577 896 32 20 att
625 894 92 22 betäcka
737 894 151 22 kostnaderna.
918 895 11 21 I
944 894 61 21 detta

175 922 103 22 afseende
294 923 42 21 kan
352 929 26 15 en
391 923 121 27 jemförelse
527 923 91 21 emellan
633 923 118 27 utgifterna
773 922 34 22 för
821 923 184 21 militärväsendet

176 951 42 21 och
232 951 148 22 inkomsterna
394 952 7 20 i
416 951 155 22 militiefonden
586 952 33 21 för
634 952 27 21 de
675 953 98 19 närmast
783 951 128 27 föregående
926 951 77 21 finans-

176 980 132 27 perioderna
323 986 51 15 vara
388 980 24 21 af
424 980 97 21 intresse.
551 980 27 21 Vi
593 980 58 21 finna
665 980 92 21 sålunda
771 981 33 20 att
819 980 33 22 för
867 980 137 26 finansperio-

176 1008 42 22 den
243 1009 141 21 1886—1888
407 1008 166 22 Statsutskottet
588 1009 106 21 beräknat
717 1008 118 28 utgifterna
848 1009 34 21 för
897 1009 108 21 militären

175 1037 34 21 till
226 1037 128 26 18,699,848
369 1037 67 26 mark,
453 1037 85 21 derutaf
557 1038 106 20 ordinarie
686 1037 91 27 utgifter
800 1038 127 26 16,103,848
943 1036 62 22 mark

176 1066 40 20 och
232 1067 62 19 extra
316 1066 87 26 utgifter
425 1066 114 26 2,596,000
560 1066 67 24 mark,
652 1066 26 21 de
701 1072 76 16 senare
799 1066 34 21 för
854 1068 71 24 gevär,
940 1067 64 24 tross,

176 1094 107 26 förräder,
299 1100 110 16 reservens
424 1094 103 22 baracker
542 1101 27 15 m.
586 1101 28 15 m.
643 1094 44 22 För
711 1094 71 22 denna
801 1094 144 27 finansperiod
969 1094 36 21 be-

178 1122 108 21 räknades
302 1122 120 21 nmellertid
437 1123 146 21 inkomsterna
604 1123 32 21 uti
658 1123 156 21 militiefonden
836 1123 34 21 till
892 1123 113 26 9,970,000

176 1150 69 21 mark.
277 1150 95 22 Sälunda
386 1151 69 21 skulle
471 1151 119 22 Ständerna
605 1151 28 21 dä
654 1151 99 21 anskaffa
775 1152 32 20 ett
828 1151 178 26 tillskottsanslag

175 1179 24 20 af
213 1179 79 21 endast
307 1180 112 26 8,729,000
435 1180 72 27 mark;
532 1180 36 21 det
590 1186 38 14 var
643 1180 34 21 vid
695 1180 55 21 1885
766 1179 35 22 ärs
823 1180 109 27 landtdag.
963 1179 43 22 För

176 1207 42 21 den
234 1207 144 28 nästföljande
393 1208 170 27 finansperioden
579 1208 103 27 begärdes
698 1208 32 21 uti
745 1208 49 22 näd.
805 1214 61 21 prop.
878 1208 127 27 17,017,645

176 1235 70 22 mark.
277 1236 34 21 Då
325 1236 134 22 beräknades
474 1237 147 21 inkomsterna
635 1237 32 21 uti
681 1236 157 22 militiefonden
848 1237 33 20 till
891 1237 115 26 6,162,000

175 1264 68 21 mark.
275 1264 89 22 Säledes
387 1265 68 21 skulle
476 1265 120 22 Ständerna
617 1264 97 22 anskafla
737 1267 31 19 ett
791 1265 179 26 tillskottsanslag
985 1265 24 21 af

177 1293 129 26 10,855,000
320 1293 68 21 mark.
417 1293 81 22 Härvid
514 1295 24 20 är
560 1296 33 19 att
615 1294 75 21 märka
713 1295 33 19 att
769 1293 166 22 Statsutskottet
951 1293 56 21 dock

174 1321 76 27 gjorde
267 1321 67 27 nägra
348 1321 115 28 ändringar
484 1322 8 21 i
514 1322 187 27 utgiftsförslaget,
725 1322 138 27 hvarigenom
888 1322 119 21 detsamma

173 1349 135 28 nedbragtes
323 1351 47 20 med
386 1351 91 24 225,000
492 1351 69 24 mark,
576 1357 49 15 men
640 1351 7 21 i
662 1351 75 21 stället
757 1351 135 21 erfordrades
913 1350 34 21 för
968 1350 38 21 ka-

176 1378 100 21 valleriet
292 1380 31 19 ett
338 1379 92 21 tillskott
445 1379 24 21 af
483 1380 113 25 1,900,000
611 1379 68 25 mark,
696 1379 138 26 hvarigenom
849 1379 158 26 totalbeloppet

176 1406 24 20 af
213 1406 119 26 utgifterna
347 1406 33 22 för
395 1407 92 21 nämnda
502 1407 143 27 finansperiod
661 1407 56 21 dock
733 1408 46 26 steg
797 1407 33 21 till
852 1406 90 28 ungefär
957 1413 50 15 ena-

175 1434 74 22 handa
265 1441 83 15 summa
362 1442 45 14 som
431 1436 33 20 för
483 1435 128 27 föregäende
632 1436 82 26 period,
737 1442 49 14 men
809 1436 37 20 det
868 1435 139 27 erforderliga

176 1463 210 27 tillskottsanslaget,
403 1470 46 15 som
464 1464 121 21 Ständerna
599 1464 55 22 hade
669 1466 35 19 att
719 1464 104 26 anskaffa,
835 1465 62 20 växte
910 1464 97 21 emeller-

176 1491 32 21 tid
223 1491 34 21 till
274 1492 59 21 öfver
349 1493 25 20 11
391 1492 97 27 miljoner
503 1492 67 22 mark.
593 1493 44 21 För
653 1493 41 21 den
710 1498 29 15 nu
749 1492 104 27 ingäende
868 1492 139 27 finansperio-
