1056 1686
195 115 43 21 476
445 120 26 17 R.
483 124 18 13 o.
512 120 23 17 A.
547 120 54 17 1891.
623 120 24 17 19
658 119 63 18 Mars.

167 205 50 16 man
245 200 25 26 ju
300 199 68 22 måste
397 199 58 21 finna
484 201 32 19 att
545 199 99 27 afgälden
673 199 47 22 icke
747 199 45 22 står
821 199 21 21 i-
858 199 79 26 något”
953 199 42 22 för-

168 227 100 22 hällande
284 228 33 21 till
332 230 82 24 torpets
429 228 96 26 verkliga
543 228 70 26 värde,
637 234 48 15 men
709 227 60 22 detta
791 228 64 21 beror
875 227 66 27 derpä
963 230 32 19 att

168 258 103 24 torparen
286 256 35 21 vid
336 256 105 21 tillträdet
456 257 97 26 erlägger
569 263 25 14 en
609 256 56 27 gäng
680 256 33 21 för
729 256 43 21 alla
789 257 62 25 1,700
865 256 67 25 mark,
955 256 40 21 och

168 284 67 21 sedan
251 284 85 21 betalar
351 284 42 20 han
408 284 81 26 årligen
504 285 12 20 5
533 284 26 26 ?/,
576 286 62 19 ränta
656 285 27 25 pä
706 284 135 21 återstående
863 285 42 21 300
927 284 68 21 mark.

168 313 44 21 Det
228 314 25 19 är
269 312 119 22 emellertid
403 314 31 19 ett
449 312 140 26 förhällande,
605 318 45 16 som
666 313 42 20 kan
724 314 62 25 sägas
802 313 103 21 innebära
928 312 67 22 skatt-

169 341 84 27 skyldig
266 340 61 27 jords
342 341 120 27 minskning
477 341 38 21 och
531 347 46 15 som
593 341 28 21 bl.
645 348 20 14 a.
687 342 25 20 är
733 341 78 27 egnadt
832 343 33 19 att
887 341 7 21 i
914 341 84 26 ganska

169 369 111 27 betänklig
294 370 54 26 grad
363 369 69 21 rubba
447 370 36 20 det
498 369 101 27 begrepp,
613 369 171 27 fordringsegare
800 370 72 20 kunna
887 369 58 21 bilda
965 370 32 26 sig

170 404 34 14 om
220 398 139 26 lägenhetens
375 399 57 19 rätta
446 398 75 22 värde;
543 398 39 20 och
604 398 27 20 dä
645 398 23 26 ju
690 404 76 20 genom
789 398 7 20 i
818 398 35 26 lag
876 398 119 26 medgifven

168 426 139 26 jorddelning
322 426 39 21 och
377 426 139 26 parcellering
539 428 30 19 ett
590 426 77 21 sädant
689 426 170 27 tillvägagäende
881 432 62 20 synes
962 426 37 21 för

170 454 116 21 framtiden
301 454 64 21 blifva
381 454 138 27 öfverflödigt,
535 454 24 22 sä
574 460 50 15 vore
640 455 36 20 det
683 454 82 22 kanske
775 454 46 21 icke
832 456 52 19 utan
895 454 52 26 skäl,
961 460 34 16 om

169 488 27 15 en
211 482 104 22 framtida
330 482 131 27 lagstiftning
475 483 28 26 pä
518 483 60 21 detta
593 482 86 22 omräde
696 483 49 21 ville
762 483 79 21 beakta
852 483 61 21 äfven
929 483 67 26 sagda

168 510 144 22 förhällande.
342 511 41 27 Jag
398 511 38 21 ber
451 513 32 19 att
498 511 22 21 fä
535 511 78 21 föreslä
628 513 32 19 att
683 511 25 21 R.
726 518 18 14 o.
761 512 25 20 A.
809 511 49 21 ville
882 511 115 27 godkänna

168 540 119 20 utskottets
303 539 85 26 förslag,
405 539 40 21 och
461 540 101 25 derjemte
578 539 74 21 förena
667 540 32 25 sig
715 546 34 14 om
764 540 117 21 utskottets
897 539 28 26 pä
943 540 53 21 sista

169 567 61 21 sidan
246 567 23 21 af
282 567 145 21 betänkandet
442 568 87 26 intagna
549 568 80 26 förslag
650 568 33 21 till
706 568 133 27 underdänig
860 567 134 22 hemställan.

238 624 34 21 Hr
294 624 145 21 Norrmön:
464 624 66 21 Afven
548 624 37 27 jag
605 624 38 21 ber
657 625 33 20 att
705 623 22 22 få
742 624 86 26 inlägga
843 625 32 20 ett
889 624 52 26 godt
957 624 39 21 ord

168 652 34 21 för
216 653 118 20 utskottets
349 652 143 27 föreliggande
507 653 141 20 betänkande.
678 653 42 25 Jag
735 653 39 20 har
789 653 84 26 pröfvat
894 653 26 20 de
941 652 55 27 skäl,

169 687 45 14 som
239 681 33 20 Hr
294 681 120 21 Grotenfelt
436 681 71 21 anfört
529 683 57 18 emot
609 681 119 20 detsamma
743 681 31 20 uti
790 687 28 14 nu
833 681 163 26 ifrägavarande

170 709 40 25 del,
234 715 50 15 men
306 709 45 21 icke
376 709 81 21 kunnat
482 709 56 20 finna
562 711 33 19 att
618 709 108 21 desamma
747 715 52 15 vore
822 709 103 21 hällbara.
965 709 32 20 Hr

169 737 123 21 Grotenfelt
307 737 123 22 framhåller
445 738 6 21 i
467 737 89 22 främsta
571 740 92 19 rummet
679 739 32 19 att
726 738 102 26 förslaget
850 744 51 15 vore
917 738 79 25 egnadt

168 767 34 20 att
216 765 116 22 framkalla
346 772 27 15 en
388 766 141 26 torparfråga,
545 766 84 21 hvilken
645 768 57 19 ännu
718 766 46 21 icke
785 766 73 26 finnes,
881 766 8 21 i
912 766 36 21 det
963 768 33 19 att

169 794 27 21 de
209 794 122 26 jordegare,
347 794 71 21 hvilka
433 796 94 19 närmast
542 795 65 20 blifva
623 795 90 20 träffade
736 795 23 20 af
777 795 110 26 förslaget,
909 795 20 20 d.
945 801 19 14 v.
980 801 17 14 s.

169 823 33 25 de,
218 828 46 15 som
287 823 63 20 hafva
372 823 46 20 sina
439 825 86 23 torpare
548 825 93 24 antagna
663 823 26 26 på
713 823 42 21 viss
770 823 139 26 uppsägning,
927 823 69 21 blefve

168 852 96 24 tvungna
280 852 32 20 att
327 851 72 21 skrida
414 851 32 21 till
462 851 137 27 uppsägning,
616 851 59 21 detta
691 851 89 21 emedan
795 851 140 21 förevarande
951 851 45 27 lag-

171 878 83 27 förslag
269 879 47 21 icke
331 879 68 21 skulle
413 879 71 21 lemna
495 880 127 26 jordegaren
639 879 65 27 något
719 880 68 26 skydd
807 881 57 19 emot
886 881 109 25 torparen.

171 907 67 21 Detta
254 907 47 21 skäl
316 908 41 20 kan
371 908 36 26 jag
423 914 18 20 ej
456 908 119 26 godkänna.
606 908 86 21 Samma
707 908 81 26 påföljd
803 908 69 21 skulle
888 908 61 21 äfven
965 908 31 20 in-

172 936 72 26 träda,
272 942 33 15 om
330 936 81 20 hvilket
435 938 64 18 annat
523 936 116 27 lagförslag
663 936 32 21 uti
713 936 162 26 ifrågavarande
897 936 100 21 afseende

172 964 70 21 skulle
264 966 89 25 antagas
374 964 23 21 af
417 964 124 22 Ständerna.
572 965 42 21 Det
637 967 24 18 är
681 965 25 26 ju
727 965 47 21 icke
795 965 134 26 jordegaren,
951 970 46 15 som

172 992 104 22 behöfver
291 993 67 27 skydd
374 995 44 19 mot
433 995 106 25 torparen,
554 995 52 19 utan
622 995 99 19 tvärtom.
752 993 133 26 Jordegaren
907 993 39 20 har
964 999 33 15 re-

172 1020 43 21 dan
230 1021 70 26 skydd
314 1027 76 20 genom
409 1023 32 19 att
463 1022 53 20 hans
539 1021 128 21 aftalsfrihet
688 1022 47 20 icke
756 1024 24 18 är
800 1021 118 21 inskränkt.
949 1021 48 21 Han

171 1049 43 21 kan
231 1050 73 26 intaga
319 1050 7 20 i
341 1049 124 22 kontraktet
481 1050 166 27 bestämningar,
670 1056 45 15 som
731 1052 76 25 trygga
822 1050 53 20 hans
894 1052 44 18 rätt
953 1051 46 19 mot

172 1079 110 25 torparen,
298 1078 39 21 och
352 1084 49 14 man
417 1078 65 21 borde
497 1078 88 21 besinna
600 1081 32 18 att
645 1078 128 27 jordegaren
788 1079 7 20 i
813 1078 66 26 högre
901 1078 53 26 grad
970 1080 27 18 än

173 1108 103 23 torparen
292 1108 24 19 är
322 1102 12 36 i
352 1106 83 21 tillfälle
450 1108 33 19 att
497 1107 73 20 härvid
586 1107 113 26 tillgodose
715 1108 46 19 sina
776 1108 104 19 intressen
891 1106 27 26 på
929 1107 69 26 grund

172 1133 24 21 af
210 1135 31 20 sin
258 1134 66 27 högre
340 1135 199 26 samhällsställning
563 1135 38 21 och
624 1135 102 26 bildning.
757 1135 108 26 Torparen
889 1135 39 20 har
949 1135 49 20 der-

172 1164 60 19 emot
247 1163 46 20 ofta
308 1163 58 20 svårt
386 1166 32 17 att
440 1164 7 19 i
468 1163 124 21 kontraktet
612 1163 21 21 få
653 1164 88 26 intagna
763 1163 166 26 bestämningar,
953 1169 45 14 som

172 1190 84 27 skydda
272 1191 77 21 honom
366 1193 43 19 mot
422 1191 133 26 jordegaren.
586 1191 33 22 Då
632 1192 37 26 jag
684 1198 63 15 anser
763 1193 32 20 att
811 1192 60 21 detta
883 1191 117 27 lagförslag

173 1219 55 20 dock
250 1219 117 21 betecknar
388 1222 30 19 ett
438 1220 101 27 framsteg
562 1221 39 20 och
624 1222 23 19 är
670 1221 78 26 egnadt
771 1222 32 19 att
825 1221 7 20 i
855 1219 70 27 någon
949 1219 50 21 mån

172 1247 84 27 skydda
272 1250 100 24 torparen
383 1250 44 19 mot
437 1249 128 26 fullkomligt
576 1249 112 26 godtycke,
700 1250 71 19 röstar
781 1249 36 26 jag
827 1248 34 21 för
872 1249 124 20 detsamma.

244 1304 33 21 Ar
297 1304 106 21 Munck:
426 1304 67 22 Afven
510 1305 36 26 jag
561 1305 67 21 finner
643 1307 33 19 att
693 1305 100 21 behofvet
807 1305 24 20 af
844 1305 133 27 lagstiftning
993 1305 6 20 i

173 1332 165 26 ifrägavarande
354 1334 60 19 ämne
430 1335 24 19 är
470 1335 61 24 stort,
546 1334 40 20 och
602 1335 33 20 att
650 1333 156 27 torparfrägan,
823 1333 68 22 ehuru
901 1334 41 20 den
953 1333 47 21 icke

173 1360 62 27 gifvit
252 1361 32 26 sig
306 1361 90 26 uttryck,
415 1362 87 21 allmänt
523 1363 36 19 rör
581 1363 32 25 sig
633 1362 38 21 hos
695 1361 48 22 värt
765 1361 51 22 folk.
847 1362 42 21 Det
904 1362 40 20 har
957 1361 43 27 jag,

174 1395 46 15 som
242 1389 55 21 varit
320 1389 85 21 domare
428 1390 27 26 pä
480 1390 71 21 landet
575 1391 7 19 i
607 1390 59 21 öfver
692 1391 27 20 20
745 1390 30 26 år,
798 1392 99 24 nogsamt
919 1390 82 21 erfarit.

174 1416 86 22 Tvänne
291 1418 180 26 omständigheter
496 1418 6 20 i
527 1419 116 25 synnerhet
669 1418 70 26 hafva,
773 1418 70 22 säsom
866 1418 37 26 jag
935 1418 67 27 tyckt,

173 1445 126 21 framkallat
314 1446 26 20 de
356 1448 79 18 största
457 1447 170 26 olägenheterna,
653 1447 108 26 nämligen
787 1447 54 21 först
864 1446 136 22 föreskriften

173 1474 33 20 uti
222 1474 217 26 torparekontrakten
455 1477 32 19 att
502 1476 86 25 torpare
603 1476 72 20 kunna
691 1476 34 20 vid
741 1476 79 20 minsta
840 1475 161 21 uraktlätenhet

174 1502 53 21 eller
242 1502 102 22 förseelse
360 1503 76 21 vräkas
451 1504 40 20 och
505 1504 33 20 för
553 1504 36 21 det
604 1504 74 26 andra,
694 1506 33 19 att
740 1504 128 26 jordegaren
889 1504 114 26 vanligtvis
