1056 1686
333 113 25 18 R.
370 118 18 13 o.
399 114 24 16 A.
435 114 55 17 1891.
513 114 28 17 24
553 113 58 18 Febr.
816 109 42 22 333

56 193 58 22 utan"
123 193 125 22 understöd.
275 193 48 22 Den
337 193 140 22 förevarande
492 193 75 28 frågan
583 195 24 20 är
622 193 109 27 verkligen
737 194 24 21 af
767 194 41 21 den
816 196 70 20 utom-

56 222 120 27 ordentliga
197 221 109 28 betydelse
328 221 59 22 säväl
408 221 33 22 för
461 222 148 22 universitetet
621 228 46 15 som
682 223 157 26 skolväsendet,
853 225 34 20 att

56 251 37 21 det
112 257 51 24 vore
182 251 86 30 mycket
282 250 98 29 ledsamt,
403 256 34 15 om
460 250 41 22 den
516 251 47 26 icke
578 250 63 22 ledde
656 251 33 26 till
703 252 32 20 ett
750 235 89 57 lyckligt
853 258 33 15 re-

56 276 76 25 sultat.
159 277 41 29 Jag
215 276 39 24 ber
270 275 72 25 derför
356 267 24 33 få
393 276 132 24 understöda
538 274 134 32 petitionen.'

125 335 71 22 Sedan
220 335 148 22 diskussionen
390 335 89 22 härmed
501 335 117 22 förklarats
640 335 100 28 afslutad,
761 336 124 22 framstälde

56 364 33 22 Hr
104 364 208 22 Landtmarskalken
324 364 36 22 till
374 363 101 23 Ständets
486 364 132 22 besvarande
626 364 94 28 följande
733 349 153 54 omröstnings-

54 392 143 28 proposition:

124 449 54 26 Den,
193 455 46 15 som
254 448 124 28 godkänner
392 449 115 22 Allmänna
514 449 209 22 Besvärsutskottets
741 450 142 27 betänkande,

56 479 71 20 röstar
139 478 33 27 ja;

124 524 74 21 vinner
213 523 40 27 nej,
269 523 40 21 har
324 524 25 20 R.
365 530 19 15 o.
399 524 25 21 A.
440 523 95 22 beslutat
549 524 34 21 att
594 523 71 21 lemna
679 523 205 27 petitionsförslaget

55 553 53 20 utan
118 552 108 21 afseende.

124 608 164 27 Propositionen
313 608 128 22 besvarades
463 608 50 22 med
543 609 154 26 öfvervägande
716 608 30 27 ja,
767 608 40 22 och
829 608 54 22 hade

55 637 26 22 R.
98 643 20 15 o.
133 637 26 21 A.
175 637 83 22 således
274 637 94 22 beslutat
384 639 33 20 att
431 637 116 27 godkänna
555 637 114 22 Allmänna
676 637 207 22 Besvärsutskottets

55 665 142 22 betänkande.

316 797 178 29 Bankfullmäktiges
509 797 112 24 berättelse.

124 852 74 22 Under
213 853 86 27 plenum
314 854 55 21 hade
384 854 33 22 till
432 854 26 22 R.
475 861 20 15 o.
510 854 26 22 A.
552 854 94 22 utdelats
662 854 39 21 och
716 854 115 22 bordlades
849 854 34 21 till

55 882 63 21 nästa
140 882 87 27 plenum
248 882 103 22 Finlands
374 882 102 22 Ständers
496 883 206 27 Bankfullmäktiges
720 882 115 22 berättelse
851 882 32 22 till

56 910 131 22 Ständernas
202 910 152 28 Bankutskott,
373 911 133 23 omfattande
521 912 51 21 ären
589 912 147 21 1888—1890.

124 1069 104 27 Slutligen
249 1070 125 22 meddelade
396 1071 33 21 Hr
449 1071 209 22 Landtmarskalken
672 1072 33 20 att
719 1072 63 20 nästa
796 1070 86 28 plenum

54 1097 97 22 kommer
166 1100 34 20 att
215 1104 40 21 ega
270 1105 47 15 rum
332 1099 112 27 Lördagen
459 1100 42 21 den
517 1100 27 22 28
555 1100 104 21 Februari
675 1100 29 21 kl.
719 1100 26 21 12
757 1106 21 20 p.
791 1099 20 21 d.
827 1101 56 19 samt

55 1125 67 28 derpä
132 1125 94 28 följande
241 1127 86 27 plenum
345 1127 121 28 Måndagen
482 1128 42 21 den
539 1129 12 20 2
567 1128 59 21 Mars
641 1127 28 22 kl.
688 1129 24 20 12
728 1134 20 21 p.
764 1127 20 22 d.

122 1291 90 22 Plenum
227 1292 117 22 afslutades
359 1292 29 21 kl.
404 1293 41 27 1/,2
461 1299 18 15 e.
496 1299 27 16 m.

683 1349 21 18 In
716 1349 61 18 fidem:

621 1389 24 21 J.
661 1389 25 21 F.
702 1389 107 27 Aminoff.
