1056 1686
823 105 12 19 ww

837 104 12 20 (or)

852 105 11 20 KEN

346 109 23 16 R.
384 113 16 12 o.
413 110 22 15 A.
449 109 54 16 1891.
522 109 13 16 2
548 109 61 16 Ma:s.

66 189 109 26 ningsmäl.
207 189 39 20 Att
268 190 31 19 ett
321 189 76 20 sädant
417 188 112 21 uttalande
553 188 47 21 frän
617 188 130 22 Ständernas
764 189 45 21 sida
824 190 69 21 skulle

66 217 63 21 lända
152 217 46 24 den,
218 217 69 21 säsom
301 217 35 26 jag
352 219 51 24 tror,
419 217 23 20 af
457 218 36 20 det
509 220 59 18 stora
584 217 93 21 flertalet
693 217 68 22 säsom
778 218 65 26 vigtig
859 225 32 14 er-

64 245 72 22 kända
157 245 65 21 saken
245 246 32 20 till
300 246 84 26 mycket
403 248 69 19 större
488 245 80 21 bätnad
585 247 26 19 än
627 248 31 18 ett
674 247 127 20 motiveradt
816 246 75 27 afslag,

65 274 67 27 ligger
154 275 6 19 i
184 276 68 24 öppen
275 274 47 26 dag.
352 275 133 25 Regeringen
508 274 68 20 skulle
599 274 33 20 för
656 275 37 20 sitt
708 274 140 25 förhällande,
865 275 28 20 dä

65 302 74 27 frägan
155 308 25 15 en
196 302 56 27 gäng
266 308 75 20 genom
358 302 91 22 enskildt
465 302 92 21 initiativ
572 302 96 22 kommer
687 302 26 26 pä
729 303 36 25 tal,
782 303 62 21 hafva
860 305 31 19 ett

66 331 98 26 ofantligt
187 331 83 26 mycket
289 331 70 21 bättre
376 331 47 21 stöd
439 332 5 20 i
461 333 32 19 ett
508 330 77 22 sädant
600 332 111 20 uttalande
727 332 46 20 frän
789 331 101 22 Ständer-

65 366 40 15 nas
127 360 52 25 sida,
203 361 26 19 än
252 360 123 26 regeringen
395 366 28 14 nu
439 360 43 20 kan
498 359 68 25 hafva,
583 359 26 21 dä
627 360 53 21 efter
695 360 40 21 den
751 361 77 25 praxis,
845 366 46 15 som

65 388 35 21 vid
116 388 156 26 landtdagarna
287 388 64 26 följts,
368 390 30 19 ett
414 388 128 21 motiveradt
558 388 68 26 afslag
641 390 24 19 är
680 389 100 26 liktydigt
792 389 55 25 med,
859 390 33 20 att

64 417 91 21 ärendet
175 417 72 26 lägges
269 417 33 21 till
324 417 155 26 handlingarna
501 417 40 21 och
557 418 124 25 regeringen
697 417 85 21 formelt
797 418 39 20 har
851 417 39 21 full

65 446 114 26 anledning
202 447 32 19 att
257 452 50 14 vara
328 446 93 26 okunnig
437 452 34 14 om
488 446 71 20 saken.
589 446 41 26 Jag
646 446 66 26 döljer
727 446 114 26 ingalunda
856 446 34 20 för

64 474 49 26 mig,
129 476 32 19 att
177 480 49 15 man
242 474 41 21 kan
298 474 58 20 kalla
371 474 38 20 allt
424 474 61 21 detta
499 476 32 18 ett
546 474 87 26 onödigt
649 475 36 24 tal,
697 474 26 21 dä
734 475 65 21 saken
807 474 24 27 ju
842 474 45 21 fak-

65 503 53 21 tiskt
140 503 38 20 har
201 502 61 21 fallit
293 502 41 21 Det
357 504 24 19 är
403 503 54 21 dock
475 502 119 21 emellertid
610 503 45 21 icke
672 503 123 25 detsamma,
812 509 34 15 om
862 509 27 15 en

65 530 67 28 fråga,
156 533 31 19 ett
208 531 101 26 yrkande,
334 537 25 15 en
377 531 65 27 vigtig
458 531 155 27 angelägenhet
629 531 72 21 träffas
717 532 22 20 af
754 532 48 20 hela
818 538 72 20 repre-

65 560 145 21 sentationens
232 560 117 25 kompakta
367 560 112 25 ogillande,
496 560 52 20 eller
563 565 34 15 om
614 560 36 21 det
665 560 127 21 ätminstone
809 560 81 27 uppbä-

66 594 34 15 res
116 587 23 22 af
153 590 31 19 ett
199 587 68 21 ständ.
298 588 41 26 Jag
354 588 67 21 skulle
438 588 71 21 derför
522 588 119 25 hemställa,
653 591 32 18 att
697 589 119 26 Höglofliga
829 588 63 21 Stän-

64 617 38 20 det
124 617 48 20 ville
195 616 47 21 med
266 616 80 27 hänsyn
369 617 32 20 till
425 617 78 20 sakens
522 617 80 26 vigtiga
617 617 147 21 beskaffenhet
779 617 114 25 godkänna

66 645 211 21 Besvärsutskottets
293 645 141 21 betänkande.

135 702 31 21 Hr
183 702 222 27 Pippingskö!d:
433 702 42 21 Det
491 704 23 19 är
529 703 7 19 i
553 702 59 21 detta
628 702 134 21 betänkande
779 702 89 21 likasom
885 702 7 20 i

66 731 117 26 petitionen
206 737 26 14 en
255 731 103 26 väsentlig
381 731 60 26 brist,
458 732 33 19 att
506 737 49 14 man
571 731 40 20 alls
626 731 46 20 icke
689 731 64 20 afsett
768 732 27 19 än
809 731 83 20 mindre

66 759 77 27 tydligt
158 759 80 21 uttalat
253 759 155 26 behötligheten
424 759 23 21 af
461 759 152 27 ett.betydligt
628 761 69 19 större
713 759 58 21 antal
787 759 104 21 anstalter

64 789 30 20 än
114 788 69 21 denna
206 794 27 14 nu
255 787 127 27 föreslagna.
413 788 41 21 Det
470 789 25 19 är
511 788 108 21 dessutom
635 794 25 15 en
676 788 54 21 brist
745 788 6 21 i
767 788 124 26 petitionen,

66 818 34 19 att
115 816 40 21 den
171 816 184 27 hufvudsakligast
371 816 55 21 afser
442 817 26 20 de
485 816 131 26 bemedlade,
631 819 23 24 ty
669 817 66 26 några
745 817 104 25 frisängar
859 817 34 20 för

66 844 152 22 obemedlades
234 844 118 26 underhäll,
368 845 106 26 troligtvis
490 844 27 26 pä
533 847 81 19 statens
630 845 125 24 bekostnad,
771 846 24 19 är
805 847 32 19 ett
849 844 44 21 för-

68 873 115 21 svinnande
208 873 47 21 litet
276 872 56 22 mätt
352 873 23 21 af
395 873 139 27 välgörenhet
556 874 7 20 i
581 874 40 20 den
637 873 120 27 föreslagna
772 874 121 25 riktningen

64 902 104 26 jemfördt
191 902 48 20 med
259 902 41 20 den
316 904 59 18 stora
390 902 77 26 mängd
483 902 24 20 af
520 902 145 25 obemedlade,
681 908 44 15 som
741 902 43 21 lida
799 902 23 20 af
836 902 56 26 sjuk-

68 930 84 21 domen.
182 930 106 26 Tvärtom,
312 930 47 20 frän
375 930 73 26 början
465 930 55 21 hade
543 930 64 21 bordt
623 930 54 21 afses
693 930 81 22 mindre
790 930 104 21 anstalter

68 958 48 22 icke
132 958 88 22 alldeles
235 958 59 27 längt
309 958 47 21 frän
372 959 26 21 de
413 959 109 21 allmänna
537 959 116 26 sjukhusen
669 959 38 21 och
723 959 78 26 hvilka,
816 964 78 15 annars

67 987 35 21 till
124 989 115 25 terrängen
262 988 34 20 väl
321 987 119 27 placerade,
464 994 51 14 vore
533 988 95 26 mäktiga
643 988 23 20 af
679 988 166 26 ändamälsenlig
861 989 33 19 ut-

67 1016 107 26 vidgning.
204 1016 10 20 I
237 1015 47 21 vårt
306 1016 50 20 land
379 1015 72 24 finnes,
468 1016 67 26 enligt
550 1017 48 20 mitt
613 1016 143 25 förmenande,
772 1016 62 26 ingen
849 1018 44 19 sär-

69 1044 59 21 deles
152 1046 40 24 ort,
208 1044 85 21 hvilken
309 1044 70 21 kunde
394 1044 89 21 framför
499 1044 67 21 andra
581 1044 124 22 framhällas
721 1045 68 21 säsom
805 1044 89 21 alldeles

68 1072 102 22 särskildt
192 1073 86 27 lämplig
300 1073 34 21 för
356 1073 39 21 den
419 1073 80 21 äskade
523 1073 155 26 kuranstalten,
702 1075 31 19 ett
755 1073 138 21 sanatorium.

68 1101 49 21 Men
141 1102 19 20 vi
182 1101 64 21 hafva
268 1102 97 20 deremot
386 1102 77 26 mänga
479 1102 86 25 platser,
583 1108 44 15 som
643 1104 36 19 äro
694 1104 43 19 rätt
751 1101 33 21 väl
801 1102 94 20 använd-

68 1129 58 27 bara,
150 1130 40 20 och
203 1129 37 27 jag
255 1129 68 22 skulle
340 1132 32 19 tro
386 1132 32 18 att
433 1130 82 21 sädana
530 1130 33 21 stä
578 1132 33 19 att
626 1130 67 21 finnas
708 1131 46 20 icke
769 1129 59 27 längt
847 1129 47 22 frän

67 1158 75 27 hvarje
164 1158 54 21 stad.
235 1171 27 2 —
278 1158 57 21 Frän
354 1159 65 20 sädan
435 1159 108 26 synpunkt
559 1159 55 21 hade
630 1165 48 14 man
695 1159 62 20 bordt
773 1158 56 27 utgä,
846 1165 48 14 men

69 1193 49 14 man
140 1187 40 20 har
202 1187 73 20 alltför
296 1187 47 21 litet
358 1187 64 21 afsett
437 1187 86 26 folkets,
540 1187 40 21 den
595 1190 60 18 stora
669 1187 115 27 mängdens
800 1187 95 21 sanitära

69 1215 70 21 behof.
169 1215 63 21 Hvad
255 1221 45 15 som
320 1215 40 21 här
365 1211 12 36 i
397 1215 249 27 petitionsbetänkandet
661 1215 62 27 afses,
739 1215 66 28 gäller
821 1217 73 25 egent-

68 1243 56 26 ligen
148 1243 37 21 och
210 1243 185 28 hufvudsakligast
417 1246 31 19 ett
470 1245 131 20 sanatorium
617 1244 34 21 för
667 1245 25 20 de
708 1244 130 25 bemedlade,
855 1244 39 21 och

70 1272 27 21 dä
119 1278 63 15 anser
197 1272 61 21 äfven
271 1272 37 27 jag
324 1279 51 14 vara
391 1273 106 25 riktigast,
513 1274 32 19 att
560 1273 131 21 inrättandet
706 1273 23 21 af
743 1279 25 15 en
785 1273 56 26 dylik
857 1279 37 14 an-

68 1301 53 20 stalt
142 1301 40 20 bör
203 1301 51 20 bero
277 1301 177 26 hufvudsakligen
473 1301 28 26 pä
516 1301 70 27 privat
600 1302 97 25 initiativ,
713 1308 34 15 om
774 1301 39 21 ock
829 1307 66 20 gerna

69 1329 48 21 med
139 1329 65 26 nägot
222 1329 117 22 understöd
354 1329 48 21 frän
418 1331 82 20 statens
516 1330 52 26 sida,
584 1343 28 2 —
627 1332 32 19 ett
673 1330 123 26 understöd,
813 1335 45 16 som
873 1330 21 21 vi

68 1357 40 21 här
124 1358 54 21 dock
193 1358 47 21 icke
255 1358 92 21 behöfva
361 1358 92 27 päkalla,
470 1361 22 24 ty
508 1359 71 26 dylika
594 1359 61 20 äfven
671 1359 6 21 i
693 1359 38 21 och
747 1359 33 20 för
795 1358 31 27 sig
838 1358 56 26 goda

68 1386 84 26 företag
174 1387 67 20 sakna
264 1387 74 25 sällan,
360 1387 37 26 jag
411 1387 49 21 ville
477 1389 51 24 säga
544 1387 75 27 aldrig,
636 1387 118 27 Styrelsens
769 1387 123 26 understöd,

68 1420 35 16 om
119 1414 54 22 blott
188 1415 56 26 goda
258 1414 47 22 skäl
320 1414 138 27 förebringas.

136 1470 58 22 Frih.
209 1478 49 14 von
274 1472 191 21 Willebrand:
494 1472 40 26 Jag
549 1474 47 18 tror
611 1472 53 26 icke,
681 1475 32 18 att
728 1472 36 21 det
780 1474 23 18 är
819 1472 74 26 riktigt

66 1502 33 18 att
114 1500 6 20 i
136 1500 68 20 denna
226 1500 61 26 fräga
302 1500 66 26 draga
384 1506 41 20 upp
442 1506 25 14 en
484 1500 24 21 sä
523 1500 98 22 bestämd
636 1502 63 25 gräns
715 1501 77 21 mellan
809 1500 84 22 bemed-
