1056 1686
320 99 26 17 R.
359 103 17 12 o.
388 99 23 16 A.
424 99 55 16 1891.
505 99 24 16 14
540 98 58 17 Febr.
801 93 40 20 279

46 178 114 22 hällanden
182 178 72 21 kunna
274 179 74 26 medge
371 185 26 14 en
418 177 67 23 sädan
507 178 128 27 utveckling,
651 178 36 21 det
702 177 35 22 mä
750 178 36 27 jag
801 178 71 21 lemna

46 207 88 21 derhän.

114 235 42 22 Det
177 235 39 21 har
237 235 66 22 redan
325 235 128 21 framhällits
475 235 7 21 i
505 235 48 27 dag,
576 237 32 19 att
624 235 131 21 närvarande
771 235 100 26 tidpunkt

47 270 49 15 vore
120 264 81 21 mindre
219 264 33 20 väl
268 264 68 26 egnad
351 266 33 18 att
399 266 50 24 taga
464 264 50 26 ihop
530 264 48 21 med
591 263 164 27 reformförslag,
772 270 45 14 som
833 263 38 21 be-

46 294 50 19 röra
119 292 51 21 vära
191 292 135 26 grundlagar,
349 292 40 21 och
410 292 127 21 uttalanden
559 292 6 21 i
581 292 66 21 sädan
663 292 92 26 riktning
770 292 64 20 hafva
846 292 25 26 ju

46 323 98 24 nogsamt
158 320 62 22 äfven
234 320 8 22 i
256 320 96 22 enskilda
362 321 77 21 samta]
450 320 27 27 pä
490 327 75 15 senare
576 320 55 22 tider
644 320 110 27 försports.
777 320 40 26 Jag
828 321 42 21 till-

46 349 46 21 stär
108 351 64 25 öppet
187 351 33 19 att
232 349 37 27 jag
284 350 46 20 icke
345 349 43 21 kan
407 350 89 26 tillägga
511 350 63 20 dessa
588 349 170 26 betänkligheter
773 348 23 22 sä
811 349 58 26 afgö-

46 378 65 21 rande
133 378 44 26 vigt
200 379 31 20 att
252 378 72 26 hvarje
338 378 65 21 tanke
419 378 27 26 pä
461 378 184 21 institutionernas
660 378 128 26 förbättring
803 378 66 21 borde

46 406 82 27 skjutas
143 406 13 22 å
170 406 53 22 sido.
254 406 148 22 Förevarande
418 406 61 27 fråga
494 408 24 19 är
533 406 23 22 af
569 406 41 21 den
625 408 59 19 stora
695 406 125 27 omfattning
831 408 38 22 att,

46 441 34 15 om
102 435 40 21 den
165 435 39 21 ock
226 442 28 14 nu
275 435 41 21 blir
335 435 90 21 föremål
439 436 34 20 för
489 435 156 27 öfvervägande
660 435 39 21 och
715 434 154 22 förberedande

45 464 107 26 yttrande,
174 464 8 20 i
204 464 42 21 alla
268 464 38 20 fall
328 464 69 21 åratal
415 464 66 26 förgå,
503 464 64 21 innan
583 470 26 14 en
625 464 72 25 slutlig
712 464 83 26 lösning
811 464 60 21 deraf

46 492 42 21 kan
104 498 39 20 ega
158 499 53 14 rum.
242 492 28 22 Af
284 492 91 21 särskild
389 493 44 25 vigt
448 494 25 19 är
488 492 67 21 under
574 492 132 21 närvarande
721 492 148 21 förhållanden

45 521 123 25 visserligen
190 521 36 21 det
249 523 32 19 att
302 521 73 27 hvarje
397 521 39 21 ord
461 521 7 21 i
491 521 26 21 de
537 520 182 27 framställningar
738 527 45 15 som
798 522 71 26 göras,

46 549 66 21 måtte
128 549 86 27 afvägas
229 549 24 21 så
269 550 144 25 omsorgsfullt
428 551 32 19 att
475 556 49 14 man
540 550 19 26 ej
575 550 80 20 lemnar
671 551 75 24 porten
757 551 69 24 öppen
837 550 32 20 för

46 579 31 20 ett
100 578 80 21 mindre
202 580 94 19 varsamt
310 578 130 27 ingripande.
471 577 30 28 Ty
516 578 20 21 vi
551 578 72 21 kunna
635 578 25 27 ju
675 577 46 22 icke
736 577 85 25 förbise,
837 580 32 19 att

46 606 6 21 i
75 606 43 21 alla
141 607 98 25 ärenden,
263 613 44 15 som
326 607 51 20 bero
393 606 27 27 på
435 607 60 20 Hans
510 606 113 27 Majestäts
638 606 98 27 pröfning
751 606 51 21 eller
818 606 52 21 slut-

46 635 42 26 liga
103 635 121 26 afgörande,
240 637 24 19 är
280 635 36 21 det
330 635 46 21 icke
392 635 75 21 endast
483 635 93 21 Senaten
592 641 45 14 som
648 635 87 26 afgifver
748 635 121 26 utlåtande;

45 663 123 22 derutöfver
189 664 127 27 framläggas
336 663 67 22 andra
418 664 122 26 yttranden,
557 663 38 22 och
611 663 38 22 sist
665 663 38 22 och
719 663 98 27 slutligen
833 663 36 22 be-

46 699 35 14 ror
96 693 84 26 mycket
196 692 61 21 äfven
273 692 66 25 deraf,
354 692 55 21 huru
425 693 108 20 ärendena
547 692 129 26 föredragas.

114 721 50 21 Med
186 721 36 21 det
242 721 37 27 jag
301 721 46 21 haft
362 723 52 18 äran
427 721 81 24 anföra,
525 721 79 27 åsyftar
617 721 37 26 jag
669 721 46 20 icke
731 720 137 27 afstyrkande

46 749 24 20 af
90 750 80 21 remiss.
200 750 33 21 En
248 750 66 26 fråga,
331 756 44 15 som
391 749 76 27 denna,
482 749 47 27 bör,
545 755 62 21 synes
622 750 49 26 mig,
687 749 61 21 äfven
763 750 7 19 i
786 749 82 21 utskott

46 777 134 22 skärskådas.
211 778 107 21 Måhända
333 780 33 19 att
381 778 112 21 resultatet
509 778 22 21 af
544 778 156 27 granskningen
713 778 7 21 i
732 778 82 21 utskott
822 777 46 22 icke

46 809 114 24 utmynnar
174 807 7 21 i
194 807 23 21 så
232 807 131 21 omfattande
378 806 87 27 förslag,
476 813 45 14 som
532 807 235 26 petitionsmemorialet
778 806 89 27 åsyftar;

47 835 106 21 måhända
168 837 32 19 att
216 836 150 26 Lagutskottet
381 835 64 21 funne
461 835 114 27 anledning
589 837 33 19 att
633 835 68 21 såsom
713 834 156 27 öfvergångsåt-

45 863 53 26 gärd
122 864 32 20 till
174 864 114 21 framdeles
312 864 100 26 möjligen
434 870 60 15 mera
516 864 131 21 omfattande
669 864 108 24 reformer,
793 863 76 21 endast

45 891 115 22 framhålla
182 892 161 27 gagneligheten
358 893 23 20 af
394 894 32 19 att
441 893 41 20 den
498 893 168 21 administrativa
681 892 151 26 förordningen
847 892 23 20 af

45 920 40 21 den
102 921 26 20 22
144 920 62 22 Febr.
224 921 60 26 1869,
300 920 109 28 angående
435 921 94 21 domfört
545 921 57 21 antal
625 920 132 22 ledamöteri
771 920 98 21 Justitie-

45 949 176 27 departementet,
237 950 68 21 skulle
320 949 124 27 upphäfvas,
461 950 39 21 och
515 952 34 19 att
563 952 15 18 t.
595 956 30 14 ex.
643 951 31 19 ett
681 949 76 21 sådant
767 949 47 21 nåd.
825 949 44 21 för-

44 978 110 21 ordnande
170 978 84 21 komme
268 978 33 21 till
316 978 69 25 stånd,
401 980 33 19 att
449 984 27 15 en
492 978 22 21 af
529 978 266 27 Justitiedepartementets
811 978 57 20 leda-

45 1008 68 19 möter
136 1006 100 22 särskildt
259 1007 67 21 skulle
343 1007 108 21 ombetros
468 1008 47 20 med
529 1006 338 28 justitieförvaltningsärendena,

48 1041 25 15 en
90 1035 74 26 åtgärd
180 1042 45 14 som
239 1036 78 26 jemväl
332 1035 43 21 kan
390 1036 7 20 i
415 1036 155 21 administrativ
584 1038 39 24 väg
639 1036 103 26 vidtagas,
757 1035 110 21 hvaremot

44 1063 132 21 inrättandet
199 1064 23 20 af
243 1070 25 15 en
281 1064 206 27 justitieexpedition
507 1064 56 21 inom
579 1064 289 26 Ekonomiedepartementet

44 1092 46 21 icke
112 1092 42 21 kan
177 1092 37 22 ske
236 1093 132 20 annorlunda
390 1094 26 19 än
436 1093 49 21 med
502 1092 131 22 Ständernas
648 1092 115 27 samtycke,
779 1092 88 20 emedan

44 1120 36 21 det
95 1121 102 20 innebure
212 1122 89 25 ändring
317 1121 22 20 af
352 1121 151 26 grunddragen
517 1122 8 19 i
543 1122 53 20 1809
605 1121 33 21 års
647 1121 127 26 reglemente
783 1120 33 21 för
826 1120 41 21 Re-

43 1149 201 26 geringskonseljen.
274 1149 61 22 Huru
357 1155 44 15 som
425 1149 63 24 helst,
511 1149 62 27 hyser
593 1150 37 26 jag
646 1150 36 21 det
697 1149 122 21 förtroende
834 1149 33 20 till

43 1177 159 26 Lagutskottet,
224 1180 32 19 att
276 1178 42 27 jag,
335 1178 65 21 sedan
422 1184 25 15 en
462 1179 24 20 så
501 1178 148 27 betydelsefull
664 1178 60 27 fråga
739 1183 44 16 som
799 1177 68 21 denna

44 1205 69 22 blifvit
128 1206 64 21 ställd
208 1207 27 26 på
250 1207 165 26 dagordningen,
431 1207 69 21 under
509 1207 137 26 begagnande
657 1207 23 21 af
688 1207 178 26 petitionsrätten,

42 1234 34 21 för
98 1235 43 20 min
164 1235 34 20 del
220 1235 46 21 icke
285 1235 41 21 kan
350 1235 113 22 underlåta
478 1238 33 19 att
526 1236 107 26 tillstyrka
649 1236 47 21 dess
712 1234 154 27 hänskjutande

43 1263 32 21 till
91 1263 93 21 nämnda
200 1264 88 21 ntskott.

112 1320 32 21 Hr
158 1321 24 20 B.
199 1320 24 22 Q.
240 1320 163 22 Schauman:
434 1321 76 21 Ehuru
535 1321 130 26 väsentligen
687 1321 144 21 förekommen
847 1321 23 20 af

43 1349 33 20 Hr
90 1349 54 21 Rein
160 1349 40 21 och
215 1349 61 21 äfven
292 1349 23 21 af
329 1350 31 20 Hr
375 1350 23 21 L.
422 1349 111 26 Mechelin,
549 1349 132 22 beträffande
697 1349 53 21 hans
766 1349 65 21 kritik
845 1349 24 21 af

43 1377 39 21 den
99 1378 144 26 föreliggande
258 1379 124 25 petitionen,
398 1379 6 20 i
420 1378 86 21 hvilken
519 1378 37 27 jag
573 1379 48 20 ville
636 1379 119 25 instämma,
771 1377 96 22 anhåller

39 1406 39 26 jag
94 1406 53 21 dock
162 1408 32 18 att
210 1406 21 21 få
246 1409 57 24 yttra
319 1407 48 26 mig.
389 1406 69 21 Bland
475 1407 25 21 de
516 1407 76 26 många
608 1413 45 15 mer
669 1407 51 21 eller
735 1406 81 21 mindre
823 1406 44 26 vig-

42 1434 45 26 tiga
102 1435 188 27 petitionsförslag,
306 1442 44 14 som
366 1435 33 21 vid
415 1435 71 21 denna
501 1435 101 27 landtdag
617 1435 68 21 blifvit
701 1434 118 22 inlemnade
835 1434 32 22 äf-

42 1469 40 15 ven
104 1463 57 21 inom
184 1463 24 21 R.
232 1470 19 14 o.
267 1464 32 25 A.,
315 1464 82 26 intager
413 1464 140 26 ovilkorligen
569 1464 41 20 den
625 1470 29 14 nu
669 1463 162 27 ifrägavarande
846 1463 23 21 af

42 1490 58 22 Frih.
117 1491 24 21 R.
158 1492 24 20 A.
199 1492 77 21 Wrede
292 1492 77 21 väckta
384 1492 118 27 petitionen
518 1495 31 19 ett
565 1492 22 21 af
601 1492 25 21 de
642 1492 113 27 vigtigaste
771 1497 96 15 rummen
