1056 1686
317 118 26 17 R.
355 122 18 13 o.
385 118 23 17 A.
421 118 54 17 1891.
499 118 22 17 19
533 117 63 18 Mars.
799 112 41 21 495

42 198 68 27 läget.
140 198 32 21 Hr
187 197 100 22 Lindelöf
300 197 40 22 har
355 197 66 22 redan
436 198 58 27 gjort
508 197 52 22 flera
575 198 68 20 andra
658 197 153 27 invändningar
825 199 45 20 mot

43 228 149 19 reservantens
213 228 43 19 sätt
271 228 32 19 att
319 226 97 27 begagna
431 226 106 21 komitens
552 226 118 23 utlåtande,
687 225 23 22 sä
725 227 33 20 att
771 226 36 27 jag
822 226 47 21 icke

43 255 102 21 behöfver
160 254 114 27 uppehålla
289 255 43 26 mig
348 255 79 20 dervid.
458 255 32 21 De
505 255 145 26 pedagogiska
665 254 147 26 auktoriteter,
823 261 45 15 som

43 283 107 21 utskottet
165 282 109 27 äberopat,
290 282 27 22 dä
333 283 106 21 utskottet
449 284 74 20 nämnt
533 285 33 19 att
581 283 80 21 sädana
677 284 93 25 motsagt
782 283 87 26 petitio-

42 313 79 19 närens
143 311 86 26 förslag,
252 313 37 19 äro
312 311 26 21 de
362 312 110 26 deltagare
487 312 7 20 i
511 312 54 21 1887
582 311 35 21 års
633 311 148 25 rektorsmöte,
797 311 72 21 hvilka

42 340 47 21 icke
105 346 51 14 voro
173 340 103 21 rektorer.
306 340 42 21 Vid
364 340 60 21 detta
439 342 57 19 möte
512 342 91 19 närvoro
619 340 144 20 öfverlärarne
786 340 34 20 vid
844 340 25 20 de

42 368 57 21 bäda
122 368 188 27 normallyceerna,
334 368 40 21 och
394 368 23 21 af
437 369 61 21 desse
521 369 12 20 6
550 368 129 21 öfverlärare
695 374 45 15 som
756 368 47 21 icke
818 374 51 15 voro

43 397 99 21 rektorer
158 397 95 21 uttalade
264 397 32 26 sig
311 397 13 21 3
337 397 130 27 fullkomligt
480 398 3 20 i
495 403 80 15 samma
591 397 94 26 riktning
695 403 46 15 som
756 396 112 22 utskottet.

45 426 33 20 Hr
93 425 101 22 Lindelöf
208 425 38 21 har
262 425 65 21 redan
343 426 105 20 refererat
463 432 27 14 en
505 426 42 26 god
563 425 34 21 del
612 424 23 22 af
649 426 60 20 desse
731 427 32 19 tre
779 424 91 22 öfverlä-

47 460 60 15 rares
122 454 133 20 uttalanden.
284 454 32 21 De
332 454 66 26 öfrige
414 454 63 21 hafva
492 454 46 21 icke
559 454 80 21 uttalat
661 454 31 26 sig
715 454 80 20 derom.
825 453 45 21 Mä-

47 482 72 21 hända
135 482 75 21 delade
226 482 25 21 de
267 482 45 21 sina
328 482 173 22 embetsbröders
515 482 62 27 äsigt.
602 482 113 21 Dessutom
731 482 97 21 uttalade
839 482 31 26 sig

47 511 35 21 vid
98 517 82 15 samma
195 510 82 22 tillfälle
293 517 25 15 en
335 511 74 26 talare,
430 518 25 14 en
472 511 23 21 af
509 510 220 27 öfverinspektörerne
752 511 7 20 i
779 510 91 27 skolsty-

47 540 70 20 relsen
136 540 3 20 i
154 546 81 14 samma
250 539 94 27 riktning
359 546 45 15 som
419 540 114 21 utskottet.
559 539 33 21 En
603 539 22 21 af
635 539 123 21 rektorerne
773 539 97 21 uttalade

47 568 32 25 sig
94 567 65 22 ocksä
174 568 7 20 i
197 567 69 22 denna
280 567 67 27 fräga,
363 568 106 27 nämligen
486 568 87 21 rektorn
584 567 34 22 vid
629 567 133 21 härvarande
777 567 93 21 normal-

48 596 90 27 lyceum,
154 602 45 15 som
215 596 79 27 ,ansäg
318 597 45 20 skäl
386 597 46 20 icke
455 597 104 26 föreligga
578 598 32 19 att
632 596 86 26 vidtaga
740 596 66 27 nägra
829 595 40 21 för-

48 625 114 26 ändringar
177 625 7 20 i
200 625 176 26 skolordningens
391 631 28 14 nu
441 625 99 27 gällande
562 624 158 27 bestämningar
742 631 34 14 om
799 625 71 20 hbesät-

46 653 66 21 tande
132 653 22 21 af
175 653 101 26 rektorat,
300 653 72 22 hvilka
395 654 159 26 bestämningar
576 653 46 21 icke
643 653 54 20 visat
721 653 31 26 sig
774 652 96 22 medföra

46 681 68 27 nägra
130 681 138 26 olägenheter
282 682 34 21 för
332 683 106 24 skolorna,
455 682 39 21 och
510 682 32 21 för
557 681 83 21 hvilkas
661 681 148 27 upphäfvande
825 681 45 20 bin-

47 710 69 21 dande
132 710 47 21 skäl
194 711 47 20 icke
256 710 125 27 förebragts.
412 711 131 26 Visserligen
557 710 75 27 gjorde
655 710 67 21 denne
745 710 68 21 talare
828 709 41 21 för-

47 739 143 21 vänansvärdt
206 745 41 20 nog
262 745 76 20 genom
353 739 67 27 nägra
435 739 129 21 dialektiska
580 738 139 27 öfvergängar
739 744 81 15 samma
835 744 35 21 yr-

46 767 70 22 kande
133 773 44 15 som
194 769 143 20 reservanten.
367 768 41 26 Jag
423 768 69 21 mäste
507 769 56 19 ännu
579 767 78 21 beröra
679 769 30 19 ett
725 773 39 20 par
777 768 93 19 omstän-

46 796 98 26 digheter
166 796 6 21 i
195 797 165 20 reservationen.
395 797 146 21 Reservanten
563 795 66 27 begär
652 797 31 19 ett
701 795 36 26 fel,
758 801 45 15 som
826 795 45 21 ofta

46 824 144 21 förekommer
206 825 6 19 i
228 825 156 21 reservationer
407 825 39 21 och
467 825 156 25 betänkanden,
639 825 32 19 att
692 830 48 14 man
763 824 6 20 i
792 825 79 19 största

46 852 117 22 allmänhet
178 852 44 22 helt
238 853 70 27 lösligt
324 853 105 27 äberopar
445 853 96 27 exempel
555 852 47 21 frän
620 852 103 21 utlandet.
753 852 118 21 Reservan-

46 883 37 19 ten
99 883 62 25 säger
176 882 28 26 pä
220 881 37 21 sid.
276 883 32 25 10,
324 884 33 19 att
372 888 49 15 man
437 883 6 20 i
460 882 86 26 Sverige
563 880 39 22 och
617 880 107 27 Tyskland
743 880 90 22 sträfvat
848 880 22 21 ät

46 910 36 20 det
98 910 22 20 af
135 910 78 20 honom
229 910 85 26 angifna
329 910 73 22 hållet.
433 927 5 9 ,
439 911 81 26 Enligt
540 910 110 26 skollagen
665 909 6 20 i
687 909 106 21 Sachsen"
809 910 62 25 säger

45 938 43 20 han
104 938 53 26 ,,har
172 938 106 27 nämligen
289 939 110 21 direktorn
411 939 46 21 icke
471 941 44 19 rätt
526 944 18 15 o.
557 944 15 15 s.
585 940 32 19 v'*.
641 938 41 26 Jag
696 940 35 18 vet
741 938 53 24 icke,
806 937 64 21 huru-

45 967 50 20 vida
110 973 49 14 man
174 966 42 22 kan
238 967 98 21 betrakta
359 968 93 21 Sachsen
476 968 70 20 säsom
569 966 102 21 identiskt
692 966 48 21 med
763 966 107 26 Tyskland

48 995 40 21 och
104 995 98 26 Sverige;
218 996 40 20 och
274 1002 33 15 om
323 996 7 21 i
346 996 93 21 Sachsen
454 996 144 21 förekommer
613 1001 26 15 en
654 994 131 27 lagstiftning
800 994 23 21 af
835 1000 35 15 an-

46 1024 52 26 tydd
114 1023 153 27 beskaffenhet,
282 1024 24 22 sä
321 1024 63 27 följer
398 1025 116 26 ingalunda
536 1023 61 22 deraf
618 1025 33 19 att
671 1024 39 20 den
732 1029 51 15 vore
806 1022 64 21 likai

44 1052 114 26 Tyskland.
189 1052 66 21 Detta
278 1055 23 19 är
316 1059 27 15 en
358 1054 127 25 motivering
500 1055 52 19 utan
569 1052 29 20 all
620 1051 114 27 betydelse.
750 1064 28 2 —
793 1052 76 20 Reser-

45 1082 79 20 vanten
139 1080 40 21 har
194 1081 72 21 vidare
281 1082 7 20 i
303 1082 32 20 sin
351 1082 52 20 ifver
418 1084 33 18 att
466 1082 97 20 försvara
579 1081 32 20 sin
626 1080 54 26 äsigt
690 1080 74 26 begätt
774 1082 31 19 ett
816 1082 54 18 stort

45 1109 79 26 logiskt
138 1109 35 21 fel.
203 1109 32 21 Pä
250 1110 53 20 sidd.
320 1112 12 19 6
348 1110 40 21 och
403 1111 12 19 7
431 1110 56 21 talar
503 1110 41 20 han
561 1115 34 14 om
611 1108 26 21 de
653 1108 168 27 sidointiytelser,
837 1108 33 20 för

44 1137 73 21 hvilka
135 1143 50 15 man
204 1140 88 25 antager
314 1140 32 19 att
368 1139 70 20 lärare
461 1140 38 19 äro
522 1139 88 24 utsatta,
633 1137 39 21 och
693 1139 68 24 säger,
784 1136 85 21 hvarför

47 1165 68 22 skulle
131 1166 69 21 lärare
216 1173 52 14 vara
282 1173 46 15 mer
344 1167 119 26 subjektiva
483 1169 28 18 än
533 1166 66 21 andra
613 1166 111 26 personer!
747 1165 41 26 Jag
811 1165 58 21 delar

46 1195 7 20 i
70 1194 68 21 denna
154 1195 68 26 punkt
237 1195 53 21 hans
306 1196 60 26 äsigt,
382 1201 49 15 men
447 1195 73 21 derför
535 1195 67 20 finner
618 1194 37 26 jag
677 1194 18 26 ej
717 1194 47 21 skäl
779 1194 33 20 till
827 1193 42 26 det,

45 1228 45 15 som
106 1223 42 20 han
164 1225 61 24 säger
240 1223 28 27 pä
283 1224 53 21 sidd.
354 1225 26 20 10
395 1224 40 21 och
452 1225 32 24 11,'
509 1223 38 22 och
568 1223 37 26 jag
627 1229 62 14 anser
711 1223 36 20 det
769 1222 33 21 för
827 1222 42 21 min

45 1251 121 27 skyldighet
182 1254 32 19 att
230 1254 50 25 taga
296 1253 56 21 mina
368 1253 71 26 yrkes-
456 1253 40 20 och
513 1251 170 22 embetsbröders
694 1251 103 20 karaktär
809 1251 6 20 i
826 1250 44 21 för-

45 1285 56 15 svar.
131 1280 48 21 Han
196 1282 67 25 säger,
280 1283 32 19 att
328 1287 25 15 en
369 1281 78 26 ,,retlig
461 1281 74 21 rektor
550 1282 39 25 gör
601 1279 60 21 lifvet
675 1279 7 21 i
697 1286 25 14 en
734 1279 60 21 skola
805 1278 64 25 svårt,

45 1308 41 21 och
100 1310 39 25 gör
155 1309 36 21 det
206 1310 96 26 omöjligt
317 1310 33 21 för
365 1310 84 21 lärarne
473 1311 33 19 att
526 1309 48 21 med
589 1307 89 22 intresse
696 1310 50 25 taga
761 1308 6 20 i
783 1309 23 19 tu
821 1307 49 20 med

45 1337 38 20 sitt
98 1337 200 26 uppfostringsvärf.
314 1339 68 20 Dessa
393 1337 201 22 missförhållanden
605 1337 86 20 komma
701 1337 46 20 icke
750 1331 14 37 sä
766 1335 61 22 lätt
838 1336 32 20 till

46 1365 228 27 Skolöfverstyrelsens
289 1367 126 24 kännedom,
432 1368 22 25 ty
469 1367 36 20 vid
515 1366 148 26 inspektörens
679 1365 98 21 ankomst
792 1365 24 20 är
832 1364 38 21 allt

44 1394 137 26 naturligtvis
196 1395 52 25 godt
264 1395 38 21 och
318 1395 40 20 väl.
390 1395 72 21 Sällan
477 1397 39 18 äro
532 1395 84 20 lärarne
639 1394 106 20 dessutom
768 1393 24 21 sä
815 1393 55 20 ofina

44 1424 46 18 mot
106 1423 32 19 sin
153 1422 72 22 ledare
241 1425 33 19 att
289 1424 25 20 de
331 1423 70 21 direkt
423 1423 70 21 skulle
516 1423 91 26 anklaga
629 1422 84 26 honom,
737 1422 27 20 dä
784 1420 85 27 inspek-

45 1450 189 26 tionsprotokollet
250 1452 94 25 skrifves,
361 1452 36 20 det
413 1452 54 20 enda
490 1451 90 26 tillfälle,
604 1450 27 22 dä
654 1450 25 21 de
702 1451 72 20 kunna
795 1450 74 20 anföra

43 1478 109 27 klagomål
168 1486 18 14 o.
208 1486 16 15 s.
249 1481 33 20 v.
313 1480 39 20 Om
369 1480 23 21 sä
407 1482 24 18 är
454 1480 67 26 fallet,
544 1481 32 19 att
598 1480 90 25 lärarne,
711 1478 70 22 såsom
802 1484 68 14 reser-

44 1510 78 18 vanten
137 1507 88 28 påstått,
244 1514 51 15 vore
310 1508 81 22 sådana
413 1508 210 25 dubbelmenniskor,
645 1507 161 21 karaktärslösa
821 1506 48 21 ville
