<?xml version="1.0" encoding="UTF-8"?>
<alto xmlns="http://www.loc.gov/standards/alto/ns-v3#" xmlns:xlink="http://www.w3.org/1999/xlink" xmlns:xsi="http://www.w3.org/2001/XMLSchema-instance" xsi:schemaLocation="http://www.loc.gov/standards/alto/ns-v3# http://www.loc.gov/alto/v3/alto-3-0.xsd">
	<Description>
		<MeasurementUnit>pixel</MeasurementUnit>
		<sourceImageInformation>
			<fileName>/tmp/tess_azge1jx2_input.PNG</fileName>
		</sourceImageInformation>
		<OCRProcessing ID="OCR_0">
			<ocrProcessingStep>
				<processingSoftware>
					<softwareName>tesseract 5.3.4</softwareName>
				</processingSoftware>
			</ocrProcessingStep>
		</OCRProcessing>
	</Description>
	<Layout>
		<Page WIDTH="1056" HEIGHT="1686" PHYSICAL_IMG_NR="0" ID="page_0">
			<PrintSpace HPOS="0" VPOS="0" WIDTH="1056" HEIGHT="1686">
				<ComposedBlock ID="cblock_0" HPOS="342" VPOS="103" WIDTH="519" HEIGHT="22">
					<TextBlock ID="block_0" HPOS="342" VPOS="103" WIDTH="519" HEIGHT="22">
						<TextLine ID="line_0" HPOS="342" VPOS="103" WIDTH="519" HEIGHT="22">
							<String ID="string_0" HPOS="342" VPOS="107" WIDTH="24" HEIGHT="18" WC="0.96" CONTENT="R."/><SP WIDTH="13" VPOS="107" HPOS="366"/>
							<String ID="string_1" HPOS="379" VPOS="111" WIDTH="17" HEIGHT="13" WC="0.89" CONTENT="o."/><SP WIDTH="13" VPOS="111" HPOS="396"/>
							<String ID="string_2" HPOS="409" VPOS="107" WIDTH="22" HEIGHT="17" WC="0.94" CONTENT="A."/><SP WIDTH="13" VPOS="107" HPOS="431"/>
							<String ID="string_3" HPOS="444" VPOS="107" WIDTH="55" HEIGHT="17" WC="0.94" CONTENT="1891."/><SP WIDTH="24" VPOS="107" HPOS="499"/>
							<String ID="string_4" HPOS="523" VPOS="107" WIDTH="13" HEIGHT="17" WC="0.96" CONTENT="9"/><SP WIDTH="12" VPOS="107" HPOS="536"/>
							<String ID="string_5" HPOS="548" VPOS="107" WIDTH="62" HEIGHT="17" WC="0.96" CONTENT="Mars."/><SP WIDTH="210" VPOS="107" HPOS="610"/>
							<String ID="string_6" HPOS="820" VPOS="103" WIDTH="41" HEIGHT="21" WC="0.96" CONTENT="405"/>
						</TextLine>
					</TextBlock>
				</ComposedBlock>
				<GraphicalElement ID="cblock_1" HPOS="64" VPOS="140" WIDTH="827" HEIGHT="8"></GraphicalElement >
				<ComposedBlock ID="cblock_2" HPOS="60" VPOS="187" WIDTH="830" HEIGHT="823">
					<TextBlock ID="block_1" HPOS="60" VPOS="187" WIDTH="830" HEIGHT="823">
						<TextLine ID="line_1" HPOS="64" VPOS="187" WIDTH="826" HEIGHT="27">
							<String ID="string_7" HPOS="64" VPOS="189" WIDTH="50" HEIGHT="24" WC="0.96" CONTENT="rätt,"/><SP WIDTH="16" VPOS="189" HPOS="114"/>
							<String ID="string_8" HPOS="130" VPOS="187" WIDTH="52" HEIGHT="21" WC="0.96" CONTENT="eller"/><SP WIDTH="16" VPOS="187" HPOS="182"/>
							<String ID="string_9" HPOS="198" VPOS="193" WIDTH="26" HEIGHT="15" WC="0.93" CONTENT="en"/><SP WIDTH="15" VPOS="193" HPOS="224"/>
							<String ID="string_10" HPOS="239" VPOS="187" WIDTH="103" HEIGHT="27" WC="0.90" CONTENT="löjlighet."/><SP WIDTH="30" VPOS="187" HPOS="342"/>
							<String ID="string_11" HPOS="372" VPOS="187" WIDTH="47" HEIGHT="21" WC="0.95" CONTENT="Har"/><SP WIDTH="14" VPOS="187" HPOS="419"/>
							<String ID="string_12" HPOS="433" VPOS="189" WIDTH="32" HEIGHT="19" WC="0.93" CONTENT="ett"/><SP WIDTH="16" VPOS="189" HPOS="465"/>
							<String ID="string_13" HPOS="481" VPOS="187" WIDTH="77" HEIGHT="21" WC="0.92" CONTENT="sädant"/><SP WIDTH="20" VPOS="187" HPOS="558"/>
							<String ID="string_14" HPOS="578" VPOS="187" WIDTH="39" HEIGHT="21" WC="0.92" CONTENT="räd"/><SP WIDTH="24" VPOS="187" HPOS="617"/>
							<String ID="string_15" HPOS="641" VPOS="188" WIDTH="32" HEIGHT="20" WC="0.93" CONTENT="att"/><SP WIDTH="20" VPOS="188" HPOS="673"/>
							<String ID="string_16" HPOS="693" VPOS="189" WIDTH="51" HEIGHT="24" WC="0.92" CONTENT="taga"/><SP WIDTH="15" VPOS="189" HPOS="744"/>
							<String ID="string_17" HPOS="759" VPOS="187" WIDTH="74" HEIGHT="21" WC="0.93" CONTENT="afsked"/><SP WIDTH="16" VPOS="187" HPOS="833"/>
							<String ID="string_18" HPOS="849" VPOS="187" WIDTH="41" HEIGHT="22" WC="0.96" CONTENT="den"/>
						</TextLine>
						<TextLine ID="line_2" HPOS="64" VPOS="215" WIDTH="826" HEIGHT="27">
							<String ID="string_19" HPOS="64" VPOS="216" WIDTH="87" HEIGHT="25" WC="0.93" CONTENT="verkan,"/><SP WIDTH="16" VPOS="216" HPOS="151"/>
							<String ID="string_20" HPOS="167" VPOS="217" WIDTH="33" HEIGHT="20" WC="0.93" CONTENT="att"/><SP WIDTH="13" VPOS="217" HPOS="200"/>
							<String ID="string_21" HPOS="213" VPOS="217" WIDTH="146" HEIGHT="24" WC="0.92" CONTENT="emottagaren"/><SP WIDTH="15" VPOS="217" HPOS="359"/>
							<String ID="string_22" HPOS="374" VPOS="215" WIDTH="23" HEIGHT="22" WC="0.93" CONTENT="af"/><SP WIDTH="14" VPOS="215" HPOS="397"/>
							<String ID="string_23" HPOS="411" VPOS="216" WIDTH="119" HEIGHT="21" WC="0.91" CONTENT="detsamma"/><SP WIDTH="19" VPOS="216" HPOS="530"/>
							<String ID="string_24" HPOS="549" VPOS="215" WIDTH="68" HEIGHT="22" WC="0.91" CONTENT="finner"/><SP WIDTH="22" VPOS="215" HPOS="617"/>
							<String ID="string_25" HPOS="639" VPOS="216" WIDTH="32" HEIGHT="26" WC="0.93" CONTENT="sig"/><SP WIDTH="22" VPOS="216" HPOS="671"/>
							<String ID="string_26" HPOS="693" VPOS="215" WIDTH="197" HEIGHT="27" WC="0.92" CONTENT="komprometterad"/>
						</TextLine>
						<TextLine ID="line_3" HPOS="63" VPOS="243" WIDTH="827" HEIGHT="28">
							<String ID="string_27" HPOS="63" VPOS="243" WIDTH="28" HEIGHT="27" WC="0.96" CONTENT="pä"/><SP WIDTH="15" VPOS="243" HPOS="91"/>
							<String ID="string_28" HPOS="106" VPOS="245" WIDTH="32" HEIGHT="20" WC="0.93" CONTENT="sin"/><SP WIDTH="16" VPOS="245" HPOS="138"/>
							<String ID="string_29" HPOS="154" VPOS="245" WIDTH="65" HEIGHT="26" WC="0.91" CONTENT="tjenst"/><SP WIDTH="13" VPOS="245" HPOS="219"/>
							<String ID="string_30" HPOS="232" VPOS="243" WIDTH="39" HEIGHT="22" WC="0.93" CONTENT="och"/><SP WIDTH="15" VPOS="243" HPOS="271"/>
							<String ID="string_31" HPOS="286" VPOS="244" WIDTH="46" HEIGHT="21" WC="0.90" CONTENT="icke"/><SP WIDTH="16" VPOS="244" HPOS="332"/>
							<String ID="string_32" HPOS="348" VPOS="244" WIDTH="42" HEIGHT="21" WC="0.93" CONTENT="kan"/><SP WIDTH="16" VPOS="244" HPOS="390"/>
							<String ID="string_33" HPOS="406" VPOS="244" WIDTH="92" HEIGHT="27" WC="0.91" CONTENT="gvarstä,"/><SP WIDTH="25" VPOS="244" HPOS="498"/>
							<String ID="string_34" HPOS="523" VPOS="243" WIDTH="24" HEIGHT="22" WC="0.96" CONTENT="sä"/><SP WIDTH="22" VPOS="243" HPOS="547"/>
							<String ID="string_35" HPOS="569" VPOS="244" WIDTH="40" HEIGHT="21" WC="0.96" CONTENT="har"/><SP WIDTH="22" VPOS="244" HPOS="609"/>
							<String ID="string_36" HPOS="631" VPOS="244" WIDTH="41" HEIGHT="21" WC="0.96" CONTENT="han"/><SP WIDTH="19" VPOS="244" HPOS="672"/>
							<String ID="string_37" HPOS="691" VPOS="250" WIDTH="76" HEIGHT="21" WC="0.96" CONTENT="genom"/><SP WIDTH="16" VPOS="250" HPOS="767"/>
							<String ID="string_38" HPOS="783" VPOS="251" WIDTH="26" HEIGHT="14" WC="0.93" CONTENT="en"/><SP WIDTH="15" VPOS="251" HPOS="809"/>
							<String ID="string_39" HPOS="824" VPOS="245" WIDTH="66" HEIGHT="20" WC="0.93" CONTENT="admi-"/>
						</TextLine>
						<TextLine ID="line_4" HPOS="63" VPOS="272" WIDTH="827" HEIGHT="27">
							<String ID="string_40" HPOS="63" VPOS="273" WIDTH="99" HEIGHT="20" WC="0.92" CONTENT="nistrativ"/><SP WIDTH="16" VPOS="273" HPOS="162"/>
							<String ID="string_41" HPOS="178" VPOS="272" WIDTH="75" HEIGHT="27" WC="0.92" CONTENT="ätgärd"/><SP WIDTH="16" VPOS="272" HPOS="253"/>
							<String ID="string_42" HPOS="269" VPOS="273" WIDTH="89" HEIGHT="20" WC="0.96" CONTENT="kommit"/><SP WIDTH="15" VPOS="273" HPOS="358"/>
							<String ID="string_43" HPOS="373" VPOS="273" WIDTH="7" HEIGHT="20" WC="0.95" CONTENT="i"/><SP WIDTH="15" VPOS="273" HPOS="380"/>
							<String ID="string_44" HPOS="395" VPOS="279" WIDTH="82" HEIGHT="14" WC="0.96" CONTENT="samma"/><SP WIDTH="14" VPOS="279" HPOS="477"/>
							<String ID="string_45" HPOS="491" VPOS="273" WIDTH="54" HEIGHT="26" WC="0.96" CONTENT="läge,"/><SP WIDTH="16" VPOS="273" HPOS="545"/>
							<String ID="string_46" HPOS="561" VPOS="279" WIDTH="46" HEIGHT="14" WC="0.96" CONTENT="som"/><SP WIDTH="16" VPOS="279" HPOS="607"/>
							<String ID="string_47" HPOS="623" VPOS="279" WIDTH="35" HEIGHT="14" WC="0.96" CONTENT="om"/><SP WIDTH="19" VPOS="279" HPOS="658"/>
							<String ID="string_48" HPOS="677" VPOS="272" WIDTH="43" HEIGHT="21" WC="0.93" CONTENT="han"/><SP WIDTH="18" VPOS="272" HPOS="720"/>
							<String ID="string_49" HPOS="738" VPOS="279" WIDTH="50" HEIGHT="14" WC="0.92" CONTENT="vore"/><SP WIDTH="23" VPOS="279" HPOS="788"/>
							<String ID="string_50" HPOS="811" VPOS="279" WIDTH="26" HEIGHT="15" WC="0.93" CONTENT="en"/><SP WIDTH="22" VPOS="279" HPOS="837"/>
							<String ID="string_51" HPOS="859" VPOS="272" WIDTH="31" HEIGHT="21" WC="0.92" CONTENT="af-"/>
						</TextLine>
						<TextLine ID="line_5" HPOS="64" VPOS="300" WIDTH="825" HEIGHT="28">
							<String ID="string_52" HPOS="64" VPOS="301" WIDTH="75" HEIGHT="26" WC="0.92" CONTENT="sättlig"/><SP WIDTH="15" VPOS="301" HPOS="139"/>
							<String ID="string_53" HPOS="154" VPOS="301" WIDTH="134" HEIGHT="26" WC="0.92" CONTENT="tjensteman."/><SP WIDTH="32" VPOS="301" HPOS="288"/>
							<String ID="string_54" HPOS="320" VPOS="300" WIDTH="45" HEIGHT="22" WC="0.94" CONTENT="Har"/><SP WIDTH="15" VPOS="300" HPOS="365"/>
							<String ID="string_55" HPOS="380" VPOS="300" WIDTH="42" HEIGHT="21" WC="0.93" CONTENT="han"/><SP WIDTH="16" VPOS="300" HPOS="422"/>
							<String ID="string_56" HPOS="438" VPOS="300" WIDTH="47" HEIGHT="22" WC="0.93" CONTENT="äter"/><SP WIDTH="14" VPOS="300" HPOS="485"/>
							<String ID="string_57" HPOS="499" VPOS="301" WIDTH="81" HEIGHT="27" WC="0.91" CONTENT="kurage"/><SP WIDTH="16" VPOS="301" HPOS="580"/>
							<String ID="string_58" HPOS="596" VPOS="302" WIDTH="33" HEIGHT="20" WC="0.93" CONTENT="att"/><SP WIDTH="14" VPOS="302" HPOS="629"/>
							<String ID="string_59" HPOS="643" VPOS="300" WIDTH="79" HEIGHT="22" WC="0.92" CONTENT="motstä"/><SP WIDTH="15" VPOS="300" HPOS="722"/>
							<String ID="string_60" HPOS="737" VPOS="307" WIDTH="26" HEIGHT="15" WC="0.93" CONTENT="en"/><SP WIDTH="16" VPOS="307" HPOS="763"/>
							<String ID="string_61" HPOS="779" VPOS="301" WIDTH="58" HEIGHT="27" WC="0.93" CONTENT="dylik"/><SP WIDTH="16" VPOS="301" HPOS="837"/>
							<String ID="string_62" HPOS="853" VPOS="300" WIDTH="36" HEIGHT="27" WC="0.93" CONTENT="pä-"/>
						</TextLine>
						<TextLine ID="line_6" HPOS="64" VPOS="328" WIDTH="825" HEIGHT="28">
							<String ID="string_63" HPOS="64" VPOS="330" WIDTH="120" HEIGHT="26" WC="0.96" CONTENT="tryckning,"/><SP WIDTH="16" VPOS="330" HPOS="184"/>
							<String ID="string_64" HPOS="200" VPOS="328" WIDTH="24" HEIGHT="22" WC="0.97" CONTENT="sä"/><SP WIDTH="15" VPOS="328" HPOS="224"/>
							<String ID="string_65" HPOS="239" VPOS="329" WIDTH="41" HEIGHT="21" WC="0.96" CONTENT="blir"/><SP WIDTH="16" VPOS="329" HPOS="280"/>
							<String ID="string_66" HPOS="296" VPOS="329" WIDTH="53" HEIGHT="21" WC="0.96" CONTENT="hans"/><SP WIDTH="15" VPOS="329" HPOS="349"/>
							<String ID="string_67" HPOS="364" VPOS="330" WIDTH="101" HEIGHT="26" WC="0.96" CONTENT="ställning"/><SP WIDTH="15" VPOS="330" HPOS="465"/>
							<String ID="string_68" HPOS="480" VPOS="329" WIDTH="32" HEIGHT="21" WC="0.96" CONTENT="till"/><SP WIDTH="16" VPOS="329" HPOS="512"/>
							<String ID="string_69" HPOS="528" VPOS="330" WIDTH="26" HEIGHT="20" WC="0.93" CONTENT="de"/><SP WIDTH="16" VPOS="330" HPOS="554"/>
							<String ID="string_70" HPOS="570" VPOS="329" WIDTH="156" HEIGHT="21" WC="0.92" CONTENT="öfverordnade"/><SP WIDTH="15" VPOS="329" HPOS="726"/>
							<String ID="string_71" HPOS="741" VPOS="329" WIDTH="53" HEIGHT="26" WC="0.93" CONTENT="skef,"/><SP WIDTH="23" VPOS="329" HPOS="794"/>
							<String ID="string_72" HPOS="817" VPOS="331" WIDTH="23" HEIGHT="25" WC="0.96" CONTENT="ty"/><SP WIDTH="23" VPOS="331" HPOS="840"/>
							<String ID="string_73" HPOS="863" VPOS="329" WIDTH="26" HEIGHT="21" WC="0.96" CONTENT="de"/>
						</TextLine>
						<TextLine ID="line_7" HPOS="63" VPOS="357" WIDTH="826" HEIGHT="27">
							<String ID="string_74" HPOS="63" VPOS="357" WIDTH="63" HEIGHT="21" WC="0.92" CONTENT="hafva"/><SP WIDTH="16" VPOS="357" HPOS="126"/>
							<String ID="string_75" HPOS="142" VPOS="357" WIDTH="27" HEIGHT="21" WC="0.93" CONTENT="dä"/><SP WIDTH="15" VPOS="357" HPOS="169"/>
							<String ID="string_76" HPOS="184" VPOS="358" WIDTH="91" HEIGHT="26" WC="0.91" CONTENT="vidtagit"/><SP WIDTH="15" VPOS="358" HPOS="275"/>
							<String ID="string_77" HPOS="290" VPOS="364" WIDTH="26" HEIGHT="14" WC="0.93" CONTENT="en"/><SP WIDTH="16" VPOS="364" HPOS="316"/>
							<String ID="string_78" HPOS="332" VPOS="357" WIDTH="74" HEIGHT="27" WC="0.92" CONTENT="ätgärd"/><SP WIDTH="17" VPOS="357" HPOS="406"/>
							<String ID="string_79" HPOS="423" VPOS="360" WIDTH="45" HEIGHT="19" WC="0.96" CONTENT="mot"/><SP WIDTH="15" VPOS="360" HPOS="468"/>
							<String ID="string_80" HPOS="483" VPOS="364" WIDTH="26" HEIGHT="15" WC="0.93" CONTENT="en"/><SP WIDTH="15" VPOS="364" HPOS="509"/>
							<String ID="string_81" HPOS="524" VPOS="358" WIDTH="158" HEIGHT="25" WC="0.92" CONTENT="underordnad,"/><SP WIDTH="21" VPOS="358" HPOS="682"/>
							<String ID="string_82" HPOS="703" VPOS="359" WIDTH="52" HEIGHT="19" WC="0.96" CONTENT="utan"/><SP WIDTH="15" VPOS="359" HPOS="755"/>
							<String ID="string_83" HPOS="770" VPOS="359" WIDTH="33" HEIGHT="20" WC="0.96" CONTENT="att"/><SP WIDTH="15" VPOS="359" HPOS="803"/>
							<String ID="string_84" HPOS="818" VPOS="357" WIDTH="71" HEIGHT="21" WC="0.96" CONTENT="kunna"/>
						</TextLine>
						<TextLine ID="line_8" HPOS="63" VPOS="386" WIDTH="826" HEIGHT="27">
							<String ID="string_85" HPOS="63" VPOS="386" WIDTH="21" HEIGHT="21" WC="0.96" CONTENT="få"/><SP WIDTH="16" VPOS="386" HPOS="84"/>
							<String ID="string_86" HPOS="100" VPOS="386" WIDTH="81" HEIGHT="27" WC="0.96" CONTENT="påföljd"/><SP WIDTH="16" VPOS="386" HPOS="181"/>
							<String ID="string_87" HPOS="197" VPOS="386" WIDTH="33" HEIGHT="21" WC="0.93" CONTENT="för"/><SP WIDTH="16" VPOS="386" HPOS="230"/>
							<String ID="string_88" HPOS="246" VPOS="386" WIDTH="128" HEIGHT="21" WC="0.95" CONTENT="densamma."/><SP WIDTH="32" VPOS="386" HPOS="374"/>
							<String ID="string_89" HPOS="406" VPOS="386" WIDTH="68" HEIGHT="21" WC="0.96" CONTENT="Finna"/><SP WIDTH="21" VPOS="386" HPOS="474"/>
							<String ID="string_90" HPOS="495" VPOS="386" WIDTH="32" HEIGHT="26" WC="0.96" CONTENT="de,"/><SP WIDTH="24" VPOS="386" HPOS="527"/>
							<String ID="string_91" HPOS="551" VPOS="392" WIDTH="46" HEIGHT="15" WC="0.96" CONTENT="som"/><SP WIDTH="16" VPOS="392" HPOS="597"/>
							<String ID="string_92" HPOS="613" VPOS="386" WIDTH="33" HEIGHT="21" WC="0.96" CONTENT="stä"/><SP WIDTH="15" VPOS="386" HPOS="646"/>
							<String ID="string_93" HPOS="661" VPOS="386" WIDTH="7" HEIGHT="21" WC="0.93" CONTENT="i"/><SP WIDTH="16" VPOS="386" HPOS="668"/>
							<String ID="string_94" HPOS="684" VPOS="388" WIDTH="84" HEIGHT="24" WC="0.96" CONTENT="spetsen"/><SP WIDTH="15" VPOS="388" HPOS="768"/>
							<String ID="string_95" HPOS="783" VPOS="386" WIDTH="34" HEIGHT="21" WC="0.93" CONTENT="för"/><SP WIDTH="16" VPOS="386" HPOS="817"/>
							<String ID="string_96" HPOS="833" VPOS="386" WIDTH="56" HEIGHT="21" WC="0.93" CONTENT="skol-"/>
						</TextLine>
						<TextLine ID="line_9" HPOS="63" VPOS="414" WIDTH="826" HEIGHT="27">
							<String ID="string_97" HPOS="63" VPOS="415" WIDTH="108" HEIGHT="24" WC="0.91" CONTENT="väsendet,"/><SP WIDTH="17" VPOS="415" HPOS="171"/>
							<String ID="string_98" HPOS="188" VPOS="416" WIDTH="32" HEIGHT="19" WC="0.96" CONTENT="att"/><SP WIDTH="16" VPOS="416" HPOS="220"/>
							<String ID="string_99" HPOS="236" VPOS="420" WIDTH="25" HEIGHT="15" WC="0.93" CONTENT="en"/><SP WIDTH="16" VPOS="420" HPOS="261"/>
							<String ID="string_100" HPOS="277" VPOS="414" WIDTH="69" HEIGHT="22" WC="0.91" CONTENT="lärare"/><SP WIDTH="16" VPOS="414" HPOS="346"/>
							<String ID="string_101" HPOS="362" VPOS="414" WIDTH="76" HEIGHT="27" WC="0.90" CONTENT="uppför"/><SP WIDTH="16" VPOS="414" HPOS="438"/>
							<String ID="string_102" HPOS="454" VPOS="415" WIDTH="31" HEIGHT="26" WC="0.97" CONTENT="sig"/><SP WIDTH="16" VPOS="415" HPOS="485"/>
							<String ID="string_103" HPOS="501" VPOS="414" WIDTH="30" HEIGHT="27" WC="0.96" CONTENT="sä,"/><SP WIDTH="25" VPOS="414" HPOS="531"/>
							<String ID="string_104" HPOS="556" VPOS="415" WIDTH="51" HEIGHT="21" WC="0.96" CONTENT="eller"/><SP WIDTH="16" VPOS="415" HPOS="607"/>
							<String ID="string_105" HPOS="623" VPOS="415" WIDTH="105" HEIGHT="26" WC="0.96" CONTENT="uppfyller"/><SP WIDTH="23" VPOS="415" HPOS="728"/>
							<String ID="string_106" HPOS="751" VPOS="415" WIDTH="45" HEIGHT="20" WC="0.93" CONTENT="sina"/><SP WIDTH="15" VPOS="415" HPOS="796"/>
							<String ID="string_107" HPOS="811" VPOS="414" WIDTH="78" HEIGHT="27" WC="0.93" CONTENT="pligter"/>
						</TextLine>
						<TextLine ID="line_10" HPOS="64" VPOS="443" WIDTH="825" HEIGHT="27">
							<String ID="string_108" HPOS="64" VPOS="443" WIDTH="28" HEIGHT="26" WC="0.95" CONTENT="pä"/><SP WIDTH="15" VPOS="443" HPOS="92"/>
							<String ID="string_109" HPOS="107" VPOS="445" WIDTH="31" HEIGHT="19" WC="0.93" CONTENT="ett"/><SP WIDTH="16" VPOS="445" HPOS="138"/>
							<String ID="string_110" HPOS="154" VPOS="443" WIDTH="76" HEIGHT="21" WC="0.92" CONTENT="sädant"/><SP WIDTH="16" VPOS="443" HPOS="230"/>
							<String ID="string_111" HPOS="246" VPOS="444" WIDTH="49" HEIGHT="25" WC="0.96" CONTENT="sätt,"/><SP WIDTH="15" VPOS="444" HPOS="295"/>
							<String ID="string_112" HPOS="310" VPOS="445" WIDTH="33" HEIGHT="19" WC="0.96" CONTENT="att"/><SP WIDTH="15" VPOS="445" HPOS="343"/>
							<String ID="string_113" HPOS="358" VPOS="443" WIDTH="41" HEIGHT="21" WC="0.93" CONTENT="han"/><SP WIDTH="16" VPOS="443" HPOS="399"/>
							<String ID="string_114" HPOS="415" VPOS="443" WIDTH="46" HEIGHT="21" WC="0.91" CONTENT="icke"/><SP WIDTH="17" VPOS="443" HPOS="461"/>
							<String ID="string_115" HPOS="478" VPOS="445" WIDTH="24" HEIGHT="19" WC="0.93" CONTENT="är"/><SP WIDTH="15" VPOS="445" HPOS="502"/>
							<String ID="string_116" HPOS="517" VPOS="444" WIDTH="52" HEIGHT="20" WC="0.92" CONTENT="värd"/><SP WIDTH="16" VPOS="444" HPOS="569"/>
							<String ID="string_117" HPOS="585" VPOS="445" WIDTH="32" HEIGHT="19" WC="0.93" CONTENT="att"/><SP WIDTH="16" VPOS="445" HPOS="617"/>
							<String ID="string_118" HPOS="633" VPOS="443" WIDTH="92" HEIGHT="27" WC="0.91" CONTENT="gvarstä,"/><SP WIDTH="23" VPOS="443" HPOS="725"/>
							<String ID="string_119" HPOS="748" VPOS="443" WIDTH="24" HEIGHT="21" WC="0.96" CONTENT="sä"/><SP WIDTH="22" VPOS="443" HPOS="772"/>
							<String ID="string_120" HPOS="794" VPOS="443" WIDTH="34" HEIGHT="21" WC="0.96" CONTENT="mä"/><SP WIDTH="19" VPOS="443" HPOS="828"/>
							<String ID="string_121" HPOS="847" VPOS="443" WIDTH="42" HEIGHT="21" WC="0.96" CONTENT="han"/>
						</TextLine>
						<TextLine ID="line_11" HPOS="63" VPOS="471" WIDTH="825" HEIGHT="28">
							<String ID="string_122" HPOS="63" VPOS="471" WIDTH="77" HEIGHT="21" WC="0.93" CONTENT="åtalas."/><SP WIDTH="30" VPOS="471" HPOS="140"/>
							<String ID="string_123" HPOS="170" VPOS="472" WIDTH="112" HEIGHT="26" WC="0.85" CONTENT="Vanskligt"/><SP WIDTH="16" VPOS="472" HPOS="282"/>
							<String ID="string_124" HPOS="298" VPOS="473" WIDTH="24" HEIGHT="19" WC="0.96" CONTENT="är"/><SP WIDTH="23" VPOS="473" HPOS="322"/>
							<String ID="string_125" HPOS="345" VPOS="473" WIDTH="32" HEIGHT="19" WC="0.96" CONTENT="att"/><SP WIDTH="15" VPOS="473" HPOS="377"/>
							<String ID="string_126" HPOS="392" VPOS="472" WIDTH="97" HEIGHT="21" WC="0.96" CONTENT="använda"/><SP WIDTH="16" VPOS="472" HPOS="489"/>
							<String ID="string_127" HPOS="505" VPOS="472" WIDTH="82" HEIGHT="26" WC="0.93" CONTENT="privata"/><SP WIDTH="10" VPOS="472" HPOS="587"/>
							<String ID="string_128" HPOS="597" VPOS="472" WIDTH="161" HEIGHT="27" WC="0.92" CONTENT="uppmaningar."/><SP WIDTH="25" VPOS="472" HPOS="758"/>
							<String ID="string_129" HPOS="783" VPOS="472" WIDTH="38" HEIGHT="20" WC="0.93" CONTENT="Ett"/><SP WIDTH="15" VPOS="472" HPOS="821"/>
							<String ID="string_130" HPOS="836" VPOS="472" WIDTH="52" HEIGHT="20" WC="0.92" CONTENT="kon-"/>
						</TextLine>
						<TextLine ID="line_12" HPOS="64" VPOS="500" WIDTH="824" HEIGHT="27">
							<String ID="string_131" HPOS="64" VPOS="500" WIDTH="69" HEIGHT="21" WC="0.92" CONTENT="silium"/><SP WIDTH="16" VPOS="500" HPOS="133"/>
							<String ID="string_132" HPOS="149" VPOS="500" WIDTH="99" HEIGHT="24" WC="0.92" CONTENT="abeundi,"/><SP WIDTH="16" VPOS="500" HPOS="248"/>
							<String ID="string_133" HPOS="264" VPOS="506" WIDTH="34" HEIGHT="15" WC="0.93" CONTENT="om"/><SP WIDTH="17" VPOS="506" HPOS="298"/>
							<String ID="string_134" HPOS="315" VPOS="500" WIDTH="39" HEIGHT="21" WC="0.93" CONTENT="ock"/><SP WIDTH="15" VPOS="500" HPOS="354"/>
							<String ID="string_135" HPOS="369" VPOS="500" WIDTH="65" HEIGHT="26" WC="0.88" CONTENT="gifvet"/><SP WIDTH="15" VPOS="500" HPOS="434"/>
							<String ID="string_136" HPOS="449" VPOS="500" WIDTH="6" HEIGHT="21" WC="0.96" CONTENT="i"/><SP WIDTH="16" VPOS="500" HPOS="455"/>
							<String ID="string_137" HPOS="471" VPOS="501" WIDTH="70" HEIGHT="26" WC="0.96" CONTENT="privat"/><SP WIDTH="16" VPOS="501" HPOS="541"/>
							<String ID="string_138" HPOS="557" VPOS="500" WIDTH="61" HEIGHT="26" WC="0.96" CONTENT="form,"/><SP WIDTH="25" VPOS="500" HPOS="618"/>
							<String ID="string_139" HPOS="643" VPOS="500" WIDTH="40" HEIGHT="21" WC="0.93" CONTENT="blir"/><SP WIDTH="17" VPOS="500" HPOS="683"/>
							<String ID="string_140" HPOS="700" VPOS="500" WIDTH="66" HEIGHT="21" WC="0.92" CONTENT="kändt"/><SP WIDTH="20" VPOS="500" HPOS="766"/>
							<String ID="string_141" HPOS="786" VPOS="501" WIDTH="6" HEIGHT="20" WC="0.96" CONTENT="i"/><SP WIDTH="24" VPOS="501" HPOS="792"/>
							<String ID="string_142" HPOS="816" VPOS="500" WIDTH="72" HEIGHT="21" WC="0.96" CONTENT="vidare"/>
						</TextLine>
						<TextLine ID="line_13" HPOS="64" VPOS="528" WIDTH="825" HEIGHT="27">
							<String ID="string_143" HPOS="64" VPOS="528" WIDTH="52" HEIGHT="22" WC="0.93" CONTENT="eller"/><SP WIDTH="14" VPOS="528" HPOS="116"/>
							<String ID="string_144" HPOS="130" VPOS="530" WIDTH="88" HEIGHT="25" WC="0.93" CONTENT="trängre"/><SP WIDTH="16" VPOS="530" HPOS="218"/>
							<String ID="string_145" HPOS="234" VPOS="528" WIDTH="84" HEIGHT="21" WC="0.92" CONTENT="kretsar"/><SP WIDTH="15" VPOS="528" HPOS="318"/>
							<String ID="string_146" HPOS="333" VPOS="528" WIDTH="39" HEIGHT="21" WC="0.93" CONTENT="och"/><SP WIDTH="16" VPOS="528" HPOS="372"/>
							<String ID="string_147" HPOS="388" VPOS="528" WIDTH="74" HEIGHT="27" WC="0.89" CONTENT="mäste,"/><SP WIDTH="23" VPOS="528" HPOS="462"/>
							<String ID="string_148" HPOS="485" VPOS="529" WIDTH="69" HEIGHT="21" WC="0.92" CONTENT="säsom"/><SP WIDTH="23" VPOS="529" HPOS="554"/>
							<String ID="string_149" HPOS="577" VPOS="529" WIDTH="66" HEIGHT="21" WC="0.93" CONTENT="redan"/><SP WIDTH="22" VPOS="529" HPOS="643"/>
							<String ID="string_150" HPOS="665" VPOS="529" WIDTH="109" HEIGHT="26" WC="0.92" CONTENT="antyddes,"/><SP WIDTH="23" VPOS="529" HPOS="774"/>
							<String ID="string_151" HPOS="797" VPOS="528" WIDTH="92" HEIGHT="22" WC="0.93" CONTENT="försätta"/>
						</TextLine>
						<TextLine ID="line_14" HPOS="63" VPOS="556" WIDTH="825" HEIGHT="27">
							<String ID="string_152" HPOS="63" VPOS="557" WIDTH="100" HEIGHT="26" WC="0.93" CONTENT="antingen"/><SP WIDTH="16" VPOS="557" HPOS="163"/>
							<String ID="string_153" HPOS="179" VPOS="557" WIDTH="94" HEIGHT="26" WC="0.92" CONTENT="gifvaren"/><SP WIDTH="16" VPOS="557" HPOS="273"/>
							<String ID="string_154" HPOS="289" VPOS="556" WIDTH="53" HEIGHT="21" WC="0.93" CONTENT="eller"/><SP WIDTH="14" VPOS="556" HPOS="342"/>
							<String ID="string_155" HPOS="356" VPOS="559" WIDTH="134" HEIGHT="24" WC="0.92" CONTENT="mottagaren"/><SP WIDTH="16" VPOS="559" HPOS="490"/>
							<String ID="string_156" HPOS="506" VPOS="558" WIDTH="6" HEIGHT="19" WC="0.95" CONTENT="i"/><SP WIDTH="16" VPOS="558" HPOS="512"/>
							<String ID="string_157" HPOS="528" VPOS="563" WIDTH="26" HEIGHT="15" WC="0.93" CONTENT="en"/><SP WIDTH="15" VPOS="563" HPOS="554"/>
							<String ID="string_158" HPOS="569" VPOS="557" WIDTH="113" HEIGHT="26" WC="0.92" CONTENT="obehaglig"/><SP WIDTH="15" VPOS="557" HPOS="682"/>
							<String ID="string_159" HPOS="697" VPOS="558" WIDTH="106" HEIGHT="25" WC="0.93" CONTENT="ställning."/><SP WIDTH="22" VPOS="558" HPOS="803"/>
							<String ID="string_160" HPOS="825" VPOS="557" WIDTH="63" HEIGHT="21" WC="0.92" CONTENT="Dess-"/>
						</TextLine>
						<TextLine ID="line_15" HPOS="63" VPOS="585" WIDTH="825" HEIGHT="26">
							<String ID="string_161" HPOS="63" VPOS="587" WIDTH="65" HEIGHT="24" WC="0.92" CONTENT="utom,"/><SP WIDTH="17" VPOS="587" HPOS="128"/>
							<String ID="string_162" HPOS="145" VPOS="585" WIDTH="53" HEIGHT="21" WC="0.91" CONTENT="hvar"/><SP WIDTH="15" VPOS="585" HPOS="198"/>
							<String ID="string_163" HPOS="213" VPOS="585" WIDTH="67" HEIGHT="21" WC="0.92" CONTENT="finnes"/><SP WIDTH="15" VPOS="585" HPOS="280"/>
							<String ID="string_164" HPOS="295" VPOS="586" WIDTH="108" HEIGHT="25" WC="0.92" CONTENT="garantier"/><SP WIDTH="14" VPOS="586" HPOS="403"/>
							<String ID="string_165" HPOS="417" VPOS="585" WIDTH="34" HEIGHT="21" WC="0.96" CONTENT="för"/><SP WIDTH="18" VPOS="585" HPOS="451"/>
							<String ID="string_166" HPOS="469" VPOS="587" WIDTH="32" HEIGHT="19" WC="0.96" CONTENT="att"/><SP WIDTH="16" VPOS="587" HPOS="501"/>
							<String ID="string_167" HPOS="517" VPOS="585" WIDTH="36" HEIGHT="22" WC="0.96" CONTENT="det"/><SP WIDTH="15" VPOS="585" HPOS="553"/>
							<String ID="string_168" HPOS="568" VPOS="585" WIDTH="69" HEIGHT="22" WC="0.96" CONTENT="skulle"/><SP WIDTH="16" VPOS="585" HPOS="637"/>
							<String ID="string_169" HPOS="653" VPOS="585" WIDTH="107" HEIGHT="26" WC="0.96" CONTENT="tillämpas"/><SP WIDTH="16" VPOS="585" HPOS="760"/>
							<String ID="string_170" HPOS="776" VPOS="585" WIDTH="75" HEIGHT="22" WC="0.96" CONTENT="endast"/><SP WIDTH="15" VPOS="585" HPOS="851"/>
							<String ID="string_171" HPOS="866" VPOS="585" WIDTH="22" HEIGHT="20" WC="0.96" CONTENT="af"/>
						</TextLine>
						<TextLine ID="line_16" HPOS="62" VPOS="613" WIDTH="825" HEIGHT="28">
							<String ID="string_172" HPOS="62" VPOS="613" WIDTH="74" HEIGHT="27" WC="0.91" CONTENT="giltiga"/><SP WIDTH="16" VPOS="613" HPOS="136"/>
							<String ID="string_173" HPOS="152" VPOS="614" WIDTH="52" HEIGHT="21" WC="0.91" CONTENT="skäl."/><SP WIDTH="32" VPOS="614" HPOS="204"/>
							<String ID="string_174" HPOS="236" VPOS="613" WIDTH="39" HEIGHT="21" WC="0.93" CONTENT="Om"/><SP WIDTH="15" VPOS="613" HPOS="275"/>
							<String ID="string_175" HPOS="290" VPOS="615" WIDTH="16" HEIGHT="19" WC="0.93" CONTENT="t."/><SP WIDTH="16" VPOS="615" HPOS="306"/>
							<String ID="string_176" HPOS="322" VPOS="620" WIDTH="31" HEIGHT="15" WC="0.96" CONTENT="ex."/><SP WIDTH="17" VPOS="620" HPOS="353"/>
							<String ID="string_177" HPOS="370" VPOS="620" WIDTH="25" HEIGHT="15" WC="0.93" CONTENT="en"/><SP WIDTH="16" VPOS="620" HPOS="395"/>
							<String ID="string_178" HPOS="411" VPOS="614" WIDTH="117" HEIGHT="21" WC="0.92" CONTENT="skollärare"/><SP WIDTH="23" VPOS="614" HPOS="528"/>
							<String ID="string_179" HPOS="551" VPOS="613" WIDTH="27" HEIGHT="28" WC="0.96" CONTENT="pä"/><SP WIDTH="23" VPOS="613" HPOS="578"/>
							<String ID="string_180" HPOS="601" VPOS="614" WIDTH="68" HEIGHT="26" WC="0.95" CONTENT="grund"/><SP WIDTH="19" VPOS="614" HPOS="669"/>
							<String ID="string_181" HPOS="688" VPOS="614" WIDTH="22" HEIGHT="21" WC="0.93" CONTENT="af"/><SP WIDTH="13" VPOS="614" HPOS="710"/>
							<String ID="string_182" HPOS="723" VPOS="614" WIDTH="116" HEIGHT="21" WC="0.92" CONTENT="frisinnade"/><SP WIDTH="15" VPOS="614" HPOS="839"/>
							<String ID="string_183" HPOS="854" VPOS="620" WIDTH="33" HEIGHT="14" WC="0.92" CONTENT="ar-"/>
						</TextLine>
						<TextLine ID="line_17" HPOS="62" VPOS="641" WIDTH="825" HEIGHT="27">
							<String ID="string_184" HPOS="62" VPOS="642" WIDTH="75" HEIGHT="21" WC="0.92" CONTENT="betens"/><SP WIDTH="16" VPOS="642" HPOS="137"/>
							<String ID="string_185" HPOS="153" VPOS="641" WIDTH="129" HEIGHT="27" WC="0.92" CONTENT="utgifvande,"/><SP WIDTH="18" VPOS="641" HPOS="282"/>
							<String ID="string_186" HPOS="300" VPOS="642" WIDTH="68" HEIGHT="21" WC="0.93" CONTENT="skulle"/><SP WIDTH="16" VPOS="642" HPOS="368"/>
							<String ID="string_187" HPOS="384" VPOS="642" WIDTH="21" HEIGHT="21" WC="0.93" CONTENT="fä"/><SP WIDTH="16" VPOS="642" HPOS="405"/>
							<String ID="string_188" HPOS="421" VPOS="643" WIDTH="110" HEIGHT="20" WC="0.93" CONTENT="consilium"/><SP WIDTH="22" VPOS="643" HPOS="531"/>
							<String ID="string_189" HPOS="553" VPOS="642" WIDTH="93" HEIGHT="21" WC="0.91" CONTENT="abeundi"/><SP WIDTH="24" VPOS="642" HPOS="646"/>
							<String ID="string_190" HPOS="670" VPOS="642" WIDTH="51" HEIGHT="21" WC="0.87" CONTENT="eller"/><SP WIDTH="23" VPOS="642" HPOS="721"/>
							<String ID="string_191" HPOS="744" VPOS="643" WIDTH="48" HEIGHT="20" WC="0.93" CONTENT="med"/><SP WIDTH="23" VPOS="643" HPOS="792"/>
							<String ID="string_192" HPOS="815" VPOS="642" WIDTH="72" HEIGHT="21" WC="0.93" CONTENT="anled-"/>
						</TextLine>
						<TextLine ID="line_18" HPOS="63" VPOS="670" WIDTH="825" HEIGHT="27">
							<String ID="string_193" HPOS="63" VPOS="671" WIDTH="50" HEIGHT="26" WC="0.96" CONTENT="ning"/><SP WIDTH="15" VPOS="671" HPOS="113"/>
							<String ID="string_194" HPOS="128" VPOS="670" WIDTH="23" HEIGHT="21" WC="0.93" CONTENT="af"/><SP WIDTH="14" VPOS="670" HPOS="151"/>
							<String ID="string_195" HPOS="165" VPOS="671" WIDTH="131" HEIGHT="26" WC="0.96" CONTENT="uttalanden,"/><SP WIDTH="20" VPOS="671" HPOS="296"/>
							<String ID="string_196" HPOS="316" VPOS="677" WIDTH="44" HEIGHT="14" WC="0.96" CONTENT="som"/><SP WIDTH="24" VPOS="677" HPOS="360"/>
							<String ID="string_197" HPOS="384" VPOS="670" WIDTH="41" HEIGHT="21" WC="0.96" CONTENT="han"/><SP WIDTH="24" VPOS="670" HPOS="425"/>
							<String ID="string_198" HPOS="449" VPOS="671" WIDTH="46" HEIGHT="21" WC="0.96" CONTENT="haft"/><SP WIDTH="22" VPOS="671" HPOS="495"/>
							<String ID="string_199" HPOS="517" VPOS="672" WIDTH="86" HEIGHT="20" WC="0.93" CONTENT="utanför"/><SP WIDTH="24" VPOS="672" HPOS="603"/>
							<String ID="string_200" HPOS="627" VPOS="671" WIDTH="85" HEIGHT="20" WC="0.96" CONTENT="skolans"/><SP WIDTH="21" VPOS="671" HPOS="712"/>
							<String ID="string_201" HPOS="733" VPOS="671" WIDTH="94" HEIGHT="24" WC="0.96" CONTENT="område,"/><SP WIDTH="22" VPOS="671" HPOS="827"/>
							<String ID="string_202" HPOS="849" VPOS="671" WIDTH="39" HEIGHT="20" WC="0.96" CONTENT="der"/>
						</TextLine>
						<TextLine ID="line_19" HPOS="62" VPOS="698" WIDTH="826" HEIGHT="28">
							<String ID="string_203" HPOS="62" VPOS="698" WIDTH="43" HEIGHT="21" WC="0.93" CONTENT="han"/><SP WIDTH="15" VPOS="698" HPOS="105"/>
							<String ID="string_204" HPOS="120" VPOS="699" WIDTH="75" HEIGHT="21" WC="0.91" CONTENT="häfdat"/><SP WIDTH="15" VPOS="699" HPOS="195"/>
							<String ID="string_205" HPOS="210" VPOS="700" WIDTH="32" HEIGHT="20" WC="0.93" CONTENT="sin"/><SP WIDTH="16" VPOS="700" HPOS="242"/>
							<String ID="string_206" HPOS="258" VPOS="699" WIDTH="169" HEIGHT="26" WC="0.93" CONTENT="medborgerliga"/><SP WIDTH="16" VPOS="699" HPOS="427"/>
							<String ID="string_207" HPOS="443" VPOS="699" WIDTH="176" HEIGHT="27" WC="0.93" CONTENT="sjelfständighet,"/><SP WIDTH="17" VPOS="699" HPOS="619"/>
							<String ID="string_208" HPOS="636" VPOS="705" WIDTH="62" HEIGHT="21" WC="0.93" CONTENT="synes"/><SP WIDTH="11" VPOS="705" HPOS="698"/>
							<String ID="string_209" HPOS="709" VPOS="699" WIDTH="36" HEIGHT="22" WC="0.97" CONTENT="det"/><SP WIDTH="10" VPOS="699" HPOS="745"/>
							<String ID="string_210" HPOS="755" VPOS="700" WIDTH="42" HEIGHT="26" WC="0.97" CONTENT="mig"/><SP WIDTH="12" VPOS="700" HPOS="797"/>
							<String ID="string_211" HPOS="809" VPOS="701" WIDTH="32" HEIGHT="19" WC="0.97" CONTENT="att"/><SP WIDTH="10" VPOS="701" HPOS="841"/>
							<String ID="string_212" HPOS="851" VPOS="699" WIDTH="37" HEIGHT="21" WC="0.96" CONTENT="det"/>
						</TextLine>
						<TextLine ID="line_20" HPOS="62" VPOS="727" WIDTH="825" HEIGHT="22">
							<String ID="string_213" HPOS="62" VPOS="733" WIDTH="52" HEIGHT="16" WC="0.92" CONTENT="vore"/><SP WIDTH="15" VPOS="733" HPOS="114"/>
							<String ID="string_214" HPOS="129" VPOS="727" WIDTH="72" HEIGHT="22" WC="0.96" CONTENT="bättre"/><SP WIDTH="16" VPOS="727" HPOS="201"/>
							<String ID="string_215" HPOS="217" VPOS="729" WIDTH="32" HEIGHT="20" WC="0.96" CONTENT="att"/><SP WIDTH="15" VPOS="729" HPOS="249"/>
							<String ID="string_216" HPOS="264" VPOS="733" WIDTH="49" HEIGHT="15" WC="0.93" CONTENT="man"/><SP WIDTH="15" VPOS="733" HPOS="313"/>
							<String ID="string_217" HPOS="328" VPOS="728" WIDTH="46" HEIGHT="21" WC="0.92" CONTENT="icke"/><SP WIDTH="16" VPOS="728" HPOS="374"/>
							<String ID="string_218" HPOS="390" VPOS="728" WIDTH="68" HEIGHT="21" WC="0.96" CONTENT="skulle"/><SP WIDTH="23" VPOS="728" HPOS="458"/>
							<String ID="string_219" HPOS="481" VPOS="728" WIDTH="73" HEIGHT="21" WC="0.96" CONTENT="kunna"/><SP WIDTH="22" VPOS="728" HPOS="554"/>
							<String ID="string_220" HPOS="576" VPOS="728" WIDTH="32" HEIGHT="21" WC="0.96" CONTENT="till"/><SP WIDTH="24" VPOS="728" HPOS="608"/>
							<String ID="string_221" HPOS="632" VPOS="728" WIDTH="48" HEIGHT="21" WC="0.96" CONTENT="stöd"/><SP WIDTH="21" VPOS="728" HPOS="680"/>
							<String ID="string_222" HPOS="701" VPOS="728" WIDTH="34" HEIGHT="21" WC="0.95" CONTENT="för"/><SP WIDTH="24" VPOS="728" HPOS="735"/>
							<String ID="string_223" HPOS="759" VPOS="730" WIDTH="31" HEIGHT="19" WC="0.93" CONTENT="ett"/><SP WIDTH="21" VPOS="730" HPOS="790"/>
							<String ID="string_224" HPOS="811" VPOS="727" WIDTH="76" HEIGHT="22" WC="0.92" CONTENT="sädant"/>
						</TextLine>
						<TextLine ID="line_21" HPOS="63" VPOS="755" WIDTH="823" HEIGHT="28">
							<String ID="string_225" HPOS="63" VPOS="756" WIDTH="110" HEIGHT="21" WC="0.93" CONTENT="consilium"/><SP WIDTH="16" VPOS="756" HPOS="173"/>
							<String ID="string_226" HPOS="189" VPOS="756" WIDTH="92" HEIGHT="21" WC="0.92" CONTENT="abeundi"/><SP WIDTH="16" VPOS="756" HPOS="281"/>
							<String ID="string_227" HPOS="297" VPOS="755" WIDTH="95" HEIGHT="27" WC="0.96" CONTENT="åberopa"/><SP WIDTH="22" VPOS="755" HPOS="392"/>
							<String ID="string_228" HPOS="414" VPOS="758" WIDTH="31" HEIGHT="19" WC="0.97" CONTENT="att"/><SP WIDTH="24" VPOS="758" HPOS="445"/>
							<String ID="string_229" HPOS="469" VPOS="757" WIDTH="60" HEIGHT="20" WC="0.96" CONTENT="detta"/><SP WIDTH="22" VPOS="757" HPOS="529"/>
							<String ID="string_230" HPOS="551" VPOS="758" WIDTH="24" HEIGHT="19" WC="0.95" CONTENT="är"/><SP WIDTH="22" VPOS="758" HPOS="575"/>
							<String ID="string_231" HPOS="597" VPOS="758" WIDTH="32" HEIGHT="19" WC="0.92" CONTENT="ett"/><SP WIDTH="16" VPOS="758" HPOS="629"/>
							<String ID="string_232" HPOS="645" VPOS="756" WIDTH="174" HEIGHT="27" WC="0.91" CONTENT="tillvägagäende,"/><SP WIDTH="22" VPOS="756" HPOS="819"/>
							<String ID="string_233" HPOS="841" VPOS="763" WIDTH="45" HEIGHT="14" WC="0.96" CONTENT="som"/>
						</TextLine>
						<TextLine ID="line_22" HPOS="62" VPOS="784" WIDTH="825" HEIGHT="27">
							<String ID="string_234" HPOS="62" VPOS="784" WIDTH="70" HEIGHT="21" WC="0.93" CONTENT="blifvit"/><SP WIDTH="15" VPOS="784" HPOS="132"/>
							<String ID="string_235" HPOS="147" VPOS="785" WIDTH="112" HEIGHT="20" WC="0.92" CONTENT="förordadt"/><SP WIDTH="19" VPOS="785" HPOS="259"/>
							<String ID="string_236" HPOS="278" VPOS="785" WIDTH="35" HEIGHT="20" WC="0.93" CONTENT="vid"/><SP WIDTH="23" VPOS="785" HPOS="313"/>
							<String ID="string_237" HPOS="336" VPOS="785" WIDTH="135" HEIGHT="26" WC="0.91" CONTENT="landtdagen."/><SP WIDTH="31" VPOS="785" HPOS="471"/>
							<String ID="string_238" HPOS="502" VPOS="785" WIDTH="71" HEIGHT="26" WC="0.93" CONTENT="Något"/><SP WIDTH="23" VPOS="785" HPOS="573"/>
							<String ID="string_239" HPOS="596" VPOS="785" WIDTH="95" HEIGHT="21" WC="0.93" CONTENT="effektivt"/><SP WIDTH="22" VPOS="785" HPOS="691"/>
							<String ID="string_240" HPOS="713" VPOS="785" WIDTH="109" HEIGHT="21" WC="0.92" CONTENT="korrektiv"/><SP WIDTH="23" VPOS="785" HPOS="822"/>
							<String ID="string_241" HPOS="845" VPOS="785" WIDTH="42" HEIGHT="20" WC="0.96" CONTENT="kan"/>
						</TextLine>
						<TextLine ID="line_23" HPOS="60" VPOS="813" WIDTH="825" HEIGHT="27">
							<String ID="string_242" HPOS="60" VPOS="813" WIDTH="24" HEIGHT="26" WC="0.91" CONTENT="ju"/><SP WIDTH="15" VPOS="813" HPOS="84"/>
							<String ID="string_243" HPOS="99" VPOS="813" WIDTH="46" HEIGHT="21" WC="0.92" CONTENT="icke"/><SP WIDTH="14" VPOS="813" HPOS="145"/>
							<String ID="string_244" HPOS="159" VPOS="813" WIDTH="72" HEIGHT="25" WC="0.96" CONTENT="finnas,"/><SP WIDTH="16" VPOS="813" HPOS="231"/>
							<String ID="string_245" HPOS="247" VPOS="814" WIDTH="37" HEIGHT="20" WC="0.93" CONTENT="der"/><SP WIDTH="15" VPOS="814" HPOS="284"/>
							<String ID="string_246" HPOS="299" VPOS="813" WIDTH="47" HEIGHT="21" WC="0.91" CONTENT="icke"/><SP WIDTH="16" VPOS="813" HPOS="346"/>
							<String ID="string_247" HPOS="362" VPOS="813" WIDTH="132" HEIGHT="21" WC="0.92" CONTENT="skolläraren"/><SP WIDTH="16" VPOS="813" HPOS="494"/>
							<String ID="string_248" HPOS="510" VPOS="813" WIDTH="77" HEIGHT="26" WC="0.93" CONTENT="uppför"/><SP WIDTH="16" VPOS="813" HPOS="587"/>
							<String ID="string_249" HPOS="603" VPOS="814" WIDTH="31" HEIGHT="26" WC="0.96" CONTENT="sig"/><SP WIDTH="16" VPOS="814" HPOS="634"/>
							<String ID="string_250" HPOS="650" VPOS="813" WIDTH="23" HEIGHT="21" WC="0.96" CONTENT="sä"/><SP WIDTH="15" VPOS="813" HPOS="673"/>
							<String ID="string_251" HPOS="688" VPOS="815" WIDTH="32" HEIGHT="19" WC="0.96" CONTENT="att"/><SP WIDTH="16" VPOS="815" HPOS="720"/>
							<String ID="string_252" HPOS="736" VPOS="813" WIDTH="41" HEIGHT="21" WC="0.96" CONTENT="han"/><SP WIDTH="16" VPOS="813" HPOS="777"/>
							<String ID="string_253" HPOS="793" VPOS="813" WIDTH="48" HEIGHT="21" WC="0.93" CONTENT="med"/><SP WIDTH="10" VPOS="813" HPOS="841"/>
							<String ID="string_254" HPOS="851" VPOS="813" WIDTH="34" HEIGHT="26" WC="0.92" CONTENT="fog"/>
						</TextLine>
						<TextLine ID="line_24" HPOS="62" VPOS="841" WIDTH="825" HEIGHT="27">
							<String ID="string_255" HPOS="62" VPOS="841" WIDTH="43" HEIGHT="21" WC="0.93" CONTENT="kan"/><SP WIDTH="16" VPOS="841" HPOS="105"/>
							<String ID="string_256" HPOS="121" VPOS="841" WIDTH="74" HEIGHT="21" WC="0.91" CONTENT="ätalas."/><SP WIDTH="31" VPOS="841" HPOS="195"/>
							<String ID="string_257" HPOS="226" VPOS="841" WIDTH="43" HEIGHT="21" WC="0.93" CONTENT="För"/><SP WIDTH="16" VPOS="841" HPOS="269"/>
							<String ID="string_258" HPOS="285" VPOS="841" WIDTH="63" HEIGHT="26" WC="0.92" CONTENT="öfrigt"/><SP WIDTH="16" VPOS="841" HPOS="348"/>
							<String ID="string_259" HPOS="364" VPOS="841" WIDTH="38" HEIGHT="21" WC="0.96" CONTENT="ber"/><SP WIDTH="13" VPOS="841" HPOS="402"/>
							<String ID="string_260" HPOS="415" VPOS="842" WIDTH="37" HEIGHT="26" WC="0.93" CONTENT="jag"/><SP WIDTH="15" VPOS="842" HPOS="452"/>
							<String ID="string_261" HPOS="467" VPOS="842" WIDTH="55" HEIGHT="20" WC="0.92" CONTENT="blott"/><SP WIDTH="15" VPOS="842" HPOS="522"/>
							<String ID="string_262" HPOS="537" VPOS="842" WIDTH="22" HEIGHT="20" WC="0.92" CONTENT="fä"/><SP WIDTH="15" VPOS="842" HPOS="559"/>
							<String ID="string_263" HPOS="574" VPOS="842" WIDTH="89" HEIGHT="26" WC="0.92" CONTENT="tillägga"/><SP WIDTH="14" VPOS="842" HPOS="663"/>
							<String ID="string_264" HPOS="677" VPOS="844" WIDTH="38" HEIGHT="24" WC="0.93" CONTENT="att,"/><SP WIDTH="24" VPOS="844" HPOS="715"/>
							<String ID="string_265" HPOS="739" VPOS="842" WIDTH="71" HEIGHT="20" WC="0.91" CONTENT="derest"/><SP WIDTH="15" VPOS="842" HPOS="810"/>
							<String ID="string_266" HPOS="825" VPOS="843" WIDTH="62" HEIGHT="19" WC="0.90" CONTENT="ären-"/>
						</TextLine>
						<TextLine ID="line_25" HPOS="62" VPOS="869" WIDTH="825" HEIGHT="27">
							<String ID="string_267" HPOS="62" VPOS="870" WIDTH="36" HEIGHT="20" WC="0.96" CONTENT="det"/><SP WIDTH="17" VPOS="870" HPOS="98"/>
							<String ID="string_268" HPOS="115" VPOS="869" WIDTH="40" HEIGHT="21" WC="0.93" CONTENT="blir"/><SP WIDTH="15" VPOS="869" HPOS="155"/>
							<String ID="string_269" HPOS="170" VPOS="870" WIDTH="182" HEIGHT="20" WC="0.91" CONTENT="äterremitteradt"/><SP WIDTH="16" VPOS="870" HPOS="352"/>
							<String ID="string_270" HPOS="368" VPOS="870" WIDTH="32" HEIGHT="20" WC="0.93" CONTENT="till"/><SP WIDTH="16" VPOS="870" HPOS="400"/>
							<String ID="string_271" HPOS="416" VPOS="870" WIDTH="152" HEIGHT="26" WC="0.91" CONTENT="Lagutskottet"/><SP WIDTH="15" VPOS="870" HPOS="568"/>
							<String ID="string_272" HPOS="583" VPOS="870" WIDTH="33" HEIGHT="21" WC="0.96" CONTENT="för"/><SP WIDTH="18" VPOS="870" HPOS="616"/>
							<String ID="string_273" HPOS="634" VPOS="872" WIDTH="33" HEIGHT="19" WC="0.93" CONTENT="att"/><SP WIDTH="21" VPOS="872" HPOS="667"/>
							<String ID="string_274" HPOS="688" VPOS="870" WIDTH="142" HEIGHT="21" WC="0.92" CONTENT="underkastas"/><SP WIDTH="14" VPOS="870" HPOS="830"/>
							<String ID="string_275" HPOS="844" VPOS="870" WIDTH="43" HEIGHT="20" WC="0.93" CONTENT="för-"/>
						</TextLine>
						<TextLine ID="line_26" HPOS="62" VPOS="898" WIDTH="824" HEIGHT="27">
							<String ID="string_276" HPOS="62" VPOS="898" WIDTH="56" HEIGHT="27" WC="0.92" CONTENT="nyad"/><SP WIDTH="15" VPOS="898" HPOS="118"/>
							<String ID="string_277" HPOS="133" VPOS="898" WIDTH="129" HEIGHT="26" WC="0.96" CONTENT="behandling"/><SP WIDTH="16" VPOS="898" HPOS="262"/>
							<String ID="string_278" HPOS="278" VPOS="898" WIDTH="27" HEIGHT="26" WC="0.93" CONTENT="pä"/><SP WIDTH="14" VPOS="898" HPOS="305"/>
							<String ID="string_279" HPOS="319" VPOS="898" WIDTH="131" HEIGHT="26" WC="0.96" CONTENT="grundvalen"/><SP WIDTH="15" VPOS="898" HPOS="450"/>
							<String ID="string_280" HPOS="465" VPOS="898" WIDTH="23" HEIGHT="21" WC="0.93" CONTENT="af"/><SP WIDTH="15" VPOS="898" HPOS="488"/>
							<String ID="string_281" HPOS="503" VPOS="898" WIDTH="47" HEIGHT="21" WC="0.92" CONTENT="nåd."/><SP WIDTH="23" VPOS="898" HPOS="550"/>
							<String ID="string_282" HPOS="573" VPOS="905" WIDTH="67" HEIGHT="20" WC="0.83" CONTENT="prop.,"/><SP WIDTH="23" VPOS="905" HPOS="640"/>
							<String ID="string_283" HPOS="663" VPOS="898" WIDTH="61" HEIGHT="21" WC="0.96" CONTENT="äfven"/><SP WIDTH="20" VPOS="898" HPOS="724"/>
							<String ID="string_284" HPOS="744" VPOS="898" WIDTH="43" HEIGHT="27" WC="0.93" CONTENT="jag,"/><SP WIDTH="23" VPOS="898" HPOS="787"/>
							<String ID="string_285" HPOS="810" VPOS="898" WIDTH="76" HEIGHT="21" WC="0.96" CONTENT="liksom"/>
						</TextLine>
						<TextLine ID="line_27" HPOS="62" VPOS="926" WIDTH="824" HEIGHT="28">
							<String ID="string_286" HPOS="62" VPOS="926" WIDTH="58" HEIGHT="21" WC="0.90" CONTENT="Frih."/><SP WIDTH="17" VPOS="926" HPOS="120"/>
							<String ID="string_287" HPOS="137" VPOS="927" WIDTH="85" HEIGHT="21" WC="0.93" CONTENT="Wrede,"/><SP WIDTH="15" VPOS="927" HPOS="222"/>
							<String ID="string_288" HPOS="237" VPOS="926" WIDTH="68" HEIGHT="22" WC="0.92" CONTENT="finner"/><SP WIDTH="16" VPOS="926" HPOS="305"/>
							<String ID="string_289" HPOS="321" VPOS="927" WIDTH="92" HEIGHT="26" WC="0.92" CONTENT="önskligt"/><SP WIDTH="16" VPOS="927" HPOS="413"/>
							<String ID="string_290" HPOS="429" VPOS="928" WIDTH="32" HEIGHT="20" WC="0.93" CONTENT="att"/><SP WIDTH="15" VPOS="928" HPOS="461"/>
							<String ID="string_291" HPOS="476" VPOS="927" WIDTH="107" HEIGHT="21" WC="0.93" CONTENT="utskottet"/><SP WIDTH="15" VPOS="927" HPOS="583"/>
							<String ID="string_292" HPOS="598" VPOS="927" WIDTH="68" HEIGHT="21" WC="0.93" CONTENT="skulle"/><SP WIDTH="23" VPOS="927" HPOS="666"/>
							<String ID="string_293" HPOS="689" VPOS="928" WIDTH="50" HEIGHT="26" WC="0.93" CONTENT="taga"/><SP WIDTH="21" VPOS="928" HPOS="739"/>
							<String ID="string_294" HPOS="760" VPOS="927" WIDTH="7" HEIGHT="20" WC="0.92" CONTENT="i"/><SP WIDTH="24" VPOS="927" HPOS="767"/>
							<String ID="string_295" HPOS="791" VPOS="926" WIDTH="95" HEIGHT="21" WC="0.92" CONTENT="öfvervä-"/>
						</TextLine>
						<TextLine ID="line_28" HPOS="62" VPOS="954" WIDTH="824" HEIGHT="28">
							<String ID="string_296" HPOS="62" VPOS="955" WIDTH="75" HEIGHT="26" WC="0.93" CONTENT="gande,"/><SP WIDTH="17" VPOS="955" HPOS="137"/>
							<String ID="string_297" HPOS="154" VPOS="961" WIDTH="33" HEIGHT="15" WC="0.93" CONTENT="om"/><SP WIDTH="16" VPOS="961" HPOS="187"/>
							<String ID="string_298" HPOS="203" VPOS="955" WIDTH="47" HEIGHT="21" WC="0.91" CONTENT="icke"/><SP WIDTH="22" VPOS="955" HPOS="250"/>
							<String ID="string_299" HPOS="272" VPOS="955" WIDTH="7" HEIGHT="21" WC="0.93" CONTENT="i"/><SP WIDTH="23" VPOS="955" HPOS="279"/>
							<String ID="string_300" HPOS="302" VPOS="955" WIDTH="108" HEIGHT="27" WC="0.91" CONTENT="ingressen"/><SP WIDTH="16" VPOS="955" HPOS="410"/>
							<String ID="string_301" HPOS="426" VPOS="955" WIDTH="66" HEIGHT="21" WC="0.93" CONTENT="borde"/><SP WIDTH="23" VPOS="955" HPOS="492"/>
							<String ID="string_302" HPOS="515" VPOS="956" WIDTH="90" HEIGHT="26" WC="0.91" CONTENT="antydas"/><SP WIDTH="23" VPOS="956" HPOS="605"/>
							<String ID="string_303" HPOS="628" VPOS="956" WIDTH="69" HEIGHT="20" WC="0.93" CONTENT="denna"/><SP WIDTH="14" VPOS="956" HPOS="697"/>
							<String ID="string_304" HPOS="711" VPOS="954" WIDTH="175" HEIGHT="28" WC="0.93" CONTENT="lagstiftningsät-"/>
						</TextLine>
						<TextLine ID="line_29" HPOS="61" VPOS="984" WIDTH="630" HEIGHT="26">
							<String ID="string_305" HPOS="61" VPOS="984" WIDTH="64" HEIGHT="26" WC="0.92" CONTENT="gärds"/><SP WIDTH="16" VPOS="984" HPOS="125"/>
							<String ID="string_306" HPOS="141" VPOS="984" WIDTH="101" HEIGHT="26" WC="0.96" CONTENT="ställning"/><SP WIDTH="15" VPOS="984" HPOS="242"/>
							<String ID="string_307" HPOS="257" VPOS="984" WIDTH="32" HEIGHT="20" WC="0.93" CONTENT="till"/><SP WIDTH="16" VPOS="984" HPOS="289"/>
							<String ID="string_308" HPOS="305" VPOS="984" WIDTH="115" HEIGHT="21" WC="0.92" CONTENT="bestäende"/><SP WIDTH="15" VPOS="984" HPOS="420"/>
							<String ID="string_309" HPOS="435" VPOS="984" WIDTH="256" HEIGHT="26" WC="0.92" CONTENT="grundlagsstadganden."/>
						</TextLine>
					</TextBlock>
				</ComposedBlock>
				<ComposedBlock ID="cblock_3" HPOS="58" VPOS="1040" WIDTH="830" HEIGHT="482">
					<TextBlock ID="block_2" HPOS="58" VPOS="1040" WIDTH="830" HEIGHT="482">
						<TextLine ID="line_30" HPOS="130" VPOS="1040" WIDTH="756" HEIGHT="27">
							<String ID="string_310" HPOS="130" VPOS="1040" WIDTH="32" HEIGHT="20" WC="0.96" CONTENT="Hr"/><SP WIDTH="16" VPOS="1040" HPOS="162"/>
							<String ID="string_311" HPOS="178" VPOS="1040" WIDTH="98" HEIGHT="21" WC="0.96" CONTENT="Gustaf"/><SP WIDTH="14" VPOS="1040" HPOS="276"/>
							<String ID="string_312" HPOS="290" VPOS="1040" WIDTH="180" HEIGHT="22" WC="0.93" CONTENT="Grotenfelt:"/><SP WIDTH="17" VPOS="1040" HPOS="470"/>
							<String ID="string_313" HPOS="487" VPOS="1040" WIDTH="33" HEIGHT="21" WC="0.93" CONTENT="Dä"/><SP WIDTH="13" VPOS="1040" HPOS="520"/>
							<String ID="string_314" HPOS="533" VPOS="1040" WIDTH="36" HEIGHT="27" WC="0.96" CONTENT="jag"/><SP WIDTH="15" VPOS="1040" HPOS="569"/>
							<String ID="string_315" HPOS="584" VPOS="1040" WIDTH="34" HEIGHT="22" WC="0.96" CONTENT="för"/><SP WIDTH="16" VPOS="1040" HPOS="618"/>
							<String ID="string_316" HPOS="634" VPOS="1040" WIDTH="42" HEIGHT="22" WC="0.96" CONTENT="min"/><SP WIDTH="12" VPOS="1040" HPOS="676"/>
							<String ID="string_317" HPOS="688" VPOS="1040" WIDTH="33" HEIGHT="22" WC="0.93" CONTENT="del"/><SP WIDTH="12" VPOS="1040" HPOS="721"/>
							<String ID="string_318" HPOS="733" VPOS="1040" WIDTH="65" HEIGHT="22" WC="0.92" CONTENT="finner"/><SP WIDTH="11" VPOS="1040" HPOS="798"/>
							<String ID="string_319" HPOS="809" VPOS="1040" WIDTH="77" HEIGHT="26" WC="0.92" CONTENT="mänga"/>
						</TextLine>
						<TextLine ID="line_31" HPOS="61" VPOS="1068" WIDTH="824" HEIGHT="28">
							<String ID="string_320" HPOS="61" VPOS="1068" WIDTH="46" HEIGHT="21" WC="0.93" CONTENT="skäl"/><SP WIDTH="13" VPOS="1068" HPOS="107"/>
							<String ID="string_321" HPOS="120" VPOS="1069" WIDTH="45" HEIGHT="20" WC="0.93" CONTENT="tala"/><SP WIDTH="10" VPOS="1069" HPOS="165"/>
							<String ID="string_322" HPOS="175" VPOS="1068" WIDTH="33" HEIGHT="21" WC="0.96" CONTENT="för"/><SP WIDTH="9" VPOS="1068" HPOS="208"/>
							<String ID="string_323" HPOS="217" VPOS="1069" WIDTH="40" HEIGHT="21" WC="0.96" CONTENT="den"/><SP WIDTH="16" VPOS="1069" HPOS="257"/>
							<String ID="string_324" HPOS="273" VPOS="1075" WIDTH="29" HEIGHT="15" WC="0.96" CONTENT="nu"/><SP WIDTH="14" VPOS="1075" HPOS="302"/>
							<String ID="string_325" HPOS="316" VPOS="1069" WIDTH="33" HEIGHT="21" WC="0.93" CONTENT="till"/><SP WIDTH="16" VPOS="1069" HPOS="349"/>
							<String ID="string_326" HPOS="365" VPOS="1068" WIDTH="120" HEIGHT="22" WC="0.92" CONTENT="Ständerna"/><SP WIDTH="12" VPOS="1068" HPOS="485"/>
							<String ID="string_327" HPOS="497" VPOS="1069" WIDTH="157" HEIGHT="21" WC="0.92" CONTENT="öfverlemnade"/><SP WIDTH="15" VPOS="1069" HPOS="654"/>
							<String ID="string_328" HPOS="669" VPOS="1069" WIDTH="48" HEIGHT="21" WC="0.92" CONTENT="näd."/><SP WIDTH="12" VPOS="1069" HPOS="717"/>
							<String ID="string_329" HPOS="729" VPOS="1075" WIDTH="67" HEIGHT="21" WC="0.92" CONTENT="prop.,"/><SP WIDTH="13" VPOS="1075" HPOS="796"/>
							<String ID="string_330" HPOS="809" VPOS="1068" WIDTH="23" HEIGHT="22" WC="0.97" CONTENT="sä"/><SP WIDTH="15" VPOS="1068" HPOS="832"/>
							<String ID="string_331" HPOS="847" VPOS="1068" WIDTH="38" HEIGHT="21" WC="0.96" CONTENT="ber"/>
						</TextLine>
						<TextLine ID="line_32" HPOS="58" VPOS="1096" WIDTH="828" HEIGHT="28">
							<String ID="string_332" HPOS="58" VPOS="1097" WIDTH="38" HEIGHT="27" WC="0.96" CONTENT="jag"/><SP WIDTH="16" VPOS="1097" HPOS="96"/>
							<String ID="string_333" HPOS="112" VPOS="1098" WIDTH="32" HEIGHT="20" WC="0.96" CONTENT="att"/><SP WIDTH="14" VPOS="1098" HPOS="144"/>
							<String ID="string_334" HPOS="158" VPOS="1097" WIDTH="34" HEIGHT="21" WC="0.96" CONTENT="för"/><SP WIDTH="19" VPOS="1097" HPOS="192"/>
							<String ID="string_335" HPOS="211" VPOS="1098" WIDTH="43" HEIGHT="20" WC="0.96" CONTENT="min"/><SP WIDTH="24" VPOS="1098" HPOS="254"/>
							<String ID="string_336" HPOS="278" VPOS="1098" WIDTH="34" HEIGHT="20" WC="0.93" CONTENT="del"/><SP WIDTH="22" VPOS="1098" HPOS="312"/>
							<String ID="string_337" HPOS="334" VPOS="1097" WIDTH="22" HEIGHT="21" WC="0.93" CONTENT="fä"/><SP WIDTH="21" VPOS="1097" HPOS="356"/>
							<String ID="string_338" HPOS="377" VPOS="1097" WIDTH="86" HEIGHT="21" WC="0.92" CONTENT="förorda"/><SP WIDTH="23" VPOS="1097" HPOS="463"/>
							<String ID="string_339" HPOS="486" VPOS="1098" WIDTH="65" HEIGHT="26" WC="0.92" CONTENT="syftet"/><SP WIDTH="22" VPOS="1098" HPOS="551"/>
							<String ID="string_340" HPOS="573" VPOS="1098" WIDTH="4" HEIGHT="20" WC="0.93" CONTENT="i"/><SP WIDTH="23" VPOS="1098" HPOS="577"/>
							<String ID="string_341" HPOS="600" VPOS="1098" WIDTH="128" HEIGHT="20" WC="0.92" CONTENT="densamma."/><SP WIDTH="29" VPOS="1098" HPOS="728"/>
							<String ID="string_342" HPOS="757" VPOS="1097" WIDTH="41" HEIGHT="27" WC="0.92" CONTENT="Jag"/><SP WIDTH="15" VPOS="1097" HPOS="798"/>
							<String ID="string_343" HPOS="813" VPOS="1096" WIDTH="73" HEIGHT="22" WC="0.92" CONTENT="anhöll"/>
						</TextLine>
						<TextLine ID="line_33" HPOS="62" VPOS="1125" WIDTH="823" HEIGHT="27">
							<String ID="string_344" HPOS="62" VPOS="1125" WIDTH="119" HEIGHT="26" WC="0.96" CONTENT="egentligen"/><SP WIDTH="16" VPOS="1125" HPOS="181"/>
							<String ID="string_345" HPOS="197" VPOS="1131" WIDTH="34" HEIGHT="15" WC="0.93" CONTENT="om"/><SP WIDTH="17" VPOS="1131" HPOS="231"/>
							<String ID="string_346" HPOS="248" VPOS="1125" WIDTH="60" HEIGHT="21" WC="0.96" CONTENT="ordet"/><SP WIDTH="16" VPOS="1125" HPOS="308"/>
							<String ID="string_347" HPOS="324" VPOS="1125" WIDTH="33" HEIGHT="21" WC="0.96" CONTENT="för"/><SP WIDTH="15" VPOS="1125" HPOS="357"/>
							<String ID="string_348" HPOS="372" VPOS="1127" WIDTH="32" HEIGHT="19" WC="0.96" CONTENT="att"/><SP WIDTH="15" VPOS="1127" HPOS="404"/>
							<String ID="string_349" HPOS="419" VPOS="1125" WIDTH="28" HEIGHT="27" WC="0.96" CONTENT="pä"/><SP WIDTH="17" VPOS="1125" HPOS="447"/>
							<String ID="string_350" HPOS="464" VPOS="1126" WIDTH="68" HEIGHT="26" WC="0.96" CONTENT="grund"/><SP WIDTH="23" VPOS="1126" HPOS="532"/>
							<String ID="string_351" HPOS="555" VPOS="1125" WIDTH="24" HEIGHT="21" WC="0.93" CONTENT="af"/><SP WIDTH="13" VPOS="1125" HPOS="579"/>
							<String ID="string_352" HPOS="592" VPOS="1125" WIDTH="127" HEIGHT="26" WC="0.95" CONTENT="erfarenhet,"/><SP WIDTH="24" VPOS="1125" HPOS="719"/>
							<String ID="string_353" HPOS="743" VPOS="1125" WIDTH="57" HEIGHT="21" WC="0.96" CONTENT="såväl"/><SP WIDTH="16" VPOS="1125" HPOS="800"/>
							<String ID="string_354" HPOS="816" VPOS="1125" WIDTH="69" HEIGHT="21" WC="0.96" CONTENT="såsom"/>
						</TextLine>
						<TextLine ID="line_34" HPOS="60" VPOS="1153" WIDTH="826" HEIGHT="27">
							<String ID="string_355" HPOS="60" VPOS="1153" WIDTH="214" HEIGHT="24" WC="0.92" CONTENT="universitetslärare,"/><SP WIDTH="17" VPOS="1153" HPOS="274"/>
							<String ID="string_356" HPOS="291" VPOS="1160" WIDTH="45" HEIGHT="15" WC="0.93" CONTENT="som"/><SP WIDTH="16" VPOS="1160" HPOS="336"/>
							<String ID="string_357" HPOS="352" VPOS="1154" WIDTH="123" HEIGHT="26" WC="0.92" CONTENT="skollärare,"/><SP WIDTH="22" VPOS="1154" HPOS="475"/>
							<String ID="string_358" HPOS="497" VPOS="1154" WIDTH="22" HEIGHT="21" WC="0.92" CONTENT="fä"/><SP WIDTH="19" VPOS="1154" HPOS="519"/>
							<String ID="string_359" HPOS="538" VPOS="1154" WIDTH="115" HEIGHT="21" WC="0.92" CONTENT="framhälla"/><SP WIDTH="21" VPOS="1154" HPOS="653"/>
							<String ID="string_360" HPOS="674" VPOS="1154" WIDTH="36" HEIGHT="21" WC="0.93" CONTENT="det"/><SP WIDTH="23" VPOS="1154" HPOS="710"/>
							<String ID="string_361" HPOS="733" VPOS="1154" WIDTH="100" HEIGHT="21" WC="0.92" CONTENT="haltande"/><SP WIDTH="21" VPOS="1154" HPOS="833"/>
							<String ID="string_362" HPOS="854" VPOS="1153" WIDTH="32" HEIGHT="21" WC="0.92" CONTENT="uti"/>
						</TextLine>
						<TextLine ID="line_35" HPOS="61" VPOS="1182" WIDTH="825" HEIGHT="27">
							<String ID="string_363" HPOS="61" VPOS="1182" WIDTH="41" HEIGHT="21" WC="0.93" CONTENT="den"/><SP WIDTH="13" VPOS="1182" HPOS="102"/>
							<String ID="string_364" HPOS="115" VPOS="1182" WIDTH="129" HEIGHT="27" WC="0.90" CONTENT="jemförelse,"/><SP WIDTH="17" VPOS="1182" HPOS="244"/>
							<String ID="string_365" HPOS="261" VPOS="1188" WIDTH="45" HEIGHT="15" WC="0.96" CONTENT="som"/><SP WIDTH="15" VPOS="1188" HPOS="306"/>
							<String ID="string_366" HPOS="321" VPOS="1183" WIDTH="86" HEIGHT="26" WC="0.93" CONTENT="gjordes"/><SP WIDTH="16" VPOS="1183" HPOS="407"/>
							<String ID="string_367" HPOS="423" VPOS="1183" WIDTH="91" HEIGHT="20" WC="0.92" CONTENT="emellan"/><SP WIDTH="15" VPOS="1183" HPOS="514"/>
							<String ID="string_368" HPOS="529" VPOS="1183" WIDTH="142" HEIGHT="26" WC="0.93" CONTENT="professorers"/><SP WIDTH="16" VPOS="1183" HPOS="671"/>
							<String ID="string_369" HPOS="687" VPOS="1183" WIDTH="34" HEIGHT="20" WC="0.93" CONTENT="vid"/><SP WIDTH="19" VPOS="1183" HPOS="721"/>
							<String ID="string_370" HPOS="740" VPOS="1182" WIDTH="146" HEIGHT="21" WC="0.92" CONTENT="universitetet"/>
						</TextLine>
						<TextLine ID="line_36" HPOS="61" VPOS="1210" WIDTH="825" HEIGHT="27">
							<String ID="string_371" HPOS="61" VPOS="1210" WIDTH="40" HEIGHT="21" WC="0.93" CONTENT="och"/><SP WIDTH="16" VPOS="1210" HPOS="101"/>
							<String ID="string_372" HPOS="117" VPOS="1211" WIDTH="129" HEIGHT="21" WC="0.92" CONTENT="skollärares"/><SP WIDTH="14" VPOS="1211" HPOS="246"/>
							<String ID="string_373" HPOS="260" VPOS="1211" WIDTH="136" HEIGHT="21" WC="0.96" CONTENT="verksamhet"/><SP WIDTH="16" VPOS="1211" HPOS="396"/>
							<String ID="string_374" HPOS="412" VPOS="1211" WIDTH="39" HEIGHT="21" WC="0.96" CONTENT="och"/><SP WIDTH="16" VPOS="1211" HPOS="451"/>
							<String ID="string_375" HPOS="467" VPOS="1211" WIDTH="106" HEIGHT="26" WC="0.80" CONTENT="ställning,"/><SP WIDTH="16" VPOS="1211" HPOS="573"/>
							<String ID="string_376" HPOS="589" VPOS="1217" WIDTH="49" HEIGHT="15" WC="0.96" CONTENT="men"/><SP WIDTH="16" VPOS="1217" HPOS="638"/>
							<String ID="string_377" HPOS="654" VPOS="1211" WIDTH="27" HEIGHT="20" WC="0.96" CONTENT="dä"/><SP WIDTH="11" VPOS="1211" HPOS="681"/>
							<String ID="string_378" HPOS="692" VPOS="1211" WIDTH="59" HEIGHT="21" WC="0.96" CONTENT="detta"/><SP WIDTH="15" VPOS="1211" HPOS="751"/>
							<String ID="string_379" HPOS="766" VPOS="1211" WIDTH="65" HEIGHT="20" WC="0.96" CONTENT="redan"/><SP WIDTH="16" VPOS="1211" HPOS="831"/>
							<String ID="string_380" HPOS="847" VPOS="1210" WIDTH="39" HEIGHT="21" WC="0.96" CONTENT="har"/>
						</TextLine>
						<TextLine ID="line_37" HPOS="61" VPOS="1239" WIDTH="825" HEIGHT="26">
							<String ID="string_381" HPOS="61" VPOS="1239" WIDTH="64" HEIGHT="26" WC="0.96" CONTENT="skett,"/><SP WIDTH="17" VPOS="1239" HPOS="125"/>
							<String ID="string_382" HPOS="142" VPOS="1239" WIDTH="24" HEIGHT="21" WC="0.96" CONTENT="sä"/><SP WIDTH="15" VPOS="1239" HPOS="166"/>
							<String ID="string_383" HPOS="181" VPOS="1239" WIDTH="39" HEIGHT="21" WC="0.96" CONTENT="ber"/><SP WIDTH="12" VPOS="1239" HPOS="220"/>
							<String ID="string_384" HPOS="232" VPOS="1239" WIDTH="38" HEIGHT="26" WC="0.93" CONTENT="jag"/><SP WIDTH="14" VPOS="1239" HPOS="270"/>
							<String ID="string_385" HPOS="284" VPOS="1239" WIDTH="56" HEIGHT="22" WC="0.91" CONTENT="blott"/><SP WIDTH="16" VPOS="1239" HPOS="340"/>
							<String ID="string_386" HPOS="356" VPOS="1241" WIDTH="32" HEIGHT="20" WC="0.93" CONTENT="att"/><SP WIDTH="15" VPOS="1241" HPOS="388"/>
							<String ID="string_387" HPOS="403" VPOS="1239" WIDTH="22" HEIGHT="21" WC="0.93" CONTENT="fä"/><SP WIDTH="15" VPOS="1239" HPOS="425"/>
							<String ID="string_388" HPOS="440" VPOS="1239" WIDTH="75" HEIGHT="21" WC="0.93" CONTENT="förena"/><SP WIDTH="15" VPOS="1239" HPOS="515"/>
							<String ID="string_389" HPOS="530" VPOS="1240" WIDTH="42" HEIGHT="25" WC="0.96" CONTENT="mig"/><SP WIDTH="15" VPOS="1240" HPOS="572"/>
							<String ID="string_390" HPOS="587" VPOS="1240" WIDTH="7" HEIGHT="20" WC="0.95" CONTENT="i"/><SP WIDTH="13" VPOS="1240" HPOS="594"/>
							<String ID="string_391" HPOS="607" VPOS="1240" WIDTH="26" HEIGHT="20" WC="0.93" CONTENT="de"/><SP WIDTH="12" VPOS="1240" HPOS="633"/>
							<String ID="string_392" HPOS="645" VPOS="1239" WIDTH="130" HEIGHT="24" WC="0.91" CONTENT="uttalanden,"/><SP WIDTH="15" VPOS="1239" HPOS="775"/>
							<String ID="string_393" HPOS="790" VPOS="1245" WIDTH="45" HEIGHT="15" WC="0.96" CONTENT="som"/><SP WIDTH="11" VPOS="1245" HPOS="835"/>
							<String ID="string_394" HPOS="846" VPOS="1239" WIDTH="40" HEIGHT="20" WC="0.96" CONTENT="här"/>
						</TextLine>
						<TextLine ID="line_38" HPOS="60" VPOS="1267" WIDTH="826" HEIGHT="27">
							<String ID="string_395" HPOS="60" VPOS="1267" WIDTH="68" HEIGHT="26" WC="0.96" CONTENT="gjorts"/><SP WIDTH="16" VPOS="1267" HPOS="128"/>
							<String ID="string_396" HPOS="144" VPOS="1268" WIDTH="7" HEIGHT="20" WC="0.96" CONTENT="i"/><SP WIDTH="16" VPOS="1268" HPOS="151"/>
							<String ID="string_397" HPOS="167" VPOS="1268" WIDTH="69" HEIGHT="21" WC="0.93" CONTENT="denna"/><SP WIDTH="16" VPOS="1268" HPOS="236"/>
							<String ID="string_398" HPOS="252" VPOS="1268" WIDTH="99" HEIGHT="26" WC="0.92" CONTENT="riktning."/><SP WIDTH="31" VPOS="1268" HPOS="351"/>
							<String ID="string_399" HPOS="382" VPOS="1268" WIDTH="32" HEIGHT="21" WC="0.93" CONTENT="En"/><SP WIDTH="16" VPOS="1268" HPOS="414"/>
							<String ID="string_400" HPOS="430" VPOS="1268" WIDTH="159" HEIGHT="26" WC="0.92" CONTENT="omständighet"/><SP WIDTH="16" VPOS="1268" HPOS="589"/>
							<String ID="string_401" HPOS="605" VPOS="1268" WIDTH="38" HEIGHT="21" WC="0.96" CONTENT="ber"/><SP WIDTH="13" VPOS="1268" HPOS="643"/>
							<String ID="string_402" HPOS="656" VPOS="1267" WIDTH="37" HEIGHT="27" WC="0.96" CONTENT="jag"/><SP WIDTH="17" VPOS="1267" HPOS="693"/>
							<String ID="string_403" HPOS="710" VPOS="1270" WIDTH="32" HEIGHT="19" WC="0.95" CONTENT="att"/><SP WIDTH="22" VPOS="1270" HPOS="742"/>
							<String ID="string_404" HPOS="764" VPOS="1268" WIDTH="7" HEIGHT="20" WC="0.92" CONTENT="i"/><SP WIDTH="21" VPOS="1268" HPOS="771"/>
							<String ID="string_405" HPOS="792" VPOS="1267" WIDTH="94" HEIGHT="26" WC="0.91" CONTENT="förbigä-"/>
						</TextLine>
						<TextLine ID="line_39" HPOS="60" VPOS="1295" WIDTH="828" HEIGHT="27">
							<String ID="string_406" HPOS="60" VPOS="1295" WIDTH="54" HEIGHT="22" WC="0.93" CONTENT="ende"/><SP WIDTH="16" VPOS="1295" HPOS="114"/>
							<String ID="string_407" HPOS="130" VPOS="1295" WIDTH="22" HEIGHT="22" WC="0.91" CONTENT="fä"/><SP WIDTH="15" VPOS="1295" HPOS="152"/>
							<String ID="string_408" HPOS="167" VPOS="1296" WIDTH="83" HEIGHT="21" WC="0.92" CONTENT="beröra."/><SP WIDTH="30" VPOS="1296" HPOS="250"/>
							<String ID="string_409" HPOS="280" VPOS="1296" WIDTH="43" HEIGHT="21" WC="0.93" CONTENT="Det"/><SP WIDTH="21" VPOS="1296" HPOS="323"/>
							<String ID="string_410" HPOS="344" VPOS="1296" WIDTH="111" HEIGHT="21" WC="0.92" CONTENT="framhölls"/><SP WIDTH="24" VPOS="1296" HPOS="455"/>
							<String ID="string_411" HPOS="479" VPOS="1296" WIDTH="69" HEIGHT="21" WC="0.91" CONTENT="säsom"/><SP WIDTH="24" VPOS="1296" HPOS="548"/>
							<String ID="string_412" HPOS="572" VPOS="1296" WIDTH="46" HEIGHT="21" WC="0.96" CONTENT="skäl"/><SP WIDTH="23" VPOS="1296" HPOS="618"/>
							<String ID="string_413" HPOS="641" VPOS="1298" WIDTH="57" HEIGHT="19" WC="0.93" CONTENT="emot"/><SP WIDTH="14" VPOS="1298" HPOS="698"/>
							<String ID="string_414" HPOS="712" VPOS="1295" WIDTH="138" HEIGHT="27" WC="0.92" CONTENT="vidtagandet"/><SP WIDTH="15" VPOS="1295" HPOS="850"/>
							<String ID="string_415" HPOS="865" VPOS="1295" WIDTH="23" HEIGHT="21" WC="0.96" CONTENT="af"/>
						</TextLine>
						<TextLine ID="line_40" HPOS="60" VPOS="1324" WIDTH="826" HEIGHT="27">
							<String ID="string_416" HPOS="60" VPOS="1324" WIDTH="42" HEIGHT="21" WC="0.96" CONTENT="den"/><SP WIDTH="15" VPOS="1324" HPOS="102"/>
							<String ID="string_417" HPOS="117" VPOS="1330" WIDTH="29" HEIGHT="15" WC="0.96" CONTENT="nu"/><SP WIDTH="15" VPOS="1330" HPOS="146"/>
							<String ID="string_418" HPOS="161" VPOS="1324" WIDTH="122" HEIGHT="27" WC="0.92" CONTENT="föreslagna"/><SP WIDTH="15" VPOS="1324" HPOS="283"/>
							<String ID="string_419" HPOS="298" VPOS="1325" WIDTH="110" HEIGHT="26" WC="0.95" CONTENT="åtgärden,"/><SP WIDTH="23" VPOS="1325" HPOS="408"/>
							<String ID="string_420" HPOS="431" VPOS="1326" WIDTH="33" HEIGHT="19" WC="0.95" CONTENT="att"/><SP WIDTH="22" VPOS="1326" HPOS="464"/>
							<String ID="string_421" HPOS="486" VPOS="1325" WIDTH="41" HEIGHT="21" WC="0.93" CONTENT="den"/><SP WIDTH="22" VPOS="1325" HPOS="527"/>
							<String ID="string_422" HPOS="549" VPOS="1325" WIDTH="64" HEIGHT="20" WC="0.96" CONTENT="berör"/><SP WIDTH="21" VPOS="1325" HPOS="613"/>
							<String ID="string_423" HPOS="634" VPOS="1331" WIDTH="26" HEIGHT="14" WC="0.96" CONTENT="en"/><SP WIDTH="23" VPOS="1331" HPOS="660"/>
							<String ID="string_424" HPOS="683" VPOS="1324" WIDTH="23" HEIGHT="21" WC="0.93" CONTENT="sä"/><SP WIDTH="21" VPOS="1324" HPOS="706"/>
							<String ID="string_425" HPOS="727" VPOS="1326" WIDTH="78" HEIGHT="25" WC="0.95" CONTENT="ytterst"/><SP WIDTH="20" VPOS="1326" HPOS="805"/>
							<String ID="string_426" HPOS="825" VPOS="1324" WIDTH="61" HEIGHT="26" WC="0.96" CONTENT="ringa"/>
						</TextLine>
						<TextLine ID="line_41" HPOS="60" VPOS="1352" WIDTH="826" HEIGHT="28">
							<String ID="string_427" HPOS="60" VPOS="1355" WIDTH="89" HEIGHT="24" WC="0.96" CONTENT="procent"/><SP WIDTH="15" VPOS="1355" HPOS="149"/>
							<String ID="string_428" HPOS="164" VPOS="1353" WIDTH="23" HEIGHT="20" WC="0.93" CONTENT="af"/><SP WIDTH="14" VPOS="1353" HPOS="187"/>
							<String ID="string_429" HPOS="201" VPOS="1353" WIDTH="83" HEIGHT="21" WC="0.93" CONTENT="landets"/><SP WIDTH="15" VPOS="1353" HPOS="284"/>
							<String ID="string_430" HPOS="299" VPOS="1353" WIDTH="76" HEIGHT="21" WC="0.91" CONTENT="lärare."/><SP WIDTH="32" VPOS="1353" HPOS="375"/>
							<String ID="string_431" HPOS="407" VPOS="1353" WIDTH="60" HEIGHT="21" WC="0.90" CONTENT="Blott"/><SP WIDTH="15" VPOS="1353" HPOS="467"/>
							<String ID="string_432" HPOS="482" VPOS="1354" WIDTH="13" HEIGHT="20" WC="0.97" CONTENT="3"/><SP WIDTH="16" VPOS="1354" HPOS="495"/>
							<String ID="string_433" HPOS="511" VPOS="1355" WIDTH="88" HEIGHT="25" WC="0.93" CONTENT="procent"/><SP WIDTH="17" VPOS="1355" HPOS="599"/>
							<String ID="string_434" HPOS="616" VPOS="1353" WIDTH="90" HEIGHT="21" WC="0.92" CONTENT="befunne"/><SP WIDTH="11" VPOS="1353" HPOS="706"/>
							<String ID="string_435" HPOS="717" VPOS="1353" WIDTH="32" HEIGHT="26" WC="0.96" CONTENT="sig"/><SP WIDTH="11" VPOS="1353" HPOS="749"/>
							<String ID="string_436" HPOS="760" VPOS="1353" WIDTH="6" HEIGHT="20" WC="0.96" CONTENT="i"/><SP WIDTH="11" VPOS="1353" HPOS="766"/>
							<String ID="string_437" HPOS="777" VPOS="1352" WIDTH="41" HEIGHT="21" WC="0.93" CONTENT="den"/><SP WIDTH="10" VPOS="1352" HPOS="818"/>
							<String ID="string_438" HPOS="828" VPOS="1352" WIDTH="58" HEIGHT="21" WC="0.92" CONTENT="ställ-"/>
						</TextLine>
						<TextLine ID="line_42" HPOS="60" VPOS="1379" WIDTH="828" HEIGHT="29">
							<String ID="string_439" HPOS="60" VPOS="1381" WIDTH="57" HEIGHT="26" WC="0.96" CONTENT="ning,"/><SP WIDTH="16" VPOS="1381" HPOS="117"/>
							<String ID="string_440" HPOS="133" VPOS="1387" WIDTH="46" HEIGHT="15" WC="0.96" CONTENT="som"/><SP WIDTH="16" VPOS="1387" HPOS="179"/>
							<String ID="string_441" HPOS="195" VPOS="1381" WIDTH="40" HEIGHT="21" WC="0.96" CONTENT="den"/><SP WIDTH="16" VPOS="1381" HPOS="235"/>
							<String ID="string_442" HPOS="251" VPOS="1388" WIDTH="29" HEIGHT="14" WC="0.96" CONTENT="nu"/><SP WIDTH="14" VPOS="1388" HPOS="280"/>
							<String ID="string_443" HPOS="294" VPOS="1381" WIDTH="121" HEIGHT="27" WC="0.93" CONTENT="föreslagna"/><SP WIDTH="15" VPOS="1381" HPOS="415"/>
							<String ID="string_444" HPOS="430" VPOS="1381" WIDTH="103" HEIGHT="27" WC="0.92" CONTENT="ätgärden"/><SP WIDTH="16" VPOS="1381" HPOS="533"/>
							<String ID="string_445" HPOS="549" VPOS="1382" WIDTH="69" HEIGHT="24" WC="0.92" CONTENT="berör,"/><SP WIDTH="17" VPOS="1382" HPOS="618"/>
							<String ID="string_446" HPOS="635" VPOS="1381" WIDTH="46" HEIGHT="26" WC="0.93" CONTENT="och,"/><SP WIDTH="16" VPOS="1381" HPOS="681"/>
							<String ID="string_447" HPOS="697" VPOS="1381" WIDTH="96" HEIGHT="27" WC="0.93" CONTENT="yttrades"/><SP WIDTH="16" VPOS="1381" HPOS="793"/>
							<String ID="string_448" HPOS="809" VPOS="1381" WIDTH="42" HEIGHT="25" WC="0.96" CONTENT="det,"/><SP WIDTH="13" VPOS="1381" HPOS="851"/>
							<String ID="string_449" HPOS="864" VPOS="1379" WIDTH="24" HEIGHT="22" WC="0.97" CONTENT="af"/>
						</TextLine>
						<TextLine ID="line_43" HPOS="60" VPOS="1408" WIDTH="825" HEIGHT="28">
							<String ID="string_450" HPOS="60" VPOS="1409" WIDTH="48" HEIGHT="21" WC="0.96" CONTENT="dem"/><SP WIDTH="16" VPOS="1409" HPOS="108"/>
							<String ID="string_451" HPOS="124" VPOS="1409" WIDTH="41" HEIGHT="21" WC="0.96" CONTENT="kan"/><SP WIDTH="16" VPOS="1409" HPOS="165"/>
							<String ID="string_452" HPOS="181" VPOS="1415" WIDTH="49" HEIGHT="15" WC="0.93" CONTENT="man"/><SP WIDTH="15" VPOS="1415" HPOS="230"/>
							<String ID="string_453" HPOS="245" VPOS="1412" WIDTH="79" HEIGHT="24" WC="0.92" CONTENT="antaga"/><SP WIDTH="15" VPOS="1412" HPOS="324"/>
							<String ID="string_454" HPOS="339" VPOS="1412" WIDTH="33" HEIGHT="19" WC="0.93" CONTENT="att"/><SP WIDTH="15" VPOS="1412" HPOS="372"/>
							<String ID="string_455" HPOS="387" VPOS="1410" WIDTH="62" HEIGHT="26" WC="0.92" CONTENT="högst"/><SP WIDTH="16" VPOS="1410" HPOS="449"/>
							<String ID="string_456" HPOS="465" VPOS="1416" WIDTH="26" HEIGHT="14" WC="0.96" CONTENT="en"/><SP WIDTH="15" VPOS="1416" HPOS="491"/>
							<String ID="string_457" HPOS="506" VPOS="1412" WIDTH="88" HEIGHT="24" WC="0.93" CONTENT="procent"/><SP WIDTH="15" VPOS="1412" HPOS="594"/>
							<String ID="string_458" HPOS="609" VPOS="1410" WIDTH="108" HEIGHT="26" WC="0.92" CONTENT="verkligen"/><SP WIDTH="16" VPOS="1410" HPOS="717"/>
							<String ID="string_459" HPOS="733" VPOS="1409" WIDTH="102" HEIGHT="21" WC="0.93" CONTENT="förrättar"/><SP WIDTH="18" VPOS="1409" HPOS="835"/>
							<String ID="string_460" HPOS="853" VPOS="1408" WIDTH="32" HEIGHT="21" WC="0.96" CONTENT="sin"/>
						</TextLine>
						<TextLine ID="line_44" HPOS="60" VPOS="1437" WIDTH="826" HEIGHT="27">
							<String ID="string_461" HPOS="60" VPOS="1437" WIDTH="65" HEIGHT="27" WC="0.92" CONTENT="tjenst"/><SP WIDTH="15" VPOS="1437" HPOS="125"/>
							<String ID="string_462" HPOS="140" VPOS="1438" WIDTH="24" HEIGHT="20" WC="0.97" CONTENT="sä"/><SP WIDTH="15" VPOS="1438" HPOS="164"/>
							<String ID="string_463" HPOS="179" VPOS="1438" WIDTH="44" HEIGHT="25" WC="0.96" CONTENT="illa,"/><SP WIDTH="16" VPOS="1438" HPOS="223"/>
							<String ID="string_464" HPOS="239" VPOS="1439" WIDTH="32" HEIGHT="20" WC="0.96" CONTENT="att"/><SP WIDTH="15" VPOS="1439" HPOS="271"/>
							<String ID="string_465" HPOS="286" VPOS="1438" WIDTH="37" HEIGHT="21" WC="0.93" CONTENT="det"/><SP WIDTH="15" VPOS="1438" HPOS="323"/>
							<String ID="string_466" HPOS="338" VPOS="1444" WIDTH="50" HEIGHT="15" WC="0.93" CONTENT="vore"/><SP WIDTH="15" VPOS="1444" HPOS="388"/>
							<String ID="string_467" HPOS="403" VPOS="1438" WIDTH="48" HEIGHT="21" WC="0.96" CONTENT="skäl"/><SP WIDTH="15" VPOS="1438" HPOS="451"/>
							<String ID="string_468" HPOS="466" VPOS="1440" WIDTH="34" HEIGHT="19" WC="0.96" CONTENT="att"/><SP WIDTH="15" VPOS="1440" HPOS="500"/>
							<String ID="string_469" HPOS="515" VPOS="1438" WIDTH="26" HEIGHT="21" WC="0.96" CONTENT="de"/><SP WIDTH="22" VPOS="1438" HPOS="541"/>
							<String ID="string_470" HPOS="563" VPOS="1438" WIDTH="69" HEIGHT="21" WC="0.93" CONTENT="skulle"/><SP WIDTH="15" VPOS="1438" HPOS="632"/>
							<String ID="string_471" HPOS="647" VPOS="1438" WIDTH="47" HEIGHT="21" WC="0.92" CONTENT="frän"/><SP WIDTH="21" VPOS="1438" HPOS="694"/>
							<String ID="string_472" HPOS="715" VPOS="1438" WIDTH="32" HEIGHT="21" WC="0.93" CONTENT="sin"/><SP WIDTH="21" VPOS="1438" HPOS="747"/>
							<String ID="string_473" HPOS="768" VPOS="1437" WIDTH="118" HEIGHT="25" WC="0.92" CONTENT="befattning"/>
						</TextLine>
						<TextLine ID="line_45" HPOS="60" VPOS="1465" WIDTH="826" HEIGHT="28">
							<String ID="string_474" HPOS="60" VPOS="1465" WIDTH="55" HEIGHT="27" WC="0.68" CONTENT="afgä,"/><SP WIDTH="30" VPOS="1465" HPOS="115"/>
							<String ID="string_475" HPOS="145" VPOS="1466" WIDTH="33" HEIGHT="21" WC="0.94" CONTENT="En"/><SP WIDTH="15" VPOS="1466" HPOS="178"/>
							<String ID="string_476" HPOS="193" VPOS="1468" WIDTH="89" HEIGHT="24" WC="0.96" CONTENT="procent"/><SP WIDTH="16" VPOS="1468" HPOS="282"/>
							<String ID="string_477" HPOS="298" VPOS="1468" WIDTH="24" HEIGHT="19" WC="0.97" CONTENT="är"/><SP WIDTH="12" VPOS="1468" HPOS="322"/>
							<String ID="string_478" HPOS="334" VPOS="1466" WIDTH="24" HEIGHT="26" WC="0.96" CONTENT="ju"/><SP WIDTH="15" VPOS="1466" HPOS="358"/>
							<String ID="string_479" HPOS="373" VPOS="1466" WIDTH="82" HEIGHT="27" WC="0.96" CONTENT="ganska"/><SP WIDTH="16" VPOS="1466" HPOS="455"/>
							<String ID="string_480" HPOS="471" VPOS="1467" WIDTH="53" HEIGHT="25" WC="0.96" CONTENT="litet,"/><SP WIDTH="16" VPOS="1467" HPOS="524"/>
							<String ID="string_481" HPOS="540" VPOS="1467" WIDTH="42" HEIGHT="21" WC="0.96" CONTENT="kan"/><SP WIDTH="16" VPOS="1467" HPOS="582"/>
							<String ID="string_482" HPOS="598" VPOS="1466" WIDTH="37" HEIGHT="22" WC="0.93" CONTENT="det"/><SP WIDTH="15" VPOS="1466" HPOS="635"/>
							<String ID="string_483" HPOS="650" VPOS="1468" WIDTH="80" HEIGHT="25" WC="0.96" CONTENT="tyckas,"/><SP WIDTH="17" VPOS="1468" HPOS="730"/>
							<String ID="string_484" HPOS="747" VPOS="1472" WIDTH="46" HEIGHT="15" WC="0.96" CONTENT="men"/><SP WIDTH="12" VPOS="1472" HPOS="793"/>
							<String ID="string_485" HPOS="805" VPOS="1471" WIDTH="33" HEIGHT="15" WC="0.96" CONTENT="om"/><SP WIDTH="11" VPOS="1471" HPOS="838"/>
							<String ID="string_486" HPOS="849" VPOS="1465" WIDTH="37" HEIGHT="21" WC="0.97" CONTENT="det"/>
						</TextLine>
						<TextLine ID="line_46" HPOS="59" VPOS="1493" WIDTH="827" HEIGHT="29">
							<String ID="string_487" HPOS="59" VPOS="1494" WIDTH="109" HEIGHT="26" WC="0.92" CONTENT="verkligen"/><SP WIDTH="23" VPOS="1494" HPOS="168"/>
							<String ID="string_488" HPOS="191" VPOS="1494" WIDTH="103" HEIGHT="22" WC="0.90" CONTENT="förhäller"/><SP WIDTH="16" VPOS="1494" HPOS="294"/>
							<String ID="string_489" HPOS="310" VPOS="1495" WIDTH="31" HEIGHT="26" WC="0.96" CONTENT="sig"/><SP WIDTH="15" VPOS="1495" HPOS="341"/>
							<String ID="string_490" HPOS="356" VPOS="1494" WIDTH="30" HEIGHT="27" WC="0.96" CONTENT="sä,"/><SP WIDTH="21" VPOS="1494" HPOS="386"/>
							<String ID="string_491" HPOS="407" VPOS="1497" WIDTH="34" HEIGHT="19" WC="0.96" CONTENT="att"/><SP WIDTH="14" VPOS="1497" HPOS="441"/>
							<String ID="string_492" HPOS="455" VPOS="1501" WIDTH="26" HEIGHT="15" WC="0.96" CONTENT="en"/><SP WIDTH="16" VPOS="1501" HPOS="481"/>
							<String ID="string_493" HPOS="497" VPOS="1497" WIDTH="89" HEIGHT="25" WC="0.96" CONTENT="procent"/><SP WIDTH="15" VPOS="1497" HPOS="586"/>
							<String ID="string_494" HPOS="601" VPOS="1495" WIDTH="23" HEIGHT="21" WC="0.93" CONTENT="af"/><SP WIDTH="13" VPOS="1495" HPOS="624"/>
							<String ID="string_495" HPOS="637" VPOS="1495" WIDTH="132" HEIGHT="21" WC="0.91" CONTENT="skollärarne"/><SP WIDTH="23" VPOS="1495" HPOS="769"/>
							<String ID="string_496" HPOS="792" VPOS="1496" WIDTH="24" HEIGHT="18" WC="0.93" CONTENT="är"/><SP WIDTH="21" VPOS="1496" HPOS="816"/>
							<String ID="string_497" HPOS="837" VPOS="1493" WIDTH="49" HEIGHT="21" WC="0.93" CONTENT="full-"/>
						</TextLine>
					</TextBlock>
				</ComposedBlock>
			</PrintSpace>
		</Page>
	</Layout>
</alto>
