1056 1686
334 113 24 17 R.
371 117 17 13 o.
400 113 23 16 A.
437 113 54 17 1891.
515 113 13 17 9
541 113 62 17 Mars.
809 108 40 21 401

52 199 28 14 nu
103 191 49 28 sjelf
170 192 73 21 ställer
266 192 5 21 i
295 192 65 26 utsigt
384 198 25 15 en
431 191 130 27 förbättring
582 192 24 21 af
627 193 140 25 pensionerna
789 193 8 20 i
823 199 56 15 sam-

52 221 107 26 manhang
180 221 49 20 med
249 220 165 27 propositionen,
438 220 23 21 sä
484 220 94 27 framgär
601 220 63 21 häraf
684 222 33 19 att
739 221 37 21 det
793 221 46 21 icke
855 223 24 19 är

51 249 120 21 finansiella
195 249 52 26 skäl,
273 255 45 15 som
343 249 68 20 skulle
442 249 77 20 hindra
551 255 26 15 en
603 249 58 26 dylik
686 249 127 27 förhöjning,
839 249 40 22 och

51 277 73 21 hvilka
147 278 46 20 skäl
214 277 28 21 dä
259 277 68 21 skulle
346 277 69 21 finnas
432 278 103 23 deremot,
550 277 43 21 kan
606 277 37 27 jag
658 277 46 21 icke
719 277 62 21 fatta.
811 278 11 20 I
837 278 42 20 alla

51 306 113 21 händelser
186 312 62 20 synes
271 306 41 26 mig
334 306 32 20 att
390 305 35 21 det
446 311 51 15 vore
512 306 46 20 skäl
581 307 38 25 att,
643 306 63 21 innan
731 312 49 15 man
795 306 84 21 skrider

52 334 32 21 till
107 334 41 21 den
168 333 227 27 lagstiftningsätgärd,
412 340 46 15 som
473 334 160 26 propositionen
648 334 124 26 innehäller,
789 336 31 20 ett
835 334 43 21 för-

52 363 39 20 sök
114 362 67 21 skulle
204 364 63 24 göras
289 362 48 22 med
360 368 26 15 en
411 362 121 27 förhöjning
554 362 23 22 af
597 362 140 27 pensionerna
760 363 39 21 och
822 363 55 21 hvad

50 391 80 21 verkan
146 391 70 21 denna
231 390 68 22 skulle
314 390 70 21 hafva.

121 448 31 20 Hr
174 448 198 26 Jägerskiöld:
403 448 96 20 Emedan
519 448 38 26 jag
579 448 7 20 i
607 448 106 32 egenskap
729 448 22 21 af
765 448 113 26 suppleant

51 476 89 26 deltagit
155 476 6 20 i
178 476 154 26 behandlingen
348 476 23 20 af
384 476 69 21 denna
469 476 67 26 fräga,
553 476 23 21 sä
591 482 63 15 anser
667 476 36 26 jag
719 476 42 32 mig
769 476 54 21 böra
835 476 42 21 för-

50 504 62 21 klara
135 506 38 25 att,
197 504 68 22 ehuru
287 504 37 27 jag
344 504 46 21 icke
406 504 142 27 uttryckligen
564 506 119 20 reserverat
697 505 43 26 mig,
742 505 55 26 jag
813 504 65 22 likväl

50 532 47 22 icke
120 520 82 34 tillhört
218 533 116 21 utskottets
352 533 117 26 pluralitet,
485 535 51 19 utan
553 533 39 21 har
605 534 37 26 jag
657 533 6 21 i
680 520 104 34 utskottet
799 533 78 21 uttalat

50 562 43 25 mig
108 561 34 20 för
157 562 39 20 och
212 562 62 25 hyser
288 561 132 21 fortfarande
436 568 82 14 samma
533 562 61 26 åsigt,
611 567 44 15 som
671 562 80 20 uttalas
766 562 6 20 i
788 562 40 21 den
844 563 33 20 ut-

51 589 92 21 skottets
166 589 135 21 betänkande
321 589 113 26 vidfogade
449 590 68 21 andra
532 590 164 21 reservationen.
727 590 42 21 För
784 591 43 20 min
843 590 34 21 del

51 617 69 22 skulle
132 618 37 26 jag
184 618 56 21 helst
255 624 22 15 se
292 619 32 20 att
339 617 75 27 frågan
430 618 69 21 blefve
515 618 172 21 återremitterad
702 619 32 20 till
749 619 129 26 Lagutskot-

50 648 32 19 tet
104 646 34 21 för
160 648 32 19 att
215 647 37 20 der
267 647 95 26 undergå
378 653 25 14 en
419 647 197 27 detaljeranskning
631 647 6 20 i
653 647 36 20 det
704 646 55 27 syfte
775 653 45 15 som
837 648 40 19 den

50 674 48 21 näd.
115 681 59 20 prop.
191 675 124 21 innehäller.

120 732 32 20 Hr
174 731 239 27 Yrjö-Koskinen:
443 732 42 26 Jag
508 732 92 27 begärde
622 732 61 21 ordet
699 732 48 21 med
762 732 115 27 anledning

50 760 23 21 af
86 761 32 20 ett
133 760 23 21 af
170 761 32 20 Hr
209 760 159 27 Tavaststjerna
376 761 95 20 uttaladt
480 760 165 26 önskningsmäl,
656 760 81 21 hvilket
747 761 68 20 skulle
824 767 53 20 upp-

50 789 76 20 ställas
149 789 69 20 säsom
240 789 68 21 vilkor
326 789 33 20 för
375 789 58 20 bifall
449 789 33 20 till
498 789 165 26 propositionen,
679 789 105 26 nämligen
799 791 33 19 att
847 789 30 21 äf-

50 823 40 15 ven
112 817 153 26 pensionerade
284 817 129 21 skollärares
431 817 100 21 sterbhus
547 818 68 20 skulle
631 817 104 21 komma
722 813 16 35 i
751 817 126 27 ätnjutande

51 844 23 22 af
87 845 73 21 nädär.
190 845 41 27 Jag
247 847 45 19 tror
306 846 65 20 likväl
386 848 33 19 att
433 846 35 20 vid
484 847 98 19 närmare
599 846 134 20 betänkande
756 846 59 20 detta
830 846 47 21 icke

50 874 56 20 skall
121 873 96 21 befinnas
232 874 88 26 möjligt.
344 874 42 21 Det
401 876 24 18 är
440 874 53 20 visst
508 876 53 24 sant,
578 876 33 18 att
625 874 7 20 i
648 874 64 26 tjenst
720 874 91 21 varande
821 874 56 21 skol-

50 902 70 21 lärare
137 902 129 21 öfverlemna
282 902 22 21 ät
318 902 124 22 sterbhuset
457 908 26 15 en
499 902 79 22 dubbel
593 902 95 21 förmän:
707 902 122 21 sterbhuset
844 909 32 15 er-

50 930 68 22 häller
134 930 18 27 ej
168 931 55 21 blott
238 930 144 27 gratifikation
399 931 66 26 enligt
481 937 80 15 samma
575 931 94 27 grunder
684 937 45 15 som
744 931 61 21 civila
823 931 54 26 tjen-

50 960 90 24 stemän,
162 960 52 20 utan
229 959 62 21 äfven
306 960 107 20 dessutom
429 959 74 26 nädär,
521 960 88 20 emedan
625 959 26 21 de
667 960 76 20 räknas
759 960 32 20 till
807 960 69 21 eckle-

50 988 153 20 siastikstaten.
234 988 66 20 Detta
321 988 67 26 gäller
411 988 54 20 dock
487 988 56 21 blott
565 988 249 26 elementarläroverken,
829 988 47 21 icke

50 1016 158 21 seminarierna.
241 1016 48 21 Men
312 1023 34 14 om
362 1016 70 21 denna
447 1016 90 26 förmän,
554 1022 45 15 som
615 1016 128 21 tillkommer
759 1016 117 22 skollärare

50 1044 28 26 pä
92 1044 69 26 grund
176 1044 24 21 af
213 1045 228 27 prestaprivilegierna,
457 1044 47 22 icke
519 1045 42 20 kan
577 1045 52 21 eller
645 1044 38 21 bör
697 1044 108 27 fräntagas
821 1045 55 24 dem,

50 1072 24 21 sä
97 1073 61 26 länge
181 1073 27 21 de
230 1074 37 20 äro
290 1074 7 20 i
312 1074 32 20 sin
360 1073 65 27 tjenst
441 1073 39 21 och
497 1073 86 21 tillhöra
597 1073 162 27 presteständet,
776 1073 23 21 sä
815 1074 61 20 torde

50 1101 37 21 det
109 1108 52 14 vara
183 1102 96 26 omöjligt
297 1103 32 19 att
344 1102 33 21 för
393 1102 47 20 dem
456 1102 109 20 bibehälla
581 1102 68 20 denna
665 1103 60 19 extra
739 1101 89 26 förmän,
844 1108 32 15 se-

50 1129 42 20 dan
114 1129 26 21 de
163 1129 69 22 blifvit
254 1130 153 25 pensionerade
431 1130 39 21 och
486 1130 84 21 utträdt
585 1136 26 14 ur
625 1129 163 27 presteständet,
805 1130 24 21 sä
843 1132 33 19 att

49 1159 15 19 t.
82 1163 30 15 ex.
130 1157 25 22 de
170 1158 47 21 icke
232 1165 59 14 mera
299 1158 72 21 kunna
383 1158 82 21 erhälla
476 1158 226 26 representationsrätt
714 1158 6 21 i
733 1159 66 25 sagda
814 1158 63 21 ständ

50 1185 88 22 hvarför
161 1186 77 27 mänga
261 1187 117 20 skollärare
401 1187 55 20 efter
471 1187 177 26 pensioneringen
664 1186 85 27 öfvergä
764 1187 32 20 till
812 1187 65 26 nägot

50 1214 23 21 af
86 1214 26 21 de
129 1214 68 27 öfriga
212 1215 77 21 ofrälse
305 1215 96 22 stånden.
417 1227 28 3 —
461 1215 49 21 Med
532 1215 119 21 detsamma
670 1215 37 21 ber
720 1215 37 27 jag
771 1215 22 21 få
808 1215 69 22 uttala

50 1243 42 26 mig
106 1243 79 26 jemväl
201 1243 48 21 med
264 1243 114 27 anledning
393 1243 23 21 af
430 1243 68 26 nägra
513 1243 66 21 andra
594 1243 120 27 yttranden,
730 1249 45 16 som
791 1243 40 22 här
845 1244 30 21 fö-

50 1271 120 21 rekommit.
202 1272 33 21 Hr
257 1272 71 27 Lagus
346 1272 92 27 yttrade,
457 1272 40 21 och
513 1272 119 21 detsamma
647 1272 39 21 har
701 1271 60 22 äfven
776 1272 101 21 framhäl-

50 1299 37 22 lits
102 1299 24 21 af
139 1300 58 21 Frih.
214 1301 84 26 Wrede,
312 1302 33 19 att
360 1301 145 21 skollärarnes
519 1301 86 26 andliga
620 1301 81 20 krafter
712 1300 45 21 icke
768 1301 108 26 hastigare

49 1328 95 21 minskas
167 1330 27 19 än
217 1329 67 21 andra
299 1329 146 26 tjenstemäns,
461 1329 40 20 och
517 1330 32 19 att
564 1329 37 21 det
616 1329 83 21 säledes
713 1329 46 21 icke
774 1335 51 15 vore
840 1331 36 20 nö-

50 1357 45 26 digt
120 1358 32 20 att
175 1356 32 21 för
230 1357 132 21 skollärarne
384 1357 109 26 uppställa
509 1363 25 15 en
550 1357 141 27 äldersgräns,
707 1357 28 21 dä
749 1357 66 22 sädan
830 1358 46 22 icke

49 1384 166 27 ifrägakommer
238 1385 34 21 för
294 1386 67 20 andra
381 1386 135 26 tjenstemän.
546 1386 41 26 Jag
602 1385 43 21 kan
660 1386 45 21 icke
721 1387 33 19 tro
770 1388 32 18 att
817 1386 60 21 detta

49 1414 25 19 är
96 1412 24 21 af
141 1413 69 27 nägon
234 1414 97 21 skolman
353 1413 28 27 pä
396 1414 68 20 allvar
479 1414 94 21 menadt.
603 1414 42 21 Det
660 1416 24 18 är
701 1414 134 26 naturligtvis
850 1421 26 15 en

49 1443 46 19 stor
110 1441 93 21 skillnad
218 1444 33 19 att
265 1442 63 21 sköta
344 1448 25 15 en
384 1442 66 27 tjenst
465 1442 36 21 vid
519 1442 146 21 kanslibordet
683 1442 51 22 eller
749 1444 32 19 att
797 1442 34 22 stä
845 1443 31 21 in-

49 1469 34 21 för
106 1476 26 15 en
153 1470 57 21 klass
234 1470 39 22 och
295 1470 58 21 hälla
376 1470 131 26 densamma,
530 1470 47 22 icke
592 1470 56 21 blott
663 1471 6 20 i
685 1471 101 26 disciplin,
802 1472 74 20 utan
864 1465 15 36 i

50 1498 66 26 spänd
132 1498 190 27 uppmärksamhet
336 1499 69 21 under
419 1498 51 22 flere
485 1500 86 20 timmar
587 1498 28 28 pä
623 1499 74 27 dagen.
721 1499 123 21 Skillnaden
853 1501 24 19 är

784 1538 23 18 26
