1056 1686
314 116 25 17 R.
352 121 17 12 o.
382 117 23 16 A.
419 117 55 16 1891.
499 117 24 16 10
535 117 59 17 Febr.
797 111 41 21 223

42 196 68 21 Dessa
125 195 79 21 femton
220 195 125 21 kommuner
361 202 52 14 voro
429 195 110 22 fördelade
554 195 28 27 pä
596 195 47 27 fyra
658 196 42 20 län.
731 196 10 21 I
757 196 25 21 de
801 196 66 26 öfriga

41 225 47 26 fyra
115 223 60 22 fanns
198 224 46 21 icke
260 231 25 14 en
302 224 55 21 enda
373 224 100 21 kommun
492 225 57 26 villig
565 226 32 19 att
613 224 88 27 upplåta
717 224 103 27 rättighet
835 225 32 20 till

42 252 146 27 ölförsäljning
202 253 57 20 inom
274 253 46 20 sina
335 254 96 25 gränser.

111 281 65 21 Detta
190 281 95 26 exempel
302 282 61 20 torde
379 287 59 15 mera
454 283 26 19 än
496 281 77 26 tydligt
588 281 73 21 bevisa
677 281 55 21 hvad
749 281 36 21 det
799 281 68 21 finska

42 309 74 27 folket,
132 309 128 21 åtminstone
275 309 28 26 på
318 310 130 24 landsorten,
465 310 78 20 önskar
558 310 6 20 i
580 310 98 20 afseende
695 309 12 21 å
715 309 91 21 handeln
819 310 47 20 med

44 344 88 20 svagare
152 338 134 26 rusdrycker.
317 338 49 21 Men
389 338 98 26 gällande
511 338 132 26 lagstiftning
664 338 38 21 har
719 338 53 27 sörjt
787 338 32 20 för
835 341 32 18 att

42 366 149 26 befolkningen
207 366 46 21 icke
269 366 27 26 på
312 366 42 22 alla
370 370 57 18 orter
443 367 28 26 på
486 373 81 15 samma
582 368 43 19 sätt
641 373 50 20 eger
701 367 83 21 tillfälle
796 369 31 19 att
834 367 32 27 ef-

42 397 32 19 ter
94 401 52 15 egen
170 395 81 21 önskan
276 395 91 21 omdana
385 396 26 20 de
426 395 154 24 förhållanden,
596 396 60 20 hvari
672 396 40 20 den
728 395 71 21 lefver.
830 395 37 21 Ol-

41 424 123 26 bryggerier
186 423 22 21 få
231 424 101 26 anläggas
355 426 52 18 utan
429 426 32 19 att
477 424 154 21 kommunerna
653 424 72 20 derom
741 424 70 25 höras,
828 424 39 21 och

41 452 99 26 gällande
157 452 34 26 lag
206 452 142 21 tillförsäkrar
364 453 47 21 dem
429 454 44 20 rätt
489 455 31 18 att
535 453 6 20 i
557 452 53 21 strid
626 455 45 18 mot
682 453 138 20 kommunens
831 452 34 21 be-

42 481 80 21 stämdt
137 481 95 21 uttalade
249 481 129 26 önskningar
393 482 57 20 inom
466 482 127 20 kommunen
610 481 61 21 äfven
684 481 7 21 i
701 482 68 20 minut
779 481 88 26 försälja

44 510 46 20 sina
112 510 167 26 tillverkningar.
311 510 9 19 I
344 510 100 20 städerna
460 510 47 20 åter
523 512 24 19 är
562 510 114 20 ölhandeln
691 510 128 26 fullkomligt
834 510 32 24 fri,

42 538 23 26 ja
80 538 64 21 friare
160 540 26 18 än
202 539 70 25 vanlig
287 538 146 25 kramhandel,
449 541 23 24 ty
488 539 40 20 den
543 538 34 21 får
591 538 7 21 i
613 539 184 21 matvarubutiker
807 538 60 21 idkas

44 566 61 21 äfven
129 567 66 20 under
218 569 48 18 sön-
288 567 38 20 och
348 567 123 26 helgdagar.
502 567 45 20 Och
569 566 27 27 på
618 567 134 25 vinhandeln,
768 573 44 14 som
828 567 39 20 alls

42 595 47 21 icke
104 595 33 20 får
153 595 61 20 idkas
229 595 26 26 på
271 595 80 25 landet,
368 595 41 21 kan
426 596 4 20 i
448 596 100 20 städerna
564 596 139 20 kommunens
722 595 145 27 myndigheter

42 623 28 27 på
92 624 54 20 intet
167 625 42 19 sätt
231 624 74 20 utöfva
327 624 122 26 inflytande,
469 631 36 14 ens
522 631 33 14 om
571 631 73 18 varan,
661 630 44 15 som
722 624 63 26 säljes
800 624 67 20 under

42 659 63 14 namn
128 652 23 21 af
171 653 41 24 vin,
236 653 5 20 i
265 652 73 27 sjelfva
359 653 74 20 verket
448 655 24 18 är
487 653 80 20 beredd
583 653 32 20 till
632 653 150 26 hufvudsaklig
797 653 33 20 del
846 653 23 20 af

43 687 50 14 oren
118 681 58 26 sprit,
200 681 23 20 så
246 683 32 18 att
301 687 81 14 samma
399 688 52 13 vara
466 681 47 21 från
529 684 32 19 att
576 688 51 14 vara
643 681 144 21 underkastad
803 681 64 20 brän-

42 709 120 27 vins'agens
177 711 85 25 stränga
278 710 159 26 bestämningar
451 716 76 20 genom
543 717 26 14 en
585 710 109 27 obetydlig
716 710 151 21 vattentillsats

42 738 42 21 kan
107 738 121 21 förvandlas
251 739 32 20 till
299 745 25 14 en
340 738 73 26 sådan,
429 745 46 14 som
491 741 51 18 utan
558 739 93 20 kontroll
667 738 33 21 får
715 739 97 26 försäljas
828 740 39 19 när

43 766 39 21 och
97 766 53 21 hvar
166 773 43 14 som
225 767 61 20 helst.

112 795 49 21 Men
176 796 46 20 icke
238 802 41 20 nog
294 796 48 20 med
358 798 32 19 att
405 795 91 21 sålunda
511 802 26 15 en
552 796 95 26 ytterligt
663 798 46 19 stor
725 795 79 21 olikhet
819 795 6 21 i
836 795 30 20 af-

44 824 76 20 seende
136 823 12 21 å
164 824 25 20 de
205 824 75 26 vilkor,
297 831 44 13 som
357 825 57 25 gälla
429 824 32 20 för
476 825 152 25 försäljningen
644 824 23 20 af
678 831 25 13 en
712 824 102 26 rusdryck
828 824 39 20 och

44 858 24 15 en
92 858 77 18 annan,
191 854 24 18 är
230 852 100 26 rådande,
348 859 25 14 en
390 852 81 22 olikhet
486 859 45 14 som
547 854 26 25 på
589 853 54 20 intet
659 854 43 20 sätt
717 853 113 20 motiveras
845 852 23 20 af

43 880 69 26 någon
135 881 149 21 motsvarande
305 881 81 21 olikhet
407 882 6 20 i
430 882 25 20 de
472 882 127 25 verkningar
615 882 26 20 de
657 881 79 26 utöfva,
753 881 59 21 äfven
829 887 36 13 an-

44 912 70 18 svaret
139 909 32 21 för
194 909 164 21 öfverträdelser
377 910 21 20 af
413 910 25 20 de
454 910 139 26 föreskrifter,
610 916 45 14 som
671 910 56 26 gälla
743 910 32 20 för
790 909 77 21 handel

43 938 48 20 med
107 938 36 21 det
158 944 40 15 ena
213 938 51 21 eller
282 938 66 20 andra
364 938 68 26 slaget
448 938 23 21 af
485 938 133 27 rusdrycker,
635 938 106 21 beräknas
759 938 53 21 efter
822 938 44 20 helt

44 966 39 21 och
107 966 65 21 hållet
191 967 56 21 olika
270 967 99 26 gruuder,
393 967 24 21 så
432 969 33 19 att
480 967 32 21 till
528 967 95 26 exempel
639 967 36 21 det
690 973 61 15 anses
768 966 97 26 ojemför-

44 995 38 26 ligt
103 996 81 20 mindre
206 995 110 21 straffbart
338 998 32 18 att
392 996 57 20 hålla
465 996 104 26 lönnkrog
584 996 48 20 med
649 996 19 21 öl
685 996 51 20 eller
751 996 27 20 24
793 995 74 27 gradig

44 1024 80 26 punsch
138 1026 25 18 än
180 1030 33 14 om
229 1024 114 26 punschen,
360 1030 45 15 som
422 1024 23 20 af
458 1024 111 20 kunderna
581 1024 140 26 inmundigas,
733 1024 66 20 skulle
811 1024 55 25 stiga

44 1053 32 20 till
91 1054 28 19 25
135 1055 98 24 procents
249 1053 83 26 styrka;
348 1053 6 20 i
371 1059 40 14 ena
425 1053 61 21 fallet
501 1053 68 25 aldrig
585 1054 66 19 annat
667 1054 25 19 än
704 1059 25 14 en
737 1054 68 19 större
815 1052 52 20 eller

41 1082 81 20 mindre
145 1081 166 26 penningeplikt,
335 1081 85 21 hvilken
443 1082 60 20 alltid
527 1082 42 20 kan
592 1081 32 21 fäs
641 1083 67 19 ersatt
723 1087 75 20 genom
814 1080 51 20 fort-

40 1112 44 18 satt
106 1110 96 25 krögeri;
226 1110 6 20 i
257 1110 68 20 andra
346 1110 60 20 fallet
429 1112 58 18 utom
504 1110 54 25 plikt
574 1110 72 25 beslag
662 1110 39 20 och
717 1110 34 19 vid
766 1108 100 21 iteration

40 1138 95 26 fängelse
156 1138 56 20 ända
234 1138 33 21 till
290 1140 30 19 ett
344 1138 30 21 år.
405 1138 32 21 En
457 1138 66 21 sådan
539 1138 157 26 disproportion
713 1137 77 21 mellan
805 1137 60 20 straft

41 1166 33 21 för
90 1167 6 20 i
113 1166 73 27 sjelfva
201 1167 75 20 verket
292 1167 112 20 enahanda
420 1167 59 20 brott
497 1167 112 20 befordrar
624 1167 47 20 icke
687 1167 38 20 den
743 1166 54 26 höga
812 1171 53 20 upp-

41 1195 91 26 fattning
156 1201 34 14 om
213 1195 71 26 lagens
308 1195 70 26 helgd,
401 1195 28 26 på
449 1195 84 21 hvilken
550 1197 31 19 ett
596 1195 55 20 folks
667 1195 82 20 välfärd
763 1195 7 20 i
786 1194 23 21 så
824 1194 41 26 hög

39 1224 52 26 grad
106 1223 70 21 beror.

108 1252 164 23 Förhållanden,
289 1252 80 21 sådana
385 1258 44 15 som
447 1252 68 26 dessa,
532 1253 72 19 kunna
619 1251 46 21 icke
676 1251 70 26 undgå
757 1253 31 19 att
799 1251 66 20 väcka

40 1281 190 26 uppmärksamhet
245 1281 39 20 och
301 1281 66 20 väcka
383 1281 113 25 ogillande,
512 1281 38 20 och
567 1280 39 21 allt
621 1280 50 21 flere
687 1282 69 19 röster
772 1279 27 21 ha
819 1279 45 26 höjt

40 1310 32 26 sig
87 1312 57 18 emot
159 1311 31 19 ett
205 1309 77 21 sådant
297 1309 140 26 särskiljande
454 1309 77 20 mellan
543 1309 127 26 rusdrycker
681 1309 39 20 och
731 1308 131 27 rusdrycker.

40 1338 116 21 Deribland
172 1337 34 21 må
222 1337 56 21 blott
292 1340 88 18 nämnas
396 1337 41 21 den
452 1337 86 26 komité,
555 1343 45 15 som
617 1337 166 21 sammankallad
796 1336 21 21 af
824 1336 40 21 Re-

40 1367 100 26 geringen
164 1367 100 26 uppgjort
284 1366 80 27 förslag
387 1366 32 21 till
435 1367 41 19 den
492 1366 141 26 bränvinslag,
649 1372 45 14 som
710 1367 75 19 väntar
801 1364 64 21 blifva

40 1395 67 20 under
132 1395 142 21 innevarande
296 1395 102 25 landtdag
417 1394 120 21 Ständerna
552 1394 102 26 förelagd.
685 1394 100 20 Komitén
800 1393 65 20 fram-

40 1423 67 21 håller
130 1424 6 20 i
159 1424 37 20 sitt
223 1423 135 21 betänkande
381 1422 102 26 enhälligt
508 1422 147 27 önskligheten
671 1422 23 21 af
707 1424 32 19 att
754 1422 111 26 ,ätgärder

40 1452 66 20 måtte
123 1452 22 20 af
160 1452 107 26 Styrelsen
283 1452 97 26 vidtagas
395 1451 34 21 för
445 1451 201 21 ästadkommandet
661 1451 6 20 i
679 1457 25 15 en
717 1456 50 15 snar
778 1450 86 20 framtid

40 1480 22 21 af
86 1487 25 13 en
134 1480 92 27 handeln
249 1480 48 20 med
320 1480 99 26 samtliga
435 1480 46 26 slag
496 1480 23 20 af
532 1480 127 26 rusdrycker
675 1479 130 21 omfattande
820 1478 44 26 lag-

40 1508 114 27 stiftning.*
184 1508 62 21 Ännu
269 1508 134 22 bestämdare
419 1508 96 21 uttalade
531 1508 32 26 sig
577 1508 189 26 köpmannamötet
781 1507 7 21 i
802 1506 63 22 Tam-
