1056 1686
203 107 43 22 380
449 112 24 17 R.
486 116 17 13 o.
516 112 22 17 A.
556 113 54 16 1891.
635 113 12 16 3
659 113 63 16 Mars.

174 192 45 21 dan
235 191 96 22 erkänna
346 193 33 20 att
394 191 123 27 betydelsen
533 191 24 22 af
570 192 41 21 den
626 191 82 22 mindre
723 191 93 28 lyckliga
830 191 138 27 affattningen
983 191 24 22 af

172 221 142 20 förevarande
330 220 58 21 kläm
403 220 131 27 väsentligen
549 221 104 20 minskats
667 226 78 21 genom
761 220 27 21 de
799 219 148 27 förändringar
957 226 46 15 som

172 249 248 27 Expeditionsutskottet
441 249 90 26 vidtagit
553 249 32 21 uti
610 249 75 27 sjelfva
700 249 154 26 motiveringen
869 249 33 21 till
917 249 86 26 petitio-

172 283 48 15 nen.
245 277 69 21 Dessa
328 277 151 27 förändringar
494 279 37 19 äro
546 278 113 26 nämligen,
669 278 66 26 enligt
745 277 56 21 hvad
811 278 36 26 jag
857 277 82 21 kunnat
946 276 57 22 finna

172 306 35 20 vid
224 306 36 20 det
276 312 50 20 nyss
340 305 152 27 försiggängna
507 306 142 26 uppläsandet
664 306 23 22 af
693 305 133 27 skrifvelsen,
837 307 55 20 samt
903 305 38 22 och
954 311 49 21 syn-

172 334 95 27 nerligen
282 334 156 27 förbättringar
452 334 40 22 och
507 340 26 16 en
551 335 35 21 del
601 334 24 22 af
638 335 48 21 dem
699 334 156 27 förbättringar
869 334 24 21 af
907 336 44 19 stor
966 334 37 21 be-

171 363 90 27 tydelse.
291 363 48 21 Den
361 363 54 21 allra
437 364 80 20 största
532 363 124 27 betydelsen
671 364 7 20 i
695 364 60 20 detta
771 362 99 22 afseende
886 362 67 22 mäste
966 362 37 27 jag

173 391 83 21 skänka
272 391 23 22 ät
310 392 40 21 den
366 392 91 26 verkligt
472 392 96 21 utmärkt
583 392 88 27 lyckligt
685 392 123 27 hopkomna
819 391 184 23 sammanfattnin-

172 426 41 20 gen
230 420 23 21 af
267 420 122 27 grunderna
403 420 33 21 för
451 420 124 27 petitionen,
591 427 45 15 som
656 420 247 28 Expeditionsutskottet
917 420 86 21 utarbe-

172 450 33 20 tat
220 448 40 22 och
276 449 61 21 ställt
352 450 95 20 närmast
462 448 46 22 före
524 449 107 21 klämmen
646 449 6 21 i
668 448 147 22 betänkandet
830 449 6 21 i
856 449 69 21 denna
940 448 62 21 skrif-

171 477 58 21 velse
267 478 76 21 Denna
365 477 190 27 sammanfattning
579 480 25 18 är
619 478 6 21 i
641 478 75 26 sjelfva
732 477 74 21 verket
821 477 24 21 af
859 478 40 20 den
914 479 41 23 art,
969 478 34 20 att

171 506 42 21 den
236 506 68 21 redan
319 506 6 20 i
341 506 40 21 och
398 506 33 21 för
447 506 32 27 sig
493 508 109 25 uppväger
617 512 26 15 en
658 506 58 21 kläm
733 506 48 21 med
797 506 55 21 huru
867 506 42 26 god
923 506 78 20 formu-

170 534 68 27 lering
262 540 45 15 som
330 534 64 26 helst,
417 534 40 22 och
480 534 41 22 den
539 535 84 21 stärker
639 535 66 27 enligt
720 535 44 21 min
780 535 64 21 tanke
859 534 24 22 sä
898 534 105 26 betydligt

171 563 36 20 det
224 563 86 26 slutliga
325 563 119 24 uttalande,
460 569 45 15 som
527 563 120 22 Ständerna
662 563 40 21 här
717 565 60 24 göra,
793 564 32 20 att
839 563 36 26 jag
890 562 27 27 pä
933 562 69 27 grund

170 591 64 21 häraf
254 591 47 22 icke
324 591 34 22 för
376 592 42 21 min
435 592 33 21 del
483 591 68 22 finner
565 592 71 27 nägon
652 591 149 26 betänklighet
817 591 34 21 vid
867 593 33 19 att
915 591 88 21 förorda

171 620 133 26 antagandet
318 620 24 21 af
355 621 70 20 denna
440 620 110 21 skrifvelse
570 621 137 20 oförändrad.
738 620 49 21 Med
803 620 100 21 afseende
919 619 13 22 ä
947 619 55 22 hvad

168 648 38 27 jag
222 655 28 14 nu
266 649 122 25 framställt,
404 649 39 21 och
459 649 28 21 dä
502 649 73 21 härtill
594 649 97 21 kommer
706 650 33 19 att
754 649 7 20 i
777 649 77 20 sakens
870 648 132 21 närvarande

170 677 48 26 läge
241 677 47 21 icke
308 677 71 27 nägon
394 677 66 26 utsigt
476 678 61 21 torde
549 677 69 22 finnas
633 679 33 20 att
681 677 146 27 ävägabringa
842 677 38 21 full
897 677 105 21 öfverens-

170 706 123 21 stämmelse
309 706 53 21 eller
377 706 57 26 enigt
457 706 70 21 beslut
544 707 31 20 uti
591 707 25 20 de
633 706 108 21 särskilda
759 705 95 22 Ständen
869 705 133 22 beträffande

170 733 71 27 nägon
264 741 28 20 ny
311 735 138 26 formulering
464 735 22 20 af
500 735 162 26 ifrägavarande
678 735 65 26 kläm,
759 735 66 26 vägar
837 735 38 26 jag
889 734 114 21 hemställa

170 764 33 19 att
218 763 26 20 R.
261 769 19 14 o.
297 763 25 21 A.
338 763 55 26 ville,
409 763 66 21 delvis
491 764 48 20 med
554 763 131 27 frängäende
701 763 24 21 af
739 763 38 22 sitt
791 764 7 20 i
813 763 38 27 gär
869 763 82 21 fattade
966 762 36 21 be-

171 791 50 27 slut,
236 791 76 22 förena
328 791 31 27 sig
375 797 34 16 om
425 792 60 21 detta
499 792 81 27 förslag
595 792 33 21 till
643 792 118 21 skrifvelse.

240 870 258 27 Expeditionsutskottets
521 871 80 27 förslag
623 871 45 21 blef
689 871 55 21 härä
762 873 51 19 utan
829 871 73 21 vidare
918 871 83 21 diskus-

171 899 47 21 sion
242 899 23 21 af
285 900 25 20 R.
334 906 18 14 o.
377 900 24 20 A.
417 900 116 26 godkändt.
565 900 80 21 Härom
668 900 70 21 skulle
760 900 66 21 Stats-
849 900 39 21 och
911 899 91 27 Expedi-

170 928 170 21 tionsutskotten
364 930 54 19 samt
440 928 140 22 Medständen
603 935 76 20 genom
703 928 200 27 protokollsutdrag
925 928 74 21 under-

170 957 76 20 rättas.

239 1137 90 22 Plenum
345 1138 117 22 afslutades
477 1139 28 21 kl.
522 1139 13 21 8
551 1145 18 16 e.
585 1146 26 15 m.

792 1230 21 17 In
825 1230 62 18 fidem:

742 1270 23 21 J.
782 1270 26 21 F.
825 1271 104 28 Aminoff
