1056 1686
204 106 42 20 314
450 109 24 17 R.
487 113 17 13 o.
516 110 22 16 A.
553 110 54 16 1891.
631 110 24 16 21
667 109 60 18 Febr.

175 192 23 19 är
214 191 33 20 att
263 189 108 27 uppfänga
387 189 35 21 det
437 189 95 21 växande
548 189 78 27 slägtet
641 189 7 21 i
663 191 72 19 rättan
750 189 38 26 tid,
807 188 72 21 förrän
895 189 36 20 det
947 189 55 20 hun-

175 219 32 21 nit
222 219 130 26 depraveras
368 218 22 21 af
403 218 146 26 depraverade
571 218 113 21 föräldrar.
714 217 41 27 Jag
778 223 73 16 menar
868 217 62 21 dessa
945 223 57 15 sam-

175 247 78 22 hällets
270 246 134 27 olycksbarn,
427 246 83 21 hvilkas
531 246 61 21 fäder
614 252 76 21 genom
713 245 175 28 dryckenskapen
912 245 90 21 förstört

175 275 49 21 hela
246 275 95 21 hemmet
362 275 39 21 och
423 275 98 26 vanligen
544 275 46 20 sina
613 275 64 21 barns
700 274 93 21 framtid.
823 274 136 21 Inrättandet
982 273 23 21 af

175 304 190 26 barnträdgårdar,
389 303 140 27 inrättningar
545 303 33 21 för
593 304 110 26 vanartiga
726 303 59 25 barn,
810 304 59 20 utom
888 302 26 21 de
929 302 73 21 skolor

174 332 115 26 nämligen,
305 338 45 15 som
366 334 36 19 äro
417 331 128 22 föreskrifna
560 332 34 21 för
609 332 107 24 städerna,
732 337 62 15 anser
811 331 36 27 jag
867 331 61 21 äfven
950 337 52 15 vara

176 362 32 20 ett
224 360 107 25 ändamål,
354 366 44 16 som
419 360 248 27 utskänkningsbolagen
690 360 53 21 böra
765 360 86 21 beakta.
881 359 80 21 Vidare
977 365 25 15 en

176 391 74 25 sträng
267 389 93 21 kontroll
375 389 58 21 öfver
448 389 130 21 missbruket
593 388 24 22 af
631 389 127 26 rusdrycker
773 388 39 22 och
834 388 132 21 inrättandet
981 388 24 20 af

176 418 237 26 nykterhetsvärdshus,
430 417 72 21 hvilka
517 418 136 26 naturligtvis
675 418 46 20 icke
743 420 53 18 utan
818 416 109 28 betydliga
945 417 58 21 kost-

176 446 68 21 nader
262 446 72 21 kunna
348 448 63 24 göras
434 446 23 21 sä
473 446 84 26 trefliga
579 446 39 21 och
644 446 149 26 tilldragande,
819 447 32 19 att
877 445 40 21 den
942 445 61 21 arbe-

176 475 64 21 tande
257 475 150 26 befolkningen
419 474 124 27 föredrager
559 475 47 21 dem
617 474 89 22 framför
722 475 26 21 de
763 474 110 25 värdshus,
890 474 37 20 der
943 474 26 20 de
981 473 22 21 få

175 504 134 26 rusdrycker.
340 504 41 26 Jag
397 504 68 20 skulle
481 503 72 21 derför
568 510 51 14 vara
635 504 22 20 af
671 504 41 20 den
728 503 81 27 åsigten
822 504 32 20 att
866 509 48 14 man
929 502 7 21 i
951 502 52 21 stäl-

174 532 30 20 let
219 532 35 21 för
270 534 32 19 att
318 532 48 21 dela
380 538 27 14 en
421 532 62 25 vinst,
499 532 86 20 hvilken
601 538 48 15 man
665 532 120 26 principielt
807 532 46 20 icke
874 531 39 21 har
928 531 74 26 rättig-

174 560 38 21 het
227 562 33 19 att
276 561 53 25 dela,
346 560 39 21 bör
401 560 65 21 tänka
481 560 27 27 på
531 560 52 21 eller
605 560 78 21 föreslå
706 560 100 26 åtgärder
828 560 39 21 och
890 561 111 24 strängare

174 589 163 20 bestämmelser
351 589 34 20 för
399 591 32 18 att
447 589 89 21 afskaffa
552 589 25 21 de
593 589 114 25 missbruk,
723 595 45 14 som
784 595 29 14 nu
828 595 39 20 ega
882 594 53 15 rum.
961 588 41 26 Jag

174 617 40 20 har
230 617 33 21 till
278 617 52 27 följd
346 617 22 21 af
382 617 83 27 mycket
483 618 74 20 arbete
572 617 47 21 icke
634 617 46 21 haft
703 617 31 21 tid
757 619 33 18 att
811 617 40 20 alls
873 617 46 20 läsa
941 617 60 20 detta

174 645 118 27 lagförslag
314 646 39 21 och
376 648 24 19 är
421 646 46 21 icke
489 646 79 21 beredd
591 649 33 18 att
643 646 86 21 komma
744 646 48 21 med
808 645 66 27 några
890 645 111 20 bestämda

174 674 88 27 förslag,
279 681 46 14 men
341 675 75 20 tänker
431 676 33 19 att
479 675 108 20 utskottet
602 675 48 20 bäst
665 675 42 20 kan
723 674 57 21 finna
795 673 28 28 på
838 673 87 22 sådana.

245 732 34 20 Hr
302 731 220 27 Pippingsköld:
549 731 68 21 Afven
636 731 37 26 jag
696 733 24 19 är
742 731 65 21 bland
823 732 54 24 dem,
894 737 45 15 som
955 731 46 20 icke

176 759 58 22 förut
250 760 83 21 kunnat
347 759 104 27 genomgå
467 760 143 26 lagförslaget,
622 760 39 21 och
674 760 39 21 har
727 760 36 26 jag
779 760 49 26 hyst
839 759 40 21 den
890 759 111 21 förutsätt-

175 789 78 26 ningen
270 791 32 18 att
313 789 35 21 det
361 788 54 21 först
425 789 7 20 i
442 789 41 26 dag
499 789 69 20 skulle
579 789 85 20 komma
674 791 33 18 att
717 788 134 27 bordläggas.
868 788 60 21 Dock
939 788 62 21 utber

174 817 37 26 jag
226 817 44 26 mig
286 819 31 19 att
332 817 21 21 få
368 819 57 25 yttra
440 817 66 26 några
522 817 45 26 ord,
584 817 67 21 ehuru
672 817 67 21 redan
755 817 32 21 till
803 823 26 14 en
845 817 34 21 del
893 817 109 21 förekom-

176 852 47 14 men
240 846 24 20 af
277 846 57 20 Frih.
350 846 24 20 R.
390 846 25 20 A.
431 846 77 20 Wrede
524 846 39 20 och
580 846 31 20 Hr
628 846 110 21 Hackman
754 845 76 21 senior.
853 845 41 26 Jag
907 845 39 21 har
956 844 46 22 haft

177 874 41 20 den
233 874 111 21 förmänen
360 874 51 21 eller
427 874 95 27 olyckan,
539 880 34 15 om
589 880 47 14 man
653 874 23 21 sä
691 874 43 26 vill,
751 876 32 19 att
798 874 63 20 hafva
872 873 70 22 blifvit
957 874 44 20 kal-

176 903 36 21 lad
228 903 34 21 till
278 903 40 21 den
333 903 86 25 komit6,
435 909 44 15 som
495 903 55 21 varit
565 903 86 21 nedsatt
666 902 33 22 för
715 904 32 20 att
762 902 113 22 förbereda
897 903 36 21 det
948 903 54 21 slut-

176 931 43 27 liga
234 931 144 27 lagförslaget,
395 931 39 21 och
449 931 39 21 har
504 932 38 20 der
557 932 79 20 uttalat
651 932 43 26 mig
713 931 64 21 bland
800 933 65 19 annat
887 933 57 19 emot
959 931 42 21 för-

176 960 115 26 delningen
307 960 22 21 af
343 960 100 26 bolagens
459 960 128 21 realiserade
603 961 62 24 vinst,
684 960 67 21 sädan
767 960 40 21 den
823 966 29 14 nu
867 959 67 21 finnes
949 966 52 20 upp-

176 989 56 21 stäld
248 989 7 21 i
272 989 40 21 den
327 988 49 21 nåd.
392 994 59 21 prop.
467 988 39 22 och
522 988 62 22 äfven
599 989 54 21 först
669 988 104 27 föreslogs
793 988 22 21 af
829 988 100 26 komiten,
954 994 47 15 men

175 1017 40 21 har
230 1018 36 26 jag
282 1017 63 21 likväl
360 1017 95 26 godkänt
470 1017 37 21 det
521 1017 86 27 förslag,
624 1024 45 14 som
685 1017 70 27 ingick
771 1018 5 20 i
793 1017 106 21 komitens
915 1017 86 26 slutliga

175 1046 120 26 utlätande,
312 1046 30 26 ity
357 1048 33 19 att
404 1052 49 14 man
469 1046 122 26 derigenom
607 1046 134 26 nägorlunda
757 1046 74 25 stälde,
847 1052 45 14 som
908 1052 49 15 man
969 1047 32 19 sä-

175 1080 43 21 ger,
235 1074 83 27 kyrkan
334 1074 52 21 midt
401 1074 7 20 i
424 1074 48 27 byn,
493 1074 114 26 jemkande
631 1075 89 21 emellan
743 1074 25 21 de
791 1074 58 21 olika
871 1075 128 24 intressena;

176 1104 219 24 stadskommunerna,
411 1102 222 26 landskommunerna,
649 1104 91 25 bolagen
755 1103 40 21 och
806 1102 196 27 hushällningssäll-

176 1131 81 27 skapen
273 1131 55 26 fingo
344 1131 52 20 hvar
411 1131 32 20 sin
459 1131 40 26 del,
521 1131 215 22 stadskommunerna
759 1137 26 15 en
808 1131 125 26 tillräekligt
949 1133 52 19 stor.

175 1159 50 22 Men
238 1160 38 26 jag
292 1160 38 20 har
346 1160 101 26 derjemte
463 1161 6 20 i
485 1160 42 21 min
544 1161 131 20 reservation
691 1160 82 26 antydt,
797 1161 32 19 att
847 1166 41 20 nog
904 1160 97 26 lämpligt

175 1194 57 19 vore,
249 1195 35 14 om
301 1189 28 20 all
345 1189 126 26 minutering
487 1189 42 26 (jag
552 1189 56 20 talar
631 1189 46 21 icke
701 1195 34 14 om
758 1188 151 27 utskänkning)
933 1188 68 21 skulle

175 1216 28 27 pä
224 1217 82 26 vanligt
328 1219 43 18 sätt
392 1217 114 21 öfverlätas
529 1217 23 21 ät
575 1217 115 26 behörigen
714 1217 147 26 gvalificerade
883 1217 118 26 försäljare,

175 1251 104 20 personer
294 1246 71 21 kända
380 1245 23 21 af
416 1245 128 22 kommunen
567 1246 40 21 och
629 1247 7 20 i
657 1246 130 26 begränsadt
811 1246 65 25 antal,
899 1251 48 15 men
969 1247 32 19 att

176 1274 67 26 dessa,
261 1275 71 20 derest
346 1275 7 20 i
368 1280 81 15 samma
464 1275 47 20 stad
527 1275 119 20 inrättades
662 1276 31 19 ett
716 1275 63 26 bolag
795 1275 48 20 med
867 1275 39 20 den
930 1274 71 21 kända

175 1303 82 26 sedliga
273 1303 115 26 uppgiften,
405 1303 68 21 skulle
488 1303 33 21 för
537 1303 31 21 sin
591 1303 245 26 utminuteringsrörelse
859 1303 142 20 underkastas

176 1337 26 15 en
216 1331 44 22 viss
276 1331 83 27 mättlig
375 1331 144 27 beskattning;
541 1332 100 26 yttrande
665 1332 43 26 mig
728 1331 34 21 för
779 1331 64 26 öfrigt
865 1331 88 25 derhän,
969 1332 33 19 att

175 1359 99 27 bolagen,
292 1366 44 15 som
352 1366 27 15 nu
394 1361 37 20 äro
453 1360 96 21 formade
572 1360 54 21 efter
649 1361 35 20 det
700 1367 16 14 s.
733 1360 20 21 k.
769 1359 150 27 Göteborgska
935 1361 66 25 syste-

175 1390 51 24 met,
242 1388 57 21 helst
314 1389 66 20 borde
395 1389 104 20 ombildas
516 1389 88 24 derhän,
619 1391 33 19 att
667 1389 26 21 de
712 1388 23 21 sä
751 1389 44 20 vidt
816 1388 83 26 möjligt
921 1388 81 20 etable-

176 1416 51 21 rade
243 1416 95 27 verkliga
353 1417 122 21 matställen
494 1417 34 21 för
551 1418 40 20 den
615 1418 106 26 egentliga
743 1416 257 26 arbetarebefolkningen,

175 1444 23 22 ät
228 1445 86 21 hvilken
344 1446 69 21 kunde
442 1446 70 20 såsom
543 1446 76 26 bilaga,
643 1452 47 15 men
713 1446 46 20 icke
782 1445 70 21 såsom
875 1444 127 27 hufvudsak,

176 1473 120 22 utskänkas
310 1474 111 27 måttligen
436 1474 121 26 spirituosa.
587 1474 41 26 Jag
643 1476 24 19 är
687 1474 130 26 fullkomligt
834 1480 49 14 ense
901 1474 48 21 med
972 1474 31 20 Hr

175 1502 120 27 Hackman,
310 1504 32 19 att
357 1502 146 28 fördelningen
523 1503 23 21 af
560 1502 165 28 bolagsvinsten,
749 1502 70 22 såsom
835 1502 40 22 den
891 1502 39 21 här
945 1501 58 22 före-
