1056 1686
208 105 41 21 362
460 111 25 17 R.
498 115 18 13 0.
528 112 22 16 A.
564 111 55 17 1891.
643 111 13 17 2
667 111 64 17 Mars.

177 191 63 20 kosta
256 191 135 21 inrättandet
405 191 23 20 af
442 191 125 20 sanatorier.
598 191 137 21 Statskassan
752 191 39 20 har
805 190 96 21 minsann
917 197 42 20 nog
971 193 34 18 ut-

177 219 72 26 gifter,
266 219 96 21 växande
378 219 46 21 frän
441 219 23 22 är
479 220 31 20 till
533 219 24 21 är
571 221 33 19 att
619 219 101 26 bestrida,
737 219 40 21 och
792 219 33 21 fär
840 219 89 20 bekosta
945 219 61 21 hvar-

176 247 96 27 jehanda
294 248 142 27 inrättningar
459 248 39 21 och
521 247 90 27 företag,
635 248 72 21 hvilka
721 248 47 21 icke
783 247 72 21 kunna
869 247 94 31 grundas
978 247 27 26 pä

178 276 41 20 den
236 276 98 20 enskilda
356 276 200 26 företagsamheten.
587 277 73 26 Enligt
675 277 43 20 min
734 276 55 26 äsigt
804 276 130 20 bord&man
949 275 56 21 säle-

179 304 38 21 des
240 304 6 21 i
273 304 69 21 denna
365 304 60 26 fräga
447 305 46 21 icke
515 305 63 26 vädja
600 305 32 20 till
653 307 81 19 statens
749 304 142 26 frikostighet,
907 308 51 16 utan
973 304 32 21 till

179 333 81 21 Finska
283 333 211 27 Läkaresällskapets
509 333 39 21 och
564 333 155 21 allmänhetens
735 333 126 27 patriotism.
892 333 37 20 Ett
945 338 60 15 sana-

182 362 79 20 torium
279 362 38 20 bör
332 362 119 21 tillkomma
466 362 27 26 pä
508 362 93 20 enskildt
616 362 97 20 initiativ.
745 361 74 21 Sävidt
833 362 38 26 jag
886 363 40 24 vet,
942 360 63 22 hafva

178 390 7 21 i
202 390 99 21 utlandet
316 391 118 20 sanatorier
449 390 69 21 blifvit
533 391 132 26 grundlagda
680 390 22 21 af
716 390 80 26 läkare,
813 390 39 21 och
867 396 33 15 om
916 396 29 14 nu
957 390 48 20 Fin-

176 419 40 20 ska
231 419 202 26 Läkaresällskapet
449 421 60 24 tager
525 419 65 21 saken
606 419 99 25 omhand,
722 419 61 21 skola
799 418 72 22 säkert
887 418 47 21 dess
945 418 60 21 med-

176 447 90 21 lemmar
281 448 73 20 kunna
369 447 148 21 åstadkomma
532 454 26 14 en
573 447 165 26 aktieteckning,
755 447 39 21 och
811 447 27 21 dä
854 449 23 19 är
888 447 65 21 saken
965 447 40 21 lätt

176 476 49 20 löst.
256 476 43 20 Det
321 476 95 21 sväraste
437 476 72 21 dervid
530 476 41 21 blir
587 478 32 19 att
634 476 57 21 finna
707 482 26 15 en
749 476 87 26 lämplig
851 476 56 26 plats
922 475 33 21 för
971 482 33 14 sa-

175 504 102 27 natoriet,
301 506 23 25 ty
346 504 108 28 dervidlag
475 504 68 22 mäste
565 505 151 26 fordringarna
740 511 51 14 vara
809 506 67 24 stora;
893 504 26 21 de
934 504 71 20 kunna

176 532 48 22 icke
240 533 74 20 ställas
331 533 33 21 för
380 533 56 27 högt.
467 533 48 21 Men
531 540 26 14 en
573 534 66 20 sådan
655 534 56 26 plats
727 533 56 21 skall
798 533 34 20 väl
843 532 44 22 låta
897 532 58 21 finna
967 532 37 27 sig.

176 561 144 26 Lungsiktiga
336 562 130 20 förekomma
482 562 68 21 oftare
565 564 47 18 tror
625 562 37 26 jag
676 562 7 20 i
699 562 26 20 de
741 561 139 21 obemedlade
895 561 110 20 klasserna

179 591 27 19 än
222 589 8 21 i
246 589 26 21 de
287 589 118 28 förmögna.
435 590 41 21 Det
491 590 42 21 kan
547 590 48 21 icke
609 590 86 21 komma
709 590 8 21 i
732 589 61 27 fräga
808 591 33 20 att
857 591 69 19 staten
937 589 68 22 skulle

178 618 121 27 exploitera
322 618 39 21 den
384 619 95 20 enskilda
500 619 164 26 väleörenheten
680 619 34 20 för
729 620 33 19 att
778 618 67 21 skafla
860 618 51 21 vård
928 617 22 22 ät
964 618 41 21 fat-

178 646 46 27 tiga
240 647 68 26 sjuka.
340 647 38 21 Om
395 647 81 21 säledes
491 647 27 26 pä
533 647 93 21 enskildt
641 647 92 21 initiativ
749 649 32 19 ett
796 647 130 21 sanatorium
937 647 68 20 skulle

178 675 88 21 komma
281 675 33 21 till
330 675 69 26 ständ,
415 675 24 21 sä
453 676 96 21 kommer
564 676 36 21 det
615 676 34 20 väl
665 675 46 22 icke
727 675 6 21 i
749 675 60 27 fräga
824 676 32 20 att
871 675 46 21 icke
935 677 69 19 staten

178 703 28 21 dä
230 704 47 21 deri
292 704 70 21 skulle
378 704 89 21 bekosta
482 704 107 27 friplatser
605 704 32 21 för
657 704 84 27 fattiga.
771 704 61 21 Efter
847 704 38 20 allt
900 703 56 21 hvad
969 703 36 27 jag

178 732 46 21 haft
248 734 53 19 äran
325 732 81 26 anföra,
429 733 65 26 vägar
514 733 37 26 jag
565 733 110 20 vördsamt
691 732 79 21 föreslä
785 735 32 18 att
833 732 117 26 petitionen
965 732 40 21 och

179 761 211 21 Besvärsutskottets
405 761 134 21 betänkande
555 761 98 22 deröfver
667 762 47 21 icke
730 761 67 21 måtte
813 761 110 20 föranleda
935 760 70 27 någon

178 789 83 27 åtgärd.

248 846 32 21 Hr
295 846 223 27 Pippingsköld:
539 846 42 21 För
597 846 43 21 min
655 846 33 21 del
704 846 43 21 kan
760 846 38 26 jag
813 846 46 20 icke
875 847 64 19 annat
954 852 51 16 anse

178 876 28 19 än
222 877 33 19 att
271 875 69 21 denna
355 875 88 27 petition
459 876 24 19 är
499 877 62 24 tagen
578 875 87 21 alldeles
681 874 33 22 för
730 875 69 26 trång,
816 874 39 21 och
871 875 36 21 det
921 876 24 19 är
961 876 43 20 sär-

178 903 67 21 skildt
268 903 27 27 på
316 904 70 20 denna
407 904 74 26 grund,
505 910 45 14 som
563 904 38 26 jag
615 904 46 20 icke
677 904 42 20 kan
736 904 70 20 lemna
821 903 40 21 den
877 903 36 21 det
928 903 77 21 under-

178 932 56 26 stöd,
252 938 45 14 som
314 932 39 21 den
369 938 76 14 annars
461 932 67 21 skulle
544 932 99 27 förtjena.
673 932 55 21 Vårt
744 932 50 21 land
810 932 39 20 har
859 938 26 14 en
896 933 45 19 stor
951 932 54 21 brist

178 960 28 26 på
222 960 183 27 specialanstalter
421 961 32 21 för
469 961 105 21 särskilda
589 961 130 26 sjukdomar,
737 960 72 21 hvilka
821 960 72 21 fordra
904 961 101 20 särskildt

177 989 115 26 afpassade
308 989 239 26 behandlingsmetoder,
565 989 80 21 sådana
660 989 113 26 nämligen,
790 989 72 21 hvilka
876 988 47 22 icke
933 989 72 21 kunna

178 1018 118 26 behörigen
318 1018 107 26 tillämpas
447 1018 6 20 i
478 1018 25 20 de
519 1018 108 21 allmänna
642 1018 126 26 sjukhusen;
785 1017 76 21 endast
875 1018 33 20 för
923 1018 82 21 smitto-

178 1052 84 15 samma
277 1046 178 26 könssjukdomar
471 1046 38 21 och
525 1047 33 21 för
574 1046 197 27 sinnessjukdomar
788 1046 63 20 hafva
874 1046 19 20 vi
909 1046 95 26 sjukhus,

178 1081 46 15 som
240 1075 72 21 kunna
328 1075 68 20 kallas
412 1081 58 15 mera
485 1075 105 27 speciella.
621 1076 48 20 Men
682 1081 35 15 om
733 1075 7 21 i
756 1074 69 27 någon
841 1074 163 26 sjukdomsform

177 1104 104 25 speciella
289 1104 87 25 sjukhus
392 1103 107 24 behöfvas,
518 1104 23 21 så
557 1105 24 19 är
597 1104 36 20 det
647 1104 34 20 väl
696 1104 6 20 i
719 1104 47 25 den,
783 1110 45 14 som
843 1103 161 27 allmänneligen

178 1131 70 22 kallas
264 1132 85 27 lungsot
365 1131 38 22 och
419 1133 24 19 är
459 1132 104 21 beroende
579 1131 28 27 på
621 1132 140 25 tuberkulos;
777 1134 22 25 ty
814 1131 23 21 af
851 1131 47 21 dem
914 1132 47 21 med
972 1136 33 17 tu-

178 1160 102 21 berkulos
296 1167 45 14 som
358 1160 66 21 skulle
440 1160 72 21 fordra
528 1160 79 21 sådana
623 1161 190 26 specialanstalter,
830 1161 25 19 är
869 1161 103 25 mängden
984 1160 23 21 af

179 1189 109 26 patienter
310 1189 95 21 särdeles
427 1191 51 18 stor.
509 1189 31 21 De
563 1189 107 21 allmänna
689 1189 116 26 sjukhusen
821 1188 64 21 hafva
900 1189 105 26 nämligen

178 1217 100 21 hitintills
293 1218 7 20 i
315 1219 77 25 ytterst
415 1217 60 27 ringa
489 1218 51 26 grad
557 1217 82 21 kunnat
653 1218 27 26 gå
697 1218 63 20 dessa
775 1217 116 26 patienters
907 1217 98 21 önsknin-

176 1252 40 20 gar
240 1245 40 22 och
304 1246 117 26 trängande
445 1246 64 21 behof
530 1246 31 21 till
583 1248 74 22 mötes,
673 1248 23 25 ty
713 1245 156 26 behandlingen
885 1245 22 21 af
921 1246 85 26 sjukdo-

178 1280 49 15 men
248 1274 58 21 inom
322 1274 107 21 desamma
445 1275 38 20 har
498 1275 6 20 i
520 1275 116 20 allmänhet
651 1275 6 20 i
673 1277 27 18 än
716 1275 84 25 ringare
816 1274 49 21 mån
881 1274 82 27 lyckats
979 1276 26 19 än

178 1305 60 19 utom
264 1303 53 21 dem.
348 1303 40 26 Jag
410 1303 55 20 talar
488 1309 28 15 nu
539 1303 46 21 icke
606 1309 34 15 om
655 1303 26 21 de
698 1305 85 18 senaste
799 1302 106 26 försöken,
922 1303 84 26 mycket

178 1331 93 26 celebra,
288 1337 44 15 som
348 1331 42 21 alla
405 1332 6 20 i
427 1331 58 21 detta
501 1331 61 21 stånd
578 1332 71 20 känna
664 1332 45 20 lika
723 1332 36 20 väl
774 1331 52 21 eller
841 1331 81 21 kanske
935 1331 70 21 bättre

179 1362 27 18 än
226 1360 44 26 jag.
286 1372 28 2 —
330 1359 71 22 Skulle
426 1359 72 22 derför
515 1361 116 25 petitionen
646 1360 55 21 varit
717 1359 90 22 affattad
824 1359 29 25 så,
870 1361 32 19 att
917 1359 40 22 den
973 1366 33 20 yr-

178 1388 38 21 kat
240 1388 28 26 på
283 1388 132 28 inrättandet
430 1388 23 21 af
467 1389 100 25 speciella
582 1389 87 26 sjukhus
684 1389 7 20 i
707 1390 71 19 större
793 1388 60 20 antal
868 1390 27 18 än
911 1394 44 14 som
977 1394 29 14 nu

178 1416 122 26 förefinnes,
317 1416 39 21 och
372 1416 67 22 tillika
455 1417 46 21 med
517 1417 102 21 särskildt
638 1417 82 21 fästadt
735 1416 100 22 afseende
850 1416 28 26 på
893 1416 26 21 de
934 1416 73 21 tuber-

178 1445 78 21 kulösa
270 1445 119 24 lidandena,
405 1445 24 21 så
444 1452 61 20 synes
515 1446 49 26 mig,
577 1447 32 19 att
621 1445 40 21 den
671 1446 49 20 med
732 1447 58 19 rätta
800 1445 65 21 bordt
875 1446 52 20 röna
937 1446 69 20 större

178 1473 129 26 beaktande,
330 1475 26 19 än
376 1480 43 14 som
439 1480 28 14 nu
482 1474 81 21 kunnat
579 1480 64 20 egnas
659 1474 40 21 den
716 1473 61 21 äfven
793 1474 7 20 i
817 1474 26 20 de
859 1474 67 26 öfriga
941 1472 65 22 Stån-

178 1502 48 21 den.
258 1502 52 27 Och,
332 1502 34 21 för
380 1504 33 19 att
427 1502 110 22 utsträcka
552 1502 74 27 frågan
642 1502 66 27 något
723 1502 83 26 längre:
823 1504 56 18 ännu
895 1508 26 15 en
936 1508 70 15 annan
