1056 1686
191 103 43 22 488
440 109 25 18 R.
477 113 18 13 o.
507 109 22 17 A.
541 109 54 17 1891.
619 109 24 18 19
654 109 63 18 Mars.

164 195 52 14 vara
230 189 100 26 gällande
345 189 41 26 lag.
412 188 61 21 Efter
488 189 151 20 emanerandet
654 188 23 21 af
691 189 60 20 detta
766 188 49 22 bref
829 189 38 20 har
883 189 108 26 verkligen

164 217 110 21 skolrädet
296 217 80 26 begynt
395 217 65 21 blifva
475 217 64 21 hördt
554 217 35 21 vid
604 217 137 21 förestående
757 217 124 26 rektorsval,
897 217 40 21 och
953 217 39 21 har

165 245 111 22 skolrädet
301 245 98 22 stundom
420 246 65 21 vändt
505 245 32 27 sig
556 245 32 22 till
603 251 56 21 resp.
675 245 104 27 kollegier
793 246 57 21 inom
865 251 53 21 resp.
936 246 55 20 läro-

164 274 52 20 verk
232 274 34 20 för
282 274 122 21 erhällande
420 274 22 20 af
462 275 61 20 deras
537 277 52 18 vota
603 274 7 20 i
626 274 71 21 saken.
729 274 123 21 Emellertid
868 274 63 20 hafva
946 274 45 20 kol-

164 302 98 26 legierna
276 302 35 21 vid
327 302 82 22 landets
425 302 97 21 läroverk
537 302 34 21 för
585 302 133 22 närvarande
739 303 62 25 ingen
816 304 45 19 rätt
875 304 33 19 att
923 302 70 21 uttala

166 331 32 26 sig
221 337 35 15 om
279 330 107 22 blifvande
409 331 103 21 rektorer.
543 331 66 21 Detta
631 332 24 20 är
673 331 66 26 enligt
754 331 42 21 min
813 330 54 28 äsigt
882 331 46 21 icke
943 330 50 22 fullt

164 359 105 27 lämpligt,
289 360 23 26 ja
332 360 46 21 icke
393 366 37 14 ens
446 360 79 26 riktigt.
555 360 42 26 Jag
612 360 49 20 ville
676 362 52 24 taga
743 360 42 26 mig
800 359 91 22 friheten
907 359 84 27 päpeka

166 389 32 19 att
214 388 70 20 denna
298 388 60 26 fråga
374 394 33 15 om
423 388 184 26 lärarekollegiers
623 388 104 26 rättighet
742 388 32 21 till
791 388 120 21 rektorsval
922 388 71 21 disku-

164 417 68 20 terats
248 416 41 21 och
304 416 113 26 granskats
431 416 55 27 gäng
501 416 27 27 pä
543 417 55 26 gäng
612 417 7 20 i
634 416 146 28 pedagogiska
794 417 91 21 kretsar.
908 416 84 26 Frägan

165 450 39 15 var
226 444 47 22 före
296 445 34 21 vid
348 445 184 21 skolläraremötet
549 446 7 20 i
572 440 47 26 Äbo
635 445 24 21 är
676 446 61 24 1860,
753 446 35 20 vid
803 445 67 21 första
885 445 108 21 allmänna

165 473 187 21 skolläraremötet
367 474 7 20 i
390 474 130 20 Tavastehus
535 474 24 20 är
577 474 60 26 1863,
655 474 54 21 1865
726 473 35 22 års
769 474 135 24 skolkomitö,
912 474 34 20 vid
955 480 36 14 an-

166 502 39 20 dra
221 502 187 21 skolläraremötet
425 502 60 27 1867,
501 502 34 21 vid
551 502 154 25 rektorsmötet
723 502 24 21 är
763 503 60 25 1887,
840 502 35 21 vid
889 502 103 21 skollära-

165 532 117 19 remötetet
307 531 54 21 1890
384 531 39 21 och
446 531 34 21 vid
502 531 147 26 Pedagogiska
671 531 136 26 föreningens
825 532 58 20 möte
905 531 40 20 den
965 531 27 20 25

166 559 61 25 April
252 560 62 19 1890.
343 559 41 21 Vid
400 559 42 20 alla
457 560 62 19 dessa
533 559 98 21 tillfällen
647 559 66 20 hafva
727 560 84 20 landets
827 559 117 21 skollärare
960 562 33 17 ut-

166 587 120 26 tryckligen
302 587 78 21 uttalat
396 587 69 22 säsom
481 587 31 21 sin
529 587 87 26 önskan,
632 589 33 19 att
680 587 27 21 de
722 587 67 22 mätte
804 587 27 27 pä
847 589 30 19 ett
893 587 51 21 eller
957 593 36 15 an-

166 617 38 19 nat
219 617 44 19 sätt
278 615 21 21 fä
315 616 84 26 deltaga
415 616 6 21 i
437 616 152 21 rektorsvalen.
614 616 42 21 Det
671 616 115 21 förundrar
801 617 49 25 mig,
866 617 33 20 att
910 616 83 21 utskot-

165 645 33 20 tet
219 644 7 20 i
249 644 39 21 sitt
302 644 134 21 betänkande
452 644 55 21 talar
522 651 33 14 om
572 646 32 19 att
619 645 62 26 ingen
697 645 118 20 auktoritet
829 645 57 20 inom
902 644 37 21 vär
955 650 35 20 pe-

166 672 120 26 dagogiska
307 673 59 21 verld
382 673 78 21 uttalat
475 674 31 25 sig
521 673 32 21 för
569 673 130 21 skollärares
715 675 44 19 rätt
773 675 33 19 att
821 673 86 26 deltaga
922 673 6 20 i
945 673 47 20 rek-

166 701 87 20 torsval.
286 701 74 21 Såsom
383 703 136 20 reservanten
541 702 6 20 i
569 702 31 20 sin
623 702 130 21 reservation
776 701 130 25 framhåller,
930 701 63 21 hafva

166 731 94 19 tvärtom
272 730 32 25 de,
316 736 44 15 som
373 729 92 27 förtjena
475 730 88 26 epitetet
574 730 145 27 pedagogiska
729 730 148 26 auktoriteter,
886 730 108 21 bestämdt

166 757 81 21 uttalat
262 759 32 25 sig
310 759 30 20 till
356 758 83 21 förmän
454 759 33 20 för
502 759 62 20 deras
580 759 127 26 deltagande
723 759 7 20 i
745 759 119 21 rektorsval
880 758 27 27 pä
923 760 31 19 ett
963 758 29 21 el-

167 786 31 21 ler
224 789 66 18 annat
312 788 49 20 sätt.
392 787 85 21 Samma
499 787 135 26 uppfattning
651 789 39 24 gör
705 787 32 27 sig
752 787 99 27 gällande
865 787 7 20 i
888 787 36 20 det
939 787 55 21 enda

166 815 162 21 monumentala
348 815 191 27 skolpedagogiska
559 816 59 24 verk,
641 822 44 15 som
707 815 66 22 finnes
789 816 6 20 i
809 815 46 22 vårt
870 815 57 26 land,
943 815 13 21 f.
973 815 19 21 d.

166 843 243 27 pedagogieprofessorn
425 844 73 21 Cleves
513 844 140 27 ,Grunddrag
668 844 34 21 till
717 843 184 27 skolpedagogik.*
924 844 70 20 Emel-

166 871 66 21 lertid
248 872 80 21 önskar
341 872 36 26 jag
392 872 33 21 för
441 872 42 21 min
502 872 33 21 del
550 872 47 21 icke
612 872 67 22 heller
694 874 33 19 att
742 872 131 22 skollärarne
889 872 60 21 skola
965 872 29 20 di-

167 900 48 21 rekt
237 900 22 20 fä
280 900 55 27 välja
352 900 79 26 rektor,
447 901 69 21 säsom
531 901 36 21 det
582 908 38 14 var
635 901 45 21 före
696 901 25 21 är
738 902 55 20 1843
809 901 39 21 och
865 901 64 25 1872;
945 907 48 15 men

166 928 36 26 jag
217 928 50 21 ville
283 930 32 20 att
330 929 26 21 de
371 929 68 21 skulle
454 929 22 21 få
490 929 79 27 afgifva
583 930 38 20 sitt
636 931 74 19 votum
725 930 7 20 i
747 930 38 20 sak
801 929 40 21 och
855 929 86 21 förenar
952 930 42 25 mig

168 956 83 22 säledes
267 957 8 21 i
291 958 68 20 denna
374 958 34 21 del
423 959 48 20 med
487 960 168 19 reservanterna.
679 958 41 27 Jag
736 960 46 19 tror
797 960 32 19 att
844 958 66 21 saken
919 958 75 21 endast

168 985 124 27 derigenom
309 986 41 20 kan
365 986 64 21 hafva
443 986 74 22 fördel.
547 987 42 21 Det
603 987 54 21 lider
671 987 36 21 väl
722 987 55 21 intet
792 986 72 22 tvifvel
879 988 33 19 att
927 986 26 22 de
964 986 30 21 lä-

168 1020 55 19 rare,
239 1014 73 22 hvilka
327 1014 76 22 arbeta
417 1015 139 21 tillsammans
571 1016 7 20 i
594 1017 31 19 ett
637 1015 106 26 läroverk,
755 1015 62 21 hafva
828 1022 25 14 en
866 1015 71 21 bättre
947 1021 48 20 per-

168 1042 70 27 sonlig
259 1042 119 22 kännedom
400 1049 34 15 om
449 1044 123 26 kollegerna
587 1046 27 18 än
631 1044 69 26 nägon
716 1050 76 15 annan.
823 1043 114 21 Skolrädet
953 1044 41 20 kan

168 1070 65 22 hafva
249 1072 33 20 sin
303 1072 124 24 kännedom,
445 1072 215 27 Skolöfverstyrelsen
675 1072 41 21 har
732 1072 64 22 ocksä
812 1072 31 22 sin
859 1072 136 26 uppfattning

168 1106 35 14 om
226 1100 55 25 dem,
305 1106 47 14 men
374 1100 61 27 ingen
458 1101 43 20 kan
519 1101 70 20 känna
607 1101 47 21 dem
670 1101 24 21 sä
709 1101 41 24 väl,
767 1107 45 15 som
828 1100 74 27 sjelfva
917 1100 78 21 skollä-

168 1133 69 16 rarne.
270 1129 49 20 Man
335 1128 39 21 har
390 1129 53 20 talat
458 1135 40 18 om,
515 1130 32 19 att
561 1129 7 20 i
584 1129 99 21 händelse
703 1129 132 21 skollärarne
851 1129 68 21 skulle
934 1129 21 20 fä
966 1129 29 20 af-

168 1156 58 27 gifva
240 1157 39 20 sitt
295 1159 71 19 votum
382 1157 7 20 i
404 1157 72 26 saken,
493 1157 81 22 diverse
589 1157 164 27 sidoinflytelser
768 1158 69 21 skulle
851 1159 54 25 göra
913 1157 30 26 sig
951 1157 45 26 gäl-

168 1185 71 25 lande,
256 1187 33 19 att
304 1191 48 15 man
367 1185 46 21 icke
429 1186 41 21 kan
485 1186 116 21 förutsätta
617 1192 25 15 en
658 1186 68 21 sädan
742 1186 135 27 objektivitet
891 1186 39 21 hos
939 1186 56 21 skol-

167 1213 78 26 lärare,
269 1220 45 15 som
337 1213 68 22 skulle
430 1216 52 25 göra
504 1215 35 20 det
560 1215 82 26 möjligt
657 1214 34 21 för
707 1215 48 21 dem
771 1217 32 18 att
818 1216 57 19 sätta
890 1215 32 25 sig
938 1214 58 21 öfver

168 1241 64 22 dessa
254 1242 169 27 sidoinflytelser.
455 1243 41 20 Det
518 1245 24 18 är
564 1243 123 26 visserligen
706 1243 29 25 sä,
752 1245 32 19 att
799 1243 26 21 de
839 1249 57 20 ,som
911 1243 85 26 Jupiter

167 1270 64 21 hata"
253 1271 23 20 få
290 1271 54 20 höra
360 1270 103 28 åtskilligt
479 1277 44 15 som
538 1271 47 22 icke
600 1272 42 21 kan
657 1272 66 25 gläda
738 1272 60 25 dem;
814 1277 48 16 men
878 1272 37 20 dot
929 1273 67 19 smär-

168 1300 34 19 tar
225 1301 33 19 att
280 1299 21 21 fä
323 1299 53 21 höra
397 1299 77 22 sädant
495 1299 46 22 frän
563 1300 50 25 häll,
629 1301 38 20 der
682 1307 50 14 man
747 1301 82 20 kunnat
845 1302 64 19 vänta
924 1302 71 18 annat.

168 1327 97 21 Lärarne
286 1328 32 21 uti
340 1334 26 15 en
388 1328 60 21 skola
463 1329 59 26 böra,
539 1329 65 26 enligt
619 1330 43 19 min
678 1328 149 27 öfvertygelse,
843 1328 22 21 fä
880 1328 69 21 uttala
964 1329 33 25 sig

168 1361 35 15 om
226 1355 63 22 hvem
304 1362 45 15 som
365 1356 54 21 skall
440 1357 6 20 i
461 1356 34 22 stä
509 1357 7 20 i
531 1360 85 23 spetsen
631 1357 34 21 för
681 1357 48 21 den.
759 1357 41 26 Jag
822 1357 36 21 vill
873 1357 121 26 derigenom

168 1383 48 22 icke
232 1384 64 21 hafva
312 1387 52 24 sagt,
381 1386 32 19 att
428 1385 47 21 icke
490 1385 61 21 äfven
563 1385 109 21 skolrädet
683 1385 69 21 skulle
765 1385 21 21 fä
794 1386 69 20 uttala
875 1386 38 26 sig.
937 1385 60 20 Dock

167 1413 63 25 tager
242 1412 39 27 jag
296 1413 43 27 mig
353 1412 98 28 friheten,
467 1413 33 21 för
515 1416 32 18 att
562 1413 130 27 fullkomligt
707 1414 75 26 belysa
791 1414 72 25 saken,
875 1413 22 21 fä
907 1413 89 27 päpeka,

168 1442 34 19 att
218 1441 110 21 skolrädet
343 1441 54 21 dock
412 1442 89 21 faktiskt
517 1442 44 21 stär
576 1448 41 21 nog
632 1442 133 22 främmande
781 1442 34 21 för
825 1442 46 21 sina
881 1448 55 20 resp.
948 1442 48 20 sko-

168 1469 39 21 lor.
239 1469 71 21 Saken
326 1470 39 20 har
380 1470 119 22 emellertid
514 1472 56 20 ännu
585 1477 26 15 en
626 1477 71 15 annan
713 1471 52 26 sida,
781 1477 46 15 som
839 1470 46 22 icke
897 1470 38 21 alls
950 1470 46 21 blif-
