1056 1686
184 109 42 22 426
433 114 25 17 R.
471 119 17 12 o.
500 114 23 17 A.
535 114 54 17 1891.
613 115 23 16 12
648 115 62 16 Mars.

158 195 33 20 till
207 195 78 20 samtal
300 201 33 14 om
351 195 62 20 dessa
434 194 69 26 saker,
527 193 40 21 har
585 193 38 27 jag
637 193 90 21 kommit
743 193 33 21 till
791 194 41 21 den
849 194 94 25 slutsats,
958 193 28 27 pä

156 223 70 26 grund
242 223 24 20 af
280 222 23 21 sä
318 223 52 26 godt
386 229 44 14 som
447 222 54 21 allas
516 222 140 21 vittnesbörd.
673 224 32 19 att
721 222 81 21 bristen
819 222 27 27 pä
857 221 128 22 arbetskraf-

157 253 34 19 ter
206 253 24 19 är
246 251 85 26 mycket
346 252 51 19 stor.
430 251 41 21 Det
487 253 23 18 är
525 250 45 21 ofta
587 251 46 20 icke
649 257 37 14 ens
705 250 33 21 för
760 251 123 26 penningar,
906 251 33 20 för
959 251 26 20 de

156 280 118 20 hemsända
290 279 151 27 penningarna,
457 279 26 21 de
505 279 131 26 nödtorftiga
659 279 105 26 beloppen
787 279 24 20 af
831 279 154 21 arbetskrafter

156 308 34 20 för
203 308 89 26 jordens
307 308 139 20 bebrukande
462 308 72 20 kunna
549 307 113 21 anskaffas.
688 308 47 20 Den
751 309 84 19 senaste
852 308 81 20 talaren
949 314 36 14 an-

156 336 91 25 märkte,
264 338 32 19 att
312 336 76 21 medan
404 342 49 15 man
469 336 124 20 framhäller
609 336 54 20 huru
685 335 78 27 mänga
785 342 45 15 som
853 336 61 26 flytta
929 336 55 25 bort,

158 371 50 15 man
223 365 47 20 icke
286 365 80 21 berört,
389 364 54 21 huru
459 364 76 26 mänga
558 370 45 15 som
626 364 86 21 komma
735 364 96 21 tillbaka.
861 365 41 25 Jag
917 364 68 21 mäste

156 393 63 21 äfven
235 393 76 21 härvid
328 393 91 26 beklaga
438 393 81 21 bristen
535 392 25 27 pä
578 393 100 24 statistik,
702 399 47 14 men
769 392 36 27 jag
828 393 41 20 kan
893 392 63 21 ocksä
979 393 6 20 i

156 422 60 21 detta
232 422 38 20 fall
286 421 94 27 äberopa
395 422 43 26 mig
453 421 27 27 pä
495 422 67 20 andra
578 421 138 27 kompetenta
732 427 113 20 personers
860 421 125 21 uttalanden

158 450 39 21 och
214 450 32 20 till
262 456 26 14 en
304 450 34 20 del
354 450 61 20 äfven
431 450 27 26 pä
474 456 53 20 egna
548 450 146 26 iakttagelser.
725 450 11 20 I
759 450 67 20 teorin
849 450 86 20 komma
959 450 26 20 de

159 478 63 21 flesta
238 478 129 26 emigranter
383 478 95 21 tillbaka.
509 478 42 20 Det
567 478 98 26 ofantligt
687 480 59 19 stora
768 478 107 21 afständet
898 478 38 21 och
959 478 26 21 de

154 506 175 27 mängskiftande
346 507 53 20 öden
419 507 25 20 de
463 507 64 21 blifva
550 508 82 20 utsatta
647 507 48 21 föri
708 506 47 27 Nya
765 507 92 26 verlden,
869 508 51 25 göra
931 507 54 21 dock

155 537 35 19 att
208 542 25 14 en
250 536 84 25 mycket
350 537 44 19 stor
410 536 32 20 del
465 535 23 21 af
507 536 46 20 dem
573 535 69 27 aldrig
662 536 97 20 kommer
781 535 96 21 tillbaka.
908 535 77 27 Mänga

154 563 91 21 komma
262 564 54 19 dock
333 569 25 15 en
373 563 62 27 gäng,
451 569 47 15 men
515 563 53 21 efter
584 563 69 27 nägon
670 563 41 21 tids
733 564 85 21 vistelse
837 564 3 20 i
856 563 128 26 hemlandet,

155 592 72 26 griper
243 592 48 20 dem
307 592 69 20 lusten
392 594 32 18 att
440 598 47 15 resa
502 592 57 26 igen;
584 592 25 21 de
634 592 62 21 hafva
719 592 42 21 fätt
782 592 67 26 nägra
872 598 45 14 mer
933 592 52 21 eller

154 621 83 20 mindre
253 620 137 26 tillförlitliga
405 621 106 26 uppgifter
535 626 33 15 om
593 623 32 18 att
648 620 185 27 konjunkturerna
855 620 129 21 förbättrats

154 649 40 21 och
211 649 25 20 de
253 649 71 20 känna
345 649 31 26 sig
399 649 87 20 lockade
503 651 31 18 att
557 649 70 20 vända
643 649 52 20 äter.
727 649 38 20 Ett
781 649 104 26 betydligt
901 649 82 20 mindre

154 677 60 21 antal
231 678 97 20 kommer
342 677 34 20 för
392 677 67 20 andra
472 677 82 26 gången
578 677 55 26 igen,
657 677 38 21 och
713 677 25 20 de
755 683 45 15 som
817 678 67 20 andra
900 677 83 26 gången

153 706 93 24 komma,
263 705 64 21 hafva
342 705 45 21 ofta
402 712 41 20 nog
459 705 24 21 sä
498 708 49 18 växt
563 706 21 20 in
600 706 6 20 i
623 706 25 20 de
659 706 152 20 amerikanska
821 705 162 22 förhällandena

154 734 39 21 och
209 736 51 18 vant
276 735 30 25 sig
323 734 34 21 vid
373 734 40 21 den
428 734 171 26 lefnadsordning
617 735 24 20 de
658 735 37 20 der
716 734 89 21 kommit
828 735 20 20 in
873 735 13 25 i,
910 736 31 19 att
957 734 26 21 de

153 763 47 20 icke
216 769 46 14 mer
278 763 74 20 trifvas
368 762 26 27 pä
409 762 116 21 hemorten.
549 763 40 25 Jag
605 765 45 18 tror
663 763 78 23 derför,
758 765 31 18 att
800 763 81 20 antalet
896 763 22 20 af
927 763 56 26 dem,

154 797 45 15 som
216 791 105 21 definitivt
337 791 31 21 slå
384 791 31 26 sig
431 791 39 20 ned
486 792 6 19 i
509 793 47 24 eget
573 791 56 26 land,
645 791 46 21 icke
708 791 55 20 skall
779 797 51 14 vara
853 793 60 24 stort,
935 791 47 21 icke

154 825 46 15 mer
215 821 27 19 än
260 820 27 20 30
303 819 12 21 &
330 820 28 20 40
373 821 94 25 procent.
497 819 32 20 Hr
544 819 153 27 Pippingsköld
714 819 39 20 har
776 820 77 20 uttalat
876 820 40 21 den
939 820 44 21 för-

156 848 110 26 hoppning
282 850 32 18 att
330 854 48 14 man
394 848 45 20 icke
455 848 66 20 måtte
545 848 150 20 obetänksamt
719 848 62 20 ställa
803 848 75 20 hinder
893 848 5 20 i
915 850 67 24 vägen

155 876 35 20 för
207 876 161 26 emigrationen.
399 875 27 21 Sä
442 876 43 20 vidt
499 876 37 26 jag
551 879 41 22 vet,
609 876 41 21 kan
673 876 94 21 hvarken
791 876 39 21 den
851 877 64 20 ärade
931 877 52 25 peti-

155 904 111 21 tionärens
284 904 158 26 önskningsmä!
459 905 51 20 eller
526 905 117 21 utskottets
660 905 46 21 med
723 905 113 25 anledning
860 905 61 21 deraf
941 905 43 21 for-

154 933 112 21 mulerade
282 933 141 25 betänkande,
439 940 25 19 ge
481 933 67 26 nägon
570 934 113 24 anledning
706 934 32 20 till
761 939 24 15 en
809 933 66 21 sädan
888 933 95 27 farhäga.

156 961 43 21 För
215 962 44 20 min
277 962 33 20 del
327 961 39 21 och
382 962 47 20 med
445 962 91 20 särskild
559 962 80 26 hässyn
664 962 32 20 till
713 962 40 20 den
777 962 157 26 omständighet
947 962 37 26 jag

154 990 32 20 uti
202 990 49 20 mitt
266 992 85 18 senaste
364 990 143 26 andragande,
523 990 27 26 pä
566 991 65 20 slutet
647 990 67 24 deraf,
727 990 54 21 hade
797 992 51 19 äran
864 990 118 26 framhålla,

155 1024 51 14 vore
220 1018 38 26 jag
274 1018 51 27 böjd
342 1018 32 20 för
390 1018 84 27 mycket
489 1018 58 27 längt
562 1019 83 26 gäende
661 1019 122 21 restriktiva
807 1019 104 26 ätgärder.
943 1019 40 27 Jag

154 1046 56 21 hade
228 1046 66 22 också
310 1047 46 20 haft
372 1046 32 21 för
419 1046 64 26 afsigt
499 1049 30 18 att
552 1048 2 20 i
579 1048 39 20 den
641 1048 61 20 delen
727 1050 48 23 taga
798 1048 64 26 något
886 1048 96 24 initiativ,

153 1081 48 14 men
218 1081 46 15 som
279 1076 37 26 jag
332 1075 40 21 fätt
388 1075 56 21 klart
459 1075 33 21 för
507 1076 42 26 mig
561 1078 31 18 att
603 1076 36 20 det
651 1082 50 14 vore
718 1076 81 26 fäfängt
815 1078 31 18 att
863 1076 101 21 särskildt
977 1076 6 20 i

154 1104 136 20 närvarande
307 1104 30 20 tid
354 1104 51 20 söka
421 1104 62 20 vinna
499 1104 87 20 sinnena
602 1104 33 20 för
651 1106 32 19 att
699 1104 64 20 ställa
778 1104 75 21 hinder
874 1108 43 17 mot
934 1105 49 20 emi-

153 1132 122 25 grationen,
292 1131 23 21 sä
331 1131 39 21 har
383 1132 36 26 jag
435 1132 134 26 naturligtvis
585 1132 64 21 också
665 1132 33 21 för
714 1138 52 20 egen
783 1132 33 21 del
829 1133 63 25 slagit
905 1133 78 20 tanken

156 1160 68 25 derpä
239 1167 26 14 ur
281 1160 75 26 hågen.
382 1160 31 21 Ur
429 1160 144 27 föreliggande
590 1161 134 20 betänkande
735 1160 94 27 framgår
841 1161 68 20 såsom
921 1162 62 25 sagdt

154 1188 46 21 icke
218 1190 32 19 att
266 1195 49 14 man
331 1189 55 20 velat
402 1188 110 21 förhindra
528 1189 159 26 emigrationen.
720 1189 61 20 Hvad
792 1189 36 26 jag
843 1195 75 20 genom
935 1189 48 21 mitt

154 1217 101 26 yttrande
273 1217 76 21 önskat
364 1217 56 20 fästa
444 1217 81 21 blicken
551 1217 34 26 på,
608 1224 50 14 vore
679 1219 34 19 att
736 1217 39 21 den
800 1218 113 25 optimism,
938 1224 44 15 som

155 1245 66 20 också
237 1246 66 20 redan
320 1246 5 20 i
341 1245 41 26 dag
398 1248 96 24 nogsamt
509 1247 54 20 visat
579 1246 32 26 sig
627 1246 132 21 beträffande
775 1246 52 20 våra
837 1247 146 25 emigrations-

154 1273 158 25 förhållanden,
329 1274 127 21 åtminstone
472 1275 45 20 icke
533 1275 66 20 måtte
615 1275 21 20 få
653 1275 81 20 derhän
749 1275 86 20 inverka
849 1275 26 25 på
887 1275 25 20 de
929 1277 51 18 mot-

153 1302 67 20 sedda
236 1302 135 26 åtgärderna,
385 1304 32 19 att
432 1309 49 14 man
497 1305 47 24 toge
561 1303 47 20 dem
625 1303 32 20 för
672 1303 48 20 lätt.

221 1359 32 20 Hr
269 1359 24 20 B.
310 1359 24 20 0.
350 1358 167 21 Schauman:
534 1359 42 27 Mig
587 1365 68 20 synes,
667 1362 33 17 att
711 1358 145 27 föreliggande
867 1359 109 26 netitions-

151 1386 79 26 förslag
252 1387 110 20 utmärker
384 1387 31 26 sig
437 1387 88 21 framför
548 1387 66 27 öfriga
639 1388 32 20 vid
695 1387 70 21 denna
788 1388 39 20 och
850 1387 129 27 föregående

151 1414 104 27 landtdag
272 1415 118 21 inlemnade
406 1415 53 21 först
475 1416 39 20 och
529 1415 76 21 främst
621 1416 6 20 i
643 1416 36 20 det
694 1415 107 26 afseende,
818 1418 32 18 att
866 1416 35 20 det
917 1416 63 20 berör

156 1449 25 14 en
198 1443 130 27 fullkomligt
344 1450 26 20 ny
386 1443 66 27 fråga,
473 1444 49 26 föga
547 1444 203 26 uppmärksammad
772 1444 23 20 af
816 1444 104 26 Regering
943 1444 39 21 och

156 1471 99 24 Ständer,
274 1478 26 14 en
315 1472 66 26 fråga,
397 1478 45 15 som
455 1472 37 27 jag
508 1472 33 21 för
556 1473 43 20 min
622 1473 34 21 del
678 1478 64 15 anser
764 1478 51 15 vara
836 1472 83 27 mycket
935 1479 47 14 o10-

155 1500 55 20 ande
226 1500 34 20 för
275 1500 217 27 fosterlandsvännen,
508 1500 86 22 hvarför
607 1501 36 27 jag
659 1501 66 21 ocksä
740 1501 27 26 pä
778 1501 35 21 det
824 1503 107 19 varmaste
943 1501 39 21 har
