1056 1686
207 107 43 21 220
454 113 25 16 R.
492 117 17 12 o.
521 112 23 17 A.
557 112 54 18 1891.
635 113 24 16 10
671 112 60 17 Febr.

180 193 128 26 nämningen
333 192 143 26 ,Senatorer'*
499 193 49 20 med
571 193 91 20 särskild
685 199 53 19 rang
761 193 40 20 och
823 193 42 20 viss
887 192 54 25 årlig
963 192 42 24 lön,

179 221 83 21 hvilket
277 221 89 20 innebar
382 223 31 18 att
429 221 25 20 de
470 221 34 20 vid
520 221 31 20 sin
567 221 124 26 utnämning
707 221 68 21 måste
797 221 70 20 lemna
889 221 44 20 sina
948 221 57 20 förut

179 249 116 21 innehafda
310 249 98 21 ämbeten
424 249 39 21 och
479 249 66 21 löner.
569 249 79 21 Vidare
663 249 122 22 bestämdes
798 256 75 19 genom
889 249 25 21 K.
931 249 22 20 F.
965 249 40 21 den

179 279 27 19 22
222 278 104 20 Februari
343 279 60 23 1869,
420 284 45 14 som
481 279 5 19 i
503 278 156 20 administrativ
681 280 41 24 väg
745 278 112 24 utfärdats,
881 279 32 19 att
928 277 55 21 hvad
999 278 7 20 i

179 306 35 26 lag
230 308 25 18 är
271 306 99 26 stadgadt
387 312 33 15 om
437 306 108 21 domfördt
555 306 58 21 antal
630 306 134 21 ledamöter
759 301 11 35 i
776 307 87 20 Hofrätt
878 306 61 20 äfven
952 305 54 21 skall

178 335 58 26 gälla
253 334 34 21 för
302 334 104 22 Senatens
421 335 242 26 Justitiedepartement.

250 364 38 20 Att
303 370 76 20 genom
395 364 62 20 dessa
471 363 150 27 förändringar
637 364 26 20 de
678 366 57 24 yttre
751 363 109 27 garantier
875 363 33 21 för
923 369 25 14 en
964 362 42 27 god

179 392 149 26 rättskipning,
344 392 101 20 hvarmed
460 392 260 26 Justitiedepartementet
731 392 90 26 tidigare
832 392 55 20 varit
897 391 109 21 utrustadt

180 420 38 21 och
234 420 73 21 hvilka
320 420 78 26 jemväl
414 421 47 20 med
477 421 44 20 skäl
539 421 72 20 kunna
626 421 83 20 fordras
725 420 22 21 af
767 427 26 14 en
817 420 75 26 högsta
907 420 98 23 domstol,

179 450 7 19 i
201 448 47 21 icke
264 449 60 26 ringa
340 449 48 20 mån
403 448 126 28 försvagats,
546 451 24 19 är
589 449 127 27 uppenbart.
748 449 50 21 Men
814 449 72 21 härtill
909 448 99 21 kommer

180 479 32 19 att
228 477 180 26 departementets
423 478 100 26 ställning
539 478 70 20 såsom
625 484 25 14 en
671 478 34 20 del
727 477 24 21 af
772 478 83 20 landets
871 477 76 26 högsta
962 479 43 24 sty-

180 506 115 24 relseverk,
312 506 98 25 Senaten,
427 506 129 26 nödvändigt
571 506 68 21 måste
654 506 68 21 verka
737 507 89 26 menligt
840 506 34 20 för
890 506 47 20 dess
953 511 52 21 upp-

180 534 40 26 gift
236 534 70 22 såsom
322 534 75 26 högsta
414 535 97 21 domstol.
535 535 51 21 Dels
602 535 41 21 kan
659 536 36 20 det
710 535 47 21 icke
773 535 103 21 undvikas
891 536 32 18 att
938 534 68 20 delta-

180 563 79 26 gandet
274 563 7 20 i
297 569 25 14 en
339 563 76 25 mängd
431 563 190 26 styrelseåtgärder
643 563 54 21 skall
712 563 7 21 i
736 563 109 26 betänklig
865 563 52 26 grad
933 564 50 24 taga
999 562 6 20 i

182 591 93 26 anspråk
290 591 156 21 ledamöternas
461 591 7 21 i
484 592 259 26 Justitiedepartementet
759 592 31 20 tid
806 591 39 21 och
867 592 88 20 intresse
973 591 32 20 till

181 620 68 20 skada
264 620 33 21 för
313 620 61 21 deras
390 620 105 26 egentliga
511 621 140 24 verksamhet,
668 627 44 14 som
730 620 73 21 bestär
818 621 6 20 i
841 622 32 18 att
888 619 60 26 skipa
963 619 43 26 lag,

181 648 45 21 dels
241 648 73 21 kunna
329 649 25 20 de
370 649 43 20 ofta
429 649 65 20 blifva
504 651 82 19 utsatta
597 649 32 20 för
640 649 184 26 pligtkollisioner,
841 648 27 21 dä
884 649 25 20 de
925 648 82 25 nödgas

180 677 6 20 i
204 677 107 26 egenskap
326 677 23 20 af
363 677 86 21 domare
465 677 73 26 afgöra
554 677 77 27 frägor,
647 677 72 21 hvilka
735 677 26 21 de
777 677 58 21 förut
855 677 102 26 handlagt
973 676 32 21 sä-

181 711 45 14 som
254 706 138 20 medlemmar
415 706 22 20 af
458 706 83 21 landets
568 707 94 26 styrelse,
679 706 52 21 eller
754 707 7 20 i
784 706 83 20 hvilkas
889 705 117 26 afgörande

181 740 81 14 samma
278 735 88 25 styrelse
382 734 32 21 till
434 734 107 27 äfventyrs
565 737 24 18 är
612 735 135 20 intresserad.
779 735 42 20 Det
843 734 42 20 kan
907 734 99 25 tilläggas

181 764 33 19 att
228 763 50 20 med
294 763 39 20 den
349 763 132 21 närvarande
497 763 170 26 organisationen
684 763 41 20 den
741 763 111 26 möjlighet
873 763 66 25 ligger
953 764 54 18 nära

181 791 31 20 till
228 791 69 21 hands
313 793 32 19 att
360 791 34 20 vid
409 792 155 21 utnämnandet
579 792 23 21 af
618 791 118 21 ledamöter
761 792 6 20 i
789 791 170 27 departementet
974 790 31 21 äf-

180 825 40 15 ven
236 820 68 20 andra
319 820 130 26 synpunkter
464 820 72 21 kunna
552 821 85 20 komma
659 821 6 20 i
689 820 142 21 betraktande
854 821 26 19 än
903 819 102 21 vederbö-

180 848 78 20 randes
274 848 126 26 skicklighet
417 848 39 21 och
472 848 120 22 erfarenhet
608 849 5 20 i
630 848 143 21 domarevärt.

250 876 48 21 Med
315 876 98 22 afseende
429 877 13 20 &
457 878 62 20 dessa
534 877 187 26 omständigheter,
744 877 83 21 hvilkas
842 876 109 26 betydelse
966 882 38 14 un-

181 905 38 21 der
234 905 132 21 närvarande
382 906 189 20 tidsförhällanden
587 906 68 20 mäste
671 912 62 14 anses
749 912 52 14 vara
812 907 67 19 större
895 906 27 19 än
938 904 67 20 under

181 934 67 20 andra
264 934 61 25 tider,
336 934 128 21 framställer
479 935 32 25 sig
526 934 106 26 sjelfmant
653 934 81 26 frågan,
758 934 105 21 huruvida
878 933 127 26 tidpunkten

180 962 46 21 icke
242 968 29 14 nu
287 968 49 15 vore
357 963 48 20 inne
428 965 31 18 att
482 963 128 26 förverkliga
633 963 39 21 den
695 963 51 21 flere
769 962 80 27 gånger
871 961 135 27 uppkastade

180 990 77 26 planen
274 997 33 15 om
323 991 267 26 Justitiedepartementets
607 992 136 20 ombildande
759 992 32 20 till
807 998 25 14 en
850 991 47 21 från
913 990 92 21 Senaten

181 1019 61 24 skild,
259 1020 23 20 af
296 1019 122 26 oafsättliga
435 1020 138 21 medlemmar
595 1020 116 21 bestående
733 1020 77 26 högsta
833 1019 98 21 domstol.
961 1018 44 20 Vid

180 1054 26 14 en
222 1048 90 26 tidigare
328 1048 72 26 period
416 1048 23 21 af
451 1048 38 21 vår
501 1049 182 21 konstitutionella
695 1049 56 20 bana
767 1049 63 20 hafva
846 1048 54 21 både
915 1046 90 22 Monark

182 1076 39 21 och
238 1076 92 22 Ständer
346 1078 77 20 uttalat
439 1077 36 21 sitt
491 1077 59 21 bifall
566 1078 32 20 till
613 1084 26 14 en
650 1077 66 21 sådan
727 1078 129 24 förändring,
881 1076 44 21 Och
939 1076 66 20 ehuru

181 1105 171 27 betänkligheter
367 1106 121 20 sedermera
503 1106 103 26 uppstått,
623 1106 73 20 tvekar
709 1106 38 26 jag
763 1106 52 25 icke,
827 1107 51 18 enär
894 1106 61 19 dessa
971 1104 35 20 vid

181 1134 135 25 omsorgsfull
332 1134 95 26 pröfning
443 1134 54 20 visat
513 1135 31 25 sig
560 1134 18 26 ej
595 1141 50 13 vara
664 1134 111 26 grundade
798 1134 27 26 på
848 1133 93 21 faktiska
963 1133 43 20 för-

181 1161 120 26 hållanden,
318 1165 32 18 att
366 1162 77 21 föreslå
459 1169 25 14 en
500 1163 132 26 underdånig
647 1163 90 26 petition
753 1163 6 20 i
775 1162 77 21 sådant
867 1162 60 27 syfte.

249 1191 30 20 Af
293 1191 59 21 ålder
367 1191 39 20 har
421 1192 6 19 i
443 1191 48 20 vårt
506 1191 102 20 samhälle
621 1191 243 26 justitieförvaltningen
879 1191 56 20 varit
950 1190 56 21 före-

181 1219 41 20 nad
239 1220 47 20 med
303 1219 168 27 rättskipningen
487 1220 6 20 i
509 1220 76 26 högsta
601 1220 80 20 instans
697 1220 40 21 hos
755 1226 25 15 en
797 1226 39 14 ocn
852 1226 81 14 samma
948 1225 57 20 myn-

181 1247 79 26 dighet.
292 1248 138 26 Naturligtvis
447 1248 67 21 skulle
531 1249 59 20 detta
605 1248 132 21 förhållande
757 1255 76 20 genom
856 1248 76 26 högsta
947 1247 58 21 dom-

180 1276 80 21 stolens
277 1276 103 26 skiljande
395 1276 46 21 från
458 1277 91 20 Senaten
566 1277 128 26 väsentligen
710 1277 119 20 förändras.
853 1277 32 20 En
897 1276 52 26 följd
960 1275 47 22 åter

181 1305 23 20 af
218 1305 70 20 denna
304 1305 122 26 förändring
441 1311 50 14 vore
507 1307 32 19 att
554 1305 99 21 behofvet
668 1305 23 20 af
705 1311 26 14 en
755 1305 92 20 särskild
863 1305 120 26 expedition
1000 1305 6 20 i

181 1333 92 21 Senaten
288 1333 34 21 för
334 1333 181 26 justitieärenden,
533 1334 80 21 hvilket
634 1334 65 21 behof
713 1334 65 21 redan
794 1334 57 21 förut
874 1333 55 21 varit
952 1333 55 20 både

180 1362 67 20 kändt
264 1362 39 21 och
318 1362 96 24 erkändt,
430 1362 83 21 komme
529 1365 33 18 att
577 1362 117 21 framträda
717 1363 72 20 såsom
811 1362 129 25 fulikomligt
963 1361 43 21 oaf-

180 1390 76 26 visligt.
288 1390 33 20 Då
336 1390 73 21 chefen
426 1391 33 20 för
474 1391 69 20 denna
566 1391 119 25 expedition
709 1390 108 27 sjelftallet
840 1391 66 20 borde
928 1391 79 19 besitta

181 1418 128 26 skicklighet
324 1419 40 21 och
380 1419 119 21 erfarenhet
514 1420 7 19 i
537 1419 139 26 domarevärf,
693 1419 24 21 så
733 1419 69 20 skulle
818 1419 69 21 tillika
903 1419 35 20 det
951 1418 56 26 juri-

181 1447 61 20 diska
266 1448 113 20 elementet
394 1448 6 20 i
417 1448 90 20 Senaten
531 1447 80 21 erhålla
633 1454 25 14 en
681 1448 34 20 väl
739 1447 92 26 behöflig
855 1447 150 26 förstärkning.

181 1476 48 20 Men
245 1475 56 21 huru
316 1478 26 18 än
359 1476 35 20 det
407 1476 76 26 högsta
499 1476 164 26 styrelseverket
685 1476 70 21 skulle
779 1476 141 26 organiseras,
940 1475 65 21 borde

180 1504 65 20 likväl
261 1504 7 20 i
284 1504 73 26 hvarje
372 1504 37 21 fall
425 1505 75 26 högsta
516 1505 118 21 domstolen
650 1505 141 21 tillerkännas
813 1505 25 21 de
855 1504 151 26 befogenheter
