1056 1686
187 115 41 22 522
437 121 26 17 R.
475 125 18 13 o.
505 121 23 17 A.
541 121 53 18 1891.
615 122 27 17 24
653 122 62 17 Mars.

227 200 60 22 Frih.
310 207 41 15 von
380 201 133 20 Willebrand
535 201 72 21 anhöll
630 207 34 16 om
679 201 87 27 frägans
780 201 124 27 ytterligare
919 201 66 21 bord-

160 229 102 27 läggning
278 229 33 21 till
327 231 62 20 nästa
404 229 92 27 plenum.

229 286 59 20 Frih.
305 292 41 15 von
362 286 115 27 Knorring
493 286 142 22 understödde
652 287 70 21 denna
737 286 107 21 anhällan.

229 342 32 21 Pä
284 343 32 21 Hr
338 343 217 21 Landtmarskalkens
578 343 155 26 framställning
756 343 69 21 beslöt
851 342 90 22 Ständet
956 343 33 20 att

162 370 118 28 bordlägga
296 372 88 20 ärendet
400 372 31 20 till
447 373 61 19 nästa
523 372 92 26 plenum.

326 518 146 24 Besvärstidens
488 519 118 29 förlängning
619 520 5 22 i
640 512 69 30 Ålands
726 519 96 28 domsaga.

231 575 121 26 Föredrogs
376 575 39 22 och
438 576 125 26 godkändes
585 577 53 20 utan
659 575 142 26 anmärkning
817 575 172 27 Expeditionsut-

161 603 94 22 skottets
271 603 81 27 förslag
367 604 31 21 till
415 603 130 22 Ständerras
561 604 145 27 underdåniga
723 610 48 15 svar
787 603 12 22 å
815 603 48 21 nåd.
879 609 60 20 prop.
949 602 40 21 N:o

162 632 14 21 3
199 631 111 27 angående
332 632 135 27 förlängning
489 633 23 20 af
525 633 59 21 tiden
599 633 6 20 i
620 633 57 21 vissa
691 633 38 20 fall
745 633 32 20 för
794 631 195 28 ändringssökande

162 659 48 22 från
226 660 176 22 häradsrätterna
417 661 6 21 i
439 655 82 28 Ålands
536 661 108 26 domsaga.

396 792 146 29 Verkställighet
558 792 20 23 af
592 791 166 30 flyttningsutslag.

232 848 42 21 Till
297 848 60 21 detta
381 848 85 27 plenum
489 848 54 22 hade
561 849 110 26 bordlagts
687 848 40 22 och
742 848 111 26 föredrogs
869 848 56 20 samt
939 846 54 28 god-

163 876 82 22 kändes
269 878 52 20 utan
344 876 121 22 diskussion
486 877 162 27 Lagutskottets
664 876 135 22 betänkande
815 876 40 21 N:o
871 876 12 21 5
899 876 7 20 i
921 875 72 21 anled-

164 905 50 27 ning
230 904 24 22 af
268 911 25 15 en
309 905 6 21 i
331 905 182 27 Borgareståndet
527 906 107 21 inlemnad
650 906 81 21 motion
747 911 34 15 om
797 904 122 22 omedelbar
930 904 62 21 verk-

164 933 111 27 ställighet
290 934 7 20 i
313 934 55 21 vissa
383 934 37 21 fall
435 934 23 21 af
471 934 72 32 utslag
558 934 109 27 angående
681 934 100 27 flyttning
796 940 25 14 ur
837 933 45 21 hus.

411 1081 101 29 Soglatsen
527 1081 24 29 på
567 1082 40 23 inre
622 1082 115 23 farvattnen.

234 1137 42 22 Vid
298 1137 151 28 föredragning
469 1139 20 20 af
505 1139 112 21 Allmänna
633 1138 209 22 Besvärsutskottets
857 1137 136 22 betänkande

164 1166 41 21 N:o
222 1167 12 21 8
250 1166 7 21 i
279 1167 114 26 anledning
408 1167 23 20 af
445 1169 32 19 ett
493 1167 32 21 till
540 1167 161 22 Bondeståndet
715 1167 118 21 inlemnadt
848 1167 147 26 petitionsme-

165 1195 75 20 morial
265 1201 34 15 om
322 1195 132 22 tillsättande
478 1196 22 21 af
521 1202 26 15 en
570 1196 81 21 komité
672 1196 34 21 för
721 1195 142 21 utarbetande
879 1195 22 21 af
914 1195 81 26 förslag

164 1223 33 32 till
214 1223 132 49 TEI
367 1224 91 21 rörande
475 1224 105 26 seglatsen
603 1224 28 27 pä
652 1224 87 27 insjöar,
761 1223 88 22 kanaler
865 1223 39 22 och
920 1223 74 26 floder,

166 1257 74 21 gjorde

234 1309 34 20 Hr
290 1309 115 27 Ramsay
428 1309 54 22 först
504 1309 92 27 följande
618 1309 149 22 meddelande:
798 1308 37 22 Uti
850 1309 145 27 föreliggande

165 1337 139 22 betänkande
327 1337 38 22 sid.
382 1339 18 24 5,
417 1337 61 28 ingår
493 1344 26 15 en
535 1338 125 27 otydlighet,
677 1344 46 15 som
740 1337 145 22 måhända
858 1333 30 36 är
899 1338 97 21 nödvän-

166 1365 36 27 dig
217 1367 34 20 att
267 1367 63 20 rätta.
361 1366 43 21 Der
420 1367 45 20 står
481 1367 62 26 sagdt
558 1369 33 18 att
606 1373 26 15 en
648 1367 81 21 komité
744 1368 25 19 är
784 1366 77 21 tillsatt
876 1365 33 22 för
917 1367 33 20 att
957 1365 38 22 be-

165 1394 81 21 handla
263 1394 108 27 åtskilliga
386 1394 71 28 frågor
473 1395 91 21 rörande
579 1395 104 27 sjöfarten
699 1395 40 21 och
755 1394 240 27 navigationsskolorna.

165 1422 77 21 Denna
258 1422 92 22 komités
373 1424 96 26 uppdrag
485 1424 66 26 gäller
567 1423 65 21 likväl
648 1423 121 27 egentligen
785 1423 75 21 endast
875 1424 121 26 uppgöran-

167 1450 37 22 det
219 1450 24 22 af
258 1452 212 26 undervisningsplan
487 1451 39 21 och
542 1458 100 20 program
657 1451 34 22 för
702 1451 243 27 navigationsskolorna,
957 1452 39 21 och

166 1478 65 22 berör
255 1479 83 22 således
361 1480 46 21 icke
430 1480 89 22 ärendet
533 1480 6 21 i
556 1480 48 21 hela
620 1481 47 21 dess
683 1480 56 26 vidd,
755 1480 72 21 såsom
842 1479 23 21 af
878 1480 118 22 betänkan-

167 1507 36 22 det
219 1508 73 21 kunde
306 1508 89 27 framgå.
