1056 1686
210 124 42 21 254
457 129 26 16 R.
495 133 18 12 o.
525 128 23 17 A.
560 129 55 16 1891.
640 129 24 16 10
676 128 58 17 Febr.

367 207 124 30 Kustjornväy
504 207 79 24 emellan
598 207 118 29 Helsingfors
731 207 36 23 och
782 199 46 31 Åbo.

253 271 33 21 Hr
307 271 206 21 Landtmarskalken
534 270 125 21 meddelade
675 271 33 20 att
723 276 28 14 nu
766 270 7 20 i
789 269 89 26 ordning
892 268 65 27 följde
973 269 26 21 de

180 300 24 20 af
223 300 34 21 Hr
280 300 32 20 W.
329 299 88 27 Späre
432 298 109 26 angående
558 298 121 27 byggandet
697 298 34 21 för
745 299 82 20 statens
842 297 90 27 räkning
947 296 22 22 af
983 303 18 15 er

180 328 58 21 bana
260 328 8 20 i
283 327 156 22 ofvannämnda
454 327 93 26 riktning
562 327 120 21 inlemnade
698 326 218 27 petitionsmemorial,
932 326 7 20 i
955 332 47 15 sam:

180 356 109 27 manhang
304 356 101 22 hvarmed
421 356 66 26 enligt
502 356 26 21 R.
545 362 18 14 o.
579 356 37 20 A:s
631 355 28 27 pä
674 355 148 26 förmiddagen
841 354 82 21 fattade
938 354 61 22 beslu

180 385 96 27 företogs
291 385 57 21 Frih.
365 385 25 21 E.
405 384 112 27 Hisingers
532 384 213 26 petitionsmemorial
764 384 3 20 i
782 389 82 15 samma
879 384 68 20 ämne.

254 446 67 22 Ordet
336 447 107 21 lemnades
459 446 94 22 derefter
568 446 23 22 ät

250 504 34 20 Hr
299 504 31 21 W.
347 503 100 27 Späre,
464 510 44 14 som
524 503 98 27 uppläste
637 504 38 20 sitt
685 502 218 28 petitionsmemoria!,
914 502 89 22 varande

181 532 60 21 detta
257 532 89 21 sälunda
362 532 109 21 affattadt:

348 629 40 20 Till
403 629 120 26 Höglofliga
538 628 157 27 Ridderskapet
711 628 39 21 och
765 627 78 22 Adeln!

471 691 115 21 Vördsamt
601 691 118 22 memorial.

250 747 74 22 Under
346 747 64 27 något
432 754 45 15 mer
492 749 26 20 än
534 749 84 20 senaste
640 747 251 28 fjerdedelsärhundrade
906 747 39 21 och
961 753 44 20 syn-

180 776 104 27 nerligast
298 777 68 20 under
380 777 26 20 de
421 776 56 21 bäda
492 777 53 20 sista
560 777 141 20 decennierna
717 776 62 21 hafva
795 776 100 21 Finlands
911 775 94 22 kommu-

180 805 128 26 nikationer,
324 805 58 21 såväl
398 805 31 21 till
445 805 61 20 lands
522 811 46 15 som
583 806 79 25 vatten,
678 811 48 15 men
737 804 148 27 förnämligast
896 804 49 21 dess
951 804 54 27 jern-

180 835 96 25 vägsnät,
296 833 71 21 vunnit
383 839 25 15 en
424 833 127 27 utveckling,
568 833 88 21 hvarom
672 835 26 19 de
714 833 115 27 djerfvaste
840 833 165 26 förhoppningar

180 861 149 21 dessförinnan
344 862 81 26 knappt
437 862 63 26 vägat
515 862 103 20 drömma.

250 918 59 21 Våra
322 918 122 27 jernvägars
455 918 64 27 längd
531 918 83 27 uppgår
624 925 89 15 numera
723 918 32 21 till
767 918 40 21 den
818 924 55 20 resp.
882 924 96 15 summan
986 918 20 20 af

180 947 64 26 2,184
251 946 113 22 kilometer
372 947 38 21 och
418 949 148 24 representera
572 949 31 19 ett
610 947 221 27 anläggningskapital
837 946 23 21 af
866 947 140 25 138,898,662

179 975 55 21 Fmk
250 975 28 21 83
293 981 27 21 p.,
335 977 32 19 att
378 975 19 27 ej
407 977 77 19 nämna
497 976 25 20 de
533 976 68 20 under
612 976 98 26 byggnad
723 976 93 20 varande
827 975 124 27 (B:borg—,
964 975 42 21 Ka-

180 1004 79 22 relska,
276 1004 85 26 Kotka).
376 1016 27 2 —
418 1004 31 21 De
465 1004 118 21 förnämsta
599 1004 72 22 städer
683 1004 40 22 och
739 1005 60 20 orter
813 1004 57 20 inom
885 1004 72 20 landet
968 1005 38 19 äro

179 1032 93 21 medelst
285 1032 113 27 jernvägar
413 1032 100 22 förenade
529 1033 48 21 med
593 1033 26 21 de
634 1033 143 27 betydligaste
786 1032 105 27 sjöstäder
899 1032 40 21 och
947 1032 59 20 ham-

179 1066 46 20 nar,
249 1061 27 21 de
299 1061 110 26 vigtigaste
429 1061 44 21 inre
494 1063 186 25 vattensystemen,
705 1061 69 21 säsom
791 1060 101 26 Saimens,
909 1060 98 27 Päijänes

180 1089 40 21 och
235 1089 194 27 Näsijärvis
374 1085 12 36 —
395 1085 36 36 stä
444 1090 61 20 äfven
520 1090 123 21 förmedelst
656 1090 114 26 jernvägar
785 1090 7 20 i
808 1089 69 21 direkt
887 1090 120 20 kommuni-

179 1117 75 21 kation
276 1118 48 20 meä
346 1118 77 26 hafvet,
447 1120 55 19 samt
522 1124 76 20 genom
621 1119 32 20 S:t
667 1118 132 26 Petersburg
814 1118 39 21 och
869 1118 75 25 Hangö
961 1117 46 21 äret

179 1151 35 15 om
229 1145 7 21 i
253 1146 113 21 oafbruten
381 1146 128 21 förbindelse
525 1147 48 20 med
589 1147 49 21 hela
654 1147 93 20 verlden.
772 1147 43 20 Det
827 1146 73 27 tyckes
916 1146 90 21 sälunda

179 1180 46 15 som
238 1180 51 15 vore
300 1175 82 20 landets
392 1175 99 27 samtliga
501 1175 179 22 kulturintressen
696 1175 2 21 i
709 1174 296 22 kommunikationsafseende

178 1203 36 20 väl
229 1203 161 26 tillgodosedda.
421 1203 92 21 Afvensä
529 1204 62 21 torde
606 1204 7 20 i
628 1203 167 22 administrativt
816 1203 120 21 hänseende
949 1203 58 26 jern-

178 1231 233 26 vägsanläggningarna
426 1231 91 28 uppfyllt
532 1233 32 20 sin
584 1233 93 23 mission,
689 1232 27 21 dä
727 1238 88 15 numera
825 1232 99 26 samtliga
932 1237 74 20 guver-

178 1259 172 22 nementsstäder
371 1261 36 20 äro
430 1260 101 21 förenade
554 1261 48 21 med
624 1260 134 27 Helsingfors
774 1260 40 21 och
830 1260 31 21 S:t
876 1260 131 26 Petersburg

179 1287 40 22 och
240 1288 6 20 i
270 1288 123 27 strategiskt
415 1289 54 26 syfte
484 1289 61 21 torde
569 1289 26 21 de
615 1289 79 26 jemväl
715 1289 134 26 nägorlunda
864 1289 95 26 uppfylla
974 1289 33 20 sin

178 1316 158 21 bestämmelse.
365 1317 42 21 Vid
427 1323 26 15 en
469 1317 56 21 blick
539 1317 28 27 pä
583 1318 82 21 landets
678 1317 166 27 jernvägskarta
862 1319 23 19 är
901 1317 36 21 det
953 1317 53 20 dock

178 1345 7 20 i
207 1346 84 25 ögonen
306 1345 99 26 fallande,
421 1348 32 19 att
469 1345 106 22 banornas
592 1347 119 26 riktningar
727 1346 63 25 bilda,
807 1346 24 21 sä
846 1347 33 19 att
894 1347 57 25 säga,
967 1345 40 20 lik-

178 1379 47 15 som
240 1373 116 27 ränningen
371 1374 7 20 i
394 1374 40 21 den
449 1374 84 25 väfnad,
550 1381 45 14 som
611 1375 54 21 skall
680 1376 79 25 utgöra
773 1374 48 21 värt
836 1373 107 22 blifvande
950 1373 57 27 jern-

177 1403 99 25 vägsnät,
297 1402 39 20 och
358 1402 69 21 denna
449 1403 96 26 ränning,
568 1409 46 15 som
635 1403 72 26 utgätt
722 1403 55 21 ifrän
793 1403 83 20 landets
891 1403 115 26 sydligaste

178 1429 36 21 del
229 1430 56 27 (som
301 1430 67 21 tillika
384 1430 6 21 i
405 1431 115 21 folktäthet
535 1431 40 21 och
590 1432 73 20 kultur
679 1433 24 19 är
719 1432 40 20 den
774 1431 127 26 förnämsta)
913 1430 38 21 har
958 1430 48 21 med

178 1464 27 14 en
228 1459 79 25 otrolig
328 1459 104 21 snabbhet
455 1459 70 26 dragit
545 1460 31 26 sig
591 1460 32 20 till
639 1460 26 20 de
680 1460 133 26 nordligaste
829 1459 37 21 och
883 1461 54 19 mest
951 1459 56 26 glest

177 1486 116 22 befolkade
305 1487 87 25 trakter,
408 1488 63 20 hvars
486 1488 115 21 folktäthet
617 1488 39 21 och
671 1488 74 20 kultur
761 1490 56 18 ännu
833 1489 24 19 är
871 1487 66 27 nägot
945 1487 60 26 efter,

177 1514 103 22 hvarföre
303 1521 25 15 en
349 1515 137 27 fortsättning
508 1516 6 21 i
537 1516 69 22 denna
629 1516 94 27 riktning
745 1516 114 21 framdeles
877 1516 62 21 torde
954 1522 53 15 vara
