1056 1686
316 139 25 18 R.
354 143 16 12 o.
384 139 21 16 A.
419 139 54 16 1891.
499 139 22 16 16
534 139 61 16 Mars.
799 133 42 22 433

41 218 8 21 i
64 218 84 21 tillfälle
163 219 33 20 att
211 218 95 27 begagna
321 219 31 26 sig
368 218 68 27 deraf;
453 224 35 15 om
504 218 69 21 denna
588 217 124 28 befolkning
722 218 97 21 deremot
831 218 39 21 har

42 246 112 27 möjlighet
176 248 39 24 att,
238 246 66 27 enligt
325 247 25 20 de
372 247 100 26 gällande
494 247 94 26 lagarna,
605 247 52 20 eller
671 247 40 20 ock
727 246 69 22 säsom
812 247 37 20 det
864 247 6 21 i

42 275 42 21 den
99 275 49 21 näd.
164 281 61 20 prop.
242 277 24 18 är
280 274 122 27 föreslaget,
417 274 108 22 förvärfva
546 275 31 26 sig
590 275 55 26 jord,
661 275 38 20 der
714 275 157 26 omständighe-

41 305 64 19 terna
127 303 77 21 sädant
226 303 114 26 medgifva;
358 303 76 21 sädant
454 303 41 21 kan
511 303 92 25 inträffa,
619 303 36 21 det
671 303 35 21 vill
719 303 38 27 jag
771 303 47 21 icke
834 303 36 21 be-

43 332 68 20 strida
126 332 40 20 och
182 331 36 21 det
233 333 24 19 är
270 331 23 27 ju
309 332 93 26 lyckligt,
411 333 39 19 när
465 331 24 21 sä
504 332 60 25 sker;
581 338 34 14 om
630 331 73 21 vidare
716 332 40 20 den
769 331 101 22 besuttna

41 360 114 26 allmogen,
170 366 75 20 genom
263 366 25 14 en
304 360 33 21 för
352 360 59 26 långt
420 360 84 26 gången
515 360 86 26 delning
612 360 23 21 af
643 359 76 27 jorden
731 360 41 20 kan
784 360 86 21 komma

42 388 31 21 uti
96 390 32 19 ett
150 388 81 21 mindre
254 388 139 21 afundsvärdt
408 388 48 26 läge
472 390 25 18 än
515 388 40 21 den
570 388 90 21 innehar
674 388 34 21 för
723 388 145 27 närvarande;

42 423 35 15 om
100 417 100 26 slutligen
221 416 83 22 landets
320 416 80 28 fysiska
415 416 40 22 och
471 414 108 24 allmänna
593 416 222 22 kulturförhällanden
831 418 37 20 äro

42 445 24 21 af
87 445 66 21 sådan
177 445 146 21 beskaffenbet
341 447 32 19 att
388 451 26 15 en
430 445 91 21 intensiv
534 445 125 27 jordkultur
674 445 39 21 och
729 451 26 15 en
770 445 98 21 starkare

39 474 199 26 jordparcellering,
262 474 116 20 tillsvidare
401 473 137 24 åtminstone,
561 474 7 20 i
589 475 81 20 största
684 474 61 20 delen
760 473 24 21 af
797 474 73 20 landet

42 502 48 21 icke
105 504 24 19 är
144 502 134 21 ekonomiskt
293 502 119 26 förmånlig,
428 502 24 20 sä
467 502 78 26 frågas,
561 502 23 20 af
597 501 85 22 hvilken
697 502 114 26 anledning
819 508 50 15 man

42 530 35 26 dä,
100 530 103 26 landtdag
225 530 53 21 efter
293 530 102 27 landtdag
411 530 40 21 och
467 530 55 26 gäng
538 530 26 27 pä
579 530 62 26 gäng,
658 530 35 21 vill
708 530 39 21 allt
761 536 60 15 mera
836 532 33 20 ut-

44 559 63 26 vidga
130 558 129 27 rättigheten
282 558 33 21 till
334 558 137 27 jorddelning
494 558 39 21 och
557 558 24 21 sä
603 560 32 19 att
657 560 50 25 säga
724 559 94 26 intvinga
833 559 37 21 be-

42 587 125 26 folkningen
190 587 28 26 pä
240 593 26 14 en
288 587 48 26 stig,
360 593 45 14 som
428 587 41 20 den
492 587 120 26 egentligen
636 587 46 21 icke
697 587 66 21 borde
779 587 90 21 beträda

42 615 41 21 och
103 621 76 20 genom
202 615 160 27 upphäfvandet
376 615 24 21 af
413 615 43 21 alla
476 615 118 21 hindrande
610 615 111 25 skrankor,
737 617 57 19 ännu
811 621 59 16 mera

42 644 124 21 underlätta
188 643 66 21 detta.
285 643 50 22 Man
358 643 39 21 har
419 644 100 20 anmärkt
542 645 32 20 att
595 644 40 21 den
657 644 7 20 i
684 643 48 22 näd.
755 649 59 21 prop.
837 645 31 20 in-

42 672 82 28 gående
154 672 169 27 begränsningen
352 672 22 21 af
401 672 25 21 10
457 672 102 21 hektarer
584 672 49 27 jord
660 678 49 15 vore
738 672 129 27 godtycklig,

43 703 33 19 att
103 707 50 15 man
182 700 70 21 derför
282 701 67 20 skulle
378 701 72 20 kunna
472 701 46 20 helt
539 700 40 21 och
604 700 67 21 hället
695 701 95 20 undvara
820 701 48 20 den.

42 729 70 22 Dessa
129 730 26 20 10
170 729 102 21 hektarer
286 731 148 24 representera
450 729 55 21 dock
521 735 25 14 en
562 729 87 27 princip,
662 731 32 19 att
704 735 26 15 en
742 731 63 24 gräns
814 729 55 21 skall

42 757 76 22 finnas.
147 758 41 26 Jag
203 757 36 22 vill
254 757 46 22 icke
316 759 58 25 säga,
390 759 32 19 att
437 763 50 16 man
502 757 47 22 icke
564 757 55 21 hade
635 757 81 21 kunnat
731 757 55 21 hitta
796 757 28 27 pä
832 757 37 21 nä-

41 788 39 25 got
102 786 122 27 lyckligare.
253 785 43 22 För
319 786 43 21 min
385 785 96 22 enskilda
505 786 34 21 del
554 787 46 20 tror
613 786 36 26 jag
665 788 31 19 att
711 786 158 21 besuttenhets-

42 815 100 24 vilkoret,
157 815 102 20 förutsatt
274 816 32 19 att
322 821 49 14 man
386 814 47 21 icke
449 814 69 21 skulle
534 814 79 27 begära
628 815 36 20 det
679 814 33 21 för
728 821 57 14 mera
797 816 27 19 än
835 815 32 20 tre

42 843 110 21 fullvuxna
168 848 106 22 personer,
290 842 65 21 också
370 843 68 20 skulle
453 842 48 21 haft
517 843 46 20 skäl
579 842 33 21 för
627 843 43 25 sig;
681 849 48 15 men
739 843 33 20 till
784 842 83 21 försvar

42 871 34 21 för
91 871 62 21 dessa
169 872 27 20 10
211 871 101 21 hektarer
327 870 42 21 kan
384 871 7 20 i
407 870 42 21 alla
465 870 37 21 fall
517 870 96 22 anföras:
630 873 32 19 att
677 872 36 20 det
728 872 24 20 är
762 870 61 27 fräga
833 876 34 16 om

42 900 113 20 skattbara
170 900 92 24 marker,
277 901 33 19 att
325 899 62 21 dessa
407 899 27 21 10
449 898 103 22 hektarer
567 899 52 21 eller
635 900 27 20 30
678 899 102 21 tunnland
797 905 70 21 repre-

42 930 86 19 sentera
150 928 40 21 den
206 928 65 25 areal,
287 933 46 15 som
349 927 123 21 innehafves
489 927 23 21 af
526 927 77 27 mänga
617 927 97 21 hemman
730 928 7 20 i
752 928 79 25 landet,
845 928 23 26 ja

41 956 68 27 några
132 958 37 19 äro
192 958 57 19 ännu
264 956 88 26 mindre,
369 956 39 20 och
425 956 100 26 slutligen
541 958 32 18 att
589 956 12 20 5
618 956 12 26 8
645 956 8 20 i
667 956 48 21 nåd.
732 962 59 20 prop.
808 956 59 20 inne-

42 984 69 22 häller
133 987 31 19 ett
179 984 115 26 korrektiv,
318 984 67 26 enligt
399 984 83 21 hvilket
497 984 36 21 det
549 986 24 19 är
589 984 152 22 öfverlemnadt
756 984 23 21 ät
794 984 75 26 styrel-

41 1019 38 15 sen
102 1015 33 19 att
156 1013 54 21 efter
226 1013 26 21 de
268 1012 57 22 olika
340 1012 210 21 ortsförhällandena
565 1013 107 21 fastställa
687 1013 66 21 andra
769 1012 99 27 stadgan-

41 1041 41 21 den
97 1042 7 20 i
120 1041 60 21 detta
194 1041 105 21 afseende.

111 1069 112 22 Utskottet
244 1069 76 21 halkar
335 1068 64 22 ocksä
415 1074 42 21 nog
473 1069 42 21 lätt
531 1068 60 22 öfver
606 1071 31 19 ett
652 1076 38 20 par
706 1070 66 20 andra
787 1069 81 26 ganska

41 1097 125 27 betänkliga
182 1098 68 25 saker,
266 1098 69 20 säsom
352 1097 41 21 den
408 1100 33 18 att
455 1103 76 21 genom
541 1097 124 27 fortgäende
676 1098 83 26 delning
771 1098 38 20 och
820 1103 48 20 par-

41 1126 101 26 cellering
164 1127 23 20 af
206 1126 76 27 jorden
304 1125 48 21 värt
367 1125 102 21 kartverk
485 1126 131 25 smäningom
632 1126 41 21 kan
690 1126 65 21 blifva
770 1125 97 21 fullkom-

42 1155 39 26 ligt
96 1155 83 26 oredigt
194 1155 39 20 och
246 1155 36 20 det
290 1154 70 26 gamla
368 1153 229 27 hemmansbegreppet
606 1154 44 21 helt
659 1155 37 20 och
705 1154 67 21 hållet
782 1154 85 20 komma

42 1185 33 18 att
97 1182 115 22 försvinna.
243 1182 115 27 Angäende
384 1182 39 20 den
446 1182 83 21 mindre
550 1183 101 20 säkerhet
679 1189 43 14 som
739 1181 129 22 statsverket

42 1211 69 21 skulle
134 1211 20 21 fä
178 1211 46 21 frän
243 1211 87 24 sädana
338 1210 81 21 mindre
434 1211 125 26 lägenheter
573 1211 34 21 för
622 1213 33 18 att
670 1211 73 21 dessas
757 1210 111 27 utskylder

42 1239 69 22 skulle
135 1240 115 26 ordentligt
273 1239 58 26 utgä,
355 1239 113 20 anmärker
489 1239 106 21 utskottet
610 1241 75 19 endast
700 1242 33 18 att
748 1239 119 20 inkomsten

41 1267 48 22 frän
102 1268 77 27 jorden
194 1269 52 20 eller
259 1267 126 27 jordräntan
406 1267 46 20 icke
468 1273 89 15 numera
572 1269 63 25 utgör
650 1268 69 26 nägon
734 1267 132 27 synnerligen

42 1298 47 19 stor
111 1298 51 25 gvot
184 1296 23 21 af
224 1297 40 20 den
280 1295 107 21 allmänna
401 1295 208 27 inkomstbudgeten.
640 1297 41 20 Det
697 1298 23 19 är
736 1295 55 21 ändä
806 1295 61 20 alltid

42 1324 52 22 flere
110 1325 104 21 millioner
230 1324 39 21 och
285 1324 41 20 den
341 1325 25 19 är
381 1323 94 21 kronans
491 1326 97 19 säkraste
603 1325 98 20 inkomst.

112 1353 104 26 Slutligen
231 1353 49 20 ville
293 1352 37 26 jag
344 1352 7 20 i
367 1351 138 27 förbigäende
521 1353 86 20 vidröra
622 1355 56 18 ännu
694 1355 31 19 ett
740 1352 73 26 tredje,
829 1357 36 21 po-

42 1381 70 21 litiskt
134 1383 100 23 moment,
258 1387 44 15 som
326 1380 104 26 anknyter
453 1381 32 25 sig
500 1381 33 20 till
553 1381 60 21 detta
628 1383 67 22 ämne,
710 1380 106 26 nämligen
831 1380 36 20 det

42 1409 104 21 samband
170 1416 44 15 som
237 1409 74 26 frägan
336 1408 39 20 har
390 1408 47 21 med
453 1408 168 22 bondeständets
637 1408 230 28 representationsrätt,

42 1438 82 20 hvilket
148 1438 69 21 säsom
240 1437 80 21 bekant
341 1438 89 19 baserar
450 1437 33 26 sig
498 1437 27 26 pä
541 1437 114 27 besittning
671 1437 22 21 af
706 1438 7 20 i
729 1436 79 22 manta!
824 1438 43 18 satt

40 1466 58 26 jord.
127 1466 41 26 Jag
189 1472 73 15 menar
284 1464 47 22 icke
354 1465 88 21 härmed
465 1467 34 19 att
520 1472 25 14 en
561 1466 40 20 och
616 1472 69 14 anvan
701 1466 33 20 för
749 1466 33 19 att
796 1464 72 21 kunna

43 1494 66 21 blifva
124 1495 70 20 invald
210 1494 72 26 lägger
298 1493 32 26 sig
345 1493 33 20 till
393 1500 26 14 en
435 1493 67 21 sådan
523 1494 51 20 liten
589 1494 132 26 mantalsdel,
739 1493 74 21 sådant
829 1492 39 20 har

42 1522 136 22 förekommit
194 1522 58 21 förut
267 1522 39 21 och
322 1520 43 21 kan
385 1521 78 21 räknas
480 1522 32 20 till
528 1522 97 21 enskilda
639 1522 114 26 undantag,
769 1526 48 16 men
831 1520 37 27 jag

112 1564 36 15 N:o
161 1568 25 11 12.
777 1559 22 17 28
