1056 1686
341 102 20 17 R
380 106 17 13 o.
409 102 23 17 A.
445 101 53 18 1891.
522 101 21 17 17
555 101 59 18 Febr.
823 96 41 21 295

113 249 149 34 Tisdagen
281 249 57 27 den
357 249 32 28 17
407 249 146 27 Februari
572 249 41 27 kl.
631 249 33 27 12
683 248 37 34 pä
738 249 103 33 dagen.

133 324 33 21 Hr
181 323 207 22 Landtmarskalken
404 324 98 21 anmälde
521 326 34 19 att
569 324 67 27 pollet
651 324 90 26 uttagits
756 324 33 21 för

133 381 77 26 Adliga
225 382 58 20 ätten

63 427 41 21 N:o
134 427 42 21 256
199 426 75 28 Lagus
290 426 23 22 af
333 426 32 21 Hr
380 426 71 21 Jakob
467 426 75 21 Johan
566 426 97 21 Wilhelm
679 426 82 28 Lagus,
784 425 106 23 Statsräd.

132 585 202 28 Protokollsutdrag
357 585 59 22 öfver
437 585 101 22 Ständets
559 586 35 21 vid
609 585 86 28 plenum
711 585 41 22 den
767 586 27 21 14
812 586 79 21 dennes

63 613 83 23 fattade
162 615 70 21 beslut
247 615 109 26 upplästes
371 615 31 21 till
415 614 112 27 justering.

393 774 32 23 Val
440 774 27 23 till
483 774 79 23 utskott.

130 837 34 21 Hr
179 837 208 21 Landtmarskalken
409 837 133 26 meddelade,
559 838 32 20 att
605 837 48 21 trån
669 837 100 22 Ståndets
785 837 106 21 elektorer

61 865 113 22 inkommit
196 872 27 14 en
246 865 117 27 skrifvelse,
387 866 111 21 utvisande
521 868 33 19 att
576 866 125 21 valmännen
725 866 32 21 till
776 866 94 21 ledamot
883 866 8 21 i

61 894 173 24 Statsutskottet,
250 894 7 21 i
278 894 73 21 stället
366 894 33 21 för
415 894 32 21 Hr
461 894 26 21 K.
505 894 109 26 Antell,
630 901 46 15 som
691 894 41 22 den
747 896 13 20 7
776 895 78 21 dennes
869 894 24 22 af

60 923 26 21 R.
102 929 18 15 0.
138 923 24 21 A.
176 922 88 22 befriats
276 918 44 36 från
335 918 81 36 nämnda
426 923 108 27 uppdrag,
541 924 67 20 utsett
619 923 32 21 Hr
666 924 19 20 J.
702 924 25 20 A.
743 922 148 22 Schauman

61 953 57 19 samt
138 952 32 20 till
187 951 55 27 3:dje
258 951 113 27 suppleant
390 952 2 20 i
410 952 55 26 Lag-
480 952 40 21 och
535 952 214 21 Ekonomiutskottet
763 952 32 21 Hr
810 951 80 22 Claös

61 986 51 15 von
134 979 110 22 Collan.

130 1139 30 22 På
176 1139 98 22 anmälan
290 1139 24 22 af
327 1140 32 21 Hr
373 1139 132 28 Ramsay,
522 1146 34 15 om
567 1140 101 21 behofvet
677 1139 24 22 af
710 1146 25 15 en
746 1139 68 27 tredje
825 1146 64 21 supp-

59 1168 59 21 leant
130 1168 7 21 i
148 1168 114 21 Allmänna
276 1169 205 25 Besvärsutskottet,
492 1181 27 2 —
530 1169 40 21 och
581 1169 65 21 sedan
657 1169 32 20 Hr
704 1169 185 26 Montgomery,

59 1197 49 20 med
124 1197 81 26 hänsyn
221 1197 71 21 dertill
308 1198 32 20 att
356 1203 26 15 en
397 1197 24 21 af
441 1197 165 27 suppleanterne
629 1197 7 21 i
659 1197 230 21 Riddarhusutskottet

59 1225 33 21 Hr
107 1225 25 21 E.
154 1231 50 15 von
225 1225 155 22 Haartman
401 1225 58 22 svärt
475 1226 109 27 insjuknat
599 1225 40 22 och
654 1225 67 27 nägra
736 1226 23 21 af
772 1225 117 22 utskottets

59 1253 120 22 ledamöter
202 1254 32 21 till
255 1254 53 27 följd
325 1254 23 21 af
362 1254 99 21 bortresa
475 1255 75 21 tidtals
566 1261 49 15 vore
631 1254 104 21 hindrade
750 1256 33 19 att
798 1255 91 20 närvara

59 1282 35 21 vid
110 1283 48 20 dess
174 1283 179 25 sammanträden,
368 1283 111 27 föreslagit
494 1285 33 19 att
541 1283 125 27 ytterligare
683 1285 78 19 tvänne
777 1283 111 27 supplean-

59 1312 34 20 ter
116 1311 69 21 skulle
207 1311 33 21 för
260 1311 106 22 utskottet
382 1313 65 24 utses,
463 1312 70 21 beslöt
548 1312 25 21 R.
589 1318 19 15 o.
625 1312 32 25 A.,
673 1311 28 28 pä
715 1312 32 21 Hr
762 1312 126 21 Landtmar-

59 1339 101 22 skalkens
182 1339 163 28 framställning,
368 1342 33 19 att
423 1341 112 26 uppdraga
557 1340 23 21 ät
600 1341 127 21 valmännen
749 1342 32 19 att
799 1342 47 19 utse
862 1346 26 16 en

59 1368 69 27 tredje
151 1369 113 26 suppleant
286 1369 7 21 i
311 1369 114 21 Allmänna
440 1369 200 22 Besvärsutskottet
656 1369 39 22 och
711 1371 76 20 tvänne
803 1369 85 26 supple-

58 1398 62 20 anter
135 1397 7 20 i
157 1397 235 22 Riddarhusutskottet.
