1056 1686
211 117 41 20 398
463 122 25 17 R.
501 127 17 12 o.
532 123 21 16 A.
568 123 53 17 1891.
646 123 13 16 9
672 123 61 16 Mars.

181 203 70 19 större
275 202 107 27 personlig
403 202 122 21 erfarenhet
547 203 28 26 pä
588 203 60 21 detta
666 202 93 25 omräde,
773 202 45 27 just
834 203 68 20 denna
918 204 77 19 omstär

181 230 74 26 dighet
278 230 70 21 säsom
370 231 36 21 det
428 231 198 27 hufvudsakligaste
641 231 75 21 skälet.
747 231 42 21 Det
805 233 24 19 är
845 231 70 21 derför
930 231 65 26 gansk

180 259 106 25 naturligt
306 260 33 20 att
360 259 152 27 Lagutskottet
535 260 46 21 icke
599 260 71 21 kunde
685 261 78 24 antaga
779 261 66 20 annat
859 261 27 19 än
902 260 32 20 att
950 259 46 21 dett

180 292 38 15 var
234 287 37 21 det
286 287 111 27 vigtigaste
413 288 89 20 motivet
517 287 48 21 frän
581 288 144 21 skollärarnes
741 288 51 20 sida.
820 288 39 21 Att
873 294 29 14 nu
913 287 83 21 deremc

180 315 7 20 i
210 314 62 27 fräga
294 322 34 14 om
351 316 106 21 militären
479 317 36 20 det
530 316 47 21 icke
592 323 38 14 var
646 317 69 21 denna
730 316 113 27 synpunkt,
861 322 44 16 som
921 316 66 26 tagits

180 344 144 21 betraktande
339 344 23 21 af
375 344 157 27 Lagutskottet,
548 345 93 27 framgär
658 345 33 21 vid
707 351 26 15 en
749 344 132 27 nägorlunda
893 344 104 27 uppmärk

179 378 46 15 sam
240 373 161 26 genomläsning
417 373 22 21 af
453 374 36 20 det
504 374 61 20 ställe
581 374 7 20 i
603 374 118 21 utskottets
736 373 142 26 betänkande,
901 379 45 15 som
963 373 34 21 det

180 400 34 21 till
230 400 77 22 hänför
323 402 37 26 sig.
384 402 40 26 Jag
439 402 42 20 kan
497 402 46 21 icke
558 402 75 26 förstä,
649 402 54 21 huru
719 403 31 20 ett
771 402 76 21 sädant
862 401 134 21 missförstän

181 429 39 21 har
235 429 83 21 kunnat
336 430 83 26 uppstä.

249 458 42 26 Jag
306 458 90 21 nämnde
413 460 32 20 att
460 458 65 27 nägra
540 459 121 26 synnerliga
676 459 47 21 skäl
738 458 34 22 för
791 459 39 21 den
846 458 150 26 ifrägavarand

180 486 108 21 reformen
310 487 46 25 icke
379 487 72 21 kunna
473 487 111 27 åberopas,
608 488 39 20 och
671 488 59 20 detta
745 487 68 21 måste
826 487 37 27 jag
878 487 119 21 fortfarand

180 515 101 21 vidhålla.
306 516 33 20 Då
354 522 49 14 man
418 516 47 20 icke
481 516 38 20 har
535 518 43 19 satt
593 516 69 26 ifråga
677 518 32 18 att
725 516 110 21 utsträcka
850 516 109 26 principen
975 522 24 14 on

180 543 141 26 tjenstemäns
336 544 78 26 afgång
429 544 47 21 från
491 545 92 25 tjensten
598 544 35 21 vid
649 550 25 15 en
690 545 42 20 viss
749 544 59 21 ålder
824 544 31 21 till
872 544 67 20 andra
954 544 45 20 klas

181 577 35 15 ser
236 571 24 21 af
282 572 127 26 tjenstemän
433 574 25 19 än
482 573 118 20 skollärare
618 573 39 20 och
673 573 46 20 icke
735 573 68 20 heller
818 572 33 21 till
866 573 43 20 alla
923 572 76 26 katego

181 600 42 21 rier
240 600 24 21 af
278 601 62 20 dessa
355 603 51 18 utan
422 601 75 21 endast
512 601 33 20 till
561 607 24 15 en
602 601 34 21 del
652 601 103 26 skolmän,
772 601 23 21 så
806 601 65 21 borde
883 607 48 14 man
939 600 57 21 kunn

182 629 45 20 visa
250 630 33 19 att
298 629 67 26 några
384 629 104 21 särskilda
504 630 182 25 omständigheter
702 629 103 27 föreligga
821 629 48 21 med
885 629 98 21 afseende

182 657 63 21 dessa
267 657 123 26 skollärare,
413 658 72 21 hvilka
499 660 53 25 göra
567 658 36 21 det
619 659 32 20 för
667 659 48 20 dem
731 658 96 26 omöjligt
842 659 33 20 att
890 657 53 21 efter
959 663 41 20 upp

181 685 57 21 nådd
260 685 68 27 högre
345 686 59 21 ålder
419 687 62 20 sköta
497 687 37 20 sitt
549 687 44 20 kall
609 687 43 20 lika
668 687 142 26 oklanderligt
825 693 45 14 som
887 686 66 21 andra
969 692 31 15 em

180 714 65 21 beten
268 714 72 21 kunna
362 715 72 21 skötas
449 715 23 21 af
486 715 45 21 sina
547 715 136 21 innehafvare
699 715 35 20 vid
749 715 44 20 lika
809 715 42 26 hög
867 715 64 20 ålder.
963 714 38 21 Me

178 742 38 27 jag
231 742 69 21 måste
316 745 50 24 säga
382 743 38 21 och
435 743 36 26 jag
486 745 45 19 tror
547 744 37 20 det
599 744 46 21 icke
661 744 56 20 skall
732 743 73 21 kunna
817 743 76 26 jäfvas,
909 745 32 19 att
957 743 44 20 erfa

181 771 103 21 renheten
300 772 55 20 visat
370 773 32 20 att
418 772 72 21 ibland
503 772 26 21 de
545 772 124 26 skollärare,
688 778 46 15 som
749 772 92 26 uppnått
857 772 26 21 63
899 771 35 21 års
951 771 48 21 ålde

180 799 53 21 eller
248 805 60 15 mera
321 800 36 21 det
372 800 66 21 finnes
453 800 46 21 icke
515 800 23 21 så
553 800 28 26 få,
600 801 72 20 hvilka
688 801 45 20 icke
750 800 55 21 blott
821 800 27 27 på
864 802 31 19 ett
910 800 91 21 tillfreds

181 828 107 21 ställande
303 831 52 18 utan
370 831 15 18 t.
401 835 19 14 o.
436 835 27 14 m.
480 829 83 26 mycket
577 829 149 27 förtjenstfullt
741 831 44 18 sätt
800 829 63 20 sköta
879 829 38 20 sitt
932 829 69 20 lärare

180 856 52 20 kall.
264 856 39 21 Om
326 863 49 15 man
397 863 29 15 nu
446 857 77 27 jemför
547 858 143 21 skollärarnes
715 857 100 26 ställning
831 857 48 21 med
894 857 68 21 andra
978 857 23 20 så

182 884 56 22 dana
254 885 145 26 tjenstemäns,
416 886 72 20 hvilka
503 886 63 21 sköta
581 886 32 21 sin
629 886 65 26 tjenst
708 886 35 20 vid
759 892 26 14 en
801 886 59 20 älder
876 886 49 20 vida
941 885 61 21 öfver:

181 913 99 27 stigande
304 915 26 19 63
351 914 30 25 är,
397 914 24 21 sä
436 914 41 21 kan
493 921 49 14 man
558 914 46 21 icke
621 914 66 21 heller
702 914 57 21 finna
781 916 32 18 att
836 910 163 40 skolläraretjen

182 929 54 38 sten,
252 942 34 20 till
301 942 52 26 följd
368 930 23 33 af
404 942 68 28 nägon
489 943 92 21 särskild
597 943 164 26 omständighet,
779 943 68 21 skulle
855 945 53 24 göra
918 943 49 21 dess
980 942 22 21 in

182 958 117 34 nehafvare
320 971 89 26 tidigare
432 959 87 33 utsliten
538 973 27 19 än
581 972 66 20 andra
663 960 133 38 tjenstemän.
828 972 33 20 En
878 971 70 27 tjenst,
965 977 38 15 son

182 998 46 22 står
251 999 204 22 skollärareständet
470 1000 46 20 icke
531 1000 24 20 sä
571 1000 88 21 alldeles
675 1000 88 26 fjerran,
779 1000 67 20 ehuru
863 1000 40 20 den
919 1000 82 20 visserli

181 1033 41 20 gen
238 1027 7 21 i
261 1028 71 26 nägon
347 1028 48 21 män
411 1030 24 19 är
451 1028 22 21 af
487 1028 112 22 afvikande
616 1028 153 26 beskaffenhet,
786 1030 23 18 är
826 1028 177 26 professorstjens

182 1058 37 18 ten
235 1069 28 2 —
279 1056 35 21 vid
336 1057 152 21 universitetet.
519 1057 40 27 Jag
584 1057 37 21 ber
636 1058 7 20 i
659 1057 61 21 detta
735 1057 99 21 afseende
850 1056 22 22 få
887 1058 78 20 nämna
981 1058 23 19 at

183 1084 59 21 såväl
258 1085 7 20 i
280 1085 118 21 Frankrike
415 1091 45 15 som
475 1085 107 27 Tyskland
598 1086 67 26 gäller
682 1086 41 20 den
739 1085 71 27 regeln
829 1087 33 19 att
872 1085 38 21 full
923 1086 82 25 pensio1

182 1112 47 21 icke
252 1113 44 21 kan
319 1114 22 20 af
354 1114 107 25 professor
475 1114 35 20 vid
526 1114 148 21 universitetet
689 1114 95 26 ätnjutas
799 1114 45 20 förr
860 1116 26 18 än
903 1114 41 21 han
961 1120 42 19 upp

184 1141 48 21 nätt
253 1142 27 20 70
301 1141 35 22 ärs
351 1141 64 26 älder,
432 1148 48 15 men
495 1141 90 22 faktiskt
601 1143 98 26 gvarstär
714 1144 31 19 ett
761 1144 54 19 stort
831 1142 58 21 antal
905 1142 96 26 professo

184 1175 35 15 rer
234 1170 36 21 vid
286 1171 46 20 sina
347 1170 87 27 tjenster
450 1170 32 21 till
498 1171 39 20 och
554 1171 47 20 med
617 1171 58 26 längt
691 1173 24 18 ut
731 1171 58 20 öfver
805 1170 142 21 dennaälder.
971 1170 34 26 Jag

184 1198 40 21 har
247 1199 44 26 mig
314 1199 79 21 bekant
415 1200 32 20 att
469 1199 36 21 det
523 1199 66 21 finnes
605 1199 6 21 i
627 1199 108 27 Tyskland
750 1199 51 21 flere
816 1199 140 26 professorer,
968 1205 37 14 son

184 1228 38 19 äro
236 1227 170 26 jubeldoktorer,
423 1227 38 21 och
477 1227 28 21 dä
520 1228 203 27 doktorsvärdighet
738 1227 46 22 icke
794 1227 43 21 kan
849 1227 82 26 uppnås
942 1227 64 21 förräi

184 1255 35 20 vid
242 1255 67 27 nägra
332 1255 39 22 och
389 1256 60 27 tjugu
465 1255 34 22 ärs
515 1255 65 26 älder,
597 1256 68 21 mäste
682 1256 26 21 de
724 1263 51 14 vara
790 1256 47 21 icke
853 1255 24 22 sä
893 1256 47 21 litet
956 1255 47 21 öfve

185 1284 27 20 70
236 1283 25 22 är
284 1284 76 27 gamla.
390 1285 41 26 Jag
453 1286 24 19 är
497 1285 134 21 händelsevis
653 1284 50 27 sjelf
722 1285 134 26 personligen
872 1284 80 21 bekant
967 1290 40 15 me

184 1313 80 20 tvänne
281 1313 81 20 sädana
377 1312 82 27 äldriga
474 1313 137 27 professorer,
627 1313 72 21 hvilka
715 1313 28 26 pä
759 1315 30 19 ett
805 1313 84 26 mycket
905 1313 100 26 förtjenst

184 1340 50 21 fullt
250 1342 45 20 sätt
310 1341 62 21 sköta
388 1341 45 21 sina
445 1341 154 27 föreläsningar
611 1342 40 21 och
665 1341 68 27 öfriga
740 1341 133 27 åligganden.
897 1341 110 21 Enahandt

185 1368 127 23 företeelser
335 1369 54 22 skall
407 1376 49 15 man
471 1369 64 22 också
551 1370 64 26 finna,
631 1377 34 14 om
681 1377 50 14 man
746 1370 74 21 kastar
835 1370 83 21 blicken
935 1369 27 27 på
977 1376 30 14 an

186 1397 40 20 dra
248 1397 102 21 områden
373 1398 22 20 af
412 1399 221 26 tjensteverksamhet,
649 1405 48 15 men
711 1399 36 26 jag
762 1399 37 20 vill
813 1399 48 20 icke
876 1398 49 26 ingå
941 1397 67 27 härpå

186 1426 91 20 emedan
290 1426 38 26 jag
342 1426 71 21 kunde
429 1427 49 26 löpa
492 1426 47 22 fara
555 1429 31 19 att
601 1427 34 21 för
649 1426 85 28 mycket
749 1428 69 20 trötta
833 1426 96 22 Ståndet.

255 1454 154 27 Lagutskottet
430 1455 39 21 har
489 1455 7 21 i
519 1455 38 21 sitt
579 1455 136 21 betänkande
733 1455 116 27 ingalunda
864 1456 48 25 sagt
927 1456 32 20 att
975 1454 33 21 der

185 1482 104 22 afvikelse
312 1482 46 22 från
381 1484 98 26 gällande
497 1484 111 26 grundlag,
624 1490 45 15 som
685 1490 30 14 nu
729 1484 98 26 föreslås,
841 1490 50 15 vore
907 1483 24 21 så
945 1482 64 27 vädlig

185 1512 34 20 att
234 1511 42 21 den
292 1512 46 21 icke
354 1512 70 21 kunde
439 1512 68 22 under
521 1512 68 27 några
603 1512 150 22 förhållanden
770 1512 87 26 införas,
873 1518 48 14 men
936 1512 71 27 Lagut
