1056 1686
363 89 25 18 R.
400 94 18 13 o.
431 90 23 17 A.
467 89 55 18 1891.
545 90 12 17 7
569 89 59 18 Febr.
839 90 41 21 103

77 177 131 24 försvåras.
244 176 56 24 Med
326 177 98 31 hänsyn
451 177 61 24 dock
530 177 40 24 till
589 177 44 24 den
658 177 128 24 inträffade
813 177 94 28 minsk-

76 211 93 32 ningen
196 211 9 24 i
223 211 190 32 hyresbeloppen
441 211 45 24 och
505 211 30 24 då
561 211 164 24 Riddarhuset
752 211 53 24 icke
832 211 77 24 heller

75 245 137 31 framdeles,
239 247 80 22 såsom
346 246 102 23 deremot
467 245 64 24 förut
554 246 65 23 varit
638 245 75 31 fallet,
740 245 65 24 torde
823 245 86 24 kunna

76 280 112 31 påräkna
199 281 81 30 någon
293 280 149 32 godtgörelse
454 280 37 24 för
503 280 100 30 lokaler,
622 287 51 16 som
692 280 75 23 under
779 280 129 31 påstående

76 314 118 32 landtdag
220 314 81 24 kunde
324 314 36 24 för
378 314 104 24 allmänt
503 314 94 24 utskott
615 314 59 24 eller
693 316 75 22 annat
795 314 113 24 ändamål

75 349 123 31 upplåtas,
224 348 39 24 får
282 348 158 25 Direktionen
468 348 123 24 vördsamt
613 348 40 24 till
671 348 69 24 Ridd.
767 348 44 24 och
829 348 79 24 Adeln

74 383 152 24 öfverlemna
234 391 4 15 :

286 458 36 16 om
335 452 74 30 sagda
424 451 71 24 beslut
507 451 61 24 skall
580 450 155 31 fortfarande
748 450 160 31 oförändradt

215 485 67 31 tjena
309 486 35 23 till
370 485 154 31 efterrättelse
551 486 54 23 eller
629 492 37 17 om
693 484 109 32 möjligen
829 485 79 24 sådan

215 519 162 31 modifikation
406 519 74 31 deraf
495 520 77 24 kunde
594 527 43 23 ega
655 527 63 20 rum,
746 521 35 22 att
799 520 37 23 det
862 526 45 17 ena

214 553 31 31 af
264 554 106 23 nämnda
388 554 108 24 sidorum
515 554 72 31 jemte
607 554 94 23 tambur
729 553 60 32 finge
807 554 100 31 uthyras

214 595 54 16 men
294 587 86 32 sjelfva
399 589 108 23 läktaren
535 588 40 24 och
598 587 149 25 återstående
765 588 78 24 dertill
868 587 40 24 hö-

216 623 77 23 rande
312 630 54 16 rum
384 622 78 25 hållas
481 623 138 30 disponibla.

479 723 32 28 V.

145 795 104 24 Jemlikt
274 795 70 24 Ridd.
362 794 45 25 och
432 795 93 24 Adelns
549 794 136 24 meddelade
705 793 130 31 föreskrift,
861 793 47 24 har

76 829 160 24 Direktionen
259 829 56 23 lätit
332 831 115 29 upprätta
468 829 141 24 alfabetiskt
627 829 103 31 register
749 828 66 24 öfver
833 830 74 22 samt-

77 863 54 32 liga
153 865 15 22 &
185 864 155 23 riddarhuset
358 863 126 24 inskrifna
501 863 112 24 lefvande
633 865 61 21 ätter
713 864 62 22 samt
795 862 113 24 tillsändt

76 898 134 24 detsamma
237 898 10 24 i
264 898 153 32 erforderligt
439 898 69 24 antal
535 897 123 31 exemplar
676 896 176 32 Domkapitlen,
871 896 37 24 för

76 934 38 22 att
132 932 74 24 bland
224 932 175 24 vederbörande
417 932 205 32 pastorsembeten
641 931 100 25 utdelas.

468 1033 48 27 VI.

146 1103 53 24 Den
227 1103 25 23 af
270 1103 69 24 Ridd.
358 1103 44 23 och
420 1102 80 24 Adeln
522 1103 122 24 beslutade
663 1111 50 22 nya
731 1103 124 32 upplagan
882 1103 26 23 af

76 1137 120 24 Finlands
214 1137 69 24 Ridd.
302 1137 44 24 och
366 1137 75 24 Adels
460 1137 127 31 vapenbok
613 1137 46 24 har
683 1145 85 24 genom
786 1137 121 24 Direktio-

76 1179 62 16 nens
165 1171 94 32 försorg
277 1171 120 32 utgifvits.
433 1171 91 24 Texten
551 1171 40 24 till
614 1171 140 25 densamma
771 1174 28 21 är
825 1171 83 32 tryckt

75 1207 17 23 å
109 1206 265 24 Hufvudstadsbladets
397 1213 51 23 nya
474 1205 115 31 tryckeri.
625 1205 166 32 Skyddstitlar
817 1206 36 24 för
880 1206 28 24 de

76 1240 84 25 skilda
177 1240 189 31 värdigheterna
385 1240 44 23 och
448 1240 111 24 titelblad
577 1243 40 20 äro
645 1240 136 24 levererade
799 1241 26 23 af
842 1241 65 24 Lito-

74 1275 90 32 grafen
190 1275 25 24 F.
234 1275 114 31 Tiloman
366 1277 63 21 samt
450 1282 96 24 permar
569 1274 40 24 till
627 1275 86 24 halfva
731 1275 124 32 upplagan
882 1275 26 24 af

76 1309 117 24 Fabriks-
212 1309 45 24 och
275 1309 310 32 Bokförlagsaktiebolaget
603 1309 92 24 Weilin
718 1311 23 22 et
759 1309 67 24 Göös.
861 1309 47 24 För

75 1343 169 32 anbringande
263 1343 25 24 af
299 1343 120 24 Finlands
437 1351 80 24 vapen
535 1345 15 22 &
568 1351 141 24 permarnas
728 1343 117 24 framsida
861 1343 48 24 har

74 1385 33 17 en
125 1377 108 25 särskild
251 1380 79 29 stamp
350 1377 83 24 blifvit
451 1377 133 24 tillverkad
602 1380 63 21 samt
683 1378 37 23 för
732 1378 175 24 Riddarhusets

75 1412 110 32 räkning
203 1412 75 24 inlöst
297 1412 53 24 med
368 1412 32 24 81
420 1412 72 23 mark
511 1412 32 23 60
561 1412 80 31 penni.

146 1446 166 32 Vapenboken
338 1446 47 24 har
411 1445 293 25 Riddarhusdirektionen
739 1446 83 24 försett
855 1446 54 24 med

76 1480 87 32 förord,
189 1480 135 31 utvisande,
351 1480 75 24 bland
444 1482 83 28 annat,
546 1482 35 22 att
599 1480 136 24 utförandet
753 1480 26 24 af
796 1480 27 24 de
841 1481 67 32 färg-
