1056 1686
328 109 24 18 R.
366 114 17 12 o.
395 109 22 17 A.
432 110 54 16 1891.
508 110 11 16 7
531 109 58 17 Febr.
804 109 39 20 127

114 195 151 32 Genealogen
284 196 41 23 och
343 196 151 30 Kanslisten,
512 196 124 23 äfvensom
649 198 68 21 extra
729 196 143 31 tjenstemän
887 195 12 26 $
915 194 19 20 6.

47 234 102 27 antagas
168 230 103 24 deremot
298 230 24 23 af
340 230 298 30 Riddarhusdirektionen,
665 230 101 23 hvilken
783 230 89 31 jemväl

46 264 115 24 tillsätter
179 265 44 23 den
242 264 36 23 för
296 264 157 24 Direktionen
472 265 123 23 bestämda
613 264 128 32 betjening.

424 336 15 28 $
453 338 39 23 27.

115 389 48 24 Till
190 389 223 32 tjenstebefattning
434 389 42 23 vid
494 388 170 31 Riddarhuset,
682 389 102 23 hvilken
802 389 72 24 äfven
889 394 12 26 $
918 393 18 20 6.

47 425 39 22 mä
104 424 51 23 med
175 431 83 16 annan
276 424 102 31 lämplig
395 424 76 31 tjenst
488 423 103 30 förenas,
602 423 42 24 bör
655 423 168 24 företrädesvis
835 426 38 21 ut-

48 466 38 16 ses
104 458 100 24 medlem
223 458 25 23 af
266 458 119 24 derstädes
408 458 167 23 introducerad
594 460 40 21 ätt.

425 530 15 27 $
453 531 44 24 28.

116 582 305 24 Riddarhussekreteraren
441 583 43 23 och
502 582 162 23 Kamreraren
683 582 90 31 kunna,
792 585 43 20 när
848 584 28 22 sä
888 595 29 20 ny
934 588 18 27 8.

48 617 82 32 nödigt
148 617 86 30 finnes,
252 616 25 24 af
294 616 176 32 Ridderskapet
489 617 43 23 och
550 617 78 23 Adeln
647 617 54 23 från
721 617 54 23 sina
790 617 85 23 befatt-

48 651 90 32 ningar
157 651 95 31 skiljas.

117 685 35 24 De
178 686 143 31 tjenstemän
348 685 44 24 och
417 685 102 31 hetjente
543 686 56 29 åter,
616 685 99 24 hvilkas
735 685 141 32 antagande,
891 686 11 27 $
919 685 18 20 6.

48 720 95 31 jemlikt
162 721 13 28 $
196 720 31 23 26
246 721 14 22 ä
277 719 290 24 Riddarhusdirektionen
597 719 144 31 ankommer,
760 727 54 24 eger
832 719 43 24 Di-

48 754 124 24 rektionen
191 754 79 30 äfven,
288 754 30 23 dä
336 754 133 31 anledning
481 753 81 24 dertill
576 753 163 31 förekommer,
747 753 55 24 frän
814 754 61 31 tjen-

48 791 53 21 sten
120 789 126 31 entlediga.

427 855 15 27 $
458 856 43 25 29.

118 908 50 23 Vid
195 907 162 24 Riddarhuset
384 908 98 23 anstäld
508 908 144 31 tjensteman
673 908 146 23 tillkommer
837 908 156 32 löng7,mom.
1003 913 19 19 2.

50 941 58 25 eller
136 942 75 24 andra
237 942 120 23 förmäner
383 942 9 23 i
419 942 109 32 enlighet
554 942 53 23 med
627 942 64 24 hvad
709 942 9 23 i
737 942 86 24 sädant
841 942 35 23 af-

50 976 84 24 seende
153 979 27 21 är
198 976 26 23 af
241 976 175 32 Ridderskapet
434 976 43 24 och
496 976 78 24 Adeln
593 976 116 24 särskildt
727 976 122 24 bestämdt.

120 1010 172 32 Betjeningens
320 1011 104 23 arvoden
448 1010 137 24 fastställas
604 1010 25 24 af
647 1010 162 31 Direktionen,
828 1016 97 27 som
884 1006 15 41 $
908 1006 25 41 7,
934 1015 88 21 mom.3.

50 1045 89 31 jemväl
161 1052 54 24 eger
242 1044 25 24 af
293 1045 252 23 omhänderhafvande
563 1045 76 23 medel
657 1045 104 24 bestrida
779 1045 94 23 kostna-
885 1061 12 27 s
914 1060 33 21 20.

51 1079 45 24 den
114 1079 36 23 för
172 1079 95 31 uppköp
295 1079 25 23 af
346 1079 88 31 nödiga
455 1079 219 30 skrifmaterialier,
693 1079 122 31 eldnings-
835 1079 44 23 och

50 1113 204 32 lysningsämnen
273 1116 63 21 samt
354 1114 76 23 andra
449 1113 157 32 erforderliga
625 1113 184 24 förnödenheter.

429 1192 16 27 $
459 1193 42 24 30.

121 1235 33 32 Ät
181 1243 169 25 Direktionens
370 1244 167 24 vaktmästare
555 1245 63 23 skall
638 1252 54 16 rum
709 1244 9 23 i
738 1244 160 31 riddarhus-
883 1240 11 39 $
915 1249 34 26 22,
964 1248 52 21 sista

52 1279 144 31 byggnaden
214 1279 125 31 upplåtas;
360 1279 42 23 och
420 1281 41 21 mä
478 1279 97 31 jemväl,
595 1280 27 22 sä
640 1279 51 23 vidt
704 1279 86 23 sådant
801 1279 77 30 lämp-
922 1283 64 14 mom

52 1313 67 31 ligen
146 1313 42 23 ske
208 1313 57 30 kan,
290 1313 67 24 lokal
380 1313 123 24 derstädes
531 1315 24 22 ät
573 1315 33 22 ett
623 1313 256 24 vaktmästarehiträde

53 1347 59 24 eller
130 1347 76 32 dräng
224 1347 106 24 anvisas.

432 1414 15 27 $
466 1416 37 24 31.

124 1465 84 25 Skulle
220 1466 82 32 nödigt
313 1466 99 32 pröfvas
425 1469 36 21 att
473 1466 304 24 Riddarhussekreteraren
789 1466 9 22 i
811 1452 66 45 egen-
889 1470 48 28 88

55 1500 60 32 skap
135 1500 25 24 af
178 1501 154 23 ombudsman
351 1500 136 32 uppdrages
507 1503 34 21 att
559 1501 36 23 för
607 1500 138 32 bevakning
757 1500 26 24 af
794 1500 27 23 de
833 1508 44 16 un-
