1056 1686
201 105 40 22 432
449 111 24 17 R.
486 115 17 12 o.
516 112 22 16 A.
554 111 52 17 1891.
632 111 23 16 16
667 111 63 17 Mars.

248 189 32 22 Pä
296 190 30 21 tal
342 196 34 15 om
392 190 100 21 asiatiska
509 191 97 20 nationer
622 190 39 21 och
672 190 61 21 äfven
744 189 66 28 nägra
821 190 126 26 europeiska
959 190 46 21 län-

174 218 44 25 der,
244 219 87 26 specielt
356 218 86 27 Ungern
464 219 38 20 och
518 219 79 21 Irland,
613 221 69 24 yttrar
698 225 25 14 en
739 219 80 20 bekant
834 218 86 27 engelsk
936 219 68 20 natio-

175 247 128 20 nalekonom
327 249 32 18 att
383 247 30 20 uti
435 247 80 25 länder,
531 247 38 21 der
585 247 150 26 befolkningen
751 247 78 20 saknar
844 246 41 27 häg
900 246 33 21 för
949 253 55 14 sam-

173 275 74 21 landet
271 275 22 21 af
314 275 89 26 kapital,
425 276 38 20 der
485 275 142 21 innevänarne
649 275 47 21 icke
712 275 63 21 hafva
790 275 69 26 nägon
875 275 80 26 böjelse
971 277 34 19 att

173 309 65 21 spara
261 303 39 21 och
324 304 46 20 icke
392 304 67 20 heller
482 306 32 18 att
529 304 76 20 arbeta
620 304 33 20 för
669 306 32 18 att
717 304 121 25 derigenom
854 302 102 22 förskaffa
972 303 32 26 sig

173 332 70 20 medel
266 334 33 18 att
315 338 69 20 spara,
400 338 33 14 om
450 332 25 20 de
491 332 46 20 icke
553 332 82 20 erhålla
651 338 26 15 en
693 332 85 26 mycket
793 332 42 26 hög
851 332 152 26 dagspenning,

173 360 7 21 i
197 360 75 20 länder
289 360 46 21 med
351 366 50 20 svag
417 360 127 26 produktion
562 360 39 21 och
617 361 110 20 tröttande
744 360 81 26 arbete,
841 366 47 15 men
905 360 38 20 der
953 366 49 14 man

173 388 25 21 af
212 389 55 20 brist
283 389 27 25 pä
325 389 81 25 kapital
422 389 38 21 och
477 388 137 21 förutseende
629 389 47 21 icke
692 388 129 27 tillgodogör
837 389 31 26 sig
883 388 26 21 de
922 388 83 26 uppfin-

176 417 83 26 ningar,
275 423 75 20 genom
374 417 71 21 hvilka
468 418 35 20 det
520 417 117 26 menskliga
653 418 85 20 arbetet
753 417 48 21 med
817 416 186 22 naturkrafternas

174 446 92 26 tillhjelp
291 446 41 20 kan
356 447 98 22 uträttas,
477 448 32 18 att
524 446 5 20 i
547 446 79 20 sädana
641 446 76 20 länder
732 445 89 21 framför
836 446 38 20 allt
890 447 63 24 göres
968 445 37 21 be-

174 473 38 21 hof
227 474 23 20 af
265 476 31 19 ett
312 474 91 26 höjande
419 474 22 21 af
455 474 255 21 förvärfsverksamheten
724 474 38 20 och
774 473 229 27 sparsamhetsdriften.

174 502 43 21 Det
240 504 24 18 är
287 508 25 15 en
337 502 86 21 släende
439 502 73 23 likhet,
529 508 45 15 som
591 502 79 21 enhvar
685 502 56 21 skall
756 502 57 21 finna
829 502 89 21 emellan
935 502 70 20 denna

175 530 105 26 skildring
296 531 38 20 och
350 531 69 21 denna
435 531 77 21 talrika
528 531 57 20 klass
601 530 23 21 af
638 531 82 26 nyttiga
736 530 133 25 undersäter,
885 537 34 14 om
933 530 72 21 hvilka

175 559 108 20 utskottet
306 559 54 20 talar
383 560 51 19 eller
458 559 37 20 vär
511 559 114 21 obesuttna
641 559 128 26 befolkning,
786 558 32 21 till
834 559 64 20 hvars
913 559 92 20 fromma

176 593 48 14 man
250 588 7 19 i
280 587 89 21 främsta
388 590 91 18 rummet
494 587 55 21 velat
565 587 87 26 utvidga
668 587 131 26 rättigheten
815 587 31 21 till
859 587 144 26 jorddelning,

175 615 113 27 styckning
312 616 37 21 och
373 616 146 26 parcellering.
550 616 41 21 Det
615 618 23 18 är
654 623 28 14 nu
699 622 25 15 en
741 616 88 20 allmänt
845 615 56 21 känd
917 615 38 21 sak
971 617 32 19 att

176 644 40 21 den
232 644 107 27 egentliga
354 645 113 20 obesuttna
483 644 150 27 befolkningen
650 645 71 26 dragit
736 646 76 19 nästan
828 645 63 25 ingen
906 645 61 25 nytta
982 643 23 21 af

176 673 26 20 de
217 673 83 25 ganska
322 676 58 17 stora
395 673 113 24 lättnader,
524 673 71 20 hvilka
611 673 128 26 töregäende
755 672 152 27 författningar
921 673 7 20 i
944 672 61 21 detta

176 701 100 21 afseende
292 701 66 21 redan
375 701 74 21 beredt
464 701 38 21 och
518 701 141 26 anledningen
675 701 72 21 dertill
762 701 94 26 framgär
871 701 23 20 af
903 701 55 20 hvad
968 701 37 26 jag

175 730 66 20 redan
258 730 6 20 i
281 730 41 25 dag
337 729 47 21 haft
398 731 51 19 äran
466 729 107 21 framföra.

247 758 43 21 Det
305 758 41 20 kan
362 758 81 21 kanske
459 758 45 21 icke
521 758 66 21 sakna
602 759 37 20 sitt
655 759 90 20 intresse
761 759 32 19 att
809 757 58 24 höra,
876 757 55 21 huru
947 757 57 21 John

177 786 75 21 Stuart
268 786 45 21 Mill
329 786 33 21 för
378 787 32 20 sin
426 787 33 20 del
475 786 65 27 ansäg
555 788 32 19 att
603 793 49 14 man
663 787 70 20 skulle
744 786 50 26 höja
805 786 40 21 den
856 786 80 21 sociala
947 785 58 22 ställ-

176 815 79 26 ningen
271 815 40 20 hos
326 821 26 14 en
367 815 128 26 befolkning,
511 821 45 15 som
572 815 39 20 har
626 815 81 20 sädana
723 815 137 26 egenskaper,
876 814 72 21 hvilka
961 815 45 26 just

176 843 70 20 blifvit
268 843 115 21 skildrade.
414 843 40 26 Jag
475 843 53 20 skall
544 843 26 21 be
586 844 33 20 att
633 844 7 20 i
656 843 88 21 korthet
759 843 22 20 få
797 843 92 20 referera
905 843 58 25 dem;
979 843 26 20 de

178 872 37 20 äro
238 871 40 21 dä:
302 871 137 27 fullständig
455 872 221 25 egendomssäkerhet,
693 871 98 26 måttliga
807 871 122 26 utskylder;
946 871 59 26 läng-

177 900 75 26 variga
265 900 161 26 jordarrenden,
442 900 71 20 hvilka
529 900 23 20 sä
568 900 84 26 mycket
667 906 46 15 som
729 900 82 26 möjligt
827 899 132 21 tillförsäkra
969 899 37 21 be-

177 928 110 20 brukaren
304 928 39 21 den
359 928 126 21 oafkortade
499 928 96 21 fördelen
611 928 22 21 af
647 928 54 21 hans
719 928 105 26 nedlagda
839 928 80 24 arbete,
937 928 69 20 skick-

178 956 66 26 lighet
268 956 40 21 och
331 956 146 26 sparsamhet;
495 957 148 26 utvecklingen
659 956 24 21 af
697 957 40 21 den
754 956 108 26 offentliga
877 956 129 27 bildningen,

177 984 189 26 undanrödjandet
381 985 23 21 af
417 985 112 26 sedvänjor
545 985 39 21 och
600 985 116 26 fördomar,
725 991 46 15 som
782 985 121 21 motarbeta
913 990 26 15 en
950 984 57 22 kraf-

178 1013 30 26 tig
224 1013 135 27 användning
382 1013 22 21 af
421 1013 254 22 förvärfsverksamheten
692 1014 131 26 och-genom
839 1013 123 21 densamma
977 1014 30 20 al-

178 1042 74 20 strade
276 1048 41 20 nya
339 1042 66 20 behof
425 1042 39 21 och
487 1042 65 26 begär
575 1042 53 21 efter
643 1042 191 26 njutningsmedel;
850 1042 121 21 införandet
987 1042 23 20 af

178 1076 42 20 nya
235 1070 171 21 arbetsmetoder
422 1070 39 21 och
477 1070 154 27 uppfinningar,
647 1077 76 20 genom
740 1070 72 21 hvilka
825 1070 150 21 användandet
987 1070 22 21 af

178 1100 48 24 nytt
241 1098 81 27 kapital
339 1098 27 27 pä
380 1098 75 27 jorden
472 1099 40 21 blir
527 1106 58 14 mera
601 1099 164 26 vinstgifvande,
784 1105 59 15 mera
858 1099 149 21 motsvarande

178 1127 41 20 den
236 1127 62 26 ringa
314 1127 67 26 hågen
396 1127 33 20 för
445 1127 144 26 sparsamhet;
601 1127 100 26 slutligen
712 1127 122 21 införandet
845 1127 22 21 af
876 1127 131 20 främmande

178 1155 83 26 kapital
286 1155 7 20 i
311 1155 99 21 ändamål
426 1158 32 18 att
473 1162 74 20 genom
563 1155 109 22 föredöme
688 1155 99 26 bibringa
803 1155 149 27 befolkningen
967 1161 41 21 nya

178 1183 66 26 idéer,
263 1183 62 27 bryta
340 1184 71 25 gamla
427 1184 111 27 sedvänjor
553 1184 39 21 och
613 1184 67 27 skapa
695 1191 42 20 nya
753 1183 84 22 behof'.
869 1183 73 22 Såsom
959 1190 49 15 man

178 1217 35 15 ser
228 1211 144 22 förekommer
388 1212 39 21 här
441 1213 46 20 icke
503 1212 65 27 något
583 1213 55 20 enda
654 1213 37 20 ord
711 1219 34 14 om
761 1212 140 27 parcellering
916 1213 40 20 och
972 1213 36 20 det

178 1241 24 19 är
217 1240 47 21 icke
288 1241 66 20 heller
369 1242 32 19 att
416 1240 88 21 förvåna
520 1241 31 26 sig
567 1241 64 26 öfver,
648 1241 27 20 då
691 1241 36 20 det
743 1243 24 18 är
783 1247 25 14 en
824 1241 122 26 engelsman
962 1247 46 14 som

178 1269 48 20 med
243 1269 85 20 Irlands
343 1270 94 25 exempel
454 1269 32 21 för
502 1271 82 25 ögonen
600 1269 85 21 skrifvit
700 1270 66 20 detta.

248 1297 63 20 Huru
327 1297 35 21 vill
378 1304 48 14 man
442 1297 65 21 också
523 1299 32 20 att
570 1297 52 21 våra
637 1298 85 26 vanliga
739 1298 121 26 daglönare,
873 1297 72 21 hvilka
953 1297 56 21 lefva

181 1325 49 20 från
246 1325 58 21 hand
320 1326 31 20 till
367 1332 56 20 mun,
437 1326 71 21 hvilka
517 1327 46 20 icke
575 1326 64 21 hafva
649 1326 67 27 några
727 1326 138 26 besparingar
875 1326 39 21 och
927 1326 83 26 knappt

180 1359 43 20 nog
240 1354 52 26 vilja
306 1356 52 24 göra
373 1354 66 26 några
455 1354 85 26 sådana,
557 1355 60 20 skola
632 1355 21 20 få
668 1355 71 20 medel
754 1355 33 20 för
803 1356 32 19 att
847 1355 56 25 köpa
911 1354 50 26 jord
969 1354 40 21 och

180 1382 66 21 sedan
270 1382 64 21 sköta
356 1383 46 20 den.
433 1382 59 21 Skall
514 1389 49 14 man
586 1383 65 21 också
673 1383 73 20 kunna
771 1383 22 20 af
815 1383 69 21 denna
899 1383 110 23 folkklass,

178 1410 97 26 okunnig
300 1410 38 21 och
361 1412 48 25 trög
432 1417 45 15 som
500 1411 40 21 den
563 1413 24 19 är
608 1412 125 24 tillsvidare,
755 1412 65 20 vänta
834 1413 33 19 att
883 1411 40 21 den
940 1410 69 22 skulle

178 1438 144 27 sjelfständigt
338 1438 39 22 och
393 1440 100 20 rationelt
509 1440 96 20 bebruka
615 1440 87 26 jorden;
714 1440 117 26 ingalunda
841 1439 68 21 skulle
919 1440 38 26 jag
967 1441 41 19 tro.

249 1466 41 21 Om
306 1467 40 21 den
362 1467 109 27 folkklass,
487 1468 31 21 till
534 1468 63 21 hvars
615 1468 92 21 fromma
723 1474 48 14 man
787 1468 148 26 förnämligast
950 1468 59 20 velat

178 1495 89 26 utvidga
284 1495 130 27 rättigheten
430 1496 32 21 till
478 1496 111 27 styckning
604 1497 22 21 af
637 1496 56 27 jord,
709 1496 77 21 endast
804 1496 151 27 undantagsvis
968 1496 41 20 blir
