1056 1686
212 113 41 21 146
463 119 25 17 R.
502 124 17 13 0.
531 120 23 16 A.
567 120 53 17 1891.
646 120 11 17 7
669 120 59 17 Febr.

776 239 70 22 Bilaga
857 239 48 18 Litt.
917 239 23 19 A.

181 370 215 50 Beskrifning
431 371 89 39 öfver
554 370 271 47 remontarbeten,
855 384 66 27 som
955 372 52 38 ut

276 424 87 40 förts
384 424 13 40 i
419 423 391 49 Riddarhusbyggnaden
833 426 76 38 åren

489 477 216 40 1889—1890.

306 594 90 32 Bilaga
414 594 39 24 till
471 594 307 25 Riddarhusdirektionens
797 594 138 24 Berättelse.

208 661 6 28 I
234 661 265 34 Riddarhusbyggnaden
519 661 70 28 hafva
607 662 72 27 under
697 660 58 29 åren
773 661 61 29 1889
853 662 43 28 och
914 661 61 28 1890

385 701 102 34 följande
506 701 97 28 arbeten
623 701 72 28 blifvit
714 701 108 28 utförda:

496 792 43 27 På
557 792 125 27 vinden:

248 856 74 24 Taket
350 856 63 30 öfver
439 857 65 23 stora
530 856 73 28 salen,
633 864 50 16 som
712 856 120 24 alltsedan
859 856 144 32 byggnaden

176 890 128 32 uppfördes
327 890 126 32 uppburits
481 890 25 24 af
533 892 51 22 åtta
611 890 102 31 stycken
739 890 128 32 hängverk
895 890 35 31 (af
954 890 48 31 trä)

176 924 88 24 hvilka
282 924 125 32 samtidigt
425 925 155 24 understödde
598 927 64 29 yttre
680 924 158 30 vattentaket,
855 925 61 23 hade
927 925 76 23 under

176 960 70 23 årens
266 959 55 31 lopp
339 959 136 31 betänkligt
493 961 48 22 satt
554 959 44 32 sig,
609 959 114 23 hvarföre
737 958 132 25 detsamma
881 959 122 24 särskilda

176 994 92 31 gånger
285 993 83 24 blifvit
385 994 137 30 repareradt
540 993 43 24 och
602 993 71 24 äfven
691 993 89 24 lättadt
806 993 135 32 derigenom
968 995 35 21 att

175 1027 111 32 fyllning
312 1028 77 23 delvis
407 1028 105 24 derifrån
530 1028 134 32 borttagits.
699 1028 13 23 I
730 1027 60 31 följd
809 1028 25 23 af
851 1028 152 24 sistnämnda

176 1062 177 32 omständighet
370 1062 60 24 hade
448 1062 38 24 det
503 1062 66 24 varit
587 1062 95 31 mycket
701 1063 68 23 svårt
789 1064 35 22 att
838 1062 85 24 kunna
934 1062 69 23 hålla

176 1096 68 24 salen
263 1104 75 16 varm.
379 1096 44 24 Vid
441 1104 28 15 en
487 1100 28 26 aj
532 1096 175 24 undertecknad
731 1096 118 24 verkstäld
873 1096 128 30 beräkning

176 1129 31 31 af
222 1131 44 22 den
282 1130 82 31 gamla
382 1130 232 24 träkonstruktionen
633 1130 78 23 visade
727 1130 38 23 det
778 1130 36 30 sig
830 1131 34 22 att
878 1130 123 23 konstruk-

176 1165 78 22 tionen
273 1172 45 15 var
335 1164 86 31 mycket
439 1163 40 31 för
495 1172 57 23 svag
570 1167 39 28 för
631 1166 35 22 att
688 1164 54 23 med
763 1164 108 31 tillbörlig
896 1164 107 23 säkerhet

175 1198 83 23 kunna
277 1199 109 30 uppbära
403 1199 26 22 de
448 1199 166 30 belastningar,
633 1206 49 16 som
699 1198 34 31 på
762 1199 138 22 densamma
925 1198 77 23 kunde

175 1232 185 31 trågakomma.
396 1233 55 24 Med
478 1233 132 32 anledning
638 1233 71 24 häraf
736 1233 107 30 utbyttes
871 1233 27 23 de
921 1232 82 33 gamla

174 1267 198 32 trähängverken
390 1267 52 24 med
465 1275 50 23 nya
541 1267 330 24 fackverkskonstruktioner
899 1267 25 23 af
949 1267 54 31 jern

174 1301 146 24 tillverkade
346 1301 44 24 hos
413 1301 88 24 firman
526 1301 108 24 Harkort
660 1302 8 23 i
691 1301 132 32 Duisburg.
858 1301 77 24 Dessa
953 1309 50 22 nya

174 1335 119 24 fackverk
319 1335 183 24 konstruerades
531 1337 27 22 så
585 1336 91 30 starka,
695 1338 36 21 att
754 1336 127 30 desamma,
899 1335 102 24 förutom

174 1369 45 24 den
237 1371 65 29 yttre
328 1369 250 31 takkonstruktionen,
604 1370 77 24 förmå
710 1370 108 31 uppbära
845 1369 80 24 salens
953 1369 50 30 tak,

174 1411 51 16 som
243 1411 102 16 numera
364 1404 98 23 erhållit
479 1404 116 24 förstärkt
613 1405 111 31 fyllning
742 1404 43 23 och
804 1404 154 23 brandbotten
978 1403 25 23 af

173 1438 80 31 ihålig
282 1438 68 32 tegel.
386 1438 50 24 Vid
462 1438 145 32 fullständig
637 1438 141 32 belastning
805 1438 102 24 äverkas
937 1438 64 30 jern-

172 1472 216 24 konstruktionens
406 1472 107 24 bommar
531 1472 43 24 och
593 1472 141 32 diagonaler
753 1474 63 22 samt
838 1475 55 29 stag
920 1472 25 23 af
971 1479 31 17 en

172 1506 145 32 päkänning
335 1507 138 31 uppgående
491 1507 39 23 till
549 1507 71 31 högst
639 1508 48 23 750
706 1507 40 31 kg.
765 1514 42 24 pro
830 1506 46 24 cm?
897 1506 31 24 dä
949 1506 49 24 lod-
