1056 1686
205 110 43 22 480
455 116 24 17 R.
493 120 17 13 o.
522 116 23 17 A.
557 116 54 17 1891.
631 116 23 17 19
666 116 63 17 Mars.

176 195 49 26 jord
248 195 72 21 kunde
343 195 49 21 leda
411 195 32 21 till
458 201 25 15 en
499 195 72 21 alltför
587 197 46 20 stor
649 195 107 28 splittring
771 195 24 21 af
805 195 180 27 jordegendomen
1000 195 4 20 i

182 223 80 22 landet.
292 223 41 27 Jag
349 229 63 16 anser
427 224 111 27 nämligen,
557 224 90 21 oaktadt
659 224 37 27 jag
711 223 69 22 finner
795 224 36 21 det
845 229 52 15 vara
911 229 26 14 en
952 229 52 21 myc-

184 251 38 22 ket
238 253 46 20 stor
298 251 70 22 fördel
383 252 245 27 att'jordegareklassen
644 253 6 20 i
663 252 74 21 landet
749 252 31 21 till
793 252 82 21 antalet
887 251 58 26 ökas,
954 251 50 22 dock

180 286 27 14 en
230 279 74 21 alltför
327 280 60 26 långt
408 280 81 26 gången
505 281 85 26 delning
605 282 22 19 at
643 281 40 20 den
699 280 57 21 fasta
771 281 130 25 egendomen
915 279 72 21 kunna
1002 280 3 20 i

182 307 51 23 flere
256 308 115 21 afseenden
394 308 63 21 hafva
479 309 81 21 mindre
575 309 57 26 goda
647 308 82 27 följder.
761 308 41 26 Jag
816 308 85 21 befarar
915 308 46 21 icke
976 309 29 19 ati

182 342 77 26 genom
276 336 52 22 aftal
343 337 56 21 inter
413 337 58 21 vivos
486 343 49 15 man
550 337 55 21 skall
618 337 73 21 skrida
703 337 33 21 till
747 343 25 15 en
783 336 66 22 sådan
862 336 143 27 söndersplitt-

183 365 48 33 ring
253 364 24 22 af
294 365 186 27 jordegendomen,
503 372 48 14 men
566 366 56 20 hvad
637 372 46 14 som
699 366 97 20 deremot
810 365 43 21 kan
867 365 50 21 leda
931 364 70 22 dertill

184 394 25 20 är
224 394 41 20 den
282 395 50 24 rätt,
348 400 45 14 som
409 394 40 20 den
464 400 41 20 nya
519 394 152 32 författningen
686 394 7 21 i
710 394 27 21 14
752 394 11 25 $
779 394 80 20 tillåter
873 393 95 32 arfvinge
977 395 28 19 at!

183 422 35 20 vid
242 410 131 44 arfsdelning
395 422 138 26 ovilkorligen
556 422 21 21 fä
599 423 31 20 sin
646 422 41 21 lott
701 422 32 21 uti
749 422 41 21 den
806 422 77 21 honom
886 417 15 36 i
920 421 35 21 arf
968 422 37 20 till-

182 450 67 20 fallna
263 450 77 26 jorden
355 450 21 21 in
392 453 77 18 natura
483 451 108 24 utbruten,
609 450 85 22 hvilken
710 452 45 19 rätt
772 450 107 26 arfvingar
893 450 59 21 förut
961 450 44 21 icke

182 478 63 26 hade,
268 478 74 21 såvida
364 479 121 26 derigenom
508 479 40 21 den
563 479 104 21 utbrutna
682 479 62 21 delen
759 479 46 21 icke
821 478 134 22 motsvarade
970 478 35 21 vil-

182 506 67 22 koren
272 507 33 21 för
328 507 134 26 lägenheters
485 507 144 27 sjelfbestånd.
660 508 43 20 Det
725 509 24 19 är
764 508 106 25 nämligen
885 507 76 26 tydligt
976 508 29 20 att

182 541 34 15 om
240 541 26 15 en
282 535 100 26 lägenhet
395 536 39 26 går
449 536 6 20 i
470 535 35 21 arf
518 542 75 20 genom
609 536 51 20 flere
675 536 150 26 generationer
841 535 39 21 och
896 535 61 21 alltid
973 535 32 21 de-

181 563 32 20 las
230 563 91 20 emellan
337 563 139 27 arfvingarne,
492 564 86 21 delarne
594 564 99 26 slutligen
709 563 68 22 måste
793 563 65 22 blifva
873 563 23 21 så
911 563 52 25 små,
976 564 29 20 att

181 591 67 26 något
264 591 143 27 sjelfständigt
419 591 104 28 jordbruk
538 592 47 21 icke
601 592 52 21 derå
667 593 42 20 kan
725 591 86 22 drifvas.
837 592 75 21 Denna
919 591 86 27 farhåga

178 619 70 27 gäller
274 620 54 21 dock
344 620 75 21 endast
435 621 111 26 arfvejord,
563 621 89 20 emedan
668 621 49 20 med
733 620 100 21 afseende
848 620 13 21 å
876 627 69 14 annan
959 620 46 27 jord

180 648 11 21 å
217 648 74 21 landet
311 649 128 26 jordegaren
461 649 40 20 har
516 651 44 18 rätt
575 651 33 18 att
623 655 76 20 genom
715 649 188 21 testamentariska
919 649 86 26 disposi-

179 677 71 20 tioner
272 677 133 20 förekomma
421 683 25 14 en
461 677 58 26 dylik
535 677 144 21 eventualitet.
710 677 49 21 Med
775 677 99 21 afseende
889 677 54 21 härå
958 683 48 15 vore

180 705 36 20 det
240 705 64 26 högst
326 705 75 26 vigtigt
423 707 32 19 att
477 705 36 22 det
535 706 159 26 önskningsmål
716 705 106 21 utskottet
844 705 39 21 här
897 705 109 27 uppställt,

180 733 108 26 nämligen
312 735 32 19 att
366 733 217 22 testamentsfriheten
606 734 67 21 skulle
689 734 122 21 utsträckas
826 734 32 21 till
873 733 107 27 arfvejord
995 733 11 21 å

179 761 82 26 landet,
286 761 64 22 också
365 761 68 22 blefve
449 763 6 20 i
470 769 26 14 en
511 769 50 14 snar
576 762 88 21 framtid
679 762 134 21 realiseradt.
842 763 41 26 Jag
899 764 22 19 är
937 762 69 21 derför

180 787 131 30 fullkomligt
326 796 50 15 evse
391 791 48 20 med
454 791 105 20 utskottet
574 791 7 20 i
597 791 69 20 denna
681 791 42 20 del.

250 819 63 20 Hvad
329 819 65 20 sedan
409 818 100 21 beträftar
525 819 143 26 bördsrätten,
685 819 24 21 så
725 821 24 19 är
765 819 36 21 det
815 819 34 20 väl
865 821 48 19 sant
928 820 33 20 att
977 820 29 19 ett

179 846 152 26 upphäfvande
353 846 23 21 af
397 847 68 21 denna
487 847 107 21 måhända
616 847 46 21 icke
685 847 134 21 omedelbart
834 847 68 21 skulle
917 846 90 22 föranle-

180 875 38 20 das
241 874 24 21 af
284 875 161 27 ifrågavarande
467 876 131 26 författning,
621 877 22 25 ty
659 882 33 14 om
709 876 66 21 också
790 876 147 20 bördsrättens
952 875 55 21 utöf-

180 903 50 26 ning
253 903 7 21 i
281 904 57 20 vissa
360 904 36 20 fall
419 904 106 26 verkligen
542 904 41 20 kan
599 904 48 21 leda
662 904 32 21 till
710 904 107 26 splittring
833 904 23 21 af
867 903 140 27 jordegendo-

180 937 55 19 men,
260 932 23 20 så
305 932 42 20 kan
366 932 122 26 utöfningen
509 932 22 21 af
553 938 80 15 samma
658 932 104 27 rättighet
785 933 6 20 i
813 932 66 21 andra
901 932 37 21 fall
962 932 45 21 åter

180 961 79 25 utgöra
282 962 31 19 ett
336 960 68 21 medel
427 962 31 19 att
481 960 154 22 sammanhålla
655 961 131 27 egendomen
805 961 27 26 på
848 966 25 15 en
889 960 64 26 hand,
969 960 38 21 och

180 988 41 21 den
237 989 78 20 verkar
331 988 82 22 således
431 989 22 21 åt
468 988 55 22 båda
538 989 64 21 sidor.
633 989 49 21 Men
698 990 6 20 i
720 991 31 19 ett
767 989 98 21 afseende
881 989 39 21 har
935 988 72 21 börds-

180 1018 72 19 rätten
268 1019 32 19 ett
316 1017 131 21 omedelbart
463 1018 152 26 sammanhang
630 1018 47 20 med
695 1018 69 20 denna
779 1018 131 26 författning,
922 1017 40 21 och
973 1017 34 20 det

180 1046 25 19 är
221 1045 123 27 derigenom
360 1048 32 18 att
407 1046 69 20 såsom
493 1046 24 20 15
533 1047 12 25 &
561 1046 6 20 i
583 1045 241 27 författningsförslaget
839 1046 124 24 innehåller,
972 1044 35 22 nä-

180 1079 42 20 gon
238 1073 112 22 bördsrätt
364 1074 46 21 icke
426 1080 49 20 eger
489 1080 47 15 rum
553 1074 32 21 till
598 1074 161 27 jordparceller.
783 1074 33 21 Då
831 1080 29 15 nu
871 1074 89 21 sålunda
968 1074 39 20 den

181 1101 71 21 såsom
268 1102 79 26 parcell
363 1102 127 22 afsöndrade
504 1102 75 27 jorden
594 1102 131 22 härutinnan
740 1104 25 20 är
779 1103 74 26 tillagd
869 1109 26 15 en
909 1103 42 20 viss
967 1102 40 21 för-

180 1129 50 21 mån
246 1130 49 21 med
310 1130 98 21 afseende
424 1130 12 21 å
452 1131 159 26 eganderätten,
627 1137 45 14 som
689 1131 46 20 icke
752 1131 129 20 tillkommer
889 1131 56 26 jord,
954 1130 53 21 hvil-

180 1157 42 22 ken
238 1158 124 21 innehafves
378 1159 69 21 såsom
463 1159 164 26 sjelfbestående
643 1159 108 26 lägenhet,
767 1159 24 21 så
805 1159 72 21 kunde
888 1159 59 21 detta
958 1159 49 26 möj-

180 1186 57 27 ligen
253 1187 111 21 föranleda
380 1189 30 19 ett
425 1187 76 21 sådant
515 1187 108 21 missbruk
638 1190 32 18 att
689 1188 48 25 den,
753 1193 45 15 som
814 1188 36 20 vill
866 1187 65 21 blifva
947 1193 60 20 egare

181 1215 33 20 till
230 1217 32 19 ett
277 1215 73 26 stycke
363 1215 48 26 jord
427 1215 28 27 på
471 1215 78 26 landet,
565 1215 34 21 för
613 1217 33 20 att
661 1215 68 22 blifva
743 1216 27 21 fri
785 1215 46 22 från
848 1216 40 21 den
898 1215 109 21 inskränk-

181 1243 51 26 ning
253 1244 7 20 i
282 1244 159 26 eganderätten,
462 1250 44 15 som
524 1244 136 21 bördsrätten
676 1244 91 26 medför,
783 1244 68 21 skulle
867 1244 96 26 begagna
979 1243 29 27 sig

181 1271 23 20 af
227 1272 71 21 denna
320 1272 102 27 rättighet
443 1274 32 19 att
497 1272 124 27 parcellera,
637 1273 57 21 helst
709 1272 62 21 äfven
787 1273 67 20 andra
869 1272 94 21 fördelar
979 1271 29 22 åt-

182 1299 52 27 följa
259 1301 69 20 denna
348 1300 54 21 form
425 1300 23 21 af
467 1301 170 26 jordbesittning.
667 1301 44 20 Det
734 1301 71 21 kunde
820 1301 82 21 således
918 1299 90 26 inträffa,

182 1329 34 20 att
238 1328 163 27 ifrågavarande
417 1329 157 26 omständighet
590 1329 67 21 skulle
673 1329 50 22 leda
738 1329 33 21 till
787 1331 31 19 ett
833 1329 140 21 användande
989 1329 19 20 af

181 1357 190 25 parcellinstitutet
394 1357 62 21 också
478 1357 7 21 i
507 1357 81 21 sådana
603 1357 44 27 fall,
663 1357 34 21 för
713 1357 72 21 hvilka
800 1358 59 20 detta
875 1358 46 20 icke
937 1359 24 19 är
977 1356 31 21 af-

182 1384 54 21 sedt.
268 1385 48 21 Med
340 1385 97 21 afseende
455 1385 12 21 å
483 1386 61 20 dessa
559 1386 190 26 omständigheter,
765 1386 40 20 och
821 1385 27 21 då
863 1386 73 20 härtill
952 1387 56 19 ännu

182 1412 98 22 kommer
296 1415 32 19 att
343 1413 136 21 bördsrätten
495 1414 22 20 af
531 1414 36 20 det
583 1414 108 21 allmänna
704 1414 205 21 rättsmedvetandet
919 1414 7 20 i
938 1413 70 21 landet

183 1440 131 22 åtminstone
330 1441 64 21 bland
410 1444 78 18 största
503 1442 60 20 delen
580 1442 23 20 af
610 1442 150 26 befolkningen
769 1436 18 37 är
798 1443 10 19 i
816 1442 81 26 princip
914 1442 95 25 utdömd,

183 1468 69 22 skulle
276 1469 37 27 jag
335 1470 34 20 för
384 1470 43 21 min
443 1470 34 21 del
491 1470 88 21 förorda
593 1470 242 22 utskottsbetänkandet
851 1470 64 22 också
931 1470 78 22 beträf-

182 1496 65 22 fande
263 1498 148 22 bördsrättens
426 1498 155 26 upphäfvande.
