1056 1686
329 106 19 16 R
367 109 17 13 o.
397 105 23 18 A.
432 105 53 17 1891.
509 106 23 16 10
545 105 58 17 Febr.
813 105 41 20 199

55 191 77 26 mänga
147 191 44 20 häll
208 191 60 26 höjes
283 197 39 20 rop
338 197 34 15 om
388 193 32 19 att
435 191 159 26 presterskapet
609 197 66 20 egnar
698 191 72 20 alltför
785 191 52 21 liten
852 192 31 21 tid

55 219 23 21 ät
92 219 272 26 undervisningsväsendet.
395 214 18 27 Ä
429 220 67 20 andra
511 220 60 21 sidan
587 219 40 21 har
640 219 37 27 jag
700 219 46 21 äter
768 219 45 22 icke
830 220 54 21 kun-

54 250 44 23 nat,
115 247 69 22 säsom
200 248 150 27 jordbrukare,
367 248 57 27 dölja
438 249 34 20 för
487 249 42 26 mig
545 250 32 19 att
599 248 57 27 goda
671 248 117 27 jordagods
804 248 57 27 ligga
875 249 8 20 i

56 276 110 21 händerna
182 277 27 26 pä
225 282 108 21 personer,
350 283 44 15 som
410 279 52 18 utan
477 279 33 19 att
524 277 118 21 försumma
657 277 38 20 sitt
710 277 107 25 egentliga
832 277 50 25 kall,

56 304 114 27 omöjligen
186 305 72 21 kunna
274 305 113 27 disponera
403 305 59 21 öfver
477 305 95 21 hvarken
588 305 129 26 kunskaper,
734 305 31 21 tid
781 305 51 21 eller
842 305 42 27 häg

54 334 35 20 för
103 334 87 26 jordens
206 335 59 19 rätta
280 334 86 21 skötsel.
390 334 67 20 Dessa
472 336 115 19 motsatser
603 334 64 20 hafva
682 334 99 26 slutligen
793 333 23 21 sä
827 334 56 26 bjert

54 362 116 21 framträdt
184 364 34 19 att
231 362 37 27 jag
282 362 47 22 icke
352 362 81 21 kunnat
456 362 57 21 afstä
531 362 56 21 ifrän
603 364 33 19 att
650 364 53 25 göra
719 362 55 20 hvad
788 362 37 26 jag
840 363 41 21 kan

55 391 33 21 för
105 393 33 19 att
153 390 53 22 räda
220 391 38 21 bot
274 390 34 22 för
324 391 62 21 dessa
401 391 102 21 abnorma
518 391 155 26 förhällanden,
696 390 72 22 hvilka
787 391 94 26 följdrik-

54 420 40 26 tigt
109 419 68 21 mäste
193 420 76 26 bringa
284 419 102 21 förluster
401 420 100 26 antingen
517 420 22 20 ät
555 426 40 14 ena
611 420 52 20 eller
678 420 68 20 andra
761 419 73 21 hället.

123 448 43 20 Det
182 448 39 21 har
236 448 72 21 vidare
323 448 46 22 icke
390 448 81 21 kunnat
492 448 72 27 undgä
585 448 43 26 mig
651 450 32 19 att
705 448 129 26 tidpunkten
849 448 33 22 för

54 477 168 26 genomtörande
238 477 24 21 af
275 484 26 14 en
317 477 78 21 reform
410 478 7 20 i
433 477 75 27 antydt
523 477 121 21 hänseende
665 483 27 14 nu
708 478 25 19 är
748 477 134 26 synnerligen

56 506 93 26 lämplig.
177 505 10 21 I
209 505 39 21 och
271 505 34 21 för
326 506 40 20 den
388 506 107 21 allmänna
517 506 133 26 regleringen
671 505 23 21 af
712 506 170 26 presterskapets

56 534 93 26 atlöning
164 534 39 20 har
218 534 106 26 nämligen
340 534 160 27 presterskapet
520 534 49 26 sjelf
589 534 126 26 uppskattat
738 534 145 22 inkomsterna

54 562 24 21 af
91 563 45 20 sina
153 562 34 21 bol
205 562 39 21 och
260 563 63 20 dessa
338 563 107 26 uppgifter
461 563 63 20 hafva
539 563 114 26 granskats
663 562 24 21 af
695 562 187 27 församlingarnes

54 591 140 20 medlemmar
209 591 39 21 och
265 591 256 27 regleringskomitéerna,
538 592 31 20 uti
585 591 73 21 hvilka
675 591 133 21 sistnämnda
823 592 59 21 såväl

54 619 86 21 erfarna
155 622 89 24 prester,
261 626 44 15 som
322 622 55 22 män,
393 620 104 26 skickliga
512 621 6 20 i
537 620 135 26 jordbruket,
688 620 60 21 alltid
771 620 54 26 tagit
840 620 41 21 del.

55 648 43 21 Det
113 647 113 22 förefinnes
242 648 83 21 således
348 649 28 20 all
400 649 135 20 sannolikhet
557 649 32 20 för
610 650 33 19 att
665 648 26 21 de
711 649 7 20 i
739 649 142 21 komitéernas

53 676 81 27 förslag
150 679 109 24 upptagna
274 677 108 26 uppgifter
397 677 109 26 angående
522 677 147 21 inkomsterna
688 677 47 21 från
758 677 62 21 bolen
843 679 37 20 äro

53 705 111 26 probabla.
194 705 57 21 Från
272 706 170 26 presterskapets
465 707 46 20 sida
535 706 66 21 borde
617 705 65 22 också
698 706 45 21 icke
759 706 69 27 någon
844 713 36 14 an-

54 734 112 26 märkning
182 734 60 21 öfver
257 737 33 18 att
305 735 63 20 bolen
384 737 37 18 äro
437 735 33 20 för
486 735 44 26 lågt
541 735 143 26 uppskattade
700 735 72 20 kunna
787 735 93 24 anföras,

53 762 28 21 då
96 763 7 20 i
119 763 26 20 de
161 762 62 21 flesta
238 763 37 21 fall
291 763 132 21 komitöerna
437 763 128 27 uppskattat
586 763 147 22 inkomsterna
755 763 47 21 trän
818 763 62 21 bolen

54 791 72 26 högre,
142 793 28 18 än
185 791 55 21 hvad
264 792 159 26 presterskapet
443 792 48 26 sjelf
511 792 106 21 beräknat
637 792 39 21 och
701 792 110 27 uppgifvit.
842 793 39 20 Att

56 819 46 21 åter
119 820 62 21 bolen
196 821 7 20 i
219 820 109 21 händerna
344 821 27 25 på
386 827 107 20 personer,
509 821 73 20 hvilka
597 821 135 21 uteslutande
748 826 54 20 egna
817 821 31 26 sig
859 821 22 20 åt

54 848 146 24 landtbruket,
217 848 61 22 skola
292 849 86 21 afkasta
401 855 58 15 mera
475 851 26 19 än
517 849 102 25 komitén,
635 855 45 15 som
702 849 91 26 nödgats
809 851 49 25 taga
873 850 7 20 i

54 876 143 22 betraktande
214 879 32 19 att
261 878 151 26 lägenheterna
427 878 75 20 skötas
517 878 23 21 af
553 878 46 21 icke
619 877 106 26 fackmän,
749 878 81 20 kunnat
845 878 36 20 be-

54 905 73 26 räkna,
144 906 24 20 är
189 906 111 26 sjelfklart.

124 934 39 21 Om
178 934 64 21 alltså
265 935 159 26 presterskapet
445 934 143 22 tillförsäkras
612 935 40 21 den
668 934 100 26 inkomst,
785 941 44 15 som
845 935 35 21 vid

55 962 133 26 regleringen
204 964 116 20 beräknats
335 963 52 27 utgå
402 970 26 14 ur
443 964 70 25 bolen,
531 964 22 20 så
569 964 41 20 kan
627 963 106 27 sjelffallet
749 963 46 21 icke
812 963 69 27 någon

55 991 78 21 förlust
149 991 33 21 för
198 994 111 24 presterna
324 992 135 26 uppkomma,
484 994 51 19 utan
559 992 89 26 uppstår
671 994 92 19 tvärtom
784 992 33 21 för
832 992 47 21 dem

52 1026 26 14 en
95 1020 89 26 lättnad,
201 1021 7 20 i
224 1021 36 21 det
269 1022 33 20 att
317 1027 136 21 omsorgerna
468 1021 34 21 för
517 1020 116 27 någonting
648 1020 34 22 för
693 1021 47 21 dem
752 1020 129 26 fullkomligt

52 1048 132 21 främmande
200 1049 96 21 kommer
312 1052 32 18 att
359 1049 47 21 från
422 1049 47 21 dem
486 1049 91 27 aflyftas,
593 1050 76 20 medan
685 1049 94 21 derefter
794 1050 31 20 tid
841 1050 39 20 och

52 1077 42 27 håg
109 1083 59 15 mera
183 1078 136 21 uteslutande
334 1078 43 21 kan
393 1084 64 20 egnas
473 1078 23 20 åt
511 1080 98 24 prestens
624 1078 107 27 egentliga
747 1078 49 21 kall.

122 1106 42 20 Det
179 1106 131 21 framträder
325 1107 27 20 då
368 1107 40 20 den
423 1106 67 27 fråga,
499 1107 56 20 huru
571 1107 47 20 med
631 1107 62 20 bolen
705 1107 66 20 borde
782 1106 97 27 förfaras,

52 1133 34 21 för
102 1136 32 18 att
150 1134 73 21 dessas
240 1135 63 21 värde
326 1135 46 21 icke
393 1135 69 21 skulle
485 1135 76 26 nedgå,
577 1138 51 18 utan
651 1135 100 26 möjligen
771 1135 54 26 stiga
841 1135 39 21 och

52 1164 32 19 att
99 1163 147 21 inkomsterna
262 1165 20 19 at
299 1164 47 21 dem
362 1164 67 21 skulle
444 1165 81 20 ersätta
540 1164 168 26 presterskapet,
725 1163 55 21 hvad
797 1164 24 21 de
833 1163 47 22 från

52 1191 63 21 bolen
131 1191 95 27 åtnjutit.

121 1220 44 21 Det
180 1220 40 21 har
234 1221 7 20 i
256 1221 48 21 vårt
319 1221 49 20 land
384 1221 46 20 från
447 1221 60 20 äldre
520 1221 55 20 tider
585 1221 80 20 funnits
677 1227 26 14 en
714 1221 166 26 tjenstemanna-

52 1248 47 25 kår,
115 1249 61 20 äfven
200 1250 40 20 den
266 1249 102 26 begåfvad
392 1249 47 21 med
463 1249 112 22 boställen.
609 1249 32 21 En
665 1255 64 20 nyare
752 1249 31 21 tid
805 1249 74 26 gjorde

52 1277 55 20 dock
122 1277 68 21 andra
205 1278 129 27 betingelser
350 1279 78 25 nödiga
443 1277 34 22 för
493 1279 69 20 denna
578 1278 120 21 institution
709 1278 40 21 och
761 1278 118 21 boställena

52 1306 101 26 indrogos
169 1306 32 21 till
217 1313 25 14 en
259 1307 91 21 särskild
365 1307 56 21 fond.
453 1308 39 19 Att
505 1307 37 26 jag
558 1306 56 21 afser
637 1307 156 26 militieverket,
817 1306 62 21 faller

52 1334 41 21 lätt
108 1335 6 20 i
130 1336 89 25 ögonen.
250 1335 68 22 Dessa
340 1335 105 22 boställen
468 1335 101 26 indrogos
591 1335 40 21 och
653 1335 178 21 utarrenderades
851 1335 28 28 på

52 1363 50 26 lång
117 1363 30 21 tid
163 1363 23 21 åt
198 1364 150 27 jordbrukare.
380 1364 41 21 Det
437 1364 43 21 kan
496 1364 33 21 väl
546 1364 18 26 ej
580 1366 66 19 annat
661 1363 80 27 påstås,
757 1365 27 19 än
800 1365 31 19 att
843 1364 36 20 det

51 1391 7 21 i
73 1391 76 27 början
165 1392 38 26 såg
218 1393 72 21 mörkt
305 1395 23 19 ut
344 1393 48 20 med
408 1393 96 20 skötseln
519 1392 24 21 af
557 1393 62 20 dessa
641 1393 133 26 lägenheter,
796 1399 47 14 men
867 1392 12 21 &

51 1420 68 20 andra
131 1420 60 21 sidan
207 1420 42 22 kan
270 1421 36 21 det
328 1422 19 25 ej
370 1420 67 22 heller
459 1421 67 21 nekas
542 1423 39 24 att,
605 1422 65 20 sedan
693 1420 66 21 saken
780 1422 98 20 närmare

51 1448 96 25 ordnats,
160 1449 144 21 förhållandet
327 1450 70 20 blifvit
417 1451 31 19 ett
464 1450 45 20 helt
524 1451 71 19 annat.
629 1449 74 21 Sävidt
725 1449 106 26 nämligen
847 1455 32 15 er-

50 1476 125 22 farenheten
191 1478 47 20 från
254 1478 41 20 den
311 1478 34 21 del
360 1478 24 20 af
405 1478 78 25 landet,
506 1484 45 15 som
573 1478 36 26 jag
631 1478 56 21 varit
709 1478 7 21 i
739 1478 82 20 tillfälle
846 1479 32 19 att

51 1505 120 27 observera,
186 1512 38 20 ger
240 1506 34 21 vid
290 1506 90 26 handen,
396 1506 39 21 har
451 1507 69 21 denna
539 1506 78 22 reform
632 1506 7 21 i
655 1506 42 21 allo
721 1506 88 27 lyckats.
840 1506 39 21 Mi-
