1056 1686
344 81 26 17 R.
383 86 17 12 o.
413 81 22 16 A.
449 81 54 17 1891.
530 81 11 17 7
554 81 59 16 Febr.
841 75 27 21 95

68 163 91 32 förslag
177 163 9 23 i
204 165 86 28 ämnet,
317 164 59 21 utan
394 162 45 24 ock
457 164 35 21 att
510 162 8 23 i
537 161 108 32 enlighet
664 162 52 23 med
734 161 65 24 hvad
817 162 79 23 derom

67 198 82 23 vidare
167 197 79 24 kunde
260 197 25 23 af
296 196 157 24 Direktionen
466 196 145 23 bestämmas
631 196 132 23 öfvervaka
781 196 44 23 och
842 196 54 24 leda

68 233 69 23 dessa
156 232 102 23 arbeten.
294 231 90 24 Genom
402 231 25 23 af
448 230 118 31 Nyström
585 231 8 22 i
612 230 133 32 anledning
762 231 72 23 häraf
852 239 43 15 an-

68 267 61 23 stäld
149 274 47 22 syn
215 265 43 24 och
276 265 140 31 besigtning
435 267 14 21 å
467 265 154 31 byggnaden,
638 265 73 23 hvari
724 265 71 23 äfven
808 265 87 23 under-

67 300 102 24 tecknad
185 299 192 31 Standertskjöld
389 300 31 30 pä
438 299 171 23 Direktionens
622 302 95 28 vägnar
733 299 106 32 deltagit,
857 301 38 21 ut-

67 335 81 23 reddes
168 334 131 24 emellertid
317 334 52 23 med
387 334 48 23 full
452 333 95 24 visshet
566 335 35 21 att
621 333 273 32 hängverkskonstruk-

68 369 110 24 tionerna
196 370 14 22 å
227 368 84 24 husets
333 368 64 30 vind,
425 368 73 23 äfven
517 375 37 16 om
573 368 26 23 de
618 368 143 31 uppkilades
781 368 44 23 och
843 369 51 23 der-

67 404 39 23 till
124 403 104 24 hörande
248 402 175 24 skrufmuttrar
447 402 131 31 tilldroges,
605 402 148 24 fortfarande
771 402 53 24 icke
843 403 52 23 med

67 437 184 32 tillförlitlighet
269 437 80 23 kunde
370 444 71 16 anses
454 444 47 24 nog
520 436 84 24 starka
622 438 35 22 att
675 436 108 32 uppbära
801 436 45 24 den
865 438 30 30 pä

68 473 52 23 dem
138 472 174 24 ankommande
324 471 145 31 belastning,
489 470 168 32 synnerligast
675 471 30 23 dä
724 471 94 30 vinden,
836 472 58 30 jem-

67 507 47 23 likt
132 506 112 32 gällande
264 506 230 32 byggnadsordning
513 505 36 23 för
577 506 83 23 staden
679 505 69 23 borde
767 513 60 16 vara
847 506 48 23 för-

68 542 56 23 sedd
152 541 52 23 med
222 540 156 24 brandbotten
397 540 25 23 af
439 540 132 23 brandfritt
595 540 117 30 material,
732 548 49 15 som
799 540 96 30 ytterli-

67 583 57 24 gare
151 575 92 24 komme
266 577 34 21 att
327 574 53 23 icke
402 574 132 31 obetydligt
561 574 46 23 öka
634 573 175 32 belastningen.
844 574 51 24 Vid

68 610 86 23 sådant
172 609 150 24 förhållande
341 610 90 30 ansågo
451 611 166 28 synemännen
636 609 83 31 nödigt
737 616 60 16 vara
815 611 35 21 att
868 609 27 23 de

67 644 65 24 äldre
150 643 371 32 hängverkskonstruktionerna
539 643 25 24 af
582 646 37 21 trä
639 643 76 24 blefve
734 643 51 23 med
804 643 91 24 sådana

68 679 24 23 af
109 679 53 31 jern
182 681 96 27 ersatta,
297 677 123 24 äfvensom
439 679 35 22 att
495 677 157 24 brandbotten
671 677 25 24 af
713 677 62 32 tegel
793 677 69 24 borde
881 679 14 22 å

67 713 89 24 vinden
176 713 140 31 anbringas.
351 711 55 24 Med
427 711 99 31 hänsyn
545 712 39 23 till
603 712 44 23 den
665 712 73 31 ringa
756 711 137 24 hållbarhe-

67 750 39 21 ten
134 747 25 24 af
177 747 44 24 den
240 746 177 30 konstruktion,
436 746 103 24 hvilken
560 747 93 30 uppbar
671 746 67 23 taket
765 746 65 23 öfver
849 747 44 23 hu-

68 784 56 31 sets
132 783 64 22 stora
214 782 194 30 trappuppgång,
427 780 101 24 befanns
548 781 75 31 sagda
641 781 170 23 konstruktion
831 781 62 23 lika-

67 816 63 24 ledes
153 816 57 23 böra
228 818 60 21 emot
306 823 34 22 ny
362 815 75 24 sådan
456 815 25 23 af
499 815 52 31 jern
570 815 105 30 utbytas.
711 815 78 24 Sedan
807 815 87 24 Direk-

67 850 81 24 tionen
166 852 31 29 på
210 850 70 23 dessa
292 849 54 24 skäl
365 851 63 21 samt
441 849 60 23 efter
519 849 142 31 ytterligare
680 849 215 32 öfverläggningar

67 884 9 23 i
94 886 80 22 ämnet
192 884 52 23 med
262 883 144 24 Arkitekten
424 883 118 31 Nyström
565 886 56 21 trott
643 884 39 31 sig
700 884 53 23 bäst
771 884 124 31 tillgodose

67 918 69 24 Ridd.
163 918 44 24 och
225 918 92 24 Adelns
336 918 103 23 intresse
457 926 84 23 genom
561 920 35 21 att
618 926 34 15 nu
671 918 84 24 skrida
775 918 39 24 till
832 918 62 24 utfö-

67 954 73 22 rande
168 953 25 23 af
219 953 38 23 det
275 952 73 24 redan
368 952 40 24 vid
438 952 65 24 1877
523 954 40 22 års
584 952 117 32 landtdag
720 952 93 31 väckta,
841 961 54 15 men

67 988 79 23 hittils
174 987 114 23 beroende
312 987 107 23 lemnade
447 986 116 32 förslaget
581 989 35 21 att
643 987 97 31 ombyta
758 987 49 23 alla
834 988 60 22 före-

66 1022 106 23 nämnda
189 1021 235 24 träkonstruktioner
442 1023 61 21 emot
521 1022 52 30 jern
592 1022 92 23 sådana
702 1024 63 21 samt
777 1022 63 30 förty
859 1022 36 23 äf-

68 1064 46 16 ven
141 1056 8 23 i
178 1056 107 31 enlighet
309 1056 98 23 härmed
425 1055 72 24 fattat
518 1055 85 31 beslut,
630 1056 122 31 uppdrogs
779 1056 116 30 Nyström

67 1092 35 22 att
119 1092 109 30 uppgöra
245 1090 89 32 nödiga
351 1090 124 31 ritningar
493 1090 43 23 och
555 1090 210 32 kostnadsförslag
777 1090 69 24 såväl
859 1090 36 24 för

67 1125 64 23 detta
158 1125 85 29 arbete,
271 1132 50 16 som
340 1124 123 31 angående
493 1124 24 31 1)
539 1124 94 30 ombyte
659 1124 25 24 af
703 1124 114 32 samtliga
843 1125 52 23 utaf

67 1161 52 21 röta
132 1159 120 31 angripna
267 1167 72 15 vasar
352 1159 8 22 i
374 1159 157 31 byggnaden;
546 1158 25 31 2)
585 1158 167 24 förstärkande
765 1159 38 23 till
817 1159 78 30 skydd

68 1195 48 21 mot
140 1193 91 23 eldfara
251 1193 44 23 och
314 1193 95 30 inbrott,
429 1193 25 23 af
472 1193 92 32 golfvet
591 1193 44 23 och
652 1196 125 29 väggarne
796 1193 35 24 uti
858 1193 37 24 det

68 1235 44 16 ena
139 1227 25 24 af
189 1227 119 24 hvalfven
334 1227 36 24 uti
397 1227 45 24 den
469 1227 40 24 till
527 1227 156 24 Direktionen
702 1227 37 24 för
766 1227 128 24 Städernas

67 1261 134 24 Allmänna
213 1261 221 32 Brandstodsbolag
447 1261 116 31 förhyrda
576 1261 66 24 lokal
661 1264 64 21 samt
743 1262 152 31 afhjelpande

68 1296 24 23 af
110 1296 45 23 den
173 1296 130 23 märkbara
326 1295 154 32 sänkningen
499 1296 25 23 af
541 1295 73 24 taken
633 1296 8 23 i
659 1304 110 16 rummen
787 1298 108 22 närmast

68 1332 62 22 öster
158 1331 44 23 och
220 1332 79 22 vester
318 1338 37 16 om
382 1330 83 23 husets
485 1333 65 21 stora
568 1331 119 30 vestibul;
717 1330 25 31 3)
761 1331 134 23 ersättande

68 1364 27 24 af
122 1365 27 23 de
166 1365 72 32 längs
257 1365 106 23 nämnda
381 1365 118 23 vestibuls
519 1367 64 21 östra
607 1365 44 24 och
669 1367 82 22 vestra
769 1367 64 30 vägg
852 1372 43 16 an-

67 1399 86 31 bragta
170 1401 170 29 trätrapporna
357 1399 52 23 med
427 1401 100 29 trappor
551 1399 24 23 af
594 1401 64 28 sten;
687 1399 25 30 4)
731 1399 165 31 borttagandet

68 1433 25 23 af
111 1433 123 24 eldstaden
246 1433 56 23 frän
320 1433 38 23 det
376 1432 36 24 för
425 1432 144 24 förvarande
587 1433 26 24 af
624 1433 167 24 riddarhusets
809 1433 85 24 kassa-

69 1467 61 32 skäp
148 1467 140 25 Riddarhus
316 1467 157 24 Direktionen
500 1468 152 23 förbehällna
683 1468 111 23 hvalfvet
821 1468 75 23 under
