1056 1686
207 111 43 20 498
457 115 25 17 R.
495 120 17 13 o.
525 116 22 17 A.
560 116 55 17 1891.
639 116 23 16 19
673 115 62 17 Mars.

252 195 74 21 vinner
342 195 40 26 nej,
398 195 40 20 har
453 195 25 21 R.
495 201 19 15 o.
529 195 26 21 A.
571 195 83 26 antagit
666 194 159 22 reservationen
835 194 48 21 med
896 193 51 22 eller
957 196 44 19 uta

181 223 83 27 tillägg.

251 279 64 27 Prop.
332 279 129 21 besvarades
476 279 48 21 med
540 279 155 27 öfvervägande
709 279 30 27 ja,
755 279 86 21 hvarför
856 280 25 20 R.
890 285 19 15 o.
921 279 24 21 A.
955 279 47 21 had

181 308 97 21 beslutat
293 309 33 19 att
341 308 113 26 godkänna
470 308 116 21 utskottets
601 308 143 21 betänkande.

252 364 10 21 I
279 364 105 22 anseende
403 364 32 21 till
451 364 41 22 den
504 364 145 22 framskridna
665 364 58 22 tiden
738 364 82 22 afbröts
835 370 29 16 nu
879 364 86 26 plenum
980 364 22 21 kl

182 393 13 21 3
211 392 28 27 pä
256 393 68 27 dagen
339 393 33 21 för
388 394 32 20 att
435 393 112 21 fortsättas
562 393 28 21 kl.
608 394 47 25 1/,7
672 400 17 14 e.
706 399 28 15 m.

392 571 117 24 Samma
527 571 56 31 dag
601 571 36 24 kl.
657 575 52 26 1/,7
729 579 22 16 €.
771 578 36 17 m.

473 636 96 24 Allmänna
585 637 133 23 läraremöten.

253 693 34 20 Då
310 699 27 14 nu
360 693 111 27 föredrogs
493 693 173 22 Presteständets
689 693 119 27 bordlagda
830 693 127 26 inhbjudning
979 693 28 21 till

184 721 142 21 Medständen
348 723 32 20 att
402 722 74 21 förena
495 722 31 27 sig
541 723 6 20 i
563 722 172 21 Presteständets
750 722 71 21 beslut
836 722 35 21 vid
886 721 121 21 behandlin-

183 756 40 19 gen
239 749 24 21 af
277 750 113 21 Allmänna
405 751 207 20 Besvärsutskottets
621 751 135 21 betänkande
768 751 39 20 N:o
821 751 12 20 3
847 750 110 27 angående
966 749 42 22 häl-

183 778 63 21 lande
263 777 24 22 af
300 779 107 20 allmänna
423 779 143 21 läraremöten
581 779 62 21 hvart
659 779 68 26 tredje
743 779 25 21 år
783 779 48 26 (sid.
847 779 65 26 428);

253 846 68 20 utbad
337 846 31 26 sig

253 902 57 21 Frih.
334 903 24 21 R.
382 903 24 21 A.
428 903 97 21 Wrede
541 904 62 20 ordet
619 904 39 20 och
673 903 98 27 yttrade:
802 903 43 21 För
860 903 43 21 min
919 903 34 20 del
969 902 41 21 kan

181 930 37 27 jag
241 931 48 21 icke
312 931 107 27 tillstyrka
443 931 59 21 bifall
524 932 33 20 till
580 932 172 21 Presteständets
776 932 125 26 inbjudning
921 932 8 20 i
943 931 67 21 denna

183 959 67 26 fräga,
267 961 53 19 utan
335 960 81 26 nödgas
432 961 91 20 tvärtom
539 960 78 21 föreslä
633 960 68 27 afslag
717 960 27 26 pä
760 960 130 21 densamma.
915 960 31 20 De
958 960 53 25 skäl,

183 994 46 14 som
252 988 126 21 föranledde
401 988 24 21 R.
442 995 19 14 o.
477 989 24 20 A.
517 990 32 20 att
564 988 73 27 afböja
651 988 163 27 ifrägavarande
829 988 182 27 petitionsmemo-

182 1016 48 25 rial,
246 1016 116 22 framlades
377 1017 66 21 redan
459 1017 34 21 vid
508 1017 85 27 frågans
609 1018 91 26 tidigare
717 1017 129 27 behandling
861 1017 7 21 i
884 1016 90 22 Ständet
990 1016 21 21 sä

154 1050 3 2 *
183 1044 137 28 fullständigt
335 1045 39 21 och
390 1046 158 26 öfvertygande,
565 1048 32 18 att
612 1046 73 21 dervid
700 1046 47 20 icke
763 1048 24 18 är
797 1045 66 27 något
873 1047 33 19 att
919 1046 92 26 tillägga.

183 1073 77 21 Denna
283 1074 102 26 landtdag
407 1074 45 26 har,
477 1074 69 21 såsom
569 1074 50 21 flere
635 1074 128 26 föregående
779 1074 134 26 landtdagar,
929 1076 43 18 sett
987 1080 25 14 en

183 1102 79 26 mängd
286 1102 161 26 skolpetitioner
469 1103 107 21 inkomma
598 1103 32 21 till
646 1102 127 22 Ständerna.
804 1103 39 20 Att
858 1104 32 19 ett
906 1104 55 19 stort
977 1108 35 15 an-

186 1130 30 20 tal
232 1130 118 26 petitioner
365 1130 28 27 pä
408 1130 159 21 skolväsendets
583 1131 87 21 omräde
686 1131 35 20 vid
737 1131 156 26 landtdagarna
909 1130 104 21 förekom-

184 1158 44 24 mit,
238 1159 72 20 kunde
326 1158 64 21 hafva
405 1159 46 20 skäl
467 1159 33 20 för
519 1159 31 26 sig
565 1159 67 22 under
648 1166 25 14 en
689 1159 91 26 tidigare
795 1159 83 26 period,
894 1159 28 20 dä
937 1159 76 20 intres-

184 1189 33 18 set
232 1187 34 20 för
282 1187 150 26 förändringar
447 1187 28 26 pä
490 1187 159 22 skolväsendets
665 1187 87 22 omräde
764 1194 37 14 var
812 1187 134 27 synnerligen
960 1188 53 20 stort

184 1215 40 21 hos
246 1215 151 27 allmänheten,
418 1216 39 21 och
481 1216 26 21 då
523 1216 107 21 dessutom
647 1217 62 20 dessa
725 1216 114 26 petitioner
855 1216 62 26 gäfvo
934 1217 31 20 ett
980 1217 33 19 ut-

184 1243 62 27 tryck
270 1244 33 21 för
326 1244 25 21 de
370 1250 107 21 program,
493 1251 44 14 som
553 1245 106 20 särskilda
674 1246 81 25 partier
771 1245 39 20 och
825 1245 189 26 meningsgrupper

184 1273 122 26 uppställde
330 1273 27 26 pä
373 1273 59 20 detta
454 1273 81 21 omäde.
565 1273 50 21 Men
631 1273 69 21 denna
716 1273 37 24 tid,
771 1273 26 20 dä
813 1273 72 26 dylika
899 1273 115 26 petitioner

186 1301 72 20 kunde
275 1301 63 20 hafva
354 1301 37 21 sitt
406 1301 147 27 berättigande
569 1302 39 21 och
623 1302 88 26 päkalla
726 1303 31 20 ett
773 1301 89 21 allmänt
877 1301 96 25 intresse,
990 1302 24 19 är

185 1329 67 21 redan
268 1329 62 21 förbi.
362 1329 39 21 Om
417 1336 48 14 man
481 1331 36 20 det
532 1330 90 21 oaktadt
636 1331 33 20 för
684 1331 135 20 närvarande
835 1330 102 21 besvärar
952 1329 61 21 Stän-

184 1357 67 21 derna
275 1358 47 21 med
348 1364 26 15 en
390 1359 77 25 mängd
482 1359 114 26 petitioner
611 1359 6 20 i
633 1358 126 27 skolfrägor,
776 1358 72 21 hvilka
864 1358 101 27 derjemte
982 1357 33 21 till

184 1387 46 19 stor
246 1386 35 20 del
297 1388 37 18 äro
351 1386 22 20 af
387 1387 40 20 den
442 1387 152 24 beskaffenhet,
604 1389 32 19 att
645 1388 25 20 de
680 1387 6 20 i
696 1387 39 21 och
744 1387 34 20 för
787 1387 31 26 sig
833 1387 47 20 icke
896 1386 68 21 skulle
977 1386 38 26 pä-

185 1414 58 20 kalla
260 1414 70 26 nägon
346 1415 129 21 medverkan
497 1414 46 22 frän
559 1415 131 21 Ständernas
706 1415 52 26 sida,
774 1415 24 21 sä
813 1415 114 26 föreligger
942 1414 73 21 häruti

184 1442 67 26 enligt
268 1443 43 20 min
327 1442 136 28 uppfattning
479 1445 30 19 ett
524 1444 107 20 missbruk
646 1444 23 20 af
682 1444 181 26 petitionsrätten.
894 1443 73 21 Skulle
979 1443 36 21 det

183 1470 53 21 falla
251 1471 85 21 landets
351 1474 171 24 representanter
537 1472 20 20 in
573 1474 33 19 att
621 1472 64 21 ocksä
703 1472 43 21 lika
761 1472 63 26 flitigt
839 1472 96 26 begagna
951 1472 32 26 sig
993 1470 23 21 af

183 1499 176 27 petitionsrätten
382 1500 28 26 pä
427 1501 68 21 andra
512 1500 107 27 omräden,
636 1501 69 21 skulle
721 1501 156 26 petitionernas
893 1501 59 20 antal
967 1500 47 21 icke
