1056 1686
314 113 23 17 R.
351 118 17 12 o.
380 113 23 17 A.
417 114 54 16 1891.
498 114 23 17 10
533 113 57 17 Febr.
795 109 39 20 211

421 194 12 25 8
449 193 35 21 21.

108 231 18 27 Ä
150 237 134 27 embetsgärd
307 237 95 27 befintlig
425 238 103 27 trädgård
551 239 54 20 skall
624 239 191 21 boställshafvaren
830 239 34 21 väl

39 266 66 21 värda
125 266 38 21 och
178 266 159 21 vidmakthälla.

108 294 82 21 Saknas
213 294 12 21 å
244 295 66 26 dylikt
326 295 91 21 boställe
433 295 110 26 trädgård,
560 295 39 21 bör
615 295 198 27 boställshafvaren,
830 302 34 15 om

39 323 36 21 det
90 324 48 20 med
154 323 67 21 fördel
237 323 41 21 kan
295 323 43 27 ske,
355 324 66 20 sädan
437 324 97 26 anlägga.

421 403 10 27 s
448 404 34 20 22.

107 449 62 21 Hvad
191 449 90 21 boställe
304 448 73 21 tillhör
400 448 52 21 eller
474 448 47 21 frän
542 449 47 21 dess
605 455 51 20 egor
671 451 24 19 är
710 449 96 21 hemtadt
822 449 39 21 och

37 478 46 20 icke
99 478 42 20 kan
160 478 32 20 till
208 477 48 21 dess
271 477 67 27 ärliga
353 477 125 26 afkastning
493 478 85 23 räknas,
595 477 33 21 mä
640 477 191 22 boställshafvaren
843 478 18 26 ej

37 506 94 21 afhända
147 506 62 21 bolet.
236 506 78 21 Gödsel
330 506 32 20 fär
378 506 46 20 icke
441 506 109 21 bortföras
565 506 46 20 frän
628 506 96 24 boställe,
740 506 31 21 till
781 506 81 21 hvilket

40 536 54 20 höra
109 534 80 21 sädana
204 541 57 20 egor,
277 536 31 19 att
324 534 87 26 gödseln
428 534 34 21 för
478 535 62 20 deras
556 534 55 21 bruk
626 535 42 20 kan
684 535 111 27 begagnas.

106 563 42 21 Vill
171 563 107 21 afträdare
299 562 23 21 af
342 563 97 25 boställe,
463 565 40 18 när
525 563 75 26 fardag
615 565 24 18 är
654 563 55 26 inne,
725 563 53 26 sälja
793 563 67 27 foder,

37 591 113 26 hembjude
166 592 36 21 det
218 591 156 21 efterträdaren
390 591 33 20 för
439 591 12 20 &
467 593 60 19 orten
543 591 104 27 gängbart
663 592 48 25 pris.
738 592 66 21 Löser
820 593 40 20 den

37 620 130 21 sistnämnde
183 620 19 27 ej
218 620 124 25 detsamma,
359 626 37 20 ege
412 619 124 22 afträdaren
553 619 97 22 deröfver
665 621 47 20 fritt
727 620 88 26 förfoga.

105 649 76 26 Bryter
196 648 178 21 boställshafvare
395 651 58 18 emot
469 649 55 20 hvad
540 655 28 14 nu
584 651 23 18 är
623 649 68 26 sagdt,
707 649 83 21 straffes
807 649 54 21 efter

36 677 78 21 allmän
130 678 34 26 lag
180 677 39 21 och
234 683 50 15 vare
299 677 74 26 pligtig
388 679 33 18 att
437 677 32 21 till
485 677 278 26 boställsbyggnadskassan
779 678 80 26 utgifva

36 706 118 27 ersättning
169 705 33 22 för
217 706 55 21 hvad
287 706 42 21 han
344 705 48 22 lätit
407 705 47 21 frän
470 706 59 21 bolet
545 706 102 21 bortföra.

409 788 20 29 «
445 791 34 21 23.

103 837 85 20 Allmän
212 836 190 26 stängselförening
429 843 38 19 ege
495 836 176 21 boställshafvare
696 836 46 21 fritt
766 836 91 20 biträda.

34 865 98 26 Hägnad,
155 871 45 14 som
222 865 101 20 bostället
344 865 6 20 i
366 864 99 21 afseende
481 864 13 21 &
510 864 111 21 underhäll
636 864 115 27 tillskiftas,
767 864 53 21 skall
836 864 23 21 af

34 894 78 20 honom
128 894 5 20 i
149 893 99 26 behörigt
263 893 62 22 ständ
340 893 74 21 hällas.
441 894 76 20 Annan
533 893 213 21 öfverenskommelse
763 900 32 14 om
807 894 50 25 häg-

34 922 52 21 nads
101 922 187 26 upprätthällande
304 922 34 20 mä
353 922 41 20 han
409 922 47 20 icke
472 922 50 26 ingä
539 922 34 20 för
588 922 73 26 längre
677 922 36 25 tid,
730 924 26 18 än
768 922 41 20 han
821 922 36 20 bo-

34 951 72 21 stället
121 950 94 21 besitter.

102 979 60 21 Inom
184 979 102 21 boställes
310 978 126 27 egoomräde
459 985 50 15 vare
531 978 176 22 boställshafvare
731 978 18 27 ej
772 978 83 27 skyldig

33 1008 85 26 hägnad
134 1007 62 21 hälla.

102 1036 77 21 Medan
195 1036 124 26 presttjenst
342 1038 24 18 är
381 1036 63 26 ledig,
460 1036 36 20 mä
511 1036 54 20 dock
581 1036 65 20 redan
662 1036 93 20 inrättad
771 1035 84 27 hägnad

33 1064 12 21 ä
61 1064 101 22 bostället
177 1065 46 21 icke
238 1064 109 21 förstöras

372 1160 36 23 V.
438 1159 79 29 Kap.

314 1217 40 22 Om
369 1218 34 27 af
419 1218 39 21 och
474 1217 103 21 tillträde.

412 1276 10 25 s
439 1275 33 20 24.

101 1321 93 21 Boställe
216 1321 29 21 af-
264 1321 39 21 och
321 1321 105 21 tillträdes
442 1320 13 21 &
470 1320 32 21 tid
518 1320 39 21 och
572 1320 7 21 i
595 1320 40 21 den
651 1319 95 26 ordning,
762 1325 45 15 som
822 1319 31 20 uti

32 1349 129 27 kyrkolagen
178 1356 33 14 om
226 1349 160 27 prestlägenhet
401 1351 24 19 är
443 1349 96 26 stadgad.

412 1434 10 25 8
439 1434 34 20 25.

99 1474 37 30 Är,
152 1479 28 21 dä
195 1479 89 21 boställe
300 1479 55 21 skall
371 1479 102 21 afträdas.
489 1480 57 19 ännu
554 1478 46 21 icke
611 1478 113 25 bestämdt,
735 1478 61 20 hvem
807 1483 45 15 som

32 1507 96 21 kommer
143 1510 33 18 att
191 1508 118 21 detsamma
325 1508 114 26 öfvertaga,
456 1513 50 21 eger
522 1508 40 20 den
578 1506 175 24 boställsnämnd,
765 1506 87 20 hvarom
