1056 1686
324 114 24 17 R.
362 118 16 13 o.
391 114 22 17 A.
426 114 54 17 1891.
505 114 23 17 19
540 114 63 17 Mars.
807 108 42 21 469

52 192 31 27 jag
106 193 33 21 för
160 194 43 21 min
220 193 34 21 del
269 199 51 15 vara
336 193 23 20 af
373 193 39 21 den
428 193 60 23 väda,
504 195 33 19 att
552 199 50 15 man
615 193 46 26 just
675 193 127 26 uppväcker,
818 193 56 21 hvad

51 227 46 15 man
113 224 46 18 tror
174 223 31 25 sig
220 228 75 20 genom
312 221 62 21 dessa
389 221 159 27 bestämningar
563 221 138 22 förekomma.
732 222 83 26 Lägger
824 228 50 14 man

51 251 54 19 ännu
128 250 38 26 till,
188 250 57 21 hvad
266 250 107 21 utskottet
386 250 39 21 har
440 250 63 27 gjort,
519 252 33 19 att
567 256 35 15 om
617 250 7 21 i
640 249 125 22 kontraktet
779 250 47 21 icke
842 250 31 21 tid

50 279 23 19 är
95 279 74 25 utsatt,
193 279 119 20 detsamma
332 278 28 20 dä
374 279 67 25 gäller
455 279 8 20 i
480 279 26 20 10
521 279 35 20 ärs
571 279 38 23 tid,
625 278 40 21 och
681 278 81 21 erinrar
777 284 49 15 man
841 279 32 25 sig

50 306 70 21 vidare
136 308 32 20 att
183 307 13 20 2
212 306 40 22 och
268 307 12 20 3
296 306 26 28 88
338 306 7 21 i
362 308 25 19 16
403 306 48 26 kap.
467 307 20 21 J.
503 307 24 21 B.
543 306 94 27 gvarstä,
654 306 38 21 der
707 306 36 21 det
756 308 67 25 säges,
841 308 32 19 att

49 334 101 22 kontrakt
173 335 109 26 angående
297 336 49 25 lega
361 334 23 21 af
395 334 54 27 jord,
466 335 115 27 uppgjordt
597 334 27 27 pä
639 334 73 25 lifstid,
729 334 61 21 äfven
805 335 68 26 gäller

49 362 67 22 under
138 364 66 21 enkas
219 363 67 21 lifstid
303 363 39 21 och
358 363 102 21 kontrakt
475 363 28 27 pä
518 363 98 21 bestämd
632 363 31 21 tid
678 363 67 27 gäller
760 364 68 20 under
843 363 28 21 le-

48 393 128 25 gotagarens
191 392 65 21 enkas
272 392 40 20 och
332 392 65 20 barns
412 392 73 24 lifstid,
501 392 23 21 sä
539 394 46 19 tror
597 392 38 26 jag
649 398 50 14 man
713 391 66 21 infört
795 398 25 14 en
836 392 36 20 be-

48 420 112 26 stämning,
184 427 44 15 som
244 420 7 21 i
266 422 56 19 ännu
338 420 65 27 högre
418 420 53 26 grad
487 420 54 21 skall
557 420 66 21 verka
639 420 80 26 vädligt
734 422 26 18 än
775 420 97 26 proposi-

48 448 82 21 tionens
154 449 139 26 bestämning.
323 448 41 27 Jag
388 449 76 21 tänker
487 450 48 25 mig,
559 448 56 21 huru
637 448 144 21 förhällandet
803 448 68 21 skulle

46 476 86 22 komma
155 479 32 19 att
207 477 93 27 gestalta
322 478 38 25 sig,
376 483 34 15 om
427 478 59 20 detta
501 477 116 27 lagförslag
633 477 67 21 skulle
715 477 24 21 af
752 476 120 22 Ständerna

46 507 89 25 antagas
158 506 39 20 och
220 506 65 20 blifva
307 506 41 26 lag.
379 506 32 20 En
431 506 112 27 jordegare
559 506 40 20 har
615 506 45 20 sina
675 508 86 23 torpare
776 505 28 27 pä
819 511 52 20 upp-

46 534 94 26 sägning.
171 534 149 26 Promulgeras
336 534 24 20 sä
375 534 68 22 denna
459 534 34 27 lag
510 536 32 19 att
557 534 57 26 gälla
629 533 47 21 från
692 540 25 14 en
732 534 42 20 viss
782 534 37 26 tid,
831 534 40 20 och

46 561 42 21 han
111 562 27 21 dä
160 568 40 20 ser,
217 564 33 19 att
265 562 41 21 han
323 562 48 21 med
387 569 37 14 ens
439 565 25 18 är
479 563 86 20 bunden
581 562 35 21 vid
632 563 25 20 de
673 564 85 24 torpare
774 562 42 21 han
832 562 39 20 har

46 589 39 21 och
102 590 62 21 deras
179 591 88 20 hustrur
282 591 40 20 och
337 591 60 24 barn,
414 591 39 21 och
469 591 60 21 detta
544 593 51 18 utan
612 592 32 19 att
659 591 61 26 lagen
735 591 87 26 stadgar
834 590 37 21 nä-

46 619 87 26 gonting
156 619 78 21 honom
257 619 33 21 till
312 619 107 26 säkerhet,
443 620 39 21 och
505 622 52 19 utan
580 621 33 19 att
627 619 43 20 han
685 619 40 20 har
740 619 81 21 kunnat
836 619 34 20 vid

46 647 135 22 kontraktets
197 648 143 26 uppsättande
356 647 49 27 sjelf
419 648 126 21 säkerställa
561 648 38 26 sig,
615 647 24 22 sä
654 647 67 21 mäste
729 647 42 21 han
782 647 27 20 dä
819 647 52 21 ovil-

45 674 97 27 korligen
164 675 73 22 skrida
259 676 33 21 till
312 676 79 21 allmän
406 677 133 26 uppsägning
555 677 22 20 af
591 677 46 20 sina
653 678 91 24 torpare,
761 675 39 21 och
816 675 55 21 hvad

45 705 61 19 värre
129 706 31 22 är,
183 705 35 20 vid
242 704 75 27 sjelfva
340 705 160 26 uppsägningen
523 705 110 21 meddelar
655 705 41 20 han
716 706 106 25 torparne,
838 706 33 19 att

45 732 60 21 detta
127 733 63 26 skett,
211 733 33 20 för
259 735 33 19 att
307 733 61 26 lagen
384 733 81 27 nödgar
480 733 78 22 honom
574 733 78 21 dertill.
683 733 45 20 Har
743 733 27 20 dä
785 739 26 14 en
826 734 43 19 tor-

45 760 99 27 parfräga
159 761 47 21 icke
220 761 59 21 förut
294 761 79 22 funnits
389 762 6 20 i
411 762 70 21 denna
502 762 55 26 nejd,
574 761 24 22 sä
613 761 88 27 uppstår
717 762 39 20 den
772 761 97 21 förvisso.

44 788 50 21 Man
110 789 54 22 skall
180 791 58 25 säga,
254 791 32 20 att
299 790 127 27 jordegaren
442 791 46 20 icke
505 791 54 20 skall
575 790 54 27 väga
644 790 71 21 skrida
725 789 84 24 -dertill,
825 791 45 19 sär-

45 817 64 20 skildt
131 817 27 27 pä
180 824 25 15 en
225 819 38 25 tid,
280 819 27 20 dä
322 818 24 21 sä
361 820 45 19 stor
421 819 127 21 arbetsbrist
563 819 64 21 räder
643 825 45 14 som
704 825 34 14 nu.
768 819 41 25 Jag
824 820 46 19 tror

44 844 45 21 deri
105 847 24 19 är
144 846 56 21 dock
214 846 62 27 ingen
293 846 53 26 fara,
362 849 22 24 ty
397 847 130 27 jordegaren
543 850 35 18 vet
593 846 34 22 för
642 847 41 22 väl,
698 848 32 20 att
743 847 52 20 hans
805 852 64 21 gran-

44 879 40 15 nar
106 874 39 20 och
168 875 42 21 alla
232 875 7 21 i
260 875 75 26 nejden
351 875 86 26 vidtaga
452 882 81 14 samma
556 876 81 26 ätgärd.
668 875 107 27 Torparne
798 875 72 21 kunna

45 901 81 22 säledes
142 903 46 21 icke
204 903 60 27 flytta
278 904 48 20 frän
342 910 40 14 ena
397 904 72 21 stället
484 904 33 21 till
528 904 36 21 det
575 904 74 21 andra.
673 904 30 20 De
715 904 66 20 mäste
793 905 77 19 stanna

45 936 57 20 gvar,
126 930 27 26 pä
176 931 73 21 hvilka
264 932 68 21 vilkor
348 932 41 20 han
405 934 27 19 än
448 932 137 21 föreskrifver
601 932 54 21 dem.
685 932 48 20 Han
748 932 42 20 kan
807 932 62 20 ställa

44 964 42 20 upp
109 958 103 22 kontrakt
234 960 28 26 pä
284 962 31 19 ett
337 960 29 21 är.
398 961 31 21 De
450 961 67 21 mäste
533 961 46 21 deri
595 960 56 21 finna
667 960 37 27 sig.
735 960 44 21 Och
795 960 36 21 det
846 962 24 18 är

44 989 32 18 att
92 987 119 26 observera,
228 991 32 18 att
275 991 101 24 torparne
397 989 47 21 icke
463 989 63 21 hafva
549 989 111 27 möjlighet
675 991 32 19 att
721 989 7 20 i
744 988 47 21 hast
807 988 63 21 reali-

44 1020 48 16 sera
114 1016 40 21 den
177 1016 45 22 lilla
243 1017 149 26 förmögenhet
409 1018 26 20 de
451 1018 6 20 i
473 1018 98 26 redskap,
588 1018 89 20 kreatur
693 1017 38 21 och
747 1019 65 18 annat
827 1017 42 21 för-

44 1043 77 22 skaffat
143 1045 37 26 sig.
211 1045 32 21 De
266 1048 77 18 stanna
365 1052 52 20 gvar
435 1046 28 26 pä
479 1046 38 21 sitt
533 1049 55 23 torp,
605 1046 39 21 och
657 1046 127 26 jordegaren
800 1045 33 21 fär
849 1045 22 21 af

44 1072 47 20 dem
107 1073 41 21 den
162 1073 137 27 arbetskraft,
316 1080 45 15 som
378 1074 41 21 han
434 1075 59 21 förut
508 1074 52 22 haft.
591 1075 42 20 Det
649 1074 163 27 ärjordegaren,
824 1079 44 15 som

44 1100 38 20 har
98 1102 80 20 vunnit.
209 1102 42 21 Det
267 1104 25 19 är
312 1102 60 21 detta
387 1103 140 25 förhällande,
544 1109 45 15 som
603 1103 37 26 jag
655 1109 62 15 anser
732 1103 47 21 leda
795 1102 32 21 till
843 1102 26 20 de

43 1129 125 26 sorgligaste
194 1130 163 27 konsegvenser.
388 1131 41 21 Det
453 1133 24 19 är
501 1131 62 21 dessa
583 1131 37 26 jag
642 1131 57 21 velat
721 1131 93 20 undvika
829 1130 40 21 och

44 1156 61 21 dessa
127 1157 72 22 kunna
222 1159 32 20 väl
278 1159 110 25 undvikas,
410 1166 34 14 om
459 1166 27 14 en
502 1159 131 26 fullständig,
649 1159 74 21 rättvis
738 1159 131 27 lagstiftning

43 1184 27 27 pä
86 1191 26 15 en
127 1186 56 27 gäng
197 1187 85 20 införes.

112 1214 46 21 Här
180 1217 24 18 är
226 1216 72 20 vidare
321 1217 32 20 att
376 1217 50 25 taga
447 1216 56 21 fasta
519 1217 27 26 pä
561 1223 27 14 en
604 1216 163 26 omständighet,
782 1215 85 22 hvilken

40 1241 38 26 jag
100 1242 33 21 för
154 1243 43 21 min
214 1243 34 21 del
263 1244 93 21 tilldelar
372 1245 40 20 den
429 1247 80 19 största
525 1245 114 27 betydelse.
671 1245 49 20 Man
736 1245 83 20 skrider
835 1244 32 21 till

43 1272 33 19 att
96 1271 96 26 lagstifta
214 1272 7 21 i
244 1272 66 21 saken
332 1273 39 20 och
392 1275 38 24 gör
446 1273 36 22 det
497 1273 28 27 pä
541 1275 30 19 ett
587 1275 50 23 sätt,
653 1279 45 15 som
713 1273 46 21 icke
774 1273 42 20 kan
832 1273 36 20 be-

42 1299 88 21 tecknas
146 1299 69 22 säsom
231 1300 141 27 fullständigt,
385 1302 45 25 just
445 1302 27 27 pä
488 1309 26 14 en
529 1302 38 25 tid,
584 1302 27 21 dä
626 1304 100 24 torparne
741 1301 60 21 torde
817 1307 52 14 vara

43 1327 40 21 den
99 1327 103 22 folkklass
217 1329 6 20 i
239 1329 78 26 landet,
327 1336 45 15 som
388 1330 63 21 hafva
467 1331 37 20 det
517 1331 152 26 jemförelsevis
685 1331 53 20 bäst.
769 1329 49 21 Sum
832 1329 37 27 jag

42 1355 55 22 hade
121 1358 52 19 äran
196 1359 58 25 säga,
278 1359 24 19 är
325 1365 25 14 en
369 1361 44 18 stor
429 1359 142 21 arbetarbrist
587 1359 94 21 rädande
696 1359 6 20 i
718 1358 77 21 landet.
825 1358 43 21 Det

42 1384 67 26 ligger
132 1385 27 21 dä
182 1385 6 21 i
211 1385 73 27 hvarje
306 1386 122 26 jordegares
452 1389 48 25 eget
517 1388 90 20 intresse
623 1389 33 19 att
671 1387 62 21 ställa
749 1387 30 25 sig
795 1386 23 21 sä
833 1387 35 19 väl

42 1417 46 16 som
103 1413 83 27 möjligt
199 1414 45 26 just
259 1414 49 21 med
324 1415 44 21 sina
384 1417 93 25 torpare.
502 1416 75 20 Denna
592 1416 43 20 bild
652 1416 53 20 skall
714 1416 43 20 visa
767 1415 30 26 sig
805 1414 63 22 hvart

42 1441 21 20 vi
78 1442 26 19 än
120 1441 36 21 mä
170 1442 70 21 vända
255 1448 35 15 oss
304 1443 7 21 i
327 1443 78 21 landet.
436 1444 39 20 Att
488 1444 46 26 just
549 1450 34 20 nu,
601 1444 26 21 dä
643 1446 99 24 torparne
758 1443 62 21 hafva
832 1443 36 21 det

42 1469 46 26 bra,
103 1469 63 21 kasta
182 1472 24 19 ut
221 1477 25 15 en
262 1471 67 21 sädan
351 1472 132 26 lagstiftning
500 1478 44 15 som
561 1472 75 25 denna,
645 1472 67 21 finner
724 1472 37 27 jag
776 1471 33 21 för
825 1472 42 20 min

43 1498 33 20 del
99 1498 47 21 icke
169 1504 51 15 vara
243 1499 36 21 det
300 1500 94 26 ringaste
410 1500 23 21 af
447 1500 100 22 behofvet
562 1500 111 28 päkalladt
689 1500 38 22 och
743 1501 6 20 i
765 1500 42 21 alla
823 1499 44 26 fall,
