1056 1686
199 77 27 20 94
452 83 25 16 R.
490 87 17 12 o.
520 83 23 17 A.
557 83 52 16 1891.
635 83 10 16 7
658 82 60 17 Febr.

405 161 235 24 Riddarhusdirektionens
656 161 115 24 berättelse.

241 226 31 19 Hr
287 225 208 21 Landtmarskalken
511 224 148 27 tillkännagaf,
676 227 33 19 att
724 227 52 19 enär
787 225 42 20 han
839 224 70 21 säsom
922 225 70 20 vorde:

171 253 130 22 ordförande
316 254 7 20 i
338 253 258 22 Riddarhusdirektionen
611 259 51 16 vore
683 253 68 27 jäfvig
775 255 33 19 att
830 253 114 26 föredraga
967 253 26 21 de

172 288 29 14 nu
217 282 7 20 i
240 282 91 26 ordning
346 281 93 27 följande
455 282 94 24 ärendet,
566 282 84 21 komme
662 282 32 20 Hr
707 281 252 21 Vicelandtmarskalken
971 284 22 18 at

171 311 74 25 intaga
261 310 271 27 landtmarskalksplatsen,
544 310 109 22 hvarefter
664 311 33 20 Hr
707 310 209 21 Landtmarskalken
927 310 66 26 aflägs

172 339 55 20 nade
243 339 38 26 sig.

241 413 70 21 Sedan
339 413 31 21 Hr
399 413 250 21 Vicelandtmarskalken
679 414 78 26 intagit
783 412 212 26 ordförandeplatsen

173 440 113 28 föredrogs
301 442 269 21 Riddarhusdirektionens
586 442 111 21 skrifvelse
714 442 23 20 af
751 442 41 20 den
813 442 26 20 19
856 441 96 21 sistlidne
967 441 27 21 Ja

172 471 68 25 nuari,
258 470 118 27 hvarjemte
393 470 132 21 direktionen
541 471 86 21 insändt
647 470 118 21 berättelse
790 476 33 14 om
847 469 150 27 förvaltninger

174 498 23 21 af
210 499 25 21 R.
252 505 20 15 o.
289 500 36 20 A:s
336 499 178 27 angelägenheter
525 499 65 21 sedan
602 501 84 19 senaste
698 499 114 25 landtdag;
827 498 94 22 varande
934 498 65 21 denn:

174 527 117 21 berättelse
306 527 24 21 af
342 528 93 26 följande
451 528 90 26 lydelse:

199 664 421 40 Riddarhusdirektionens
645 663 174 41 berättelse
845 676 50 27 om
919 668 60 35 1ör-

200 723 202 49 valtnineen
428 723 37 40 af
485 723 259 48 Ridderskapets
770 723 57 40 och
853 722 123 40 Adelns

236 782 271 49 angelägenheter
538 782 138 40 emellan
701 781 242 49 landtdagarne

444 841 81 39 1888
552 841 58 40 och
635 841 87 39 1891.

242 935 102 24 Jemlikt
371 936 153 24 föreskriften
543 936 9 24 i
572 936 32 24 68
624 938 13 28 $
657 936 25 24 af
709 936 46 23 den
773 935 37 24 för
827 934 177 24 Riddarhusdi-

172 970 128 24 rektionen
318 970 45 24 den
383 971 14 23 5
415 970 59 24 Juni
497 971 66 23 1872
581 970 126 24 utfärdade
725 969 160 30 Instruktion,
903 969 39 23 får
960 968 43 24 Di-

173 1004 127 24 rektionen
326 1004 145 24 härmedelst
497 1005 40 23 till
555 1005 69 23 Ridd.
651 1005 45 23 och
715 1004 79 24 Adeln
818 1004 123 23 vördsamt
968 1003 35 24 af-

175 1038 81 24 lemna
281 1039 125 24 berättelse
433 1047 35 16 om
497 1039 182 32 förvaltningen
698 1039 25 23 af
744 1038 69 24 Ridd.
842 1038 44 24 och
912 1038 91 24 Adelns

175 1074 202 31 angelägenheter
395 1074 73 23 sedan
481 1074 44 24 den
545 1074 31 24 31
596 1074 50 31 Maj
669 1074 73 29 1888,
761 1073 30 23 då
810 1072 94 24 ståndet
923 1074 82 22 senast

173 1108 66 23 varit
257 1108 147 23 församladt.

578 1197 24 27 1.

243 1266 81 24 Bland
338 1267 150 32 åligganden,
507 1267 88 23 hvilka
612 1266 158 24 Direktionen
789 1268 40 29 egt
847 1267 35 22 att
894 1265 112 31 fullgöra,

175 1301 45 24 har
244 1301 89 24 främst
351 1301 64 24 varit
433 1303 35 22 att
486 1303 31 30 gå
536 1301 9 24 i
563 1301 146 32 författning
728 1308 37 16 om
783 1299 126 24 utförande
936 1299 25 23 af
979 1299 28 23 de

175 1335 54 24 utaf
240 1335 72 24 Ridd.
330 1335 44 24 och
386 1335 78 24 Adeln
478 1335 41 24 vid
534 1335 66 24 1888
613 1337 40 22 års
666 1335 118 32 landtdag
796 1333 123 25 beslutade
937 1341 69 24 repa-

173 1370 107 23 rations-
310 1370 44 24 och
372 1370 229 31 putsningsarbeten
624 1370 9 23 i
651 1369 170 24 Riddarhuset.
856 1368 13 24 I
888 1368 63 23 detta
970 1367 37 24 af-

175 1405 85 23 seende
282 1405 46 23 har
346 1404 161 30 Direktionen,
535 1404 59 24 efter
617 1404 60 24 aftal
695 1404 53 24 med
767 1403 66 24 äldre
851 1402 96 24 läraren
965 1401 42 23 vid

175 1438 179 31 Polytekniska
379 1438 130 31 Institutet,
537 1438 145 24 Arkitekten
701 1438 29 24 K.
749 1438 28 24 G.
795 1437 123 31 Nyström,
945 1443 62 24 upp-

174 1472 81 32 dragit
280 1474 87 24 honom
385 1472 52 24 icke
455 1472 60 24 blott
533 1474 36 22 att
586 1472 95 32 afgifva
699 1475 112 21 närmare
833 1471 112 31 yttrande
963 1470 44 24 och
