1056 1686
342 109 24 17 R.
380 113 17 13 o.
410 109 22 17 A.
447 109 54 17 1891.
526 109 23 16 10
561 109 58 17 Fenr.
823 104 40 21 219

146 188 107 23 Inrättande
269 188 20 23 af
303 195 22 16 en
342 188 67 29 högsta
425 188 80 23 domstol
522 189 40 22 med
578 188 111 29 oafsättliga
705 188 110 23 ledamöter.

136 251 58 21 Frih.
210 251 25 21 R.
250 251 24 20 A.
295 250 98 21 Wrede
414 251 101 26 föredrog
531 253 30 18 ett
577 251 22 20 af
613 251 78 21 honom
707 251 116 22 inlemnadt
839 251 54 27 peti-

66 279 175 25 tionsmemorial,
259 279 127 27 sälydande:

355 376 116 21 Vördsamt
489 376 116 22 memorial.

135 433 84 27 Frägan
235 439 33 15 om
284 433 39 21 den
340 433 76 27 högsta
432 434 138 26 lagskipande
585 432 162 28 myndighetens
762 434 6 20 i
784 434 47 20 värt
842 434 49 20 land

66 462 145 26 organisation
227 462 39 20 och
282 462 104 26 ställning,
403 462 84 21 hvilken
503 462 34 21 vid
553 462 50 21 flere
622 462 127 26 föregående
765 462 127 27 landtdagar

67 491 55 21 varit
138 490 90 21 föremäl
247 490 33 21 för
303 490 130 21 Ständernas
457 490 185 27 öfverläggningar
665 491 38 21 och
727 491 164 27 önskningsmäl,

67 526 62 20 synes
145 519 68 21 under
228 519 132 21 närvarande
376 519 30 21 tid
421 519 87 27 päkalla
523 522 31 18 ett
569 526 46 14 mer
630 521 26 19 än
672 520 79 26 vanligt
766 520 97 21 intresse.

137 547 94 26 Organet
246 548 32 20 för
294 548 41 20 den
350 548 65 20 sedan
431 548 108 20 urminnes
562 548 31 20 tid
615 550 100 24 regenten
731 548 159 21 tillkommande

68 576 77 26 högsta
160 577 132 20 domsrätten
308 576 39 20 har
362 576 54 21 efter
442 577 54 20 1809
519 576 54 21 varit
595 576 87 21 Justitie
700 577 169 26 departementet
884 577 6 20 i

66 604 234 27 Regeringskonseljen,
317 605 121 20 sedermera
453 605 120 26 Kejserliga
595 605 92 21 Senaten
703 605 6 20 i
725 605 95 21 Finland.
852 605 39 21 Be-

67 633 106 20 träffande
189 633 107 20 formerna
312 633 32 21 för
359 633 125 26 utöfningen
508 633 22 21 af
544 633 69 21 denna
636 633 127 21 monarkens
779 634 111 25 domsrätt,

66 661 109 22 innehälla
191 662 25 20 de
232 662 134 26 grundlagar,
383 661 73 21 hvilka
471 662 36 21 vid
521 662 102 20 Finlands
646 662 96 26 förening
765 662 47 21 med
828 662 63 27 Ryss-

68 690 50 21 land
134 697 51 14 voro
202 691 5 20 i
224 690 71 21 landet
310 691 98 25 gällande
424 691 40 20 och
481 691 27 20 dä
523 690 23 21 af
560 691 47 20 dess
623 697 41 20 nya
678 691 90 20 monark
784 690 107 21 bekräfta-

65 719 43 26 des,
125 719 177 26 hufvudsakligen
317 719 102 26 följande:

134 783 33 19 att
182 781 66 26 sagda
264 781 104 22 domsrätt
384 782 55 21 skall
454 782 7 20 i
476 781 61 27 fräga
559 787 34 15 om
613 781 146 27 justitiesaker
774 781 83 22 utöfvas
870 781 22 21 af

66 816 26 15 en
114 809 78 28 högsta
213 810 98 26 domstol,
335 810 116 21 bestående
474 810 23 21 af
518 810 54 21 både
592 810 65 21 frälse
680 811 38 20 och
742 810 77 21 ofrälse
841 812 49 19 män

65 838 32 26 (F.
114 839 39 20 och
170 838 20 21 S.
206 839 25 20 A.
248 839 11 25 $
276 839 28 23 2):

134 869 32 19 att
182 867 68 21 denne
266 867 92 21 domstol
374 867 53 21 skall
450 867 62 21 bestä
534 868 23 20 af
577 868 63 20 minst
663 868 12 20 7
699 867 142 24 medlemmar,
857 869 34 19 ut-

66 896 66 20 sedda
148 895 62 21 bland
227 902 101 20 personer
349 902 58 18 ,som
431 896 6 20 i
462 896 186 20 domareämbeten
671 896 95 20 brukade
781 896 55 20 varit
851 896 39 21 och

64 926 38 19 äro
115 924 69 20 kände
200 924 34 20 för
249 924 87 21 rättvise
352 924 39 21 och
407 924 96 26 lagfarne
522 925 62 20 män'
601 924 31 27 (R.
649 924 23 21 F.
688 924 11 27 8
715 925 30 25 8);

135 952 111 21 hvarutom
266 953 145 21 ledamöterna
434 954 5 20 i
462 953 69 21 denna
553 953 55 27 höga
629 955 44 19 rätt
695 952 28 27 pä
745 959 80 15 samma
847 954 44 20 sätt

68 987 44 15 som
129 981 67 27 öfriga
212 982 86 20 domare
314 988 50 14 voro
377 982 103 26 tryggade
497 982 33 20 vid
547 982 40 20 den
598 981 109 21 förmånen
719 984 32 18 att
766 982 60 25 ,icke
839 983 51 19 utan

65 1010 49 26 laga
128 1010 130 26 ransakning
274 1010 39 21 och
329 1010 48 21 dom
393 1023 27 2 —
437 1011 46 20 sina
499 1010 97 21 ämbeten
608 1010 111 26 förlustige
730 1010 78 21 varda'
819 1010 71 26 (Stad-

64 1038 100 21 fästelsev
182 1038 32 21 till
230 1038 22 22 F.
270 1038 38 22 och
324 1039 21 21 S.
361 1040 32 25 A)

133 1101 68 21 Dessa
216 1102 158 25 bestämningar
390 1102 131 27 undergingo
537 1108 75 19 genom
635 1102 25 20 de
676 1102 131 26 stadganden
820 1102 67 25 regle-

64 1132 80 18 mentet
160 1129 33 21 för
208 1130 225 27 Regeringskonseljen
457 1131 74 20 härom
555 1130 118 21 innehåller
687 1130 46 21 icke
749 1130 68 26 någon
833 1130 56 27 prin-

64 1158 61 25 cipiel
140 1158 130 26 förändring,
293 1161 51 18 utan
367 1159 68 21 blefvo
459 1160 76 20 endast
557 1160 6 19 i
587 1159 54 20 vissa
664 1159 59 20 delar
744 1161 97 18 närmare
857 1162 33 17 ut-

64 1186 107 21 vecklade.
202 1187 94 20 Sålunda
312 1187 129 22 bestämmer
457 1188 27 21 38
501 1189 12 25 $
529 1188 6 20 i
551 1188 66 25 sagda
632 1187 128 26 reglemente
781 1187 108 27 angående

64 1215 158 21 ledamöternas
238 1216 58 21 avtal
311 1219 33 18 att
358 1217 35 20 vid
414 1216 127 26 afgörandet
556 1216 23 21 af
592 1216 48 24 mål,
665 1221 44 16 som
731 1216 26 26 gå
773 1216 13 21 å
801 1216 24 21 lif
839 1215 51 22 eller

66 1245 44 24 ära,
125 1244 64 21 minst
204 1244 33 27 sju
253 1245 38 20 och
307 1245 6 20 i
329 1245 66 26 öfriga
411 1245 43 20 mål
470 1245 64 21 minst
548 1245 41 20 fem
605 1245 66 20 borde
687 1245 6 20 i
710 1245 114 20 domslutet
847 1244 43 21 del-

64 1274 56 22 taga.
154 1273 61 20 Hvad
232 1272 46 21 åter
293 1273 66 26 angår
375 1273 180 27 oafsättligheten,
572 1273 23 20 så
611 1273 135 26 tillämpades
767 1273 74 25 denna,
863 1274 27 25 på

64 1303 44 19 sätt
132 1301 61 21 äfven
216 1301 90 26 tidigare
330 1302 57 21 skett
409 1303 49 20 med
481 1302 98 21 afseende
605 1301 12 22 å
643 1302 76 26 högsta
743 1302 118 21 domstolen
883 1301 7 20 i

66 1329 92 27 Sverige,
174 1329 90 22 sålunda
280 1333 32 18 att
330 1331 147 20 ledamöterna
500 1331 6 20 i
530 1330 114 27 Konseljen
660 1331 34 20 väl
709 1330 127 21 utnämndes
857 1329 33 22 för

63 1358 43 21 viss
122 1358 38 24 tid,
176 1365 48 14 men
240 1359 106 20 derunder
360 1359 109 21 bibehöllo
487 1359 45 21 sina
546 1359 57 21 förra
619 1359 105 24 ämbeten,
740 1359 32 20 till
782 1359 71 20 hvilka
864 1358 25 21 de

65 1386 54 21 efter
135 1387 70 21 slutad
221 1387 141 26 tjenstgöring
377 1387 71 21 kunde
465 1387 122 21 återvända.
618 1388 66 26 (Regl.
707 1388 33 20 för
762 1387 51 26 Reg.
829 1387 60 20 kons.

63 1414 24 27 $$
113 1416 12 20 9
152 1415 38 21 och
218 1416 40 26 11).
289 1416 124 20 Emellertid
439 1415 66 21 hafva
527 1416 121 20 sedermera
669 1416 82 26 ganska
773 1415 117 26 väsentliga

65 1443 113 21 afvikelser
195 1443 46 21 från
266 1445 61 20 dessa
348 1444 105 26 principer
477 1444 69 21 blifvit
567 1444 82 27 gjorda.
679 1444 81 22 Genom
776 1444 26 21 K.
818 1444 35 20 Br.
869 1443 23 21 af

63 1472 41 20 den
120 1473 27 21 28
163 1472 53 21 Nov.
234 1473 61 25 1857,
311 1473 81 21 hvilket
414 1472 18 26 ej
454 1472 69 27 ingått
545 1473 7 21 i
575 1473 39 21 den
639 1473 94 26 tryckta.
743 1472 146 26 författnings-

62 1500 124 27 samlingen,
202 1501 121 21 bestämdes
339 1504 33 18 att
394 1501 105 21 Senatens
522 1502 117 20 ledamöter
663 1501 67 21 skulle
750 1500 81 22 erhålla
853 1501 36 20 be-
