1056 1686
202 111 42 21 364
456 116 24 16 R.
493 121 17 12 o.
523 116 23 17 A.
560 117 53 16 1891.
638 117 13 16 2
664 117 61 16 Mars.

174 198 48 19 tens
244 196 93 21 biständ.
368 195 83 27 Frägan
475 202 32 15 om
531 196 127 27 vidtagande
677 196 23 21 af
713 197 100 20 verksam
829 197 75 26 ätgärd
921 197 31 20 till
968 199 33 19 tu-

175 225 139 21 berkulosens
330 225 105 20 häfvande
450 227 23 18 är
490 225 46 20 med
552 225 81 26 hänsyn
650 225 32 21 till
699 225 69 21 denna
784 225 109 26 sjukdoms
904 225 98 26 fregvens

174 254 7 20 i
203 253 49 21 värt
275 253 50 21 land
348 259 26 15 en
397 253 23 20 af
434 253 25 21 de
475 253 112 26 vigtigaste
604 253 180 27 angelägenheter
799 260 46 15 som
862 253 139 22 öfverhufvud

174 282 73 21 kunna
263 282 141 20 underkastas
420 281 94 27 offentlig
529 282 104 26 pröfning.
664 282 41 26 Jag
728 284 53 22 tror,
797 284 32 19 att
846 282 39 21 den
901 288 48 20 nyss
965 288 36 14 an-

175 310 62 20 förda
253 311 64 20 ärade
334 310 81 21 talaren
432 310 108 21 betraktat
555 310 66 21 saken
637 316 41 20 nog
689 311 147 26 optimistiskt,
849 317 33 15 om
893 310 42 21 han
948 312 53 22 tror,

175 340 32 19 att
222 338 81 21 Finska
323 338 201 27 Läkaresällskapet
539 339 55 21 skall
610 345 51 14 vara
677 340 41 20 den
734 339 102 26 lämpliga
851 339 150 27 myndigheten

175 369 33 19 att
223 369 50 25 taga
289 368 92 20 initiativ
395 368 33 20 till
447 367 190 21 ästadkommande
653 368 23 20 af
690 370 31 19 ett
738 368 47 20 med
801 368 24 20 sä
841 371 59 17 stora
915 368 86 20 kostna-

176 396 38 20 der
229 396 116 20 förbundet
360 395 83 27 företag
458 402 44 14 som
518 396 132 21 inrättandet
665 396 23 20 af
702 399 32 18 ett
747 397 139 20 sanatorium.
913 396 39 26 Jag
963 396 40 21 har

175 424 129 21 ätminstone
326 424 75 21 hittills
423 424 69 27 aldrig
514 425 49 20 hört
583 425 54 21 talas
653 431 40 20 om,
715 426 34 20 att
771 425 167 25 läkaresällskap
954 431 48 20 spe-

176 453 49 21 cielt
248 459 50 15 vore
317 454 99 25 lämpliga
431 455 32 19 att
479 459 88 20 operera
583 460 45 14 som
644 453 119 21 finansiella
779 454 106 26 syndikat,
901 454 100 26 synnerli-

176 484 53 24 gast.
240 481 27 21 dä
283 482 35 20 det
334 482 66 26 gäller
415 488 25 14 en
455 482 66 26 fräga,
538 488 45 15 som
599 481 24 21 sä
637 482 50 26 föga
703 488 46 15 som
765 482 70 21 denna
850 484 24 19 är
890 482 67 26 egnad
969 484 33 18 att

176 510 102 26 tilldraga
301 510 31 26 sig
355 510 80 21 enskild
459 510 194 27 kapitalplacering.
685 510 32 21 En
741 510 52 21 ärad
815 510 74 26 talare,
907 510 30 20 Hr
952 510 50 26 Pip-

176 538 120 26 pingsköld,
320 538 122 22 förkastade
464 538 116 22 utskottets
596 539 142 26 betänkande,
754 539 27 26 pä
796 539 70 26 grund
882 538 23 22 af
919 541 32 19 att
966 539 36 21 det

176 566 57 21 afser
256 566 100 27 ätgärder
379 567 6 20 i
407 567 38 21 allt
467 567 32 21 för
519 567 51 21 liten
586 567 65 20 skala.
683 567 32 21 De
731 567 61 20 flesta
807 567 146 21 motständare
969 567 32 21 till

177 595 59 21 detta
259 595 80 26 förslag
355 595 92 27 äberopa
462 596 31 26 sig
507 596 34 26 pä,
557 598 32 18 att
604 595 103 27 förslaget
723 596 5 20 i
745 596 38 20 allt
798 595 33 21 för
847 596 41 26 hög
903 596 52 26 grad
970 598 31 18 ta-

176 629 38 21 ger
230 625 81 20 statens
327 624 140 27 hjelpsamhet
482 625 6 20 i
503 624 99 27 anspräk.
633 625 42 20 Det
691 626 24 19 är
726 624 59 21 svärt
796 626 32 19 att
838 624 27 27 gä
875 625 53 20 allas
939 625 63 20 önsk-

177 652 76 26 ningar
277 653 31 20 till
330 655 73 18 mötes.
435 653 110 21 Utskottet
561 653 54 20 hade
632 653 119 26 säkerligen
766 653 45 20 icke
829 653 54 20 varit
899 655 56 18 emot
970 655 32 18 att

177 681 73 20 kunna
272 681 80 20 föreslä
374 682 120 20 inrättande
510 681 23 21 af
547 681 23 21 sä
585 681 77 26 mänga
678 681 121 21 sanatorier
814 687 45 15 som
876 681 80 26 möjligt
971 681 31 20 äf-

177 715 85 15 vensom
287 710 86 20 dermed
395 710 150 21 kombinerade
567 711 104 20 anstalter
693 709 34 21 för
749 710 174 21 konvalescenter.
960 709 43 21 Det

178 737 39 21 har
240 739 118 20 emellertid
375 741 58 24 synts
448 739 112 26 utskottet,
577 741 32 18 att
625 745 32 14 om
674 745 49 14 man
740 739 47 20 med
804 738 69 27 nägon
889 739 65 25 utsigt
970 738 31 21 till

177 766 111 27 framgäng
312 767 53 20 skall
382 767 66 20 inläta
463 767 31 27 sig
509 767 28 26 pä
551 773 42 20 nya
608 767 89 26 företag,
714 767 38 20 der
768 767 73 26 hvarje
857 769 45 23 steg
917 767 86 20 kräfver

177 796 159 25 ansträngning,
352 795 24 21 sä
391 795 32 21 får
437 802 49 15 man
501 795 31 22 lof
545 798 32 18 att
593 795 60 26 börja
668 795 49 21 med
739 796 119 25 singularis,
874 797 63 19 innan
953 801 49 15 man

176 823 42 21 kan
234 823 82 27 hoppas
332 824 85 20 komma
432 825 31 19 till
479 825 93 25 pluralis.

247 852 41 21 Det
311 852 49 26 slut,
382 852 7 21 i
411 852 85 25 hvilket,
520 853 65 25 enligt
600 852 55 21 hvad
674 852 91 26 erfarits,
783 852 25 21 de
825 852 67 26 öfriga
908 852 92 21 Ständen

177 882 93 25 stannat,
294 881 61 21 torde
378 887 51 14 vara
451 881 88 26 ungefär
561 881 55 20 hvad
636 888 48 13 man
700 881 70 21 kallar
785 881 128 20 motiveradt
928 880 72 27 afslag.

176 909 68 21 Afven
260 910 57 20 inom
334 910 104 20 utskottet
454 910 38 20 har
508 910 36 20 det
559 910 127 26 föreslagits,
703 911 33 19 att
752 916 48 14 man
817 910 66 20 skulle
895 910 106 26 tillstyrka

177 939 31 19 ett
232 938 113 20 uttalande
360 938 6 20 i
383 938 39 20 den
445 938 98 27 syftning,
561 940 31 18 att
608 938 126 21 Ständerna,
751 938 5 20 i
773 938 40 20 den
830 938 56 21 vissa
901 937 100 27 förhopp-

176 966 51 26 ning
250 968 32 19 att
304 966 131 27 Regeringen
458 967 53 21 skall
531 967 82 20 skänka
629 969 30 18 ett
674 968 83 25 företag
773 966 23 20 af
810 967 74 26 antydt
900 967 51 26 slag,
967 972 34 15 om

177 994 35 21 det
236 994 27 27 pä
286 995 92 21 enskildt
392 996 90 20 initiativ
497 996 96 20 kommer
608 995 32 21 till
656 995 70 24 ständ,
743 996 37 20 sitt
796 995 123 24 understöd,
935 994 66 22 mätte

177 1022 96 22 förklara
296 1024 115 26 petitionen
434 1024 32 20 för
489 1024 93 20 tillfället
597 1024 46 20 icke
659 1024 112 20 föranleda
786 1024 33 20 till
835 1023 68 27 någon
920 1023 81 27 åtgärd.

176 1051 112 22 Utskottet
313 1053 38 20 har
366 1052 116 21 emellertid
498 1052 45 21 icke
560 1053 56 20 velat
631 1052 75 21 förena
722 1053 31 25 sig
769 1058 34 14 om
820 1054 31 19 ett
867 1052 75 21 sådant
958 1058 42 15 mo-

176 1080 94 22 tiveradt
286 1081 73 26 afslag,
375 1081 74 21 främst
465 1081 88 21 emedan
569 1082 31 20 ett
616 1082 89 26 uppslag
720 1081 7 21 i
743 1087 26 14 en
785 1080 65 21 sådan
867 1081 45 25 sak,
929 1080 26 21 då
966 1081 37 23 det

177 1108 97 21 kommer
296 1110 67 20 under
384 1109 128 21 Ständernas
534 1110 135 25 behandling,
686 1110 47 20 icke
750 1109 72 26 borde,
839 1110 48 19 med
903 1109 99 20 afseende

177 1137 13 20 å
206 1137 77 21 sakens
298 1138 177 26 genomgripande
491 1138 44 26 vigt
549 1137 74 21 träffas
639 1138 22 20 af
675 1140 32 18 ett
723 1137 74 27 afslag,
814 1144 47 15 men
879 1137 63 22 också
955 1138 47 20 der-

176 1165 40 27 för,
232 1168 34 19 att
281 1167 62 20 dessa
358 1166 128 21 motiverade
503 1167 66 26 afslag
585 1168 58 25 synts
659 1167 107 20 utskottet
781 1166 46 21 icke
843 1172 52 15 vara
909 1173 50 14 vare
971 1166 31 26 sig

177 1194 103 21 korrekta
302 1195 52 20 eller
376 1195 120 26 uppriktiga
518 1195 78 21 former
619 1195 33 20 för
674 1195 55 20 hvad
751 1201 48 14 man
816 1195 85 20 dermed
917 1195 36 20 vill
969 1197 32 18 ut-

177 1223 81 26 trycka.
289 1223 42 21 Det
346 1225 24 18 är
385 1223 46 21 icke
446 1223 48 21 fullt
509 1223 95 24 korrekt,
620 1224 39 20 har
674 1224 36 20 det
727 1225 58 24 synts
801 1223 112 24 utskottet,
924 1225 32 18 att
969 1225 32 18 ut-

177 1251 45 20 tala
244 1258 26 14 en
293 1252 97 20 bestämd
411 1251 141 27 förhoppning
568 1258 34 15 om
618 1252 71 27 något,
705 1258 46 15 som
767 1253 57 19 ännu
840 1252 45 21 icke
901 1251 100 22 inträffat.

176 1280 43 21 Det
242 1280 66 21 finnes
329 1280 23 27 ju
375 1280 62 27 ingen
460 1281 113 26 anledning
596 1283 31 18 att
643 1281 140 20 underkänna
798 1280 144 27 Regeringens
958 1280 45 21 visa

177 1309 39 20 och
232 1309 107 26 välvilliga
354 1308 88 27 afsigter
457 1309 6 20 i
479 1309 98 21 afseende
593 1309 12 21 å
621 1309 36 21 det
672 1309 108 21 allmänna
796 1308 68 26 bästa,
881 1315 47 14 men
940 1308 62 21 hvar-

176 1337 41 20 ken
240 1337 128 26 föregående
391 1337 52 21 eller
465 1338 122 21 nuvarande
602 1337 191 22 tidsförhållanden
808 1337 58 26 gifva
881 1337 120 21 Ständerna

176 1371 26 16 en
218 1365 114 27 tillräcklig
347 1366 112 26 anledning
475 1368 32 19 att
521 1367 68 20 uttala
605 1373 26 14 en
647 1366 148 27 öfvertygelse,
811 1372 34 15 om
862 1366 55 20 hvad
933 1365 70 27 Rege-

175 1394 75 26 ringen
266 1395 6 19 i
287 1394 112 21 framtiden
416 1395 42 20 kan
473 1395 84 20 komma
573 1397 32 19 att
620 1396 58 25 göra.
710 1395 42 20 Det
768 1396 24 18 är
807 1395 72 20 vidare
890 1394 46 20 icke
948 1399 52 21 upp-

176 1422 75 26 riktigt
274 1424 31 19 att
328 1423 96 21 använda
447 1425 31 19 ett
500 1422 75 22 sådant
599 1423 148 27 uttryckssätt,
770 1424 22 25 ty
813 1422 27 21 då
855 1428 49 15 man
920 1422 81 20 uttalar

177 1451 69 21 denna
270 1451 139 26 öfvertygelse
425 1452 50 20 eller
493 1451 148 27 förhoppning,
658 1451 23 21 så
697 1458 75 14 menar
787 1457 48 15 man
851 1451 89 21 faktiskt
955 1450 48 22 der-

176 1480 48 20 med
248 1486 26 14 en
292 1480 87 20 önskan.
409 1480 42 21 Det
467 1480 38 20 har
521 1480 72 20 derför
609 1482 57 24 synts
682 1480 107 20 utskottet
805 1480 92 23 klarare,
913 1479 86 21 korrek-

176 1510 53 24 tare,
253 1514 45 15 mer
320 1508 28 26 på
367 1508 65 22 saken
454 1508 87 27 gående,
563 1510 32 20 att
617 1509 6 21 i
645 1509 70 20 denna
729 1508 62 26 fråga
805 1508 70 21 uttala
889 1509 32 20 ett
937 1508 62 20 önsk-
