1056 1686
196 107 40 20 172
441 111 25 17 R.
479 116 17 13 o.
508 112 23 17 A.
544 112 52 17 1891.
621 112 24 17 10
657 111 59 18 Febr.

166 192 55 21 1686
244 191 36 22 års
295 191 110 27 kyrkolag.
434 191 42 22 Det
491 191 40 21 har
545 191 72 22 städse
633 193 88 23 ansetts,
737 193 34 20 att
787 191 54 21 1686
857 191 34 22 års
913 191 78 27 kyrko-

165 220 35 27 lag
223 220 77 21 endast
321 220 71 21 kunde
413 220 78 21 ändras
505 226 77 21 genom
597 220 121 26 Regentens
733 220 40 21 och
789 219 130 22 Ständernas
935 226 54 15 sam-

164 249 87 21 verkan.
283 249 34 20 Nu
332 248 97 24 gällande
445 249 114 26 kyrkolags
575 249 84 26 mening
674 255 39 14 var
727 250 33 19 att
776 248 106 21 öfverföra
898 248 40 21 den
945 249 46 27 lag-

164 277 154 26 stiftningsrätt
334 277 6 20 i
356 277 97 26 kyrklisa
468 276 78 27 frägor,
563 283 45 15 som
623 276 59 22 förut
697 277 83 21 tillkom
797 277 99 26 antingen
907 277 82 26 Regen-

163 307 36 19 ten
214 311 74 15 ensam
304 305 52 21 eller
370 305 82 27 Regent
467 305 38 21 och
523 304 93 22 Ständer
630 305 148 26 tillsammans,
802 305 33 21 till
850 305 139 27 kyrkomöte
978 300 15 36 :

164 334 73 20 derom
259 334 100 26 upplyser
381 334 28 20 bl.
432 340 13 14 a
476 334 152 26 motiveringen
654 334 32 20 till
707 340 29 14 nu
759 333 97 27 gällande
879 333 110 27 kyrkolag.

164 362 69 21 Dessa
256 362 96 24 motiver,
368 362 73 21 hvilka
459 362 70 21 säsom
544 362 81 21 bekant
640 364 37 19 äro
693 362 103 22 affattade
812 362 23 21 af
848 362 76 22 aflidne
943 362 45 21 Bis-

163 390 70 27 kopen
258 391 67 21 Frans
348 391 82 26 Ludvig
452 390 127 23 Schauman,
602 390 108 22 innehälla
732 391 28 21 bl.
776 397 19 14 a.
809 391 44 26 just
869 391 6 20 i
891 390 100 22 afseende

164 418 12 21 å
194 419 12 27 8
219 420 49 24 445,
286 422 32 18 att
334 419 69 21 denna
417 420 102 26 paragraf
532 419 61 26 afser,
610 421 33 19 att
658 420 40 20 den
714 419 58 21 förut
783 419 44 21 dels
838 418 107 28 Regenten
955 425 37 15 en-

164 454 52 18 sam,
239 448 46 21 dels
307 448 83 26 Regent
412 448 39 20 och
467 448 91 21 Ständer
576 448 161 21 tillkommande
753 447 185 27 lagstiftningsrätt
954 454 34 20 ge-

163 482 49 15 nom
236 476 132 26 kyrkolagen
383 476 83 21 komme
483 478 31 19 att
530 476 27 26 pä
573 476 138 26 kyrkomötet
730 475 123 22 öfverföras.
885 476 106 26 Kyrkola-

163 510 52 20 gens
230 504 137 27 uppfattning
382 504 6 21 i
404 505 69 21 denna
487 504 60 27 fräga
563 510 62 22 synes
641 505 106 26 nämligen
762 510 52 15 vara
830 505 47 25 den,
893 506 32 19 att
941 504 48 26 kyr-

163 533 43 21 kan
222 533 48 21 icke
286 534 41 20 kan
344 533 47 21 med
407 534 71 25 vigsel,
495 533 68 21 såsom
580 533 92 21 varande
689 539 25 15 en
730 533 85 27 kyrklig
830 533 107 26 handling,
952 533 39 21 be-

163 562 59 25 segla
237 562 153 25 äktenskapets
406 562 102 25 ingående
524 562 23 20 af
560 562 67 20 andra
639 563 26 19 än
676 562 96 26 religiöst
783 562 98 26 myndiga
889 561 100 21 medlem-

163 595 47 15 mar
232 589 24 22 af
276 590 96 20 luterska
394 589 91 28 kyrkan;
511 590 40 21 och
567 589 70 22 såsom
653 590 94 26 religiöst
763 590 99 26 myndiga
877 589 114 22 betraktar

162 618 84 27 kyrkan
262 619 76 20 endast
353 619 54 25 dem,
424 625 44 14 som
485 618 72 27 begått
576 619 134 20 nattvarden.
747 617 45 22 Vår
809 619 94 20 luterska
921 618 69 27 kyrka

165 646 113 21 betraktar
294 647 63 20 alltså
372 647 73 26 frågan
461 647 70 21 såsom
547 653 25 15 en
589 649 48 18 rent
652 647 85 26 kyrklig
752 646 67 27 fråga,
835 647 6 20 i
855 647 85 20 hvilken
950 647 38 20 ini-

163 675 62 20 tiativ
248 675 33 21 till
304 675 158 26 lagförändring
485 675 129 21 tillkommer
629 675 143 27 kyrkomötet.
803 675 40 26 Jag
859 677 60 24 säger
934 675 54 26 icke,

162 705 33 19 att
218 703 42 22 den
283 703 141 27 uppfattning,
448 710 44 15 som
515 704 130 27 kyrkolagen
661 704 40 21 har
716 704 23 21 af
752 703 143 22 förhållandet
909 703 78 22 mellan

163 732 101 21 nattvard
286 732 39 21 och
346 733 72 25 vigsel,
441 734 24 19 är
486 733 42 20 min
544 732 141 27 uppfattning.
716 733 41 26 Jag
773 732 68 21 skulle
855 738 66 20 gerna
936 738 29 19 se,
980 732 9 21 i

163 760 68 21 likhet
254 761 48 20 med
318 761 147 26 petitionären,
484 763 32 18 att
531 761 137 26 Kyrkolagen
684 761 69 21 skulle
769 760 74 27 frångå
859 761 128 20 densamma.

164 788 50 21 Men
230 789 147 21 hufvudsaken
393 791 24 19 är
431 789 39 21 här
486 789 47 26 den,
548 792 33 18 att
596 795 49 15 man
661 789 129 21 åtminstone
805 789 48 21 med
869 789 64 26 något
941 789 47 21 skäl

162 817 43 21 kan
221 817 101 21 betrakta
336 817 160 27 ifrågavarande
512 818 79 21 ärende
607 817 70 22 såsom
693 819 32 20 ett
740 817 83 24 sådant,
839 819 6 19 i
857 817 80 22 kvilket
947 818 40 21 ini-

163 845 61 21 tiativ
240 846 32 20 till
289 846 157 26 lagförändring
465 846 128 21 tillkommer
609 846 144 26 kyrkomötet,
769 846 40 21 och
824 846 6 20 i
846 846 86 25 hvilket,
949 852 38 15 en-

163 874 39 26 ligt
224 874 138 26 kyrkolagen,
387 874 82 26 Regent
491 874 40 22 och
553 874 92 21 Ständer
667 875 79 21 efteråt
769 880 39 20 ega
823 874 97 21 meddela
936 874 53 21 eller

163 904 66 24 vägra
244 903 105 26 sanktion,
366 903 73 21 dervid
455 903 27 21 då
497 903 99 21 afseende
611 902 67 22 fästes
693 903 36 21 vid
745 905 82 19 statens
842 902 99 26 speciella
955 903 34 21 in-

163 932 88 20 tressen.
282 931 50 21 Man
355 931 42 21 kan
417 931 72 21 vidare
505 938 26 14 ur
545 932 84 26 kyrklig
645 932 107 26 synpunkt
767 937 51 15 anse
834 933 31 19 ett
881 930 23 22 af
917 931 70 21 landt-

164 959 67 27 dagen
247 962 60 24 taget
322 960 89 20 initiativ
427 962 32 19 att
473 966 76 21 genom
564 960 131 26 Regeringen
704 960 150 21 åstadkomma
865 966 25 14 en
901 959 86 21 föränd-

163 988 47 26 ring
234 988 23 21 af
276 988 161 26 ifrågavarande
455 988 132 27 lagstiftning
603 988 69 22 såsom
688 990 32 20 ett
735 990 44 19 sätt
793 990 33 19 att
841 988 82 21 forcera
938 988 48 27 kyr-

162 1016 44 21 kan
221 1016 33 21 till
270 1023 26 15 en
312 1016 163 28 lagförändring,
491 1017 33 21 till
539 1017 86 21 hvilken
639 1017 92 21 initiativ
746 1017 67 21 borde
821 1016 51 27 utgå
882 1016 48 22 från
937 1016 49 27 kyr-

162 1044 43 22 kan
227 1045 54 27 sjelf.
312 1045 45 21 Och
382 1052 47 14 man
452 1046 70 20 kunde
543 1046 65 20 också
631 1052 56 19 anse,
704 1047 33 19 att
753 1046 40 20 den
809 1046 122 20 nuvarande
947 1045 40 21 tid-

162 1074 96 26 punkten
274 1076 24 18 är
314 1074 80 21 mindre
410 1074 85 26 lämplig
511 1076 32 19 att
557 1074 84 21 forcera
656 1074 54 21 fram
726 1080 26 15 en
770 1074 90 26 ändring
875 1073 23 21 af
911 1080 28 14 nu
950 1074 37 20 be-

163 1102 88 21 stående
273 1102 109 27 kyrkolag.
412 1102 40 27 Jag
475 1102 39 22 har
531 1102 117 22 framhållit
671 1103 62 21 dessa
748 1102 177 26 betänkligheter,
940 1102 47 22 icke

164 1130 72 21 derför
260 1133 32 18 att
312 1131 37 26 jag
371 1131 84 21 tilifullo
472 1131 67 21 skulle
554 1133 52 24 göra
621 1131 48 21 dem
685 1131 32 20 till
733 1131 64 20 mina.
827 1131 40 26 Jag
883 1131 104 20 erkänner

163 1160 93 19 tvärtom
286 1161 32 19 att
340 1165 48 15 man
411 1159 41 21 kan
476 1165 22 15 se
514 1159 65 21 saken
595 1159 62 21 äfven
672 1165 26 15 ur
713 1165 26 15 en
755 1165 71 14 annan
841 1159 113 26 synpunkt,
970 1161 15 19 t.

162 1193 31 15 ex.
211 1187 47 26 den,
275 1190 33 19 att
322 1188 36 21 det
373 1187 70 22 kunde
457 1187 97 22 förefalla
569 1188 112 27 underligt,
698 1194 34 15 om
743 1187 140 26 Regeringen,
894 1193 45 15 som
951 1193 38 16 en-

163 1216 39 25 ligt
225 1217 26 20 14
270 1216 12 27 8
304 1217 6 20 i
326 1216 130 27 kyrkolagen
472 1223 49 20 eger
536 1217 77 25 högsta
628 1217 104 26 styrelsen
749 1216 58 21 öfver
822 1215 82 27 kyrkan
920 1216 7 20 i
942 1216 45 21 lan-

163 1245 43 25 det,
229 1244 47 21 icke
299 1244 67 21 skulle
389 1245 71 20 kunna
476 1245 109 26 förelägga
600 1245 137 26 kyrkomötet
753 1246 32 19 ett
800 1244 80 26 förslag
895 1245 32 20 till
942 1244 47 26 lag-

163 1302 67 20 mötet
246 1301 66 26 enligt
327 1301 35 27 lag
377 1307 49 16 vore
442 1301 125 27 förpligtadt
582 1304 32 19 att
629 1304 94 24 upptaga
739 1301 81 27 frågan.
851 1301 40 26 Jag
907 1303 24 18 är
940 1301 46 20 icke

162 1335 42 20 nog
216 1329 66 26 jurist
298 1331 31 19 att
344 1329 74 27 afgöra
433 1330 66 24 detta,
515 1330 38 21 och
567 1331 37 26 jag
620 1332 46 19 tror
681 1329 78 26 derför,
776 1331 32 20 att
823 1330 37 21 det
874 1335 51 15 vore
939 1331 50 25 nyt-

163 1358 40 26 tigt
226 1360 32 19 att
281 1358 158 27 Lagutskottet,
456 1359 31 20 till
503 1359 80 20 hvilket
599 1359 69 20 denna
683 1359 90 26 petition
789 1358 121 27 lämpligast
925 1357 61 22 torde

162 1386 53 20 böra
240 1386 132 27 hänskjutas,
394 1387 54 26 finge
463 1387 82 21 tillfälle
561 1389 32 19 att
608 1387 78 26 afgifva
701 1387 112 21 utlåtande
829 1387 6 20 i
851 1387 40 20 den
907 1385 80 21 dunkla

162 1414 39 21 och
217 1414 128 22 omtvistade
360 1414 80 27 frågan,
456 1415 62 21 hvem
534 1415 130 27 rättigheten
679 1417 33 19 att
727 1414 68 22 väcka
810 1414 80 27 förslag
905 1414 33 21 till
948 1416 39 19 än-

161 1442 61 27 dring
244 1442 24 22 af
286 1443 104 26 kyrkolag
412 1444 135 20 tillkommer.
579 1444 94 24 Således,
691 1443 91 22 oaktadt
798 1443 26 21 de
840 1442 146 26 betänklighe-

160 1472 34 20 ter
212 1471 38 27 jag
273 1471 39 21 har
334 1472 7 20 i
357 1471 98 22 afseende
471 1472 12 20 å
499 1472 32 21 Hr
545 1472 72 26 Boijes
631 1471 221 27 petitionsmemorial,
869 1471 68 21 skulle
949 1470 40 28 jag

162 1499 54 21 dock
233 1499 86 27 föreslå,
340 1502 34 19 att
396 1500 118 22 detsamma
536 1500 69 22 blefve
620 1500 136 22 remitteradt
780 1500 32 22 till
828 1499 159 28 Lagutskottet,
