1056 1686
200 115 41 22 242
447 120 25 17 R.
485 125 17 12 o.
514 120 23 17 A.
551 121 53 16 1891.
629 121 23 16 10
665 120 58 17 Febr.

391 199 137 24 Landtmanna-
544 199 35 24 och
595 198 186 25 husmodersskolor.

240 269 33 20 Hr
288 269 23 20 L.
329 268 135 22 Mechelin
479 268 100 27 föredrog
595 268 93 27 följande
704 267 193 28 petitionsförslag:

461 365 116 21 Vördsamt
592 364 117 22 memorial.

241 427 65 22 Snart
321 428 40 21 har
377 430 30 19 ett
422 428 113 27 fjerdedels
551 427 136 22 ärhundrade
703 427 96 25 förflutit,
821 427 66 21 sedan
903 426 95 22 folksko-

170 456 125 22 leväsendet
305 456 7 22 i
322 456 48 22 värt
380 456 49 22 land
439 456 44 22 blef
493 456 146 27 organiseradt
652 456 91 21 medelst
753 456 78 26 nädiga
845 456 152 26 förordningen

171 484 23 22 af
208 484 42 22 den
267 486 24 20 11
308 485 43 27 Maj
369 486 60 20 1866.
453 485 48 21 Med
511 484 188 22 tillfredsställelse
715 484 82 22 blickar
809 484 72 27 hvarje
897 484 100 21 folkbild-

170 513 90 26 ningens
275 515 41 19 vän
328 513 89 22 tillbaka
432 513 27 27 pä
475 514 68 20 denna
553 513 100 27 tidrymd,
664 513 68 21 under
740 512 64 22 hvars
818 513 84 27 förlopp
917 513 81 21 inemot

172 543 86 19 ettusen
274 541 56 21 fasta
344 542 118 21 folkskolor
477 542 59 20 trädt
550 542 7 20 i
573 542 141 21 verksamhet.
741 542 155 20 Erfarenheten
907 541 39 21 har
961 541 35 21 be-

170 569 83 22 kräftat
268 572 33 19 att
315 570 121 27 grunderna
458 569 33 22 för
513 570 70 21 denna
606 570 151 27 organisation,
780 569 80 22 sädana
883 570 25 21 de
932 569 66 27 enligt

169 597 49 22 Uno
233 597 94 28 Cygnaei
341 599 80 26 förslag
436 598 69 21 blefvo
521 598 120 24 faststälda,
657 599 7 20 i
679 598 40 21 allt
742 598 114 27 väsentligt
879 598 55 21 varit
957 598 39 21 och

170 628 38 19 äro
224 627 80 26 riktiga
319 627 38 21 och
374 627 186 26 ändamålsenliga.
591 627 34 20 Då
639 627 28 26 pä
682 633 76 15 senare
777 627 30 20 tid
822 626 62 27 fråga
899 626 98 27 uppstått

170 661 35 15 om
220 661 43 21 nya
278 655 101 27 åtgärder
393 655 47 21 från
455 657 83 19 statens
553 655 47 21 sida
616 655 32 21 till
670 655 185 22 folkskolesakens
870 655 126 26 främjande,

169 683 41 21 har
224 690 51 15 man
290 684 47 21 icke
353 683 78 28 åsyftat
446 686 33 19 att
493 683 102 22 förändra
610 684 179 26 organisationen,
805 689 48 15 men
869 684 33 21 väl
918 685 32 19 att
960 689 36 22 ge-

169 718 50 15 nom
234 712 37 27 lag
286 712 101 27 förpligta
402 713 25 20 de
443 713 193 25 landskommuner,
652 719 45 14 som
713 713 46 20 icke
775 714 57 19 ännu
853 712 89 21 inrättat
957 711 40 22 nå-

169 746 42 20 gon
226 740 45 21 fast
285 740 113 27 folkskola,
413 743 32 19 att
461 741 92 21 omsider
572 741 92 26 fullgöra
686 741 83 26 skäliga
792 740 93 27 anspråk
907 741 7 20 i
936 741 61 21 detta

170 768 108 22 afseende.

238 797 126 22 Oberoende
381 797 60 22 deraf
454 804 34 15 om
503 797 77 22 sådant
604 798 153 27 lagstadgande
778 797 67 22 borde
860 798 87 21 komma
961 797 34 22 till

169 825 64 21 stånd
249 826 53 20 eller
318 832 34 14 om
368 826 51 26 eljes
441 826 67 27 några
530 826 150 27 förändringar
703 827 6 20 i
733 827 55 20 1866
812 826 34 20 års
869 826 129 26 författning

168 853 72 21 kunde
256 860 53 15 vara
324 854 23 20 af
361 854 209 27 omständigheterna
586 854 119 28 påkallade,
722 854 129 22 framställer
867 854 32 26 sig
913 854 33 21 till
959 854 36 21 be-

168 882 128 26 grundande
311 883 36 20 det
362 883 105 21 särskilda
482 883 111 27 spörsmål,
616 884 107 20 huruvida
744 883 47 21 icke
814 883 182 21 landtbefolknin-

168 916 41 20 gen
226 917 50 15 vore
292 911 7 21 i
314 910 66 22 behof
394 911 23 21 af
430 912 78 25 skolor,
524 911 89 22 afsedda
629 914 32 20 att
675 912 81 21 bereda
771 912 42 20 den
828 912 99 26 ungdom,
948 918 46 14 som

168 935 126 57 gonomgdit
309 940 41 20 den
366 940 105 26 egentliga
486 940 52 21 eller
553 946 16 16 s.
585 941 20 21 k.
622 941 66 27 högre
711 940 128 26 folkskolan,
863 940 83 21 tillfälle
962 942 33 19 att

178 968 100 21 örvärfva
292 968 32 27 sig
346 974 59 15 mera
426 968 128 27 kunskaper,
576 970 101 20 särskildt
701 969 62 21 äfven
785 968 81 22 sådana
888 975 45 15 som
955 974 42 21 ega.

169 996 125 21 omedelbar
309 996 133 28 tillämpning
457 998 7 20 i
479 997 36 21 det
530 998 112 26 praktiska
657 998 66 22 lifvet.

238 1025 44 21 Det
292 1025 61 21 torde
361 1026 102 20 innebära
471 1027 31 19 ett
511 1026 174 22 öfverskattande
696 1026 23 21 af
728 1026 132 21 folkskolans
870 1026 125 26 verknings-

167 1052 65 25 kraft,
249 1060 36 14 om
300 1060 49 14 man
364 1055 87 25 antager
467 1056 32 19 att
515 1054 26 21 de
556 1055 61 24 barn,
635 1062 44 14 som
696 1056 71 20 lemna
790 1054 127 26 folkskolan,
933 1054 7 21 i
955 1054 38 21 all-

168 1081 88 22 mänhet
272 1082 112 21 innehafva
399 1082 114 28 tillräcklig
527 1082 97 28 förmåga
639 1086 32 19 att
686 1084 29 26 pä
731 1089 52 21 egen
798 1083 64 26 hand,
883 1084 51 20 utan
957 1082 38 21 nä-

167 1116 43 19 gon
225 1110 93 27 ledning,
334 1110 100 21 fortsätta
448 1112 48 20 med
519 1112 134 26 allvarligare
675 1112 85 26 läsning
781 1111 28 26 pä
825 1113 31 19 ett
877 1111 118 21 fruktbrin-

167 1138 70 26 gande
254 1140 50 19 sätt.
335 1139 142 22 Skriftskolan
493 1140 52 21 ökar
565 1140 123 27 visserligen
712 1141 111 20 elevernas
845 1140 64 26 insigt
924 1140 6 20 i
946 1139 49 21 reli-

167 1166 131 27 gionsläran,
314 1173 47 15 men
376 1167 8 21 i
399 1167 68 28 öfriga
483 1170 76 19 ämnen
575 1169 61 21 torde
652 1169 80 21 studiet
754 1168 65 21 oftast
842 1167 98 22 afstanna
955 1169 40 20 och

169 1195 58 20 det
218 1191 14 38 i
244 1195 76 22 skolan
335 1195 110 22 inhöstade
461 1197 100 21 vetandet
585 1200 60 19 snart
667 1204 43 21 nog
732 1197 109 26 glömmas,
863 1197 24 21 sä
908 1197 45 21 vidt
975 1197 19 26 ej

166 1229 91 21 gynsam
274 1224 115 27 omgifning
404 1225 51 21 eller
472 1225 107 27 tillfälliga
593 1225 132 28 inflytanden
740 1225 58 22 hälla
813 1225 182 27 kunskapshägen

166 1251 7 21 i
189 1252 143 21 verksamhet.

236 1280 60 21 Utan
310 1282 33 19 att
358 1287 74 20 genom
449 1282 36 21 det
500 1283 66 26 sagda
581 1282 29 21 ha
631 1283 56 21 velat
703 1283 7 20 i
726 1283 95 26 ringaste
844 1282 50 21 män
916 1282 79 21 under-

167 1308 73 21 skatta
257 1309 36 21 det
308 1309 54 21 mått
375 1309 23 22 af
411 1310 123 27 själsodling
558 1311 39 21 och
621 1311 25 21 de
669 1311 162 27 bildningsfrön,
855 1317 45 15 som
922 1311 6 20 i
952 1311 44 20 alla

166 1336 38 21 fall
220 1338 79 25 utgöra
314 1339 32 20 ett
360 1338 168 27 välsignelserikt
543 1339 92 22 resultat
649 1340 23 21 af
685 1339 178 26 undervisningen
878 1339 7 21 i
900 1339 95 22 folksko-

166 1365 36 20 lan
217 1377 29 3 —
263 1367 32 20 ett
310 1367 95 26 resultat,
415 1373 45 15 som
477 1367 63 21 bland
556 1368 107 27 allmogen
677 1370 100 25 nogsamt
792 1368 57 26 röjer
863 1368 32 26 sig
910 1368 31 21 uti
957 1367 39 21 sti-

165 1393 71 26 gande
251 1394 106 26 hyfsning,
372 1395 88 21 intresse
475 1395 33 21 för
523 1396 107 26 tidningar
652 1397 39 20 och
715 1403 71 14 annan
808 1396 109 21 litteratur
939 1398 56 18 samt

166 1423 96 29 öppnare
286 1422 56 21 blick
364 1423 33 21 för
417 1424 110 21 kulturens
551 1425 40 20 och
613 1424 175 22 samhällslifvets
811 1424 78 27 frågor,
908 1436 28 2 —
955 1424 40 20 har

164 1455 37 21 jag
216 1450 71 26 tänkt,
302 1453 33 19 att
350 1452 36 20 det
401 1452 54 20 dock
470 1458 89 15 numera
574 1453 45 21 icke
635 1459 50 15 vore
702 1453 34 21 för
751 1453 64 26 tidigt
830 1454 32 20 att
877 1452 73 21 skrida
961 1452 33 21 till

166 1478 126 22 inrättande
307 1480 23 20 af
344 1479 79 22 sådana
437 1480 158 26 läroanstalter,
611 1488 52 20 som,
683 1482 49 21 med
749 1482 121 25 anslutning
892 1481 32 21 till
939 1481 56 21 folk-

166 1506 87 22 skolans
269 1507 58 27 kurs,
344 1508 67 22 skulle
427 1508 98 28 bibringa
546 1510 46 20 sina
607 1510 33 21 till
663 1510 61 21 älder
747 1510 40 21 och
807 1509 97 21 förständ
928 1509 68 21 redan
