1056 1686
329 111 25 17 R.
366 115 17 12 o.
396 111 23 16 A.
432 111 54 16 1891.
512 111 23 16 14
547 110 58 18 Febr.
813 105 38 21 281

57 193 32 19 att
104 191 22 21 få
140 191 97 26 afstyrka
258 191 117 27 petitionen
391 191 39 21 och
446 191 7 20 i
469 191 39 20 och
525 191 48 21 med
589 191 118 21 detsamma
722 191 103 26 nedlägga
840 191 43 20 min

56 220 132 21 reservation
202 221 46 19 mot
262 219 60 21 detta
337 219 110 22 rubbande
463 219 24 21 af
500 225 25 15 en
541 219 24 21 af
573 219 158 27 grundvalarna
741 219 33 21 för
783 219 38 21 vär
831 221 53 18 stat-

56 248 46 28 liga
117 248 86 21 tillvaro
216 247 47 22 frän
280 247 24 22 är
320 248 61 25 1809,
397 248 68 21 under
480 247 154 28 förutsättning
648 250 33 19 att
695 247 105 28 yrkandet
812 247 27 27 pä
850 253 34 15 re-

56 277 50 21 miss
122 277 33 21 till
170 277 82 20 utskott
268 276 42 21 blir
324 276 83 21 bifallet
421 276 23 21 af
457 277 26 20 R.
499 282 19 15 o.
534 277 25 20 A.

125 332 58 22 Frih.
190 333 25 21 R.
224 333 24 21 A.
260 333 101 21 Wrede:
377 332 146 27 Jaganhäller
530 334 33 20 att
571 332 21 22 fä
600 334 58 26 yttra
668 332 67 27 nägra
743 332 38 22 ord
790 332 91 27 angäen-

58 362 25 20 de
106 361 40 21 den
166 362 96 26 petition,
285 368 45 14 som
348 362 36 26 jag
399 361 46 21 haft
461 363 51 19 äran
527 362 126 20 framlemna
667 362 7 20 i
690 361 59 21 detta
765 361 61 21 ständ
842 361 39 21 och

57 390 70 21 tillika
141 390 7 21 i
164 390 112 27 anledning
291 390 23 21 af
328 390 25 21 de
369 390 172 26 betänkligheter
555 390 49 22 med
619 390 100 21 afseende
734 390 13 21 ä
757 390 40 21 den
809 390 23 21 af
838 390 42 26 mig

58 419 92 21 nämnda
172 418 112 26 reformen,
303 425 44 15 som
363 418 64 22 hafva
442 419 90 21 uttalats
548 418 23 22 af
584 418 67 27 nägra
666 418 64 22 ärade
745 418 138 22 medlemmar

57 448 6 20 i
79 447 59 21 detta
154 446 73 22 Ständ.
257 448 41 26 Jag
312 447 38 21 ber
366 448 26 20 dä
407 447 33 21 till
455 447 55 21 först
525 449 32 19 att
572 447 22 21 fä
609 447 89 27 päpeka,
715 447 114 21 huruledes
841 447 40 21 den

57 476 67 27 fråga,
149 482 45 15 som
215 476 37 26 jag
267 482 28 15 nu
311 476 39 21 har
364 476 54 26 tagit
433 476 43 26 mig
491 476 92 21 friheten
599 478 32 19 att
646 476 73 24 väcka,
735 478 24 18 är
774 482 26 15 en
815 476 66 26 fråga,

58 510 46 16 som
120 504 93 27 ständigt
229 504 38 21 allt
283 505 65 21 sedan
363 504 51 22 vära
429 504 140 27 landtdagars
585 504 182 27 äterupplifvande
785 504 54 22 1863
847 510 36 15 va-

58 533 28 21 rit
108 532 28 28 pä
158 533 159 27 dagordningen
338 533 39 21 och
399 534 36 20 det
450 533 47 21 icke
513 533 56 21 blott
584 534 6 20 i
606 533 39 21 och
661 533 33 21 för
709 533 32 26 sig
755 536 52 18 utan
823 533 60 21 äfven

58 562 70 21 såsom
153 567 25 15 en
201 562 34 21 del
250 562 22 21 af
286 568 26 15 en
326 568 71 15 annan
413 561 22 22 af
449 562 120 21 Ständerna
584 562 51 21 flere
650 561 79 27 gånger
745 562 80 21 önskad
840 562 44 20 vid-

59 591 118 20 sträcktare
199 590 77 21 reform
299 590 23 21 af
342 590 48 21 hela
405 589 48 22 värt
469 590 252 27 rättskipningsväsende.
752 590 41 21 Det
809 591 24 20 är
848 590 34 21 väl

59 619 46 21 icke
127 618 71 27 nägon
220 619 89 20 medlem
334 619 4 21 i
361 619 59 21 detta
435 619 69 20 Ständ
520 619 99 25 obekant,
635 619 114 20 huruledes
765 618 120 21 Ständerna

59 647 64 21 hafva
145 647 51 21 flere
211 647 79 26 gänger
306 648 78 21 uttalat
399 647 32 27 sig
446 647 109 27 angäende
572 647 183 26 nödvändigheten
771 647 22 21 af
806 653 26 14 en
847 647 37 26 dy-

59 676 29 21 lik
104 676 85 21 reform.
219 676 50 21 Man
285 675 87 28 började
388 676 55 21 först
458 676 49 21 med
522 676 182 24 häradsrätterna,
720 676 34 21 vid
769 675 72 21 hvilka
849 675 36 22 det

59 705 133 26 längsamma
206 704 138 27 förfarandet,
360 711 44 15 som
421 705 38 20 der
475 711 50 20 eger
539 711 53 20 rum,
608 705 37 26 gaf
659 711 25 14 en
700 705 40 20 lätt
755 704 78 21 funnen
848 710 36 15 an-

60 733 86 26 ledning
168 733 33 21 till
222 733 82 21 önskan
325 739 33 16 om
381 733 86 26 reform,
483 739 47 15 men
546 739 49 15 man
610 733 51 21 fann
676 735 60 19 snart
751 735 31 19 att
797 733 88 20 härmed

60 761 46 22 icke
129 762 39 20 allt
190 767 50 15 vore
260 761 68 27 hjelpt
352 763 51 20 utan
426 764 33 19 att
481 761 38 22 vär
535 762 254 26 domstolsorganisation,
804 761 33 22 för
853 763 32 19 att

61 793 108 18 motsvara
192 790 68 21 tidens
282 790 127 27 fordringar,
432 790 76 21 kräfde
524 797 45 14 mer
584 790 131 21 omfattande
730 790 154 26 förändringar.

61 818 131 21 Uttalanden
208 819 6 20 i
230 819 60 20 detta
305 819 53 27 syfte
374 819 62 21 hafva
452 819 33 21 för
501 819 64 26 öfrigt
579 819 68 27 gjorts
661 819 47 21 icke
723 819 55 21 blott
793 819 22 20 af
823 818 62 21 Stän-

61 847 79 25 derna;
160 849 52 19 utan
234 846 65 22 också
321 847 35 21 vid
378 848 25 20 de
422 849 78 19 tvänne
515 849 69 19 större
597 847 143 27 juristmöten,
756 853 45 15 som
817 847 6 21 i
838 846 47 22 vårt

61 875 49 21 land
133 875 73 21 hållits
230 876 54 20 1879
307 876 39 21 och
371 876 54 21 1889
445 876 74 26 gjorde
543 876 30 26 sig
595 876 103 21 likaledes
713 876 6 20 i
735 876 56 20 olika
806 875 79 21 former

62 904 69 21 denna
154 904 64 21 tanke
241 904 39 21 och
302 904 69 21 denna
386 904 82 21 önskan
483 904 106 27 gällande.
618 904 35 21 Dä
667 904 36 28 jag
718 910 29 15 nu
761 904 40 21 har
816 906 70 19 ansett

62 935 32 18 att
109 932 59 21 tiden
183 932 106 22 mähända
303 933 46 21 icke
364 939 50 15 vore
429 933 50 21 inne
495 935 32 19 att
541 933 67 21 väcka
618 933 81 27 förslag
713 939 34 15 om
763 939 26 15 en
800 932 85 26 reform,

62 967 44 15 som
122 961 68 21 skulle
206 961 66 21 blifva
288 962 22 20 sä
326 961 186 26 vidtomfattande,
528 962 23 20 sä
567 962 39 20 har
619 962 36 26 jag
671 962 54 20 dock
741 962 32 20 för
789 964 32 18 att
834 962 51 20 fort-

61 990 89 20 farande
165 989 58 21 hälla
238 989 74 27 frägan
328 990 64 21 ocksä
407 990 47 21 frän
471 991 68 20 denna
555 991 106 26 synpunkt
676 990 34 21 vid
723 990 28 26 lif,
763 992 70 19 ansett
844 990 42 26 mig

62 1018 53 21 böra
130 1018 68 20 väcka
212 1018 80 27 förslag
307 1024 33 16 om
356 1025 26 15 en
397 1018 79 22 reform
493 1019 22 21 af
529 1018 36 22 vär
580 1019 76 26 högsta
672 1019 97 25 domstol,
780 1018 68 22 säsom
861 1025 25 15 en

63 1047 65 26 vigtig
143 1046 40 21 och
198 1047 81 21 kanske
296 1047 40 21 den
351 1048 112 26 vigtigaste
479 1048 77 20 länken
572 1048 6 20 i
593 1048 38 20 vär
647 1047 202 21 domstolshierarki.

131 1075 66 21 Detta
212 1077 24 19 är
251 1076 122 26 visserligen
388 1082 26 14 en
430 1076 47 20 sida
491 1076 24 20 af
529 1076 72 26 saken,
617 1082 47 15 men
678 1076 36 26 jag
735 1076 67 20 mäste
818 1076 69 20 tillika

64 1104 95 21 erkänna
184 1104 39 20 och
245 1104 70 21 uttala
337 1106 32 19 att
384 1104 64 27 syftet
463 1105 49 20 med
528 1105 43 20 min
586 1105 89 26 petition
690 1105 38 26 går
743 1104 48 21 vida
807 1104 79 27 längre,

63 1132 54 21 dock
132 1131 46 22 icke
194 1132 24 21 sä
233 1132 59 27 längt
308 1139 44 14 som
368 1133 40 20 den
424 1133 53 20 sista
492 1133 64 21 ärade
572 1133 82 21 talaren
670 1133 31 21 Hr
717 1133 117 21 Schauman
850 1139 36 14 an-

63 1163 43 24 tog,
130 1160 106 27 nämligen
258 1163 32 18 att
305 1161 50 27 vilja
369 1161 70 21 rubba
454 1162 26 20 de
496 1161 128 27 grundvalar
638 1162 33 21 för
686 1161 100 22 Finlands
802 1161 85 27 statliga

62 1189 92 25 tillvaro,
176 1195 46 15 som
246 1189 95 22 infördes
364 1190 60 21 1809.
455 1190 46 21 Den
517 1190 57 21 afser
587 1191 46 20 icke
649 1192 33 19 att
697 1190 68 21 rubba
779 1192 52 19 utan
847 1190 40 21 den

62 1217 57 22 afser
140 1217 88 22 fastmer
250 1220 33 19 att
307 1218 83 21 befästa
406 1219 63 21 dessa
483 1219 129 26 grundvalar
627 1225 75 20 genom
713 1222 31 18 ett
759 1218 128 27 återgående

63 1246 32 21 till
117 1246 145 27 grundsatser,
282 1253 45 15 som
348 1247 59 21 förut
422 1247 39 21 hos
477 1253 35 15 oss
527 1247 58 26 gällt.
616 1248 11 21 I
642 1247 89 22 främsta
746 1249 91 19 rummet
851 1247 35 20 vill

62 1275 36 26 jag
112 1275 76 20 härvid
204 1277 77 19 nämna
288 1276 140 26 grundsatsen
437 1282 34 15 om
485 1276 42 20 alla
540 1275 103 27 domares,
655 1276 64 21 också
731 1276 156 21 ledamöternas

64 1304 6 20 i
93 1303 77 27 högsta
191 1303 81 22 instans
290 1304 146 27 oafsättlighet
452 1304 71 21 säsom
539 1311 26 14 en
581 1305 120 26 nödvändig
715 1305 82 26 garanti
813 1304 34 21 för
862 1310 26 15 en

63 1332 42 27 god
121 1331 146 28 rättskipning.
299 1333 77 21 Vidare
392 1333 69 21 skulle
477 1333 65 21 ocksä
557 1339 25 15 en
599 1333 102 27 ätergäng
715 1334 7 20 i
737 1334 41 20 viss
794 1333 48 20 män
851 1332 36 21 ske

64 1361 123 25 derigenom
202 1362 32 20 att
250 1361 40 21 den
306 1361 76 27 högsta
397 1361 121 22 domstolen
533 1362 68 21 skulle
617 1362 74 27 skiljas
701 1361 47 22 från
759 1362 76 25 högsta
846 1363 42 24 sty-

64 1389 135 24 relseverket,
222 1391 23 25 ty
267 1389 24 21 är
308 1390 60 23 1809,
384 1389 27 21 dä
426 1390 228 26 Regeringskonseljen
670 1391 33 20 för
717 1391 90 20 Finland
822 1390 65 20 inrät-

64 1418 68 24 tades,
156 1417 23 21 sä
200 1424 50 14 voro
274 1418 6 21 i
304 1418 74 26 sjelfva
397 1418 75 21 verket
492 1418 63 21 dessa
575 1418 56 22 bäda
652 1418 76 27 högsta
743 1418 146 28 myndigheter

64 1448 78 19 tvänne
165 1446 105 21 särskilda
292 1446 151 28 myndigheter.
473 1447 42 26 Jag
537 1447 37 21 ber
597 1448 40 20 ock
652 1447 48 21 med
715 1447 99 21 afseende
829 1446 12 21 ä
857 1446 31 21 Hr

65 1474 131 22 Schaumans
218 1475 99 26 yttrande
340 1475 101 21 särskildt
462 1475 23 21 fä
507 1476 68 21 uttala
598 1477 32 19 att
653 1482 33 14 om
704 1476 64 21 ocksä
783 1475 105 21 reformen

64 1503 69 21 skulle
148 1503 116 21 inskränka
280 1504 31 26 sig
326 1504 75 21 endast
417 1503 82 21 derhän
519 1507 31 19 att
565 1504 36 22 det
616 1504 140 25 förhållande,
769 1510 44 15 som
824 1504 64 21 inför-
