1056 1686
328 118 26 17 R.
366 122 18 13 o.
397 118 22 17 A.
432 118 53 17 1891.
509 118 22 17 12
543 118 62 17 Mars.
812 112 42 21 427

56 197 70 22 helsat
141 198 117 26 petitionen
274 197 134 22 välkommen
424 197 35 21 vid
478 197 69 21 denna
569 197 109 26 landtdag.
709 197 78 21 Vidare
803 198 80 19 utmär-

54 225 39 22 ker
108 227 32 25 sig
155 227 69 20 denna
239 227 89 25 petition
345 227 128 26 derigenom,
490 227 33 20 att
535 226 37 26 jag
587 226 8 20 i
611 226 123 21 densamma
749 225 47 21 icke
807 231 35 15 ser
857 231 26 15 en

54 254 71 27 skymt
143 254 24 21 af
188 255 96 20 enskilda
306 255 52 20 eller
380 255 169 26 partiintressen,
572 254 73 21 hvilka
667 254 55 21 dock
743 254 60 25 spela
818 260 25 14 en
860 253 23 22 sä

55 284 45 19 stor
116 283 40 20 roll
171 283 7 20 i
193 283 77 26 mänga
285 283 67 21 andra
367 283 120 26 petitioner,
502 283 37 26 jag
554 282 102 21 behöfver
668 282 55 21 blott
734 284 78 19 nämna
825 282 58 26 jern-

53 313 59 25 vägs-
132 311 38 21 och
186 311 197 26 skolpetitionerna.
414 310 79 27 Sjelfva
513 311 75 26 frågan
612 311 39 20 har
674 317 27 14 nu
725 311 65 20 redan
814 310 69 21 blifvit

55 339 132 25 diskuterad,
204 340 39 20 och
259 340 171 21 önskvärdheten
446 339 23 21 af
483 340 70 20 denna
569 339 100 26 petitions
692 338 111 27 framgäng
819 338 63 22 fram-

54 368 74 20 hällits
143 368 23 21 af
179 368 50 21 flere
245 369 74 25 talare,
342 368 39 21 och
397 368 45 21 icke
459 368 42 21 kan
523 368 36 26 jag
583 368 93 26 äberopa
698 368 43 26 mig
763 367 28 26 pä
813 367 70 27 nägon

54 398 70 19 större
140 396 121 21 erfarenhet
276 398 7 20 i
299 397 68 21 denna
382 396 67 26 fräga.
480 397 41 25 Jag
542 396 50 21 kom
615 396 65 21 likväl
701 395 134 22 händelsevis
851 397 32 19 att

54 425 68 20 vistas
137 425 67 26 nägra
220 425 66 26 dagar
302 427 83 19 senaste
401 431 92 15 sommar
509 425 32 21 uti
557 425 40 21 den
613 424 40 21 här
667 424 50 21 flere
736 424 81 27 gänger
839 430 44 15 om-

54 454 93 20 nämnda
162 454 73 26 Lappo
252 454 78 20 socken
346 454 39 21 och
401 453 41 21 fick
461 454 38 20 der
515 453 23 21 af
552 460 26 14 en
594 454 40 20 den
655 453 155 26 trovärdigaste
833 459 50 15 man

54 481 130 22 bekräftelse
200 482 34 26 pä,
250 484 32 19 att
298 482 152 27 emigrationen
467 482 5 20 i
489 484 45 19 stor
545 482 61 20 skala
619 484 24 18 är
654 483 31 19 ett
696 482 122 26 ovilkorligt
831 482 52 20 ondt

54 510 62 21 äfven
131 510 33 21 för
180 511 68 20 denna
264 512 41 21 ort.
330 510 41 27 Jag
386 517 63 15 anser
465 510 77 26 derför,
559 512 32 19 att
607 510 59 21 detta
681 512 106 19 memento
799 510 31 21 till
842 510 40 21 Re-

55 538 102 27 geringen
173 540 6 20 i
195 539 69 21 denna
279 540 79 25 vigtiga
374 539 61 26 fräga
451 541 24 19 är
490 539 111 26 högeligen
618 538 23 22 af
655 539 100 21 behofvet
765 538 116 27 päkalladt,

53 567 40 20 och
108 567 48 21 ville
172 569 32 19 att
219 567 7 20 i
241 567 107 21 klämmen
364 567 101 21 särskildt
480 567 67 21 borde
563 567 49 26 ingä
628 567 65 26 nägot
708 573 34 15 om
763 574 26 14 en
805 567 76 21 under-

54 595 90 26 sökning
160 595 22 21 af
191 596 117 21 orsakerna
324 596 32 21 till
372 596 40 21 den
429 598 58 19 stora
499 596 207 26 emigrationslusten
723 596 6 20 i
745 596 63 21 dessa
823 595 59 21 trak-

55 625 39 19 ter.
125 624 50 21 Man
192 624 68 21 skulle
276 625 69 26 tycka,
362 626 31 19 att
411 624 120 21 förnämsta
554 624 91 21 orsaken
667 626 24 19 är
713 624 110 21 bristande
839 624 42 21 väl-

54 652 61 21 ständ
133 653 6 20 i
155 653 129 26 hemlandet,
301 653 81 21 hvilket
397 653 54 21 dock
466 653 47 21 icke
529 654 44 19 rätt
584 652 199 21 öfverensstämmer
796 653 48 20 med
855 653 26 20 de

53 681 143 26 optimistiska
212 681 85 26 äsigter,
313 687 45 15 som
374 682 90 20 uttalats
476 688 34 14 om
518 681 52 21 vära
576 681 125 26 jernvägars
709 681 129 26 välgörande
850 681 31 20 in-

54 709 92 26 flytande
164 709 39 22 och
219 710 62 21 deras
297 710 147 27 utsträckning
460 710 32 20 till
508 709 113 26 Uleäborg.
646 710 158 26 Emigrationen
821 710 60 20 torde

53 738 113 27 nämligen,
182 738 66 21 sedan
264 739 69 20 denna
346 738 89 27 jernväg
450 739 89 20 kommit
550 738 32 21 till
591 738 69 25 ständ,
670 739 45 20 icke
725 738 62 21 hafva
798 738 82 26 aftagit,

53 768 52 19 utan
116 773 87 14 snarare
219 767 87 26 tilltagit
321 767 7 20 i
344 767 68 20 denna
436 767 98 26 nordliga
550 767 101 20 landsort.
683 767 31 20 En
737 773 69 14 annan
828 767 52 24 sida,

53 800 44 15 som
114 795 38 20 här
168 795 90 25 berörts,
276 797 24 18 är
316 795 195 26 österbottningens
528 795 252 26 sjelfständighetsbegär,
797 795 39 21 och
855 801 26 15 en

54 829 70 14 annan
140 823 87 21 dermed
243 824 208 26 sammanhängande
471 823 166 26 omständighet,
661 830 43 14 som
727 824 46 20 icke
797 824 83 20 berörts

52 851 29 27 pä
96 852 60 20 detta
172 858 53 20 rum,
242 858 47 14 men
305 852 34 20 väl
354 852 6 20 i
374 852 145 21 betänkandet
530 852 39 20 och
581 851 124 27 petitionen,
716 854 29 24 är,
757 853 32 19 att
800 858 81 14 samma

54 880 184 26 österbottningar
253 886 75 20 genom
345 881 155 25 emigrationen
523 880 48 26 vilja
592 880 138 27 undandraga
753 881 31 25 sig
806 882 74 19 värne-

54 908 87 26 pligten.
172 908 34 21 Nu
218 908 68 22 mäste
299 909 38 26 jag
352 915 49 15 anse
425 910 62 20 dessa
511 909 65 26 begge
600 909 180 26 omständigheter
803 910 77 25 utgöra

52 938 91 20 motsats
163 937 32 21 till
218 938 195 26 österbottningens
436 938 5 20 i
466 938 64 26 öfrigt
553 937 112 26 beprisade
688 938 129 26 förtjenster,
841 937 39 21 och

52 967 46 19 tror
112 966 42 26 jag,
172 967 32 19 att
216 966 60 20 detta
296 966 127 26 beprisande
446 966 23 21 af
491 965 194 27 österbottningens
709 966 171 26 sjelfständighet

54 994 39 20 och
109 994 53 20 hans
178 994 76 26 mänga
269 994 56 26 goda
341 994 131 26 egenskaper
486 995 44 26 just
553 1000 126 20 uppammar
695 994 52 21 hans
770 994 109 21 bristande

52 1022 128 26 patriotism,
197 1022 38 21 och
252 1025 32 19 att
300 1023 36 21 det
350 1029 45 15 mer
411 1024 26 19 än
454 1023 65 26 nägot
535 1024 65 19 annat
621 1022 91 27 bidragit
734 1023 32 20 till
789 1024 32 19 att
843 1022 36 21 be-

52 1050 77 27 främja
146 1051 52 20 hans
214 1052 187 24 emigrationslust.
429 1051 104 27 Slutligen
549 1052 37 20 ber
599 1051 38 26 jag
653 1052 53 20 blott
721 1053 32 19 att
769 1051 20 21 fä
805 1051 74 21 förena

54 1080 42 25 mig
112 1080 101 20 särskildt
229 1080 47 20 med
293 1080 35 20 tvä
343 1080 74 24 talare,
435 1080 32 20 Hr
483 1080 71 20 Antell
571 1079 38 21 och
621 1080 56 20 Frih.
689 1086 39 14 von
739 1080 139 23 Willebrand,

52 1107 72 21 hvilka
138 1108 37 26 jag
190 1110 23 18 är
230 1108 94 21 tacksam
340 1108 34 20 för
390 1108 25 21 de
431 1108 80 25 äsigter
527 1108 26 21 de
569 1108 79 20 uttalat
671 1108 22 20 sä
715 1108 162 21 öfverensstäm-

53 1136 76 21 mande
145 1136 48 21 med
210 1137 56 20 mina
282 1136 158 21 fosterländska
456 1137 93 20 känslor.

121 1192 70 21 Sedan
208 1193 146 21 diskussionen
370 1193 52 20 härå
439 1193 114 20 förklarats
569 1193 100 22 afslutad,
692 1193 68 20 beslöt
775 1193 25 20 R.
817 1199 18 14 o.
853 1192 25 21 A.

51 1222 32 19 att
98 1221 113 26 godkänna
226 1221 209 27 petitionsförslaget.

120 1323 73 22 Under
210 1324 79 26 dagens
304 1325 86 26 plenum
405 1323 55 22 hade
477 1323 93 21 utdelats
587 1324 38 21 och
642 1323 112 21 bordlades
767 1322 32 21 till
815 1324 62 19 nästa

52 1353 86 25 plenum
154 1352 114 21 Allmänna
282 1352 211 21 Besvärsutskottets
508 1352 134 21 betänkande
659 1352 39 21 N:o
713 1354 13 18 4
742 1352 6 20 i
764 1351 113 26 anledning

53 1380 24 21 af
91 1382 30 19 ett
137 1381 32 20 till
185 1381 161 21 Presteståndet
361 1381 118 20 inlemnadt
499 1381 181 25 petitionsförslag
701 1380 109 26 angående
834 1380 43 20 till-

52 1409 98 21 sättande
166 1408 24 21 af
204 1409 96 21 rektorer
316 1409 34 21 vid
366 1409 83 21 landets
465 1409 221 21 elementarläroverk.
