1056 1686
313 122 25 17 R.
351 127 17 12 o.
381 122 22 16 A.
417 122 53 17 1891.
495 123 22 16 12
530 122 62 16 Mars.
795 117 41 20 417

40 202 59 21 anta]
116 201 52 21 falla
183 201 127 21 kommunen
327 201 32 20 till
376 201 45 21 last.
453 201 41 21 Till
509 201 116 27 belysande
640 201 23 21 af
677 201 130 22 sistnämnda
823 208 44 15 om-

41 230 125 26 ständighet
188 230 37 20 ber
246 229 36 27 jag
304 229 19 21 fä
348 230 72 21 anföra
437 229 94 26 följande
549 229 70 22 siffror
641 230 132 21 beträffande
789 230 78 21 förhäl-

41 259 92 20 landena
159 259 6 20 i
187 258 60 21 detta
268 258 99 21 afseende
390 259 55 20 inom
467 258 65 21 Wasa
547 259 42 20 län.
619 253 30 26 År
667 258 53 21 1888
735 259 92 25 uppgick
843 259 25 20 de

41 286 179 28 hemmavarande
236 286 126 20 hustrurnas
378 286 58 20 antal
452 287 33 20 till
501 286 156 26 sammanlagdt
673 286 37 21 731
723 286 38 21 och
770 287 26 20 de
808 293 61 20 gvar-

40 315 98 21 lemnade
156 315 92 20 barnens
264 314 31 21 till
313 315 67 20 1.994.
410 315 10 20 I
436 315 154 26 sammanhang
605 314 87 22 härmed
708 314 35 22 mä
761 315 108 21 meddelas

40 345 35 19 att
90 343 68 21 under
174 343 23 21 är
215 344 53 20 1888
285 343 116 26 beviljades
417 344 181 25 fattigunderstöd
619 343 22 21 ät
664 343 80 21 sädana
767 350 102 20 personer

41 372 57 20 inom
115 372 66 20 Wasa
197 372 41 25 län,
255 372 82 20 hvilkas
353 373 54 24 män,
424 372 108 20 föräldrar
548 372 51 20 eller
615 372 60 22 barn,
697 378 46 14 som
765 372 37 20 det
824 372 44 21 äle-

41 403 37 24 gat
94 402 32 19 att
142 406 34 15 om
192 400 47 21 dem
256 402 49 24 taga
321 400 57 25 vård,
395 400 89 26 begifvit
500 401 31 25 sig
547 400 32 21 till
595 400 100 21 Amerika
710 400 28 26 pä
753 400 116 22 arbetsför-

43 429 71 26 tjenst,
130 429 68 25 enligt
213 428 83 27 uppgift
312 429 114 26 upprättad
443 429 6 20 i
465 429 94 26 enlighet
575 429 47 20 med
638 428 47 21 frän
699 428 171 28 fattigvärdssty-

43 458 97 20 relserna
155 457 117 21 aflemnade
288 457 151 26 upplysningar
455 458 33 20 till
503 459 32 19 ett
551 457 76 27 belopp
643 457 23 21 af
681 458 60 23 1,072
757 457 62 21 mark
842 460 25 18 41

42 486 64 26 penni
129 487 55 19 samt
206 486 27 20 76
257 488 77 18 tunnor
356 486 28 20 24
403 486 83 26 kappar
502 486 115 26 spannmäl.
649 480 30 26 Är
696 486 53 21 1889
766 486 102 26 gvarlem-

42 514 66 21 nades
121 514 48 20 utaf
184 514 62 21 1,579
263 514 89 26 manlige
368 514 129 26 emigranter
508 515 41 20 697
561 514 87 20 hustrur
664 514 38 21 och
718 514 75 21 inalles
809 515 61 25 1,904

43 542 60 21 barn.
135 542 74 21 Säsom
225 542 179 26 fattigunderstöd
421 542 22 21 ät
459 542 26 21 de
501 543 124 26 utflyttades
648 542 6 21 ä
676 542 111 22 hemorten
810 549 60 20 gvar-

46 571 98 20 lemnade
159 571 219 26 familjemedlemmar
393 570 98 27 utgäfvos
516 571 53 20 1889
591 571 22 20 af
633 571 157 21 vederbörande
811 571 60 21 kom-

45 605 75 14 muner
135 599 61 26 1,684
212 599 60 20 mark
290 600 23 19 71
332 599 62 26 penni
410 601 55 18 samt
481 599 26 20 83
524 602 79 18 tunnor
618 600 25 19 21
656 599 27 26 1/,
698 599 81 26 kappar
795 606 76 20 spann-

44 627 43 21 mål.
124 627 28 21 Af
172 628 26 20 de
224 627 24 21 är
272 628 53 20 1890
346 627 112 26 utflyttade
474 628 91 26 manlige
582 629 154 25 emigranterne
752 628 63 21 hafva
830 629 41 20 608

42 656 134 26 gvarlemnat
192 656 76 20 hustru
284 655 39 21 och
340 656 73 21 inalles
430 657 63 25 1,158
510 656 59 26 barn,
587 656 22 21 ät
624 656 72 21 hvilka
711 656 69 21 såsom
799 656 72 27 fattig-

44 685 116 20 understöd
176 684 97 27 utgifvits
289 684 23 21 af
324 684 161 21 vederbörande
501 685 229 26 fattigvärdsstyrelser
738 685 60 26 2,361
810 685 61 20 mark

43 713 27 20 42
93 713 62 26 penni
176 713 40 20 och
240 713 26 20 96
291 715 77 18 tunnor
384 714 24 19 21
423 713 27 26 '/,
465 713 84 26 kappar
565 713 116 27 spannmål.
710 713 68 21 Torra
794 713 76 26 siffror,

44 747 48 15 men
114 741 78 26 hvilka,
214 747 34 15 om
273 747 48 14 man
345 743 38 24 gör
406 742 31 26 sig
455 742 77 20 mödan
549 741 116 21 öfversätta
681 742 46 20 dem
743 742 32 21 till
791 742 80 27 vanligt

44 769 71 27 spräk,
132 770 64 21 blifva
212 769 154 21 skrämmande.

114 798 47 21 Den
184 799 64 20 ärade
272 799 140 25 petitionären
435 798 92 21 förbiser
550 799 53 25 icke,
625 800 31 19 att
678 799 72 20 landet
770 799 40 20 har
825 799 46 21 haft

45 827 95 20 fördelar
156 827 22 20 af
192 827 154 25 utvandringen
362 826 31 21 till
409 827 108 25 Amerika,
533 829 33 18 att
589 827 119 26 betydande
730 827 141 26 penningebe-

46 855 50 26 lopp
114 854 81 27 årligen
212 854 136 21 öfversändas
364 854 47 21 från
427 855 102 21 Amerika
545 855 30 21 till
592 855 100 21 Finland:
714 862 34 14 om
765 855 38 27 jag
824 856 46 20 icke

47 884 81 20 minnes
160 884 63 24 orätt,
254 883 23 21 sä
306 884 106 26 uppgingo
444 884 63 20 dessa
529 883 23 21 af
575 884 128 25 emigranter
725 884 32 20 till
778 884 93 20 hemma-

48 912 93 20 varande
158 912 116 26 slägtingar
290 912 137 20 remitterade
443 912 119 20 understöd
585 912 33 20 för
641 914 31 18 ett
694 912 23 20 af
738 912 25 21 de
786 914 85 20 senaste

48 940 51 21 ären
116 940 32 20 till
164 940 58 20 öfver
238 941 12 20 2
267 940 96 26 miljoner
378 940 67 21 mark.
471 940 46 21 Och
532 940 91 26 mängen
634 940 172 21 Amerikafarare
817 940 54 22 äter-

48 969 79 21 vänder
142 968 61 21 äfven
220 968 48 21 med
290 968 143 27 besparingar,
457 968 125 21 tillhandlar
605 969 31 26 sig
659 968 39 21 här
720 970 31 20 ett
774 970 98 20 hemman

48 998 40 20 och
104 997 108 21 använder
226 997 32 20 till
274 996 150 22 fosterlandets
439 996 93 22 fromma
547 997 56 21 hvad
622 997 42 21 han
687 998 74 20 derute
783 997 89 21 förvärf-

48 1028 42 18 vat.
127 1026 48 20 Men
197 1025 121 21 fördelarna
341 1026 86 25 ersätta,
453 1025 70 21 säsom
547 1025 22 21 af
590 1026 142 26 petitionären
758 1026 63 25 visas,
845 1026 27 26 pä

48 1054 60 26 längt
124 1056 39 18 när
182 1054 46 20 icke
250 1055 40 19 den
311 1056 58 18 stora
390 1054 73 25 skada,
487 1060 45 14 som
554 1054 152 26 emigrationen
728 1054 33 21 för
783 1054 91 22 Finland

48 1082 90 22 medför.
170 1082 38 25 De,
224 1082 34 20 för
281 1082 72 20 hvilka
376 1082 35 20 det
435 1082 73 26 lyckas
531 1083 37 20 der
591 1082 62 21 borta
675 1082 27 26 pä
724 1083 67 20 andra
813 1083 61 21 sidan

48 1110 151 25 verldshafvet,
220 1112 38 19 äro
274 1110 59 26 längt
348 1110 63 23 färre,
434 1112 27 19 än
484 1117 50 14 man
555 1111 97 26 vanligen
676 1113 23 18 är
722 1111 96 26 benägen
841 1113 33 20 att

49 1139 111 21 föreställa
175 1139 39 26 sig,
235 1139 39 20 och
296 1139 26 20 de
344 1139 123 26 penningar,
491 1145 46 14 som
560 1139 116 25 hitsändas,
699 1141 108 19 motsvara
827 1140 46 21 icke

49 1167 138 21 närmelsevis
202 1167 76 21 värdet
292 1167 24 20 af
329 1167 40 20 den
388 1167 137 25 arbetskraft,
549 1173 44 15 som
617 1168 153 26 emigrationen
793 1168 81 21 undan-

49 1197 77 25 drager
142 1195 78 22 landet.
250 1195 40 21 Till
306 1195 40 21 den
362 1195 47 26 dag,
430 1201 45 16 som
492 1197 30 25 är,
545 1196 40 21 har
606 1197 56 20 ännu
683 1196 46 21 icke
752 1198 31 19 ett
798 1196 77 21 sådant

50 1224 101 21 öfverflöd
167 1224 27 27 pä
210 1223 155 22 arbetskrafter
380 1224 38 21 hos
434 1230 35 15 oss
484 1224 113 27 försports,
619 1226 32 19 att
665 1224 46 21 icke
727 1224 86 25 enhvar,
829 1231 46 15 som

50 1253 36 20 det
102 1253 64 23 velat,
181 1258 76 21 genom
273 1252 73 21 arbete
361 1252 82 21 kunnat
458 1253 103 20 förskaffa
579 1253 32 26 sig
634 1253 31 20 sin
688 1253 102 26 bergning
805 1253 7 20 i
828 1256 48 23 eget

50 1281 56 21 land.
137 1281 52 26 Och,
206 1281 70 20 såsom
292 1281 140 26 petitionären
452 1281 23 20 sä
498 1281 89 26 manligt
609 1281 109 26 uttrycker
741 1281 42 26 sig:
807 1282 69 25 ,med-

50 1309 105 27 borgaren
172 1309 40 21 bör
228 1309 68 21 förmå
311 1309 58 21 utstå
385 1309 25 21 de
429 1309 108 24 lidanden,
553 1315 45 15 som
619 1310 82 21 drabba
715 1309 161 22 fosterlandet".

120 1338 32 21 De
175 1337 188 27 omständigheter,
388 1337 71 21 hvilka
481 1344 71 21 gynna
573 1338 152 26 emigrationen
747 1338 39 21 och
809 1338 68 22 drifva

50 1366 70 21 finska
134 1366 141 26 medborgare
291 1366 39 21 och
345 1366 192 26 medborgarinnor
552 1368 32 19 att
599 1367 53 20 söka
674 1367 31 20 sin
727 1367 96 20 utkomst
837 1373 39 14 un-

51 1395 39 20 der
105 1395 116 26 lyckligare
236 1395 129 25 betingelser
380 1396 27 18 än
423 1394 39 20 här
477 1395 92 25 hemma,
585 1395 107 21 äfvensom
708 1395 25 20 de
746 1395 81 26 sedliga
837 1395 40 21 och

51 1423 80 21 sociala
146 1422 200 22 missförhållanden
363 1422 40 21 och
419 1422 26 21 de
460 1422 115 22 konflikter
591 1422 23 22 af
630 1425 48 19 rent
701 1423 84 25 rättslig
807 1425 70 24 natur,

51 1451 73 21 hvilka
139 1451 93 27 härflyta
247 1451 23 21 af
284 1451 51 21 eller
353 1451 130 21 sammanstå
507 1452 48 20 med
577 1452 158 26 emigrationen,
757 1450 62 22 hafva
843 1452 35 20 be-

52 1482 57 18 rörts
124 1479 59 21 såväl
200 1479 23 21 af
238 1480 40 20 den
294 1479 64 21 ärade
374 1479 144 26 petitionären
533 1486 46 14 som
591 1480 7 20 i
609 1480 116 20 utskottets
736 1480 141 26 betänkande,

51 1508 88 20 hvarför
152 1508 37 26 jag
204 1508 47 21 icke
274 1508 71 20 vidare
367 1508 54 20 skall
443 1508 116 26 uppehålla
579 1508 42 26 mig
643 1508 35 21 vid
702 1508 113 21 desamma.
846 1508 32 21 De

120 1549 37 15 N:o
171 1553 21 11 11.
789 1546 22 18 27
