1056 1686
323 100 25 15 R.
361 103 17 12 o.
391 100 22 15 A.
426 99 55 16 1891.
504 99 11 16 7
528 99 59 16 Febr.
803 95 37 20 131

43 180 63 24 föres
133 179 52 24 icke
203 180 59 23 blott
279 180 27 23 de
325 179 149 32 biografiska
491 180 158 31 genealogier,
668 180 91 30 hvilka,
777 180 94 31 jemlikt

45 216 14 28 8
80 215 13 23 2
112 214 10 23 i
139 214 279 31 Riddarhusordningen,
446 214 57 23 böra
526 215 38 23 vid
586 214 137 32 ansökning
741 222 36 16 om
796 215 74 23 intro-

44 249 100 23 duktion
162 250 14 22 å
194 248 162 24 Riddarhuset
374 249 128 30 inlemnas,
520 251 59 21 utan
597 249 72 23 äfven
681 249 112 23 matrikel
806 249 65 24 öfver

44 283 51 23 alla
113 284 14 22 å
145 282 161 24 Riddarhuset
324 282 180 24 introducerade
526 282 114 32 Grefliga,
661 282 150 32 Friherrliga
829 283 42 24 och

44 317 90 32 Adliga
154 319 60 21 ätter
233 319 62 21 samt
312 317 70 23 dessa
400 319 74 21 ätters
494 316 138 31 stamtaflor,
651 317 69 23 såväl
738 317 9 23 i
765 317 106 32 koncept,

44 359 50 16 som
121 351 147 24 renskrifvet
294 351 128 31 exemplar,
445 350 122 32 diplomer,
593 351 100 31 sigiller,
719 351 153 32 biografiska,

44 385 170 33 genealogiska
241 388 62 21 samt
329 385 142 24 heraldiska
498 386 103 30 arbeten,
623 386 123 23 äfvensom
763 386 107 24 Prester-

44 420 98 32 skapets
159 420 9 23 i
188 421 14 28 &
223 420 30 23 16
272 420 143 23 omnämnda
432 420 181 31 förteckningar
631 428 30 16 m.
679 428 37 22 m.,
735 420 75 32 enligt
828 420 42 24 Di-

44 454 137 24 rektionens
199 454 83 24 vidare
300 454 191 30 bestämmande
480 450 13 38 ;

114 490 34 22 att
166 496 62 24 egna
246 488 127 32 synnerlig
391 496 94 24 omsorg
504 490 25 22 åt
547 488 26 24 de
592 490 14 22 å
622 488 162 24 Riddarhuset
795 489 74 23 intro-

44 523 113 24 ducerade
184 525 72 21 ätters
284 523 134 24 stamtaflor
440 523 43 23 och
502 523 9 23 i
529 523 86 23 sådant
633 523 109 24 afseende
759 526 63 21 samt
840 524 31 30 på

44 557 79 32 grund
150 557 24 23 af
200 557 159 32 tillförlitliga
386 557 123 31 uppgifter
531 558 48 23 deri
599 560 114 21 annotera
731 558 43 23 och
792 557 79 24 införa

45 591 50 24 alla
121 591 52 24 med
200 593 105 22 ätternas
324 591 154 24 medlemmar
496 591 87 24 timade
601 591 169 32 förändringar
787 599 84 24 genom

44 625 128 32 giftermål,
195 625 74 24 födsel
291 626 42 23 och
352 625 109 31 dödsfall,
481 625 123 24 äfvensom
622 626 71 30 tiden,
711 629 44 20 när
773 626 43 24 och
834 633 37 16 or-

44 663 47 27 ten,
118 660 99 23 hvarest
244 661 90 23 sådana
356 660 171 31 förändringar
547 660 39 32 sig
604 660 125 31 tilldragit,
749 663 61 21 samt
829 668 42 15 an-

45 695 86 24 teckna
157 702 84 16 vunna
261 695 166 31 befordringar
446 695 43 23 och
508 695 159 23 utmärkelser
685 695 58 23 eller
761 695 112 23 erhållna

45 729 242 32 förtroendeuppdrag
315 729 43 24 och
384 731 76 22 annat
487 729 169 31 förtjenstfullt
683 729 58 24 eller
759 729 112 23 anmärk-

45 763 145 32 ningsvärdt
208 763 9 23 i
235 763 67 24 deras
321 763 257 30 lefnadsverksamhet,
597 763 104 24 hvarvid
723 763 149 32 Genealogen

45 797 83 24 tillika
154 797 41 24 bör
221 797 116 32 iakttaga,
364 797 70 24 såväl
455 799 36 22 att
508 798 105 23 nämnda
631 797 174 32 anteckningar
822 797 51 24 afse

45 832 53 23 icke
125 832 59 23 blott
202 832 43 23 den
264 832 151 24 närvarande
434 832 72 29 tiden,
526 834 57 21 utan
601 831 79 30 äfven,
699 833 28 22 så
744 832 51 23 vidt
813 832 59 30 möj-

45 866 47 32 ligt
110 868 33 28 är,
161 866 185 32 komplettering
364 866 25 24 af
403 866 66 23 hvad
481 866 9 23 i
503 866 126 24 enahanda
640 866 134 23 hänseende
785 866 88 23 brister

45 900 57 24 från
120 900 64 23 äldre
203 900 67 31 tider,
288 908 50 16 som
357 903 35 21 att
410 900 163 32 slägtlederna
587 900 81 30 varda,
682 900 9 23 i
703 900 106 32 enlighet
820 900 53 24 med

46 934 112 32 verkliga
175 934 167 31 förhållandet,
360 935 143 31 upprättade
521 934 43 24 och
575 935 28 23 de
615 934 170 32 genealogiska
797 934 75 24 tabel-

46 969 69 23 lerna
133 969 8 23 i
160 969 132 24 allmänhet
310 969 147 31 följdriktigt
475 969 148 29 anordnade;

116 1005 41 28 att,
184 1004 80 23 såvidt
290 1004 86 23 sådant
396 1006 57 21 utan
472 1003 175 24 åsidosättande
667 1003 24 23 af
709 1003 162 31 Genealogens

46 1038 9 22 i
73 1037 147 24 förestående
246 1038 104 31 punkter
368 1040 125 29 upptagna
510 1038 192 31 hufvudsakliga
722 1037 151 24 verksamhet

46 1072 50 24 kan
115 1071 49 31 ske,
182 1072 59 24 söka
258 1072 84 24 utreda
360 1072 27 24 de
405 1074 14 22 å
437 1072 163 24 Riddarhuset
618 1072 177 23 introducerade
815 1071 58 23 Fin-

47 1106 45 24 ska
111 1108 105 22 ätternas
235 1114 123 23 ursprung
376 1108 28 22 så
422 1106 70 31 långt
510 1106 103 23 tillbaka
631 1106 9 23 i
657 1106 72 29 tiden,
747 1113 50 16 som
815 1106 58 30 möj-

46 1141 48 31 ligt
112 1142 33 28 är,
164 1141 116 31 antingen
299 1141 27 24 de
344 1141 151 23 härstamma
512 1140 55 23 från
586 1142 52 29 eget
657 1140 58 23 eller
726 1139 148 24 främmande

47 1175 65 29 land,
139 1177 62 22 samt
222 1175 117 24 särskildt
356 1183 62 23 egna
436 1175 215 31 uppmärksamhet
669 1176 24 21 ät
711 1175 27 23 de
757 1174 72 24 sedan
847 1175 27 22 är

50 1209 66 24 1809
136 1209 8 23 i
162 1209 77 24 finskt
257 1209 77 32 adligt
353 1209 70 24 ständ
441 1209 118 31 upphöjde
577 1209 59 23 eller
654 1209 55 23 frän
728 1208 74 24 andra
819 1208 54 23 län-

48 1243 54 24 ders
129 1243 137 24 adelsständ
291 1244 45 23 här
355 1243 178 24 introducerade
551 1245 74 22 ätters
644 1251 129 23 ursprung,
791 1242 82 24 äfven-

49 1285 50 16 som
118 1277 58 24 söka
194 1278 145 23 införskaffa
356 1277 161 32 tillförlitliga
535 1277 122 32 uppgifter
675 1285 38 16 om
725 1277 64 24 äldre
801 1277 73 23 tiders

49 1312 8 23 i
75 1312 81 24 landet
173 1312 81 24 kända
272 1313 42 23 och
332 1312 117 30 berömda,
467 1319 54 16 men
539 1319 100 16 numera
657 1313 125 30 utgångna
794 1311 81 31 adliga

50 1349 67 28 ätter,
135 1354 58 16 vare
212 1347 38 32 sig
268 1347 122 24 desamma
407 1346 66 23 varit
487 1346 128 32 behörigen
627 1346 178 23 introducerade
817 1345 58 23 eller

50 1381 63 30 icke;

119 1416 35 22 att
172 1415 94 31 årligen
284 1414 77 24 innan
379 1414 68 24 Mars
466 1414 100 24 månads
585 1416 93 30 utgång
696 1413 40 24 till
755 1412 119 24 Direktio-

50 1456 47 16 nen
118 1449 103 23 aflemna
241 1448 97 32 uppgift
356 1456 37 16 om
411 1448 28 23 de
457 1448 170 32 förändringar
645 1455 85 25 genom
748 1446 127 33 giftermål,

50 1483 103 24 dödsfall
180 1491 29 15 m.
236 1491 36 23 m.
298 1482 88 24 hvilka
413 1482 76 24 under
507 1482 196 32 nästföregäende
723 1483 26 22 är
767 1480 109 24 inträffat

883 489 26 28 88
923 490 27 20 38
960 490 17 20 &
988 490 28 20 42

883 518 77 27 samt
951 514 12 36 $
975 519 15 20 4
1009 518 8 20 i

898 547 104 20 Genealo-

883 582 52 21 gens
954 575 63 21 Instr.

886 1016 13 26 8
915 1016 13 20 5
943 1016 7 20 i
967 1015 51 21 Gen.

885 1044 64 22 Instr.

888 1416 54 27 Nytt
956 1423 54 14 mor
