1056 1686
334 107 24 17 R.
372 111 18 13 o.
401 107 23 17 A.
437 107 55 17 1891.
512 108 27 16 24
551 107 58 18 Febr.
819 103 40 20 331

58 189 32 19 tet
111 189 52 19 utan
184 187 62 21 äfven
269 186 34 21 för
321 186 41 21 den
377 186 65 26 högre
459 186 82 21 skolan.
572 187 82 21 Sakens
670 187 109 26 betydelse
794 187 34 21 för
843 187 45 21 uni-

58 216 112 21 versitetet
184 215 40 22 och
239 215 144 26 vetenskapen
398 215 40 20 har
453 215 66 21 redan
535 215 23 21 af
573 221 25 15 en
606 215 129 27 föregäende
747 215 52 21 ärad
812 216 75 25 talare,

58 244 33 21 Hr
106 245 77 26 Lagus,
207 243 69 22 blifvit
292 243 95 21 skildrad
403 243 28 26 pä
447 245 30 20 ett
493 246 70 19 varmt
578 244 40 21 och
633 244 98 26 vältaligt
746 245 48 20 sätt.
826 244 61 21 Hvad

57 273 52 21 dess
131 273 109 26 betydelse
263 271 33 21 för
319 272 74 20 skolan
409 272 108 26 beträffar,
534 272 24 21 sä
573 272 39 21 ber
624 272 38 26 jag
677 272 22 20 få
721 273 87 25 tillägga
822 272 66 26 några

60 301 46 21 ord.
136 300 183 26 Undervisningen
342 300 6 21 i
368 301 103 20 moderna
486 300 65 27 spräk
566 301 32 20 uti
612 300 52 21 vära
679 301 70 26 lyceer
763 300 40 21 har
818 300 69 22 säsom

60 329 78 21 bekant
160 329 75 21 hittills
258 329 56 20 varit
328 328 40 22 allt
383 331 65 19 annat
463 331 26 19 än
506 329 205 21 tillfredsställande.
741 329 68 21 Dessa
823 329 65 26 spräk

58 358 28 20 ha
102 358 65 20 sedan
182 358 59 20 äldre
257 357 56 21 tider
328 357 120 21 betraktats
464 364 60 14 mera
539 358 70 20 säsom
622 358 99 20 biämnen
730 358 39 20 och
777 358 111 20 undervis-

58 387 78 25 ningen
159 386 7 20 i
182 386 46 21 dem
245 386 55 20 varit
319 386 144 21 öfverlemnad
479 386 23 21 ät
517 386 168 26 arvodeslärare,
701 386 28 26 pä
744 386 72 21 hvilka
831 392 55 19 man,

58 415 68 21 delvis
147 414 45 27 just
216 414 47 22 med
287 414 81 27 hänsyn
391 415 32 21 till
447 414 103 27 spräkens
565 415 101 26 ställning
682 414 34 21 vid
732 415 153 25 universitetet,

58 443 48 21 icke
127 443 39 21 har
181 444 82 20 kunnat
278 443 64 21 ställa
360 442 67 27 några
442 445 71 19 större
528 443 255 26 kompetensfordringar.
813 443 74 21 Denna

58 472 56 20 brist
134 472 7 20 i
156 472 221 26 skolorganisationen
393 472 39 20 har
447 472 65 20 relan
529 472 61 26 länge
606 472 56 21 varit
670 472 74 20 insedd
753 472 38 20 och
801 472 86 23 erkänd,

60 500 39 21 och
115 500 111 21 efterhand
243 500 39 21 har
296 500 58 21 inom
370 500 40 21 den
426 500 107 21 allmänna
546 500 114 26 opinionen
671 506 25 15 en
708 500 88 21 tendens
809 500 78 26 begynt

59 529 39 27 allt
119 535 59 15 mera
200 528 118 22 framträda
340 529 32 20 till
395 528 83 22 förmån
501 529 34 21 för
556 530 40 20 den
615 529 59 21 reala
689 529 122 26 bildningen
827 529 60 21 och
874 524 15 36 i

58 558 154 25 sammanhang
234 557 87 21 dermed
344 557 34 20 för
400 559 31 19 ett
445 558 137 26 grundligare
598 558 94 20 studium
707 557 24 21 af
744 558 25 19 de
785 557 102 21 moderna

60 585 98 26 spräken.
188 586 43 21 Det
253 587 24 19 är
297 585 69 22 under
386 586 102 21 inverkan
507 586 22 21 af
543 586 70 21 denna
628 585 85 27 opinion
730 592 45 15 som
790 586 6 20 i
813 591 74 15 senare

59 614 57 21 tider
132 614 66 26 några
213 615 115 26 reallyceer
343 614 68 21 blifvit
432 615 107 20 inrättade
555 615 40 20 och
610 615 35 20 vid
661 614 47 21 dem
724 614 56 21 fasta
795 614 94 21 lektorat

59 642 7 21 i
89 642 88 21 franska
200 643 39 20 och
260 643 62 26 tyska
337 643 97 26 spräken.
465 643 42 21 Det
523 645 24 18 är
563 643 34 21 väl
613 643 74 26 troligt
702 644 31 19 att
749 642 139 22 reformarbe-

60 673 32 18 tet
106 671 6 21 i
129 671 69 21 denna
213 671 95 26 riktning
322 671 47 21 icke
385 673 24 19 är
424 671 88 22 härmed
533 671 110 24 afslutadt,
659 673 51 19 utan
727 673 32 18 att
775 671 112 21 framdeles

60 699 61 21 äfven
145 700 36 20 vid
204 699 68 27 öfriga
295 700 98 21 läroverk
416 701 178 26 undervisningen
616 700 7 21 i
639 701 25 20 de
680 700 102 21 moderna
797 699 91 27 spräken

59 728 97 21 kommer
171 730 33 19 att
220 728 139 21 öfverlemnas
375 728 22 21 ät
413 729 106 20 ordinarie
538 729 76 26 lärare,
631 729 95 26 kolleger
747 729 51 20 eller
821 728 67 21 lekto-

60 763 40 14 rer.
132 757 48 20 Men
204 757 65 21 redan
290 763 76 20 genom
390 757 35 21 det
448 763 45 15 som
511 758 56 21 skett
585 757 40 21 har
640 763 49 15 man
704 757 7 20 i
727 757 73 26 sjelfva
815 756 74 21 verket

60 785 125 27 anticiperat
205 785 71 27 något,
293 792 45 15 som
355 787 56 19 ännu
427 786 78 21 saknas
521 787 33 20 vid
571 786 156 21 universitetet.
758 785 72 26 Enligt
845 785 44 26 gäl-

59 814 63 21 lande
138 814 137 26 skolordning
290 815 84 22 fordras
391 815 104 26 nemligen
511 814 34 21 för
560 815 125 26 kompetens
702 814 31 21 till
743 813 146 27 lektorstjenst

59 843 34 19 att
108 842 41 21 den
164 843 94 20 sökande
274 843 66 25 aflagt
355 841 281 23 filosofickandidatexamen
652 843 39 21 och
715 842 73 21 dervid
804 841 85 21 erhällit

59 870 77 27 högsta
151 871 104 21 vitsordet
271 872 6 20 i
293 871 159 25 hufvudämnet,
469 872 82 20 hvilket
566 872 5 20 i
588 871 140 21 förevarande
744 870 37 21 fall
797 876 50 15 vore
863 870 26 20 de

59 900 103 20 moderna
184 899 103 27 spräken:
304 900 62 26 tyska
392 900 39 21 och
446 900 94 21 franska.
571 900 76 20 Denna
661 898 110 22 föreskrift
786 898 41 21 kan
842 898 47 21 icke

59 927 128 26 efterlefvas,
211 928 23 21 sä
257 928 61 27 länge
342 929 36 20 det
400 928 46 22 icke
472 928 67 21 finnes
561 928 69 26 någon
646 928 91 21 särskild
752 927 88 21 lärostol
855 927 34 21 för

59 956 63 21 dessa
137 956 65 27 spräk
217 957 34 20 vid
271 957 153 26 universitetet,
441 957 39 21 och
497 958 29 24 de
539 958 6 20 i
561 956 52 27 följd
629 956 63 21 deraf
704 956 47 21 icke
766 955 49 27 ingä
824 955 65 21 bland

60 987 190 19 examensämnena
266 985 33 21 för
314 986 199 21 kandidatexamen.
537 986 39 20 Att
591 992 49 14 man
656 985 37 21 det
708 984 89 21 oaktadt
808 984 81 20 kunnat

59 1014 87 20 komma
168 1014 33 21 till
224 1015 58 19 rätta
304 1014 34 20 vid
358 1014 136 21 besättandet
509 1014 23 21 af
546 1014 26 21 de
587 1014 22 20 fä
625 1013 203 26 ordinarietjenster,
843 1018 46 15 som

59 1042 68 22 finnas
142 1042 7 21 i
166 1042 62 22 dessa
244 1042 70 26 språk,
331 1044 24 19 är
371 1049 25 15 en
412 1042 163 27 omständighet,
592 1042 89 21 hvarvid
696 1048 49 14 man
753 1041 18 26 ej
783 1041 42 20 kan
833 1041 57 20 fästa

60 1070 69 28 nägon
145 1071 116 27 betydelse.
291 1071 108 26 Naturligt
415 1073 24 19 är
455 1073 38 24 att,
510 1071 27 21 dä
553 1072 62 25 lagen
635 1071 47 21 icke
697 1070 82 21 kunnat
794 1068 95 22 bokstaf-

59 1100 57 25 ligen
138 1099 128 26 efterlefvas,
283 1106 48 14 man
347 1100 49 21 sökt
411 1100 70 25 nägon
497 1102 65 24 utväg
577 1102 33 18 att
625 1099 28 26 pä
668 1099 60 21 sidan
743 1104 34 15 om
793 1097 48 21 dess
855 1098 34 20 be-

60 1128 132 26 stämningar
206 1128 72 27 hjelpa
293 1128 32 26 sig
340 1128 68 26 fram;
424 1135 47 14 men
488 1129 60 20 detta
564 1128 39 21 har
618 1128 56 20 varit
689 1133 26 15 en
725 1125 164 27 nödfallsutväg.

59 1156 73 27 Enligt
148 1157 42 20 min
206 1156 55 27 äsigt
276 1158 24 19 är
316 1156 72 21 derför
403 1157 133 20 inrättandet
551 1157 23 20 af
588 1163 26 14 en
629 1155 90 22 lärostol
738 1155 35 21 vid
788 1155 102 20 universi-

59 1186 32 19 tet
112 1185 8 20 i
142 1185 103 21 moderna
265 1185 64 26 spräk
344 1188 31 18 ett
391 1185 152 27 oundgängligt
559 1185 68 21 vilkor
643 1185 33 20 för
691 1186 32 19 att
739 1183 26 21 de
780 1183 109 26 reformer,

60 1219 45 15 som
121 1213 67 21 redan
204 1213 57 22 skett
276 1214 57 20 inom
350 1213 151 22 skolväsendet
517 1213 38 22 och
572 1219 45 15 som
633 1213 114 20 framdeles
754 1213 56 19 ännu
818 1211 72 21 kunna

59 1241 163 27 ifrägakomma,
238 1242 62 21 skola
315 1242 73 21 kunna
402 1244 53 25 göra
470 1243 32 26 sig
517 1242 49 21 fullt
581 1241 104 27 gällande.
709 1241 10 20 I
734 1240 117 27 petitionen
859 1239 31 22 fö-

60 1270 66 21 resläs
141 1277 29 14 nu
186 1271 132 20 inrättandet
334 1270 22 21 af
370 1277 25 15 en
412 1271 106 21 ordinarie
538 1271 109 26 professur
657 1270 7 21 i
676 1269 107 21 romanisk
796 1269 39 20 och
843 1275 48 20 ger-

59 1299 83 20 manisk
158 1299 85 26 filologi.
270 1299 102 21 Deremot
388 1299 71 21 kunde
478 1299 100 27 möjligen
593 1299 116 20 anmärkas
724 1299 33 19 att
773 1297 58 20 detta
847 1303 44 14 om-

59 1327 51 21 råde
132 1329 24 19 är
178 1327 72 22 alltför
274 1327 131 22 omtattande
429 1327 33 22 för
485 1330 32 19 att
539 1328 72 20 kunna
626 1327 117 21 beherskas
759 1325 22 21 af
795 1332 26 14 en
836 1325 55 21 enda

59 1356 178 26 vetenskapsman
254 1356 40 21 och
309 1356 114 21 bearbetas
438 1356 23 21 af
475 1356 77 21 honom
569 1356 48 21 med
634 1356 40 20 den
689 1354 142 27 grundlighet,
845 1360 46 15 som

60 1384 38 21 vär
114 1385 42 20 tids
171 1384 110 27 forskning
298 1385 47 20 med
362 1385 47 20 dess
425 1384 60 27 längt
503 1385 84 26 gängna
602 1383 159 27 specialisering
776 1383 57 20 inom
849 1382 43 21 alla

59 1412 143 26 vetenskaper
217 1412 91 27 fordrar,
324 1419 50 15 men
389 1419 81 15 samma
485 1413 142 25 anmärkning
643 1412 74 21 träffar
733 1411 108 26 ätskilliga
855 1416 36 15 an-

60 1441 40 21 dra
114 1441 66 21 redan
196 1441 117 21 bestäende
329 1441 133 26 professurer
483 1442 34 20 vid
533 1441 155 23 universitetet,
704 1440 41 20 den
761 1439 76 21 endast
852 1439 39 20 bör

60 1469 40 21 och
116 1469 54 21 skall
185 1472 53 18 utan
254 1470 72 21 tvifvel
342 1470 7 20 i
364 1470 114 21 framtiden
495 1470 48 21 leda
559 1470 81 20 derhän
655 1470 33 20 att
703 1468 72 26 dylika
785 1468 106 26 professu-

60 1504 35 15 rer
110 1498 113 21 efterhand
240 1498 64 22 blifva
320 1498 81 22 delade.
424 1498 156 21 Hufvudsaken
595 1504 51 15 vore
662 1504 29 14 nu
706 1498 33 20 att
753 1496 33 21 till
801 1502 26 15 en
842 1495 50 21 bör-
