1056 1686
212 106 41 21 150
462 111 20 17 R
500 116 18 13 0.
531 112 17 16 A
566 111 54 17 1891.
645 111 11 17 7
668 111 60 18 Febr.

179 199 53 24 pan
258 192 40 23 och
324 194 66 21 stora
415 193 66 23 salen
507 194 123 30 upptogos,
653 191 110 31 hyflades
788 191 44 24 och
849 191 79 32 slogos
946 191 55 31 ihop

182 227 38 23 En
238 226 38 24 del
294 235 78 23 svaga
390 226 58 25 eller
465 227 112 23 ruttnade
595 226 126 32 golfvasar
741 225 99 32 (inalles
853 225 32 24 52
898 224 105 32 stycken

183 261 135 23 armerades
342 261 52 23 med
414 261 109 31 plankor.
558 261 51 23 Två
631 260 101 31 stycken
753 268 80 24 ugnar
855 259 148 24 ommurades

458 362 105 27 Första
580 361 159 33 våningen.

256 431 134 30 Vestibylen.
427 431 188 32 Sidotrapporna
632 438 57 17 voro
708 431 80 31 bygda
801 431 25 23 af
837 433 44 28 trä,
893 430 44 24 och
950 430 55 24 hade

182 465 117 24 eldsvåda
324 466 75 23 under
426 466 45 23 den
497 473 46 16 ena
569 468 104 29 trappan
700 466 104 23 utbrutit
821 465 9 23 i
848 465 58 31 följd
933 464 25 24 af
976 466 29 22 at

182 500 108 23 rökröret
307 500 55 23 från
380 500 145 24 kaloriferen
543 500 120 24 derstädes
682 502 53 30 gått
753 500 92 24 sönder.
873 499 132 31 Trapporna

183 534 129 31 ombygdes
330 534 119 24 hvardera
467 534 25 24 af
510 536 52 22 sten
581 536 31 29 på
630 534 140 31 tegelhvalf.

252 568 19 23 I
296 569 103 22 rummet
426 569 76 22 under
528 570 66 22 stora
621 570 106 29 trappan
755 568 109 23 inreddes
891 567 114 24 klosetter

183 602 99 23 Golfvet
308 602 93 24 belades
429 603 52 23 med
509 603 80 24 asfalt.
625 603 46 23 För
697 602 149 32 ventilering
867 602 25 23 af
909 604 98 21 rummet

182 637 140 31 uppbygdes
342 644 29 16 en
390 637 157 32 sugskorsten
565 637 52 24 med
635 637 144 31 jernkamin.

252 671 249 30 Brandstodsbolagets
527 671 143 30 kassahvalf
693 671 130 32 ombygdes
850 672 31 30 pä
907 670 101 31 följande

183 707 60 21 sätt:
264 707 31 29 pä
313 705 132 32 grundmur
464 705 25 24 af
506 706 83 31 granit
607 705 128 32 uppfördes
748 705 105 24 bärande
866 712 82 17 murar
959 705 49 31 ige-

182 746 56 17 nom
256 739 211 32 källarväningen.
502 740 203 24 Kassahvalfvets
725 739 51 32 golf
794 739 109 24 hvälfdes
916 747 30 16 en
958 742 51 21 sten

183 773 48 32 (c:a
250 773 50 24 280
318 773 58 32 mm)
395 773 78 24 starkt
491 774 52 24 med
561 782 37 16 c:a
617 774 49 24 450
685 782 50 15 mm
753 774 64 31 tjock
835 773 174 32 sandfyllning.

183 807 98 24 Golfvet
298 808 66 23 lades
382 808 72 32 derpä
472 808 25 24 af
514 808 121 24 kalksten.
664 808 135 32 Väggarne
817 808 93 31 gjordes
927 808 14 23 2
957 809 52 22 sten

183 842 48 31 (c:a
250 842 50 24 600
319 842 57 30 mm)
400 842 84 24 starka
507 843 43 23 och
571 843 153 23 takhvalfvet
742 843 112 23 murades
872 844 31 30 pä
921 844 89 22 tvänne

182 876 263 32 tackjernsbärbjelkar
471 876 102 32 (gamla)
600 877 39 23 till
666 885 30 15 en
717 879 67 21 stens
803 876 92 31 styrka.
931 876 79 24 Ofvan

183 910 111 24 hvalfvet
313 911 128 31 anbragtes
460 919 37 15 c:a
515 912 50 23 450
585 919 48 15 mm
651 911 172 31 sandfyllning
841 911 44 24 och
903 910 107 24 deröfver

183 946 33 22 ett
243 946 55 29 nytt
324 945 75 30 hvalf,
418 953 29 16 en
465 948 53 21 sten
536 945 85 24 starkt.
657 946 54 23 Allt
729 945 116 24 murverk
863 945 103 24 utfördes
985 944 26 24 af

182 978 46 32 god
246 979 166 32 högrödbränd
429 980 62 31 tegel
509 980 10 23 i
537 980 160 30 cementbruk,
722 980 92 23 mindre
832 980 94 31 vigtiga
944 979 66 24 delar

182 1013 9 23 i
210 1013 207 24 cementblandadt
443 1014 67 24 bruk.
546 1014 52 24 Den
624 1014 82 32 gamla
723 1014 140 31 jerndörren
881 1014 128 23 användes.

182 1047 114 24 Rummet
313 1048 75 24 under
399 1048 186 24 kassahvalfvet
597 1049 8 23 i
618 1048 112 24 källaren
743 1051 28 21 är
782 1048 152 32 tillgängligt
945 1048 65 23 ifrän

182 1082 46 23 den
246 1082 80 32 öfriga
344 1082 117 31 källaren,
479 1090 54 16 men
551 1082 50 24 kan
618 1083 45 23 lätt
681 1083 130 24 tillmuras.

252 1116 19 23 I
284 1116 169 31 gardskarlens
471 1124 54 16 rum
543 1117 10 22 i
569 1117 197 30 källarvåningen
785 1117 102 24 insattes
905 1124 30 16 en
950 1116 59 24 luft-

182 1150 193 32 vexlingsventil
393 1151 8 23 i
419 1153 63 28 yttre
499 1153 95 30 väggen
613 1151 36 24 för
662 1153 35 22 att
709 1151 144 32 möjliggöra
865 1159 29 16 en
907 1151 103 31 vädring

183 1184 25 24 af
226 1187 108 21 rummet.

253 1355 114 32 Följande
394 1356 135 32 mälnings-
557 1357 43 24 och
627 1357 260 31 tapetseringsarbeten
909 1356 74 24 hafva
1001 1357 9 23 i

183 1390 157 24 riddarhuset
357 1390 96 24 utförts:

254 1424 18 23 I
288 1424 208 31 läktareväningen
514 1425 75 23 hafva
607 1425 136 24 läktarenes
763 1427 93 29 väggar
874 1424 82 24 blifvit
974 1427 35 21 ta-

183 1458 125 32 petserade
326 1461 63 21 samt
406 1458 56 32 golf,
481 1459 92 24 bänkar
591 1459 44 24 och
653 1460 42 23 tak
713 1458 101 24 mälade.
844 1458 59 24 Alla
920 1459 90 24 fönster

184 1492 44 24 och
247 1492 83 24 dörrar
348 1496 40 20 äro
407 1493 136 31 ommälade,
562 1493 107 25 fönstren
687 1493 73 24 äfven
780 1493 133 31 utvändigt.
