1086 1761
206 101 42 22 612
480 102 17 19 R.
509 107 15 15 0.
537 103 16 19 A.
566 103 47 20 1885.
636 103 11 20 8
659 103 48 24 Agril.

180 169 214 24 stadskommunerna
416 173 37 20 äro
476 173 91 26 drygare
590 173 128 22 hbeskattade
738 174 27 19 än
782 172 226 22 landskommunerna.

179 198 43 22 Det
244 199 68 22 borde
334 199 54 22 dock
404 199 75 23 härvid
495 201 63 21 äfven
573 203 63 26 tagas
651 201 7 21 i
673 201 149 26 betraktande,
838 202 34 21 att
886 201 122 22 stadskom-

179 233 106 16 munerna
300 229 35 20 äro
351 228 7 21 i
373 228 24 22 sä
411 230 194 27 oproportionerlig
618 230 54 27 grad
689 229 137 28 förmögnare
841 231 27 20 än
884 229 125 22 landskom-

179 261 111 22 munerna,
313 256 24 22 sä
359 259 32 20 att
413 257 63 22 äfven
497 258 49 21 häri
563 258 48 22 skäl
626 259 108 27 knappast
747 259 62 21 torde
824 257 133 23 förekomma
972 260 36 20 att.

179 284 101 22 ähvälfva
294 285 216 23 landskommunerna
524 288 69 20 större
604 287 70 21 börda
683 289 28 19 än
724 287 219 21 stadskommunerna.
964 287 45 21 Be-

179 312 107 22 träffande
308 314 37 21 det
367 314 51 22 sista
439 314 113 28 yrkandet,
576 322 45 15 som
643 316 27 20 hr
692 315 106 22 Mechelin
820 315 131 26 framstälde,
971 317 37 19 att

179 342 95 26 länsting
295 348 50 16 vore
368 343 101 27 obetaget
491 345 33 20 att
546 344 186 22 öfverenskomma
750 350 34 16 om
802 350 70 15 annan
886 344 69 27 grund
970 343 36 21 för

179 369 172 29 beskattningen,
374 372 40 21 och
437 374 33 20 att
492 372 69 22 denna
580 372 213 28 beskattningsfräga
807 379 51 15 vore
873 373 41 21 den
929 372 79 26 första,

179 404 45 16 som
247 405 51 15 man
319 399 70 23 kunde
411 400 117 28 hänskjuta
549 402 34 21 till
604 402 123 26 länstinget,
750 401 24 21 sä
792 401 68 22 mäste
873 401 38 27 jag
925 401 28 27 pä
967 401 41 21 det

179 427 147 22 bestämdaste
347 429 70 21 uttala
439 435 27 15 en
487 431 92 20 motsatt
601 429 60 28 äsigt.
692 429 34 22 Dä
744 429 70 22 denna
828 430 127 26 institution,
971 429 36 22 sä-

179 462 46 15 som
239 456 69 22 under
323 457 41 21 den
379 457 107 22 allmänna
501 458 150 22 diskussionen
665 458 71 22 blifvit
752 458 97 26 erkändt,
865 459 46 20 icke
924 458 28 27 pä
961 457 48 22 för--

179 485 58 21 hand
260 485 101 22 omfattas
383 487 48 20 med
456 487 41 21 den
519 489 80 24 värma,
618 493 45 16 som
679 487 21 21 vi
715 487 70 22 skulle
801 487 73 26 önska,
891 487 23 21 sä
929 489 24 19 är
967 487 42 21 det.

180 513 24 22 sä
226 513 86 28 mycket
333 514 81 22 mindre
430 515 46 22 skäl
492 517 34 20 att
540 516 72 21 inleda
625 516 122 27 länstingen
762 516 67 21 redan
844 515 35 22 vid
894 516 26 21 de
935 515 74 22 första.

179 543 74 26 stegen
276 542 28 27 pä
325 549 27 15 en
374 543 66 22 sådan
458 544 62 27 bana,
544 545 38 21 der
602 545 27 21 de
644 544 69 22 måste
730 544 90 27 stapplu,
835 545 8 20 i
858 545 36 21 det
909 545 32 21 att
957 544 48 21 stri-

179 571 49 26 diga
250 571 106 22 intressen
378 573 79 21 mellan
478 573 74 21 landet
574 573 41 21 och
637 574 102 21 städerna
757 573 61 21 skola
833 573 175 27 frambesvärjas.

178 598 44 22 Det
243 605 51 16 vore
316 600 84 28 mycket
417 601 71 21 bättre
504 603 32 20 att
551 601 28 27 pä
593 601 93 22 förhand
700 602 88 21 komma
803 601 98 22 öfverens
915 608 34 14 om
965 601 43 22 bil-

177 628 45 26 liga
242 628 101 27 grunder,
366 629 39 21 och
428 636 61 21 synes
511 630 43 28 mig
576 630 48 22 icke
647 630 102 28 omöjligt,
768 630 70 22 säsom
851 630 38 27 jag
903 630 105 27 päpekat,

179 658 33 20 att
225 663 51 15 man
291 657 71 22 kunde
378 658 74 28 återgå
467 659 33 21 till
515 660 42 20 den
571 659 92 22 komit6s
680 659 87 27 förslag,
784 665 44 15 som
844 659 62 21 tänkt
921 659 31 27 sig
967 658 37 22 be-

177 685 117 27 villningen
309 686 69 22 såsom
392 688 132 26 grundvalen
538 687 34 22 för
587 688 173 27 beskattningen.
784 688 147 26 Bevillningen
941 687 64 21 drab-.

177 714 40 20 bar
240 714 25 21 sä
287 714 127 28 ojemförligt
436 716 85 27 mycket
535 722 60 15 mera
611 716 215 22 stadskommunerna
841 718 27 19 än
882 716 125 21 landskom-
1022 722 4 4 *

177 748 111 16 munerna.
318 743 60 22 Dock
399 744 39 21 har
458 745 38 27 jag
517 745 47 21 icke
583 747 64 25 egnat
663 745 66 21 saken
744 745 42 21 den
800 744 105 27 pröfning,
921 746 33 20 att
966 744 41 28 jag

178 771 69 21 skulle
266 772 72 21 kunna
356 772 108 22 bestämdt
479 773 79 21 föreslå
573 774 42 26 det,
632 773 39 22 och
687 780 64 15 anser
763 774 38 26 jag
815 774 43 26 mig
872 773 73 21 kunna
959 773 45 21 vid-

177 799 59 22 hälla
251 800 49 22 mitt
316 801 129 22 allmännare
461 802 144 22 formulerade
619 802 103 28 yrkande,
739 804 33 19 att
787 802 36 21 det
838 808 50 15 vore
904 802 44 26 lag-
963 801 41 21 och

177 828 218 23 ekonomiutskottets
417 830 39 22 sak
478 832 32 20 att
532 831 109 21 inkomma
658 832 49 20 med
722 830 78 22 sädant
814 830 88 27 förslag,
917 830 87 22 hvartill

177 858 37 20 det
229 857 44 21 kan
287 857 58 22 finna
359 858 119 28 anledning.

246 886 33 21 Hr
301 886 145 22 Mechelin:
470 887 56 22 Frih.
549 888 101 21 Palmöns
671 888 97 27 yrkande
793 887 68 22 skulle
880 887 65 27 enligt
959 887 45 20 min

176 914 66 21 tanke
264 914 63 22 hafva
350 916 98 21 starkare
471 916 46 21 skäl
540 916 33 21 för
596 917 37 26 sig,
657 917 71 21 derest
749 917 7 20 i
776 916 120 27 länstingen
921 915 86 22 antalet.

177 943 187 22 stadskommuner
391 944 39 21 och
453 945 188 21 landskommuner
662 945 85 21 komme
770 946 33 20 att
825 944 67 21 blifva
913 943 93 28 ungefär

176 971 50 26 lika,
250 977 50 16 men
323 973 36 20 det
380 973 43 21 kan
438 980 49 15 man
500 974 24 27 ju
539 973 28 27 pä
581 974 92 21 förhand
689 980 29 20 se,
735 975 33 20 att
783 973 36 22 det
834 975 25 19 är
872 973 45 27 just
931 973 76 20 lands--

175 999 161 28 kommunerna,
360 1007 45 16 som
428 1002 32 21 till
483 1003 82 20 antalet
587 1003 7 20 i
617 1002 73 27 hvarje
710 1003 35 20 län
761 1001 67 22 blifva
842 1002 50 21 vida
907 1001 96 22 öfvervä-

175 1029 77 26 gande,
276 1029 40 21 och
337 1030 37 21 det
397 1032 24 19 är
442 1031 46 21 icke
512 1031 73 26 hvarje
605 1031 92 21 särskild
715 1031 164 21 landskommun
894 1031 114 26 gentemot.

177 1057 195 28 stadskommunen,
396 1065 44 15 som
464 1059 38 21 här
525 1060 66 21 borde
613 1059 86 22 komma
718 1059 68 22 under
799 1059 129 27 jemförelse.
958 1058 49 21 När

175 1091 50 16 man
248 1088 62 25 tager
331 1087 8 21 i
356 1087 148 26 betraktande,
521 1090 33 19 att
569 1089 26 20 de
610 1088 145 27 inrättningar
770 1087 40 22 och
825 1087 90 27 företag,
931 1087 77 21 hvilka.

175 1114 122 27 länstingen
312 1115 84 22 komme
412 1118 32 19 att
458 1117 91 26 besluta,
566 1117 107 21 sannolikt
688 1117 34 21 för
738 1117 37 21 det
789 1118 71 19 mesta
875 1115 67 22 skulle
958 1115 47 21 afse

175 1143 227 23 landskommunernas
418 1145 111 27 intressen,
546 1146 89 21 emedan
651 1146 103 21 städerna
768 1145 98 26 vanligen
882 1146 36 19 äro
929 1144 74 27 längre

174 1171 74 21 hunna
263 1172 32 21 uti
310 1173 72 26 dylika
397 1173 105 27 åtgärder,
519 1173 24 22 så
557 1176 46 19 tror
616 1174 38 26 jag
669 1176 32 19 att
717 1173 139 26 obilligheten
874 1173 46 21 icke
933 1172 73 21 blefve

173 1200 87 26 mycket
282 1200 69 28 farlig.
382 1201 38 22 Att
443 1202 69 27 bygga
536 1202 184 22 skattebehofvets
743 1202 121 26 fördelning
882 1201 27 27 på
923 1201 81 27 någon-

173 1228 47 26 ting
235 1228 25 22 så
275 1229 103 28 tillfälligt
394 1236 44 16 som
454 1230 237 28 inkomstbevillningen
706 1231 58 21 lärer
779 1230 46 21 icke
841 1230 46 21 låta
902 1230 31 26 sig
943 1231 63 25 göra.

173 1256 48 22 Den
245 1257 43 27 lag,
304 1259 44 20 som
364 1258 21 22 vi
400 1265 29 15 nu
444 1259 116 27 diskutera,
577 1259 55 21 skall
647 1259 67 21 blifva
729 1265 27 15 en
772 1259 35 26 lag
822 1258 33 21 för
871 1258 136 27 obegränsad

173 1285 38 26 tid,
235 1286 144 28 bevillningen
402 1289 89 25 antages
513 1288 34 21 för
570 1290 32 19 ett
620 1288 53 21 fåtal
689 1288 24 21 år
728 1288 7 20 i
752 1288 77 21 sänder
844 1287 40 21 och
899 1286 42 22 kan
956 1287 48 20 der-

173 1313 33 22 för
228 1314 49 22 icke
300 1315 39 21 här
362 1315 111 27 åberopas.
504 1316 242 28 Mantalspenningarna
768 1316 97 21 deremot
880 1317 37 19 äro
932 1314 76 28 bygda

172 1342 28 26 pä
216 1349 27 15 en
258 1346 126 24 permanent
399 1344 41 28 lag.
979 1371 4 4 N

242 1372 58 22 Frih.
323 1372 119 27 Palmén,
463 1374 24 20 E.
504 1373 34 22 G.:
555 1374 97 21 Emedan
667 1374 41 21 den
723 1374 42 26 lag,
782 1379 46 15 som
843 1379 29 14 nu
888 1371 54 22 skall
957 1370 47 22 stif-

171 1401 41 25 tas,
236 1402 25 20 är
284 1401 109 21 beräknad
416 1401 34 22 för
472 1408 26 15 en
518 1402 134 27 obegränsad
666 1402 95 26 framtid,
779 1402 43 20 kan
837 1402 37 20 det
888 1406 52 15 vara
954 1399 50 21 full-

171 1428 93 27 komligt
286 1430 75 26 riktigt
383 1432 33 19 att
438 1430 143 28 bevillningen
600 1432 24 20 är
639 1431 88 27 otjenlig
743 1430 34 21 till
792 1429 111 27 grundval,
919 1429 36 21 det
971 1434 34 15 er-

171 1456 86 21 känner
278 1458 38 26 jag
337 1458 75 27 villigt,
435 1465 48 15 men
506 1460 61 20 detta
582 1466 82 14 samma
680 1460 46 20 skäl
742 1461 39 24 gör
797 1459 36 20 det
848 1457 65 22 också
928 1456 34 22 till
977 1463 27 14 en

169 1484 58 27 pligt
242 1487 34 19 att
294 1486 75 21 härvid
385 1487 113 27 tillgodose
516 1494 27 15 en
559 1487 67 22 sädan
641 1487 94 26 framtid,
753 1493 45 15 som
814 1487 19 20 vi
849 1493 29 14 nu
893 1485 46 22 icke
955 1485 49 21 med

171 1513 106 22 säkerhet
292 1514 72 21 kunna
379 1515 97 22 bedöma.
500 1516 80 21 Hvilka
595 1516 161 27 bestämningar
772 1516 41 21 den
828 1516 107 20 närmaste
951 1513 55 22 eller
