1111 1770
243 127 40 20 714
509 128 16 19 R.
537 133 15 14 e.
565 129 16 18 A.
593 128 47 19 1885.
664 128 17 19 16
694 128 47 23 April.

214 196 31 21 ett
266 195 156 22 äsidosättande
443 196 22 21 af
486 197 79 27 tydliga
586 197 132 27 stadganden
733 197 22 22 af
768 197 7 22 i
790 197 59 27 fräga
863 197 90 22 varande
968 198 62 20 testa-

213 225 77 25 mente,
310 223 79 23 hvilket
403 225 34 21 väl
450 225 8 21 i
473 225 59 22 detta
545 225 37 22 fall
597 225 40 22 bör
651 225 62 22 hafva
728 232 80 16 samma
823 225 90 28 anspråk
928 226 27 27 pä
970 225 60 22 efter-

213 251 77 27 lefnad,
312 258 45 15 som
371 253 135 22 tillerkännes
521 254 66 21 andra
603 254 72 28 dylika
689 255 113 21 urkunder.
821 267 22 3 —
860 254 11 21 I
885 253 110 27 anledning
1010 253 21 22 af

214 283 31 19 ett
266 281 97 26 yttrande
384 281 22 22 af
426 288 25 15 en
474 282 52 22 ärad
541 283 74 26 talare,
630 283 27 21 hr
671 283 102 26 Lindelöf,
790 283 35 21 vill
838 283 36 26 jag
888 282 95 27 invända,
999 283 32 20 att

214 315 34 15 om
270 308 72 27 frägan
359 309 52 22 hade
426 310 44 27 gält
484 311 86 22 stodens
585 311 119 27 utförande,
719 317 34 16 om
769 317 49 16 man
832 311 32 21 för
878 311 75 22 sädant
967 311 64 21 ända-

213 337 42 21 mål
277 337 57 22 velat
354 338 68 27 utlysa
444 345 25 16 en
488 339 109 27 pristäflan
612 339 65 22 bland
692 340 82 21 landets
789 340 131 26 konstnärer,
936 339 26 21 dä
976 339 54 21 hade

213 365 41 22 den
276 365 22 22 af
318 366 81 22 talaren
419 367 125 22 framhällna
565 369 135 27 synpunkten
721 369 54 21 varit
790 368 69 27 riktig,
875 374 47 15 men
936 368 27 27 pä
977 367 53 22 före-

212 394 93 22 varande
327 394 36 22 fall
384 397 24 20 är
430 396 40 22 den
492 396 114 27 ingalunda
620 397 117 28 tillämplig.
755 410 23 3 —
796 397 34 21 Dä
842 397 36 26 jag
892 396 33 21 för
939 396 41 21 min
996 395 34 22 del

213 424 24 20 är
256 422 120 28 öfvertygad
391 431 41 20 om,
446 427 32 19 att
493 425 40 21 den
549 425 104 27 behöfliga
668 432 94 15 summan
777 425 57 21 inom
849 431 26 15 en
890 425 77 27 ganska
982 425 49 20 kort

212 450 32 22 tid
266 451 53 22 skall
341 458 49 16 vara
410 452 129 23 fulltecknad
560 460 77 21 genom
659 453 97 27 frivilliga
773 453 75 27 bidrag
865 453 39 21 och
920 454 31 20 att
965 452 65 22 redan

212 479 65 22 bland
291 479 82 23 landets
387 484 169 24 representanter
571 488 26 16 en
611 482 82 28 ganska
707 482 94 28 betydlig
816 482 34 21 del
865 482 59 21 deraf
936 481 94 21 kommer

212 510 33 19 att
266 508 126 28 hopbringas
413 510 28 27 pä
462 510 65 27 några
549 510 21 22 få
585 510 72 28 dagar,
673 511 42 21 kan
728 511 36 27 jag
779 510 45 22 icke
839 512 65 20 annat
918 512 26 19 än
958 509 72 21 förena

212 536 43 28 mig
270 543 34 15 om
318 536 170 24 bankutskottets
502 538 137 28 afstyrkande
653 539 109 22 utlätande
777 539 7 21 i
800 539 68 21 denna
883 538 38 22 del.
947 538 6 21 I
968 537 62 27 öfrigt

212 564 38 22 ber
262 565 38 27 jag
314 567 32 20 att
360 566 20 22 få
394 566 73 22 förena
480 567 43 27 mig
538 574 34 15 om
587 568 56 21 hvad
658 567 48 22 frih.
722 574 40 15 von
777 567 57 21 Born
850 568 74 20 anfört.

280 594 33 21 Hr
334 600 39 16 von
389 595 115 22 Alfthan:
520 596 33 22 Då
567 596 47 21 frih.
631 602 40 16 von
686 596 58 22 Born
758 596 123 22 framstälde
896 596 36 21 sitt
946 594 83 28 förslag,

212 622 107 28 hoppades
338 623 37 27 jag
396 625 32 20 att
450 624 39 22 den
511 624 66 22 första
599 624 62 22 delen
679 624 22 22 af
714 625 116 21 detsamma
844 624 126 22 ätminstone
984 623 46 22 icke

212 650 68 22 skulle
302 650 21 22 få
344 652 64 27 något
429 653 114 21 understöd
560 654 31 20 uti
606 654 86 21 ståndet
707 654 38 21 och
761 652 74 28 början
850 652 23 22 af
886 652 143 22 diskussionen

212 679 37 27 gaf
268 680 112 27 anledning
401 680 32 22 till
455 687 26 15 en
502 682 66 21 sådan
590 681 147 28 förhoppning.
766 682 34 21 Då
816 682 58 21 detta
888 680 76 27 förslag
979 680 51 22 eller

212 707 48 22 dess
282 708 65 22 första
369 709 33 21 del
419 709 117 22 emellertid
550 716 29 15 nu
593 710 86 22 erhällit
693 710 122 26 understöd,
830 711 24 21 sä
868 710 67 21 mäste
947 709 36 27 jag
997 708 33 22 för

212 736 42 22 min
277 736 34 22 del
333 736 72 23 förena
426 738 42 27 mig
482 738 48 22 med
544 738 55 27 dem,
615 738 71 22 hvilka
701 738 67 28 inlagt
782 744 27 16 en
824 744 91 21 gensaga
929 738 100 21 deremot.

212 764 40 22 Om
267 771 48 15 man
331 765 63 22 ocksä
407 766 47 22 icke
468 773 62 15 anser
545 767 35 21 det
595 767 67 22 strida
677 769 44 20 mot
736 768 24 20 L.
777 766 32 27 O.,
824 768 32 20 att
866 766 52 22 slika
927 765 103 22 förbehäll

210 794 69 26 göras,
302 794 24 21 sä
347 796 24 19 är
393 794 35 22 det
450 795 64 27 enligt
535 796 43 21 min
600 796 135 27 uppfattning
755 796 7 21 i
785 795 42 21 alla
844 794 110 23 afseenden
968 794 62 26 högst

211 821 115 28 olämpligt,
350 823 86 21 emedan
458 830 75 20 genom
548 824 80 22 sådana
643 824 124 22 obestämda
782 824 39 21 och
836 823 111 22 sväfvande
961 822 69 22 beslut

210 855 50 16 man
282 850 32 22 för
335 851 157 23 vederbörande
512 853 83 21 utskott
617 853 75 21 endast
715 852 107 22 försvärar
843 852 133 26 möjligheten
998 852 32 20 att

210 878 117 22 framställa
339 879 202 28 jemkningsförslag,
557 887 46 15 som
618 881 71 22 kunde
703 881 23 21 af
739 881 43 21 alla
796 881 62 21 ständ
868 882 91 24 antagas.
979 879 50 21 Man

210 905 71 23 kunde
302 907 88 22 sälunda
410 908 85 22 komma
517 909 79 22 derhän
618 911 33 20 att
672 909 93 27 ständigt
788 909 67 21 mästa
869 907 160 26 äterremittera,

210 935 89 22 emedan
320 937 65 26 något
405 937 63 22 stånd
488 937 47 22 icke
549 937 69 22 skulle
633 937 56 22 finna
704 938 31 27 sig
750 937 156 22 tillfredsstäldt
920 935 21 22 af
955 936 25 21 de
994 937 35 20 än-

210 963 92 28 dringar,
324 970 45 16 som
391 967 31 20 ett
442 968 64 19 annat
527 966 57 27 gjort
607 966 40 22 och
669 972 49 15 man
740 966 40 21 har
802 965 83 28 mycket
899 965 84 21 svärare
997 965 33 20 att

208 991 87 23 komma
316 993 31 21 till
370 999 25 16 en
418 993 216 28 öfverenskommelse,
657 997 27 19 än
707 1001 35 15 om
765 994 36 22 det
819 993 106 22 bestämdt
939 995 90 24 utsäges,

209 1019 56 32 hvad
287 1027 49 16 man
357 1021 92 28 beviljar.
479 1022 75 27 Någon
573 1023 114 27 anledning
702 1025 32 19 att
748 1022 74 22 utöfva
836 1021 135 28 repressalier
984 1023 46 19 tror

207 1054 37 21 jag
266 1049 46 22 icke
333 1049 66 23 heller
417 1052 32 20 att
465 1053 56 20 ännu
535 1051 118 22 förefinnes.
683 1051 65 22 Utom
764 1051 60 22 detta
838 1051 61 21 stånd
914 1049 65 22 finnes
995 1049 34 22 det

209 1078 57 20 ännu
289 1080 31 19 ett
341 1081 64 20 annat
426 1079 68 27 stånd,
516 1080 63 21 hvars
601 1079 70 23 beslut
689 1080 7 21 i
715 1079 74 28 frågan
804 1079 46 22 icke
865 1081 24 20 är
903 1078 72 27 kändt,
991 1077 39 22 och

209 1111 35 16 om
266 1106 59 22 detta
346 1107 69 27 stånd,
430 1109 68 20 såsom
511 1108 37 27 jag
561 1109 66 26 vågar
641 1108 88 27 hoppas,
744 1109 97 20 kommer
856 1109 32 20 att
902 1106 128 22 understöda

208 1134 116 23 utskottets
346 1135 83 28 förslag,
448 1137 24 21 så
488 1137 68 21 skulle
571 1137 36 21 det
622 1137 107 27 verkligen
745 1138 81 21 smärta
840 1135 43 28 mig
898 1141 33 16 om
946 1135 24 21 så
984 1134 46 22 icke

208 1161 69 23 skulle
291 1163 61 22 hafva
371 1164 57 22 skett
441 1165 7 21 i
463 1165 23 21 R.
503 1171 19 16 o.
537 1165 24 21 A.
592 1165 62 22 Hvad
670 1165 41 22 den
726 1171 75 16 senare
816 1165 61 21 delen
892 1163 22 22 af
927 1163 46 21 frih.
989 1168 41 16 von

201 1190 76 23 -Borns
291 1191 78 28 förslag
383 1193 130 22 vidkommer
526 1194 24 21 så
564 1193 64 28 hyser
639 1193 38 28 jag
692 1193 75 22 dubier
782 1193 64 22 också
860 1192 107 27 angående
982 1191 48 22 dess

208 1219 153 25 godkännande
383 1221 40 22 och
440 1221 84 22 förenar
541 1222 42 27 mig
597 1222 68 22 hellre
680 1222 49 22 med
743 1222 55 26 dem,
814 1221 71 22 hvilka
899 1220 84 21 förorda
998 1221 32 20 att

207 1253 50 16 man
279 1248 68 23 skulle
369 1249 117 28 hopbringa
507 1251 40 21 den
571 1253 57 19 ännu
650 1251 77 26 nödiga
745 1256 97 16 summan
856 1255 75 21 genom
946 1248 84 27 frivillig

207 1275 151 28 subskription.

277 1305 32 21 Hr
331 1305 140 23 Mechelin:
493 1307 74 21 Ehuru
589 1307 34 21 väl
637 1307 107 27 åtskilliga
759 1307 65 21 ärade
839 1306 68 22 talare
922 1305 64 22 redan
1001 1304 29 22 af-

206 1333 71 27 styrkt
299 1333 100 28 förslaget
415 1336 32 20 att
461 1341 25 15 ur
500 1336 149 26 Längmanska
663 1335 77 22 fonden
755 1334 61 22 anslå
830 1334 69 22 medel
913 1333 33 22 till
960 1333 70 21 betäc-

206 1360 71 23 kande
298 1362 22 22 af
340 1362 80 23 bristen
441 1363 8 21 i
471 1364 25 21 de
514 1363 34 23 för
562 1364 118 22 äreminnet
695 1364 57 21 öfver
767 1363 113 27 Runeberg
895 1360 135 28 erforderliga

206 1390 76 27 medel,
298 1391 80 21 känner
390 1391 36 27 jag
442 1392 52 22 dock
509 1392 60 22 äfven
583 1392 34 21 för
632 1392 43 22 min
691 1392 34 22 del
740 1394 32 20 ett
787 1391 65 22 behof
865 1392 32 20 att
911 1390 21 22 få
946 1390 84 26 inlägga

206 1419 32 19 ett
260 1419 135 27 afstyrkande
417 1420 39 22 ord
476 1420 7 21 i
499 1427 80 15 samma
593 1420 100 28 riktning.
722 1420 45 27 Mig
782 1426 61 22 synes
858 1421 38 24 att,
912 1419 55 21 huru
981 1424 49 26 man

206 1447 28 19 än
256 1448 63 21 söker
340 1448 53 22 fatta
415 1448 41 22 den
478 1449 121 27 visserligen
621 1450 66 26 något
709 1448 146 28 egendomliga
869 1446 139 28 stiliseringen
1022 1452 8 14 i

206 1473 149 29 Längmanska
376 1478 142 26 testamentet,
540 1478 24 21 så
585 1478 68 21 borde
667 1484 49 15 man
731 1477 55 22 dock
801 1476 85 22 komma
901 1475 32 22 till
948 1475 36 21 det
998 1480 32 16 re-

205 1502 67 23 sultat
294 1506 32 20 att
340 1505 73 27 anslag
427 1511 25 15 ur
467 1506 67 22 denna
549 1506 51 22 fond
615 1506 61 22 skola
691 1506 43 22 afse
750 1512 43 21 nya
807 1504 127 28 produktiva
948 1503 82 27 företag

205 1530 33 22 för
254 1532 26 22 de
294 1532 67 28 syften
376 1535 135 21 testamentet
526 1534 100 28 angifver.
656 1534 50 22 Men
721 1535 42 21 den
779 1533 109 27 anvisning
902 1538 45 16 som
963 1538 28 15 nu
1006 1534 24 19 är
