1109 1745
388 119 43 27 Wei
444 125 16 19 A.
470 124 49 20 1885.
544 125 16 19 9:
568 125 46 22 April.
845 125 40 21 635

158 193 31 29 På
210 193 26 21 hr
258 193 205 21 landtmarskalkens
484 192 115 27 förfrågan
617 198 35 16 om
667 194 57 19 ännu
739 193 65 26 några
814 192 103 22 ståndets

89 221 137 23 médlemmar
249 221 93 22 önskade:
363 223 58 25 yttra
442 221 32 27 Sig
497 221 111 27 angående
623 220 186 26 rusthållsfrågans
824 220 93 21 behand-

88 250 44 28 ling
145 250 9 21 i
169 249 151 27 sammanhang
335 248 48 23 med
398 250 40 21 den
454 255 34 16 om
504 249 155 21 rotevakansen,
682 249 111 21 anmärkte

108 288 2 2 +
158 278 27 21 hr
206 278 93 22 Taube:
322 278 39 26 Jag
384 278 74 27 tycker:
480 278 36 21 det
532 277 42 21 blir
588 278 59 20 svårt
661 266 35 32 för
710 277 36 21 det
760 276 55 28 högli
826 276 90 22 iständet

89 309 33 20 att
144 313 34 15 nu
194 306 106 22 behandla
322 306 99 26 frägorna
443 312 34 16 om
492 306 118 26 rustnings-
625 306 40 20 och
680 306 164 21 rotevakansens
860 304 56 28 aflyf-

80 336 74 22 ”tande
176 336 136 26 gemensamt,
335 335 26 21 dä
383 334 105 22 utskottet
510 334 99 21 uteslutit
630 334 45 21 helt
698 334 39 21 och
755 333 65 22 hållet
842 339 75 16 senare

88 364 82 22 hälften
185 362 23 22 af
221 363 47 21 näd.
284 369 70 21 prop:s
370 362 98 22 innehäll.
494 363 34 21 Dä
543 363 32 20 uti
590 362 146 22 betänkandet
746 362 107 27 ingenting
862 362 55 21 före-

89 392 68 27 ligger
176 398 32 15 om
225 391 163 21 rotevakansens
404 390 125 28 aflyftande,
540 391 24 21 sä
579 392 36 20 vet
627 390 37 27 jag
678 390 47 22 icke
740 390 55 22 huru
810 391 35 21 det
860 390 55 26 högl.

90 420 85 21 ständet
190 419 67 22 skulle
272 420 71 20 kunna
358 419 108 21 diskutera
482 419 53 21 eller
546 418 88 22 besluta
649 419 80 20 derom.

142 447 2 2 *
160 448 32 21 Hr
213 447 193 22 landtmarskalken
428 447 99 27 uppläste
546 447 49 21 med
611 447 114 26 anledning
739 446 62 22 häraf
814 447 39 21 den
868 452 49 21 pro-

90 476 91 27 position
204 476 41 21 han
268 476 28 26 pä
317 476 67 26 grund
407 475 22 22 af
450 476 26 21 de
500 475 124 21 framstälda
647 475 121 27 yrkandena
790 476 72 20 ämnat
884 474 32 21 till

90 504 96 22 ständets
206 504 131 21 besvarande
356 503 133 26 öfverlemna,
508 503 86 22 hvilken
610 503 131 27 proposition
756 503 54 22 hade
824 502 93 28 följande

90 533 90 21 lydelse:

69 539 41 30 a
160 561 53 26 Den,
228 567 46 15 som
289 560 122 27 godkänner
427 561 39 20 den
483 560 21 21 af
518 560 162 21 statsutskottet
694 559 6 21 i
716 560 48 21 dess
774 559 142 28 föreliggande

90 589 135 24 betänkande
240 589 94 21 uttalade
349 589 54 26 äsigt
418 590 32 20 att
460 588 73 27 frägan
546 594 34 15 om
591 587 264 28 rustningsskyldighetens
865 593 51 21 upp-

91 617 110 26 häfvande,
213 617 217 26 rustningsräntornas
440 617 128 26 indragning
579 617 39 20 och
629 616 217 21 rusthällsvakansens
855 615 62 22 efter-

91 645 98 27 gifvande
211 645 39 22 bör
267 645 115 22 behandlas
398 645 120 22 oberoende
534 645 22 21 af
569 645 73 26 frägan
659 651 33 15 om
708 645 163 21 rotevakansens
887 643 30 22 af-

91 673 100 28 lyftande,
207 675 69 20 röstar
288 673 31 28 ja;

161 702 73 21 vinner
256 702 40 27 nej,
318 701 166 22 äterremitteras
506 701 89 22 ärendet
618 701 32 21 till
672 701 105 21 utskottet
798 700 32 22 för
844 700 71 21 betän-

91 730 91 21 kandets
204 730 146 26 omarbetning
371 730 11 21 i
400 730 36 21 det
456 730 60 27 syfte,
533 731 33 20 att
580 729 74 27 frågan
671 735 33 16 om
720 728 197 28 rustningsskyldig-

91 758 74 22 hetens
187 759 153 26 upphäfvande,
364 759 220 25 rustningsräntornas
606 757 126 27 indragning
754 757 39 21 och
808 756 110 22 rusthälls-

91 786 118 22 vakansens
232 786 150 27 eftergifvande
404 786 117 21 behandlas
540 786 7 20 i
567 788 33 19 ett
615 786 151 26 sammanhang
780 786 48 20 med
842 784 74 27 frägan

90 820 36 16 om
142 814 164 22 rotevakansens
320 814 118 28 aflyftande.
770 824 4 5 :

161 842 69 22 Sedan
253 843 24 21 R.
297 850 18 14 o.
335 844 23 20 A.
375 843 94 26 godkänt
485 843 70 21 denna
571 842 279 26 omröstningsproposition,
865 847 52 21 upp-

91 870 64 22 lästes
178 871 120 21 densamma
314 872 53 25 ånyo
384 871 39 21 och
439 871 134 25 besvarades,
591 870 33 21 vid
640 870 83 21 anstäld
738 870 68 21 sluten
822 869 95 26 votering

91 899 49 21 med
162 899 27 21 25
210 899 22 26 ja
255 899 38 21 och
314 900 26 20 59
356 899 39 28 nej,
411 899 33 20 till
458 898 52 27 följd
526 898 75 21 hvaraf
615 898 86 21 ståndet
715 897 86 22 beslutit
816 899 32 20 att
862 897 55 21 åter-

91 926 109 23 remittera
223 927 87 22 ärendet
332 927 31 21 till
386 927 105 22 utskottet
506 927 32 21 för
547 926 162 22 -betänkandets
724 926 146 26 omarbetning
885 925 32 21 sä-

91 955 65 22 lunda
178 957 32 20 att
231 956 57 21 båda
306 956 24 21 de
345 956 91 21 nämnda
450 955 101 27 frågorna
566 954 69 22 blefve
650 955 6 20 i
672 956 31 19 ett
718 954 150 27 sammanhang
882 953 37 22 be-

90 983 112 22 handlade.

160 1012 57 21 Frih.
241 1018 40 15 von
303 1012 69 21 Born
394 1012 84 27 yttrade
501 1011 49 21 med
567 1011 113 27 anledning
695 1010 22 22 af
729 1010 84 27 frågans
828 1010 88 26 utgång:

91 1040 40 26 Jag
154 1040 38 21 ber
213 1040 21 21 få
257 1047 107 14 reservera
386 1040 42 27 mig
450 1042 58 19 emot
529 1040 37 21 det
581 1046 49 21 nyss
645 1039 81 22 fattade
741 1038 92 22 beslutet
847 1039 71 20 såsom

91 1068 107 27 praktiskt
220 1069 141 21 innebärande
382 1075 24 14 en
423 1068 124 27 omöjlighet
563 1070 31 19 att
609 1068 35 21 vid
660 1067 68 22 denna
742 1067 101 26 landtdag
858 1065 60 28 lojalt

91 1096 46 21 lösa
152 1096 74 27 frågan
242 1097 26 26 på
284 1099 31 19 ett
329 1097 50 21 eller
394 1098 65 20 annat
474 1098 50 20 sätt.

162 1125 55 22 Frih.
234 1125 113 26 Palmén,
363 1125 24 21 E.
404 1125 32 25 G.,
452 1124 98 22 anmälde
566 1124 60 22 äfven
642 1124 32 22 sin
689 1123 135 22 reservation.

160 1209 41 22 Till
218 1210 61 21 detta
294 1210 84 27 plenum
393 1210 55 21 hade
463 1209 112 27 bordlagts
590 1209 40 22 och
645 1209 109 26 föredrogs
768 1214 29 16 nu
812 1207 108 22 allmänna

91 1237 203 22 besvärsutskottets
309 1238 134 22 betänkande
458 1244 35 15 n:o
510 1239 12 20 9
538 1238 7 20 i
562 1237 114 27 anledning
687 1237 22 22 af
718 1239 31 20 ett
759 1237 57 21 inom
825 1236 24 21 R.
862 1241 18 16 o.
892 1235 24 21 A.

91 1265 63 22 väckt
176 1266 209 27 petitionsmemorial
403 1272 35 15 om
452 1266 124 21 inrättande
592 1265 22 22 af
627 1272 26 15 en
668 1265 87 22 lärostol
770 1265 7 21 i
792 1264 76 28 hygien
883 1263 35 21 vid

91 1293 118 27 Kejserliga
224 1294 129 21 Alexanders
368 1294 147 21 universitetet
530 1294 7 20 i
552 1294 140 26 Helsingfors.

161 1322 66 22 Ordet
241 1322 109 22 lemnades
364 1322 74 22 härvid
454 1323 27 26 på
496 1322 95 27 begäran
606 1323 23 20 åt
696 1332 2 4 :

159 1350 47 21 frih.
230 1350 22 22 af
273 1350 133 27 Schultén,
421 1350 29 22 M.
466 1350 42 26 W.,
524 1356 46 16 som
585 1350 95 27 yttrade:
697 1349 111 21 Allmänna
823 1348 97 21 besvärs-

90 1378 106 22 utskottet
218 1379 39 21 har
278 1379 6 20 i
306 1379 38 21 sitt
366 1378 134 22 betänkande
523 1379 77 21 erkänt
620 1378 36 21 det
670 1376 187 28 behjertansvärda
871 1374 49 32 sak-

90 1406 138 26 förhållande,
245 1407 79 26 hvarpå
337 1407 36 26 jag
388 1407 91 26 grundat
494 1406 44 21 min
549 1406 97 27 petition,
657 1406 105 26 nämligen
771 1404 83 22 landets
864 1409 54 15 sani-

90 1436 48 19 tära
160 1435 182 26 underlägsenhet,
365 1435 100 21 särskildt
487 1435 7 20 i
518 1434 133 21 förhållande
670 1433 32 22 till
718 1434 26 21 de
759 1435 69 20 vestra
842 1437 77 21 grann-

90 1462 108 22 länderna.
229 1463 47 21 Den
298 1463 184 26 omständigheten
501 1465 33 19 att
548 1463 7 20 i
572 1463 46 20 vårt
632 1462 52 21 land
698 1461 143 22 mortaliteten
856 1461 24 20 är
895 1459 25 21 så

90 1491 84 26 mycket
189 1491 65 26 högre
270 1493 27 19 än
312 1491 7 20 i
334 1491 77 26 Norge,
428 1492 32 20 att
474 1491 83 26 årligen
573 1491 63 25 8,800
651 1496 101 21 personer
766 1489 50 22 flere
829 1488 33 21 uti
872 1487 47 22 vårt

90 1518 49 21 land
162 1518 69 27 aflida,
254 1521 26 19 än
304 1525 33 15 om
360 1519 26 21 de
405 1519 95 22 sanitära
517 1518 162 22 förhållandena
694 1524 50 15 vore
758 1518 24 21 så
797 1521 123 24 gynsamma
