1111 1725
363 126 16 18 R.
391 131 15 13 o.
419 126 16 18 A.
446 126 46 19 1885.
516 126 20 18 23
548 126 47 22 April.
821 127 41 21 789

71 194 69 22 beslöt
162 194 32 27 sig
213 194 33 21 för
268 200 26 16 en
312 194 135 27 omjustering
462 195 22 21 af
498 196 121 24 momentet,
636 200 37 16 var
688 194 79 22 kanske
782 194 7 20 i
803 193 87 21 främsta

71 224 90 20 rummet
177 224 45 25 den,
239 224 37 25 att,
292 224 27 26 på
334 225 42 19 sätt
391 223 22 21 af
426 223 65 21 slutet
506 223 6 21 i
528 222 65 22 första
609 225 116 19 momentet
739 222 98 27 framgår,
848 221 43 21 alla

73 251 62 22 dessa
149 253 93 20 moment
256 253 76 25 utgöra
346 250 79 28 förslag
436 251 31 21 till
484 258 25 15 en
524 251 126 22 hemställan
665 251 32 21 till
712 251 122 27 regeringen
845 250 46 20 från

71 280 120 26 ständerna,
214 280 39 21 och
276 280 63 27 ansåg
361 286 48 15 man
432 282 32 19 att
486 280 130 27 regeringen,
635 280 6 21 i
657 279 99 22 händelse
772 279 40 22 den
826 278 64 22 funne

73 308 136 28 olägenheten
230 308 22 21 af
266 309 68 20 denna
348 308 113 27 stilisering
476 315 51 15 vara
542 309 37 21 allt
593 308 34 22 för
641 309 115 26 uppenbar,
773 308 69 21 kunde
856 307 36 21 be-

74 343 68 21 gagna
157 337 31 27 sig
203 337 21 22 af
238 337 32 21 sin
284 339 44 19 rätt
342 339 32 19 att
389 337 63 22 ställa
467 343 34 16 om
517 337 120 27 ordalagen,
661 337 100 21 Ledsamt
775 343 49 15 vore
833 336 7 21 i
850 335 42 22 alla

72 365 42 27 fall,
138 372 33 15 om
194 365 123 22 ständernas
340 372 47 15 svar
405 365 67 22 skulle
487 365 94 22 befinnas
597 365 62 22 hafva
675 368 30 19 ett
720 365 75 21 sädant
810 365 33 26 fel,
860 365 32 20 att

73 394 123 27 regeringen
221 394 44 21 icke
280 394 70 21 kunde
365 401 50 14 vara
431 401 49 15 ense
496 401 33 14 om
545 394 124 21 ständernas
685 393 137 28 uppfattning.
852 395 40 24 Jag

73 429 62 15 anser
157 423 42 26 mig
221 422 70 21 derför
305 422 32 21 för
360 423 42 20 min
425 423 41 26 del,
482 425 55 19 trots
552 423 36 21 det
600 423 37 26 jag
651 423 46 21 icke
713 424 115 19 reserverat
843 421 49 27 mig,

63 467 3 3 -
74 451 144 26 oförhindrad,
235 454 31 18 att
282 457 27 15 nu
324 451 129 22 understöda
467 452 25 21 hr
507 451 106 22 Lindelöfs
629 451 83 27 förslag.

143 479 68 22 Sedan
226 479 25 22 hr
266 479 102 27 Lindelöf,
384 480 48 21 med
448 480 111 27 anledning
574 479 22 22 af
608 480 25 21 hr
643 479 203 22 landtmarskalkens
857 484 35 16 an-

74 507 116 28 märkning,
212 511 32 18 att
261 508 26 21 hr
301 508 96 21 Lindelöf
411 509 47 21 icke
472 508 105 22 framstält
592 509 66 26 något
673 507 103 22 bestämdt
792 507 100 28 yrkande,

75 536 66 21 ehuru
163 537 51 21 hans
236 537 97 27 yttrande
355 537 70 21 kunde
447 537 106 22 förmodas
575 537 43 21 afse
641 539 32 19 att
694 536 65 27 fjerde
778 537 115 20 momentet

74 564 66 22 borde
162 565 44 21 helt
228 565 39 22 och
290 565 65 22 hållet
375 567 58 26 utgå,
456 565 102 23 förklarat
579 565 35 22 det
629 566 24 21 så
668 565 53 21 varit
735 565 53 21 hans
804 564 88 27 mening,

74 594 111 26 uppstälde
207 594 25 21 hr
253 594 194 22 landtmarskalken
470 595 32 21 till
524 595 24 21 R.
571 601 19 15 o.
607 595 36 21 A:s
658 594 129 22 besvarande
802 592 91 28 följande

75 622 269 28 omröstningsproposition
350 630 4 14 :

144 651 53 26 Den,
220 657 45 15 som
287 651 122 27 godkänner
431 652 49 21 4:de
502 658 61 15 mom.
584 651 23 21 af
620 651 115 21 utskottets
750 652 26 26 pä
793 651 25 21 16
834 650 60 21 sidan

75 678 122 22 framstälda
212 679 84 27 förslag,
311 682 68 19 röstar
392 680 32 25 ja;

145 708 71 22 vinner
232 708 39 26 nej,
287 709 61 25 utgår
362 711 122 19 momentet.

145 736 48 22 Som
208 737 24 21 R.
249 742 18 15 o.
279 736 36 22 A:s
325 743 47 15 svar
382 737 45 21 blef
436 739 31 19 ett
477 737 92 27 afgjordt
578 737 41 26 nej,
629 736 68 22 skulle
707 736 47 21 4:de
764 742 62 16 mom.
837 736 57 26 utgå.

145 764 119 22 Utskottets
286 764 78 27 förslag
386 765 32 21 till
440 766 131 26 underdånig
583 765 154 27 framställning
752 765 37 21 hos
804 764 91 26 regerin-

76 799 40 21 gen
141 800 34 14 om
198 793 135 27 vidtagandet
355 793 21 22 af
395 794 105 21 särskilda
514 794 99 27 åtgärder
628 793 32 21 för
675 794 117 20 inrättande
808 793 22 21 af
843 792 52 21 folk-

77 821 72 22 skolor
170 822 7 20 i
200 822 82 26 Salmis,
306 822 94 27 Suojärvi
419 823 39 21 och
474 822 126 28 Korpiselkä
615 822 90 21 socknar
720 822 6 20 i
743 821 95 27 Wiborgs
853 820 41 23 län,

77 852 54 19 samt
153 853 32 19 att
209 850 113 23 ständerna
345 851 32 21 för
391 851 67 27 sagda
475 851 97 22 ändamål
587 850 48 22 ville
651 850 32 22 för
697 851 50 21 åren
764 851 60 24 1886,
842 850 53 21 1887

77 878 39 21 och
133 880 53 21 1888
202 879 58 22 anslå
274 879 73 22 inalles
364 881 76 25 10,000
457 880 59 21 mark
531 880 44 21 blef
588 879 22 22 af
623 880 24 21 R.
665 886 18 14 o.
700 880 25 20 A.
739 881 50 19 utan
800 877 96 23 anmärk-

77 907 50 27 ning
142 907 113 26 godkändt.

146 936 76 21 Vidare
238 937 109 26 godkände
362 937 23 21 R.
403 943 17 15 o.
438 937 24 21 A.
479 937 114 21 utskottets
609 937 139 26 beräkningar
763 937 26 26 på
810 935 36 22 sid.
870 936 26 20 17

78 964 39 21 och
138 965 32 26 18,
188 965 53 21 dock
256 967 31 19 att
303 965 94 27 anslaget
411 965 33 22 för
459 965 144 22 folkskolorna
617 965 7 20 i
640 965 98 21 städerna
752 965 27 26 på
794 964 67 27 grund
876 963 22 21 af

78 993 95 21 ståndets
196 993 75 25 beslut,
287 993 105 28 förhöjdes
408 994 48 21 med
472 995 77 25 30,000
564 993 67 26 mark,
647 993 32 21 till
694 993 49 24 följd
759 992 73 22 hvaraf
845 991 51 22 folk-

78 1021 165 27 skolebudgeten
261 1022 33 21 för
308 1023 176 21 nästkommande
500 1022 141 27 treårsperiod
656 1022 83 21 komme
754 1023 32 20 att
801 1021 55 21 sluta
866 1020 31 27 sig

79 1050 12 21 å
107 1050 113 25 2,556,600
236 1051 65 21 mark.

149 1078 57 22 Utan
226 1079 137 26 anmärkning
377 1079 124 27 godkändes
516 1079 115 22 utskottets
645 1079 79 26 förslag
738 1081 31 18 att
784 1077 114 22 ständerna

78 1106 7 21 i
101 1107 89 21 särskild
205 1108 129 26 underdånig
349 1107 109 22 skrifvelse
474 1108 68 21 skulle
557 1110 56 25 yttra
628 1107 32 28 sig
675 1114 33 14 om
719 1107 25 21 de
754 1106 143 26 bevillningar,

79 1135 72 21 hvilka
166 1135 83 23 komme
265 1138 31 20 att
311 1135 32 23 för
358 1136 104 27 ingående
478 1136 153 27 budgetperiod
646 1135 110 23 erfordras.

148 1192 68 22 Bland
230 1193 25 21 R.
272 1200 17 14 o.
307 1194 35 21 A:s
357 1194 139 21 medlemmar
513 1194 53 21 hade
581 1194 92 21 utdelats
689 1193 37 21 och
740 1192 112 22 bordlades
868 1190 31 22 till

80 1222 61 20 nästa
155 1222 164 21 sammanträde:

149 1250 168 22 statsutskottets
339 1250 134 22 betänkande
497 1257 33 15 n:o
547 1252 32 25 12,
594 1251 6 21 i
616 1250 111 26 anledning
742 1250 22 20 af
776 1249 47 21 nåd.
840 1254 58 21 prop.

81 1278 106 26 angående
210 1279 112 21 anvisande
344 1279 22 21 af
387 1279 69 21 medel
479 1279 33 21 till
529 1279 135 22 bestridande
679 1278 22 22 af
713 1278 141 21 kostnaderna
868 1276 33 21 för

80 1306 128 27 landtdagen
223 1308 23 20 år
264 1308 62 23 1888;

149 1336 167 21 statsutskottets
338 1335 79 27 förslag
434 1336 32 20 till
482 1336 201 26 sammanjemkning
699 1335 21 21 af
733 1334 98 22 ståndens
846 1332 56 27 skilj-

81 1363 72 27 aktiga
168 1364 68 21 beslut
250 1364 90 22 rörande
355 1364 173 22 statsutskottets
543 1364 134 21 betänkande
691 1370 34 15 n:o
740 1364 12 20 6
768 1363 6 21 i
789 1361 112 26 anledning

81 1391 22 22 af
124 1392 47 21 nåd.
194 1398 58 21 prop.
276 1392 108 27 angående
406 1392 267 28 rustningsskyldighetens
695 1390 144 29 upphäfvande
862 1388 39 22 och

80 1420 125 27 indragning
228 1421 21 21 af
270 1421 25 22 de
313 1420 117 22 rusthållen
445 1421 102 22 anvisade
562 1423 118 24 augments-
695 1420 38 22 och
749 1420 65 26 öfriga
828 1419 75 20 räntor

81 1452 55 18 samt
158 1449 148 26 eftergifvande
329 1449 22 22 af
371 1450 26 21 de
419 1449 47 22 från
490 1449 122 26 rusthållen,
635 1452 98 19 roterade
751 1449 97 20 hemman
863 1446 39 22 och

81 1477 151 22 båtsmanshåll
247 1479 105 25 utgående
368 1478 174 27 vakansafgifter;
559 1477 38 22 och

150 1505 106 22 allmänna
278 1506 203 21 besvärsutskottets
504 1506 77 26 förslag
603 1505 32 22 till
658 1503 198 28 sammanjemkning
882 1502 22 22 af

81 1534 100 21 ståndens
202 1534 120 27 skiljaktiga
337 1534 70 21 beslut
422 1535 6 20 i
443 1534 62 27 fråga
520 1541 34 15 om
569 1534 47 21 dess
630 1534 132 21 betänkande
777 1539 34 15 n:o
827 1533 12 20 7
855 1531 48 22 med
