1114 1770
246 115 42 21 774
511 116 16 19 R.
538 121 16 14 8.
566 117 16 18 A.
596 116 47 25 1885.
666 116 21 21 23
700 117 46 22 April.

217 183 69 27 punkt
308 184 100 21 anställer
429 184 139 27 jemförelser,
594 184 24 22 sä
640 185 56 21 skall
717 185 37 21 det
776 185 45 20 visa
836 184 31 27 sig
883 185 32 20 att
931 183 105 28 ätskilliga

217 213 79 26 städer,
313 213 66 25 sedan
400 213 61 22 deras
483 213 75 28 bidrag
576 213 71 22 blifvit
662 213 118 26 faststälda,
797 213 51 21 ökat
863 213 32 21 sin
910 212 79 27 budget
1003 212 33 22 för

217 240 152 27 folkskolorna,
394 243 52 20 utan
468 243 32 20 att
523 242 55 21 dock
600 242 66 21 hafva
685 242 7 21 i
707 248 82 15 samma
803 240 133 23 förhällande
951 241 84 22 erhällit

217 269 66 27 högre
306 270 134 26 statsanslag.
477 271 43 20 För
543 270 65 27 öfrigt
626 271 46 25 har,
688 271 34 21 vid
737 268 100 29 pröfning
852 269 23 22 af
888 269 147 28 ansökningar,

217 299 72 20 städse
304 298 112 27 utredning
438 299 73 21 äskats
533 299 40 22 och
588 302 118 24 presterats
721 299 63 22 äfven
799 298 108 28 angäende
922 298 113 21 folkskole-

217 326 118 27 budgetens
360 327 132 22 förhällande
514 328 33 21 till
569 328 150 27 uttaxeringen
737 328 7 21 i
760 328 101 21 städerna
875 327 8 20 i
899 326 69 28 öfrigt,
983 327 52 21 eller

217 355 33 21 till
264 355 112 21 skattöret.
859 357 3 4 ä

285 383 42 22 För
342 384 43 21 min
400 385 34 21 del
448 384 68 22 finner
528 385 37 27 jag
580 385 47 21 icke
643 384 69 27 nägon
727 384 116 27 anledning
857 384 33 21 till
900 385 33 20 att
941 383 94 28 afstyrka

217 412 37 21 det
275 412 29 27 pä
327 413 45 21 sida
394 413 12 21 6
422 413 120 27 föreslagna
556 413 129 22 uttalandet.
714 413 43 30 Det
771 412 68 22 mäste
854 412 60 21 alltid
929 413 35 21 vid
979 412 56 27 pröf-

217 441 77 26 ningen
317 441 23 21 af
360 441 72 27 frägor
454 448 34 15 om
510 443 113 21 städernas
638 441 129 22 folkskolors
783 441 186 27 subventionering
984 447 51 15 vara

217 468 71 22 bättre
305 476 33 14 om
366 469 68 27 någon
450 470 77 22 allmän
543 476 61 16 norm
620 470 67 22 finnes
702 470 7 21 i
724 470 77 21 sådant
816 469 99 21 afseende
930 468 103 28 angifven,

216 499 27 19 än
259 504 34 15 om
316 498 36 21 det
374 498 39 26 alls
435 499 46 21 icke
499 498 66 22 finnes
581 499 71 27 nägon
668 498 72 22 sädan.
772 498 49 21 Men
836 498 122 26 visserligen
973 504 61 20 synes

217 526 36 21 det
268 527 48 26 mig,
333 528 32 20 att
380 533 34 15 om
429 526 113 28 förslagets
557 529 95 20 moment
667 527 27 27 pä
710 528 46 20 sida
772 527 12 21 6
793 527 74 21 vinner
873 526 160 27 godkännande,

218 554 24 21 sä
256 554 67 28 ligger
338 555 42 21 den
394 555 178 28 förutsättningen
587 558 55 19 nära
656 556 33 21 till
704 556 67 21 hands
787 557 32 19 att
834 555 57 21 inom
906 561 26 15 en
947 554 48 22 kort
1003 555 31 21 tid

216 589 27 15 en
258 583 66 27 nägot
346 584 96 22 starkare
464 585 93 27 stegring
571 585 8 20 i
594 584 118 27 utgifterna
726 584 43 21 kan
784 584 92 25 inträda,
892 585 26 19 än
934 584 40 21 den
989 589 45 16 som

216 612 56 26 lagts
287 612 33 21 till
344 614 67 25 grund
426 612 33 22 för
474 613 144 27 beräkningen
633 613 7 21 i
655 612 49 22 näd.
719 619 68 21 prop.,
804 612 39 22 och
859 612 27 21 dä
901 612 67 21 skulle
983 612 51 21 kon-

216 646 116 21 segvensen
347 640 74 23 fordra
436 643 32 20 att
484 642 160 21 reservationen
658 641 28 28 pä
701 642 38 20 sid.
756 642 28 21 20
800 640 69 22 blefve
884 640 104 28 godkänd.

285 669 33 21 Dä
340 670 62 26 ingen
424 671 72 21 vidare
521 670 69 22 utbad
609 670 31 27 sig
656 670 67 26 ordet,
739 670 134 21 förklarades
889 669 145 21 diskussionen

215 697 101 27 afslutad,
332 698 107 22 hvarefter
454 699 25 21 hr
494 699 204 25 landtmarskalken,
717 699 49 21 med
781 698 100 21 afseende
896 698 51 21 derä
961 699 32 20 att
1008 697 26 21 hr

216 726 164 27 Pippingskölds
394 727 80 28 förslag
488 728 46 21 icke
550 728 76 20 vunnit
641 728 123 25 understöd,
781 726 76 22 endast
872 726 117 22 hemstälde
999 732 34 15 om

215 755 155 26 godkännande
395 756 23 21 af
439 756 115 22 utskottets
577 756 29 26 pä
628 756 39 21 sid.
684 756 11 21 6
712 756 22 20 af
748 755 147 22 betänkandet
909 754 125 22 framstälda

217 782 80 28 förslag
312 784 33 20 till
360 784 140 27 underdänigt
515 785 119 25 uttalande,
643 784 80 22 hvilket
731 784 82 26 förslag
819 784 79 26 jemväl
906 783 127 27 godkändes.

285 812 11 20 I
311 812 99 22 afseende
432 813 13 21 &
468 814 35 20 det
525 813 23 21 af
561 813 108 21 utskottet
683 812 115 22 förordade
814 812 183 26 anslagsbeloppet
1012 811 23 21 af

215 840 94 26 500,400
323 841 61 21 mark
399 842 33 25 till
448 842 109 21 städernas
571 842 121 21 folkskolor
707 841 156 21 öfverlemnade
879 840 26 21 hr
920 840 114 21 landtmar-

214 868 90 21 skalken
327 870 32 20 till
384 870 95 21 ständets
494 870 131 21 besvarande
640 870 93 26 följande
750 869 283 26 omröstningsproposition:

284 897 52 26 Den,
353 904 45 16 som
413 899 121 26 godkänner
549 899 119 22 utskottets
682 898 87 27 förslag,
787 900 32 19 att
833 898 96 26 anslaget
937 897 32 21 till
980 896 53 22 folk-

217 925 111 22 skolornas
344 926 7 21 i
366 927 100 21 städerna
488 927 113 21 underhäll
616 927 34 21 för
664 929 62 19 nästa
741 926 145 27 treärsperiod
901 925 65 22 mätte
981 925 52 21 fast-

215 954 74 21 ställas
304 954 33 21 till
352 955 92 26 500,400
458 955 66 27 mark,
540 957 72 20 röstar
626 955 32 27 ja;

284 983 78 21 Vinner
377 984 39 26 nej,
432 984 115 21 fastställes
562 985 98 26 anslaget
675 983 32 22 till
722 983 93 26 530,400
830 983 67 21 mark.

285 1011 50 22 Som
350 1012 69 21 denna
434 1013 131 26 proposition
580 1012 24 22 af
618 1012 86 22 ständet
718 1011 46 22 blef
778 1012 105 21 besvarad
898 1011 48 21 med
961 1011 71 21 enhäl-

213 1039 39 27 ligt
277 1040 41 27 nej,
341 1040 54 21 hade
418 1041 24 21 R.
458 1048 18 15 o.
495 1042 25 21 A.
536 1041 95 22 beslutat
650 1043 32 20 att
697 1041 49 27 höja
761 1040 98 27 anslaget
875 1039 33 22 för
923 1039 110 22 städernas

213 1067 119 23 folkskolor
346 1069 34 21 till
395 1070 91 25 530,400
501 1070 66 21 mark.

282 1097 136 22 Beträffande
434 1099 95 26 anslaget
543 1098 34 21 för
592 1098 146 21 folkskolorna
753 1097 29 28 pä
797 1097 74 21 landet
885 1097 84 27 yttrade

282 1125 26 22 hr
322 1125 132 23 Lindelöf:
461 1119 14 38 I
495 1127 37 21 sitt
546 1126 80 27 förslag
640 1127 91 21 rörande
746 1125 186 26 subventionering
947 1124 22 22 af
981 1123 52 22 folk-

213 1153 99 22 skolorna
327 1155 27 26 pä
368 1154 73 22 landet
455 1155 75 22 liksom
544 1155 8 21 i
567 1155 41 22 den
623 1155 126 27 föregäende
760 1154 153 26 motiveringen
923 1153 38 22 har
971 1155 62 19 stats-

213 1181 106 23 utskottet
338 1184 66 25 yttrat
427 1184 83 26 äsigter,
534 1190 45 15 som
595 1183 130 27 väsentligen
741 1183 72 22 afvika
827 1182 46 21 frän
889 1182 53 26 dem,
963 1181 70 22 hvilka

212 1211 160 21 statsutskottet
394 1211 39 22 och
458 1212 113 21 ständerna
589 1212 8 21 i
616 1219 80 15 samma
715 1212 38 21 sak
769 1211 95 21 uttalade
879 1210 34 21 vid
929 1211 54 20 1877
998 1210 34 21 ärs

213 1237 107 29 landtdag.
350 1239 74 22 Redan
438 1241 27 21 dä
479 1240 95 22 förekom
589 1240 112 27 nämligen,
716 1241 28 27 pä
759 1239 70 28 grund
843 1239 23 22 af
874 1245 26 15 en
910 1238 45 22 från
966 1238 67 21 öfver-

211 1267 104 27 styrelsen
329 1268 33 21 för
376 1269 147 22 skolväsendet
536 1269 63 27 gjord
613 1269 132 26 hemställan,
760 1268 76 27 frägan
851 1273 34 16 om
900 1267 100 27 höjandet
1013 1265 21 22 af

211 1294 199 25 folkskolelärarnes
424 1297 28 27 pä
466 1297 72 22 landet
553 1297 60 22 löner
628 1297 32 22 till
676 1298 40 21 800
731 1297 41 22 och
782 1296 157 21 lärarinnornas
949 1294 32 22 till
991 1295 41 20 600

211 1324 68 21 mark.
308 1325 11 21 I
333 1325 37 21 sitt
385 1325 132 22 betänkande
532 1326 110 26 angående
656 1325 114 27 bevillning
785 1325 33 21 till
828 1323 205 23 folkskoleväsendet

211 1354 69 25 yttrar
295 1353 159 22 statsutskottet
468 1354 31 26 sig
514 1354 58 22 öfver
587 1354 60 22 detta
661 1353 79 27 förslag
755 1354 29 26 pä
799 1352 92 28 följande
906 1353 51 20 sätt:
983 1350 50 28 ,Ut-

211 1380 87 27 skottet,
314 1388 45 15 som
374 1382 31 21 uti
420 1382 36 22 det
470 1382 96 27 stigande
582 1382 80 22 antalet
676 1381 125 27 folkskolor,
813 1380 88 22 oaktadt
911 1378 122 23 statsansla-

210 1411 37 24 get
265 1409 32 22 för
315 1410 83 22 lärarne
418 1410 39 22 och
475 1410 146 22 lärarinnorna
640 1411 107 21 derstädes
767 1410 48 22 icke
830 1411 25 19 är
869 1408 65 27 högre
949 1410 27 20 än
991 1408 41 21 600

211 1437 40 21 och
269 1439 42 21 400
330 1438 66 28 mark,
416 1445 34 15 ser
464 1440 31 20 ett
509 1439 112 27 glädjande
636 1439 68 22 tidens
719 1439 84 26 tecken,
819 1438 39 21 har
872 1437 34 21 väl
921 1436 45 22 icke
981 1436 52 21 kun-

210 1467 38 19 nat
266 1467 70 27 undgä
354 1469 32 19 att
405 1467 56 22 finna
478 1467 200 22 folkskolelärarnes
698 1468 39 21 och
756 1466 159 22 lärarinnornas
929 1465 103 21 kontanta

210 1492 98 29 aflöning,
323 1495 7 21 i
344 1495 101 22 händelse
460 1496 120 22 densamma
594 1498 25 20 är
633 1496 111 22 inskränkt
759 1495 34 21 till
809 1495 60 21 dessa
883 1493 84 27 belopp,
981 1498 51 27 vara

210 1522 68 22 under
293 1523 120 22 nuvarande
427 1523 146 23 förhållanden
589 1524 132 27 otillräcklig,
737 1530 51 16 men
804 1523 27 21 dä
845 1522 106 22 utskottet
964 1520 69 22 tillika
