1111 1761
235 114 42 22 584
501 115 73 20 LEN
663 116 22 19 30
696 116 48 20 Mars.

208 189 34 26 om
265 183 84 27 plenum
370 184 112 27 plenorum
500 185 80 26 väckts,
595 197 29 4 —
639 185 68 22 skulle
723 185 23 22 R.
764 191 18 16 o.
799 185 25 21 A.
840 184 121 27 visserligen
977 185 61 22 inom:

206 217 32 21 sig
260 211 20 22 få
302 212 73 27 frågan
398 219 58 16 mera
479 213 75 27 belyst,
577 220 48 15 men
645 214 36 21 det
695 213 69 22 skulle
779 213 48 22 leda
842 212 32 21 till
890 215 30 19 ett
934 213 106 27 återupp--

205 240 94 27 repande
314 240 22 22 af
348 241 148 22 diskussionen
511 241 35 22 vid
560 241 86 28 plenum
660 241 119 27 plenorum,
795 247 34 15 om
846 243 31 19 ett
891 243 64 20 annat
971 241 63 22 stånd

206 267 95 23 biträder
320 270 167 25 presteståndets
502 269 131 28 inbjudning.
664 270 44 21 För
723 270 43 21 min
782 269 34 22 del
830 269 43 21 kan
886 269 36 27 jag
936 269 47 22 icke
997 275 36 16 an-

206 298 37 20 nat
258 298 27 20 än
300 296 56 22 finna
371 299 32 20 att
417 297 151 27 inbjudningen
584 298 39 22 och
638 298 102 27 förslaget
755 297 63 22 hafva
835 297 46 22 skäl
896 297 33 22 för
943 298 42 26 sig;
1000 299 33 19 att

206 326 72 30 ämnet
300 326 47 20 med
370 325 99 23 afseende
486 327 14 20 &
515 326 40 22 den
570 326 107 27 ställning,
692 332 47 16 som
754 326 138 27 opinionerna
907 326 7 20 i
929 326 104 22 utskottet

204 352 83 27 intagit,
310 354 106 27 verkligen
438 354 70 22 skulle
522 354 71 22 kunna
608 355 49 21 leda
675 354 32 22 till
721 354 129 22 åtminstone
865 355 69 26 någon
949 354 84 22 klarare

205 381 134 28 uppfattning
354 382 23 22 af
389 382 130 22 hvarandras
534 383 97 26 motiver,
647 384 19 20 d.
683 389 18 15 v.
717 390 17 14 s.
750 383 27 21 de
792 382 96 26 motiver,
903 389 45 15 som
961 382 72 22 kunna

203 410 112 21 erkännas.
345 411 46 21 Den
414 411 48 21 nåd.
485 418 59 20 prop.
567 411 124 24 innehåller,
714 412 70 21 såsom
805 411 37 21 det
856 411 61 21 torde
931 417 51 15 vara
997 410 36 22 be-

204 438 54 22 kant
278 438 34 21 för
326 439 24 21 R.
366 445 19 15 o.
401 440 33 25 A.,
449 441 32 20 ett
496 445 54 20 svar,
565 439 101 27 temligen
681 441 107 25 noggrant
805 438 233 23 öfverensstämmande-

204 467 49 21 med
275 467 179 27 framställningen
477 467 7 21 i
506 468 126 21 ständernas
654 467 90 28 petition
766 467 36 22 vid
824 469 85 20 senaste
924 467 106 26 Jandtdag.

204 495 43 21 Det
268 501 51 16 vore
341 495 46 22 icke
410 495 39 22 alls
471 496 97 27 lämpligt
589 503 35 14 om
645 497 66 26 något
725 496 71 21 beslut
810 495 57 22 inom
882 495 149 26 landtdagen
1019 491 16 36 i

205 523 69 22 denna
295 523 59 28 fråga
376 523 46 22 icke
444 524 71 21 kunde
536 525 165 25 åstadkommas,
725 524 66 22 sedan
814 530 26 15 en
862 524 65 21 sådan
942 523 89 27 petition

204 551 122 27 framstälts,
350 552 39 21 och
411 553 37 21 det
463 559 62 21 synes
540 553 43 26 mig
597 559 52 16 vara
663 553 6 21 i
685 553 77 26 högsta
776 552 54 27 grad
844 552 86 27 vådligt,
946 558 34 15 om
995 551 36 22 be-

204 580 43 21 slut
261 580 46 22 icke
322 581 95 21 kommer
432 581 32 21 till
480 581 68 26 stånd,
564 581 49 21 med
627 581 100 21 afseende
742 581 52 21 derå
809 582 33 20 att
856 587 26 14 en
894 579 136 27 reservation,

204 614 45 16 som
270 608 36 27 jag
328 609 47 21 med
397 609 89 22 ledsnad
508 608 68 23 finner
598 609 22 22 af
633 611 78 20 tvänne
727 609 118 21 ledamöter
860 608 22 22 af
896 608 58 22 detta
968 608 63 22 stånd

203 636 165 27 undertecknad,
392 637 63 27 bragt
477 638 72 26 frågan
568 644 33 15 om
617 638 129 26 lagligheten
762 636 22 22 af
798 637 40 21 den
854 637 32 21 för
900 637 131 21 närvarande

203 664 115 22 bestående
340 666 115 27 ordningen
477 666 128 27 fullkomligt
625 666 33 22 till
673 666 32 22 sin
720 667 66 26 spets,
803 665 51 22 eller
868 665 32 22 till
916 671 26 15 en
955 665 76 27 punkt,

203 699 46 15 som
272 694 137 26 ovilkorligen
427 694 85 22 kräfver
526 697 32 19 att
573 701 27 15 en
615 694 116 22 vacklande
746 694 98 26 tolkning
862 694 99 21 afskäres.
989 693 42 28 Jag

202 721 34 21 för
258 722 42 21 min
316 722 34 22 del
365 722 41 22 kan
421 723 47 21 icke
483 723 112 26 godkänna
611 723 26 21 de
654 723 85 27 åsigter,
756 728 46 16 som
819 722 37 21 der
870 722 85 26 uttalas,
971 721 60 27 långt

203 750 98 26 derifrån,
317 757 53 19 men,
386 757 45 15 som
447 751 72 27 sagdt:
536 751 61 21 dessa
611 752 80 26 åsigter
706 750 64 22 hafva
786 750 66 22 likväl
867 750 72 22 vunnit
954 750 76 21 under-

202 778 49 22 stöd
274 778 22 21 af
316 781 32 19 tre
371 779 118 22 ledamöter
510 779 22 21 af
552 779 136 27 landtdagen,
706 781 78 19 trenne
796 778 93 27 jurister,
905 778 40 22 och
960 778 71 21 derför

203 812 62 16 anser
284 807 37 27 jag
343 807 36 21 det
400 814 51 15 vara
474 807 22 22 af
516 810 44 19 stor
583 808 51 26 vigt,
650 810 33 19 att
698 814 26 15 en
739 807 85 27 lösning
837 806 23 22 af
872 807 73 26 frågan
961 807 68 25 ernås,

202 840 48 16 men
264 835 36 27 jag
314 836 80 21 uttalar
409 836 43 26 mig
466 836 47 21 icke
528 836 71 21 vidare
614 836 7 21 i
636 836 39 22 sak
690 836 108 26 nu,innan
814 835 72 27 frågan
899 841 34 15 om
945 834 84 28 plenum

202 862 111 27 plenorum
336 864 98 27 möjligen
452 864 7 21 i
475 864 58 21 detta
548 865 63 20 stånd
625 864 69 21 blifvit
709 866 107 25 upptagen
832 863 40 22 och
886 862 87 28 afgjord,
990 863 41 22 och

202 891 7 20 i
224 891 72 26 hvarje
311 892 100 21 händelse
426 892 47 21 icke
488 893 62 21 innan
565 899 49 14 man
629 892 33 22 får
677 894 49 20 veta
741 891 105 22 huruvida
860 891 85 27 plenum
958 891 72 27 pleno-

202 925 47 15 rum
264 919 32 21 till
311 919 51 28 följd
377 920 22 21 af
412 921 102 21 ständens
528 921 71 21 beslut
614 921 96 21 kommer
724 920 33 21 till
772 920 64 21 stånd
851 919 52 22 eller
916 919 52 22 icke.

272 947 32 22 Hr
314 948 238 23 landtmarskalken
562 949 121 22 förklarade
693 949 49 21 med
749 947 115 27 anledning
872 947 22 22 af
900 947 25 22 hr
933 947 98 27 Montgo-

202 981 70 22 merys
294 977 136 26 andragande
452 977 36 22 det
510 977 41 22 han
573 977 33 22 för
628 977 32 22 sin
683 977 34 22 del
732 977 48 22 icke
795 976 49 21 fann
860 977 40 20 den
916 975 22 22 af
950 978 80 25 preste-

201 1004 87 21 ståndet
309 1005 123 22 framstälda
454 1005 149 28 inbjudningen
619 1007 76 25 utgöra
710 1006 67 26 något
792 1005 75 20 hinder
881 1004 32 21 för
927 1004 24 21 R.
968 1010 19 15 o.
1002 1004 27 21 A.

202 1033 32 20 att
249 1039 29 14 nu
292 1033 107 22 diskutera
409 1033 81 27 frågan,
501 1033 84 22 hvilken
596 1033 55 22 dock
661 1033 136 27 naturligtvis
807 1033 47 21 icke
864 1033 70 21 kunde
944 1032 86 21 komma

200 1060 34 21 till
256 1061 81 26 slutligt
359 1061 115 27 afgörande
495 1062 63 21 innan
581 1062 73 26 frågan
677 1068 35 15 om
734 1061 68 27 sagda
824 1061 123 26 inbjudning
961 1059 68 22 blifvit

201 1088 99 27 slutligen
315 1089 87 28 afgjord.
434 1090 72 27 Enligt
520 1090 12 27 $
547 1091 27 20 47
590 1090 7 21 i
612 1091 23 20 L.
652 1090 25 22 O.
693 1089 55 28 finge
764 1089 64 27 ingen
843 1089 117 22 diskussion
975 1088 55 22 efter

201 1116 37 21 det
260 1123 155 20 gemensamma
438 1119 166 21 sammanträdet
625 1119 73 21 vidare
717 1125 40 20 ega
776 1123 52 20 rum,
845 1117 38 22 och
899 1117 26 22 då
941 1117 36 22 det
991 1123 38 15 var

200 1146 34 19 att
249 1147 85 25 antaga,
350 1148 31 19 att
396 1147 107 26 åtskilliga
518 1147 137 21 medlemmar
669 1146 23 22 af
705 1147 24 21 R.
742 1153 19 14 o.
775 1146 25 21 A.
811 1145 46 22 icke
868 1145 93 22 önskade
971 1147 59 25 yttra

200 1173 32 26 sig
246 1173 36 21 vid
297 1173 84 27 plenum
397 1174 117 27 plenorum,
530 1181 47 15 men
593 1176 96 20 deremot
704 1174 49 22 ville
765 1173 59 27 gifva
840 1173 44 21 sina
894 1173 79 26 äsigter
987 1173 42 21 till-

199 1200 71 22 känna
292 1202 57 21 inom
371 1205 49 24 eget
438 1203 69 26 stånd,
522 1202 69 22 blefve
607 1203 36 21 det
657 1204 32 20 ett
703 1203 88 26 intrång
805 1202 7 21 i
827 1202 24 21 R.
868 1208 19 14 o.
904 1201 36 21 A:s
954 1201 75 27 rättig-

199 1228 67 27 heter,
282 1230 7 20 i
304 1230 37 21 fall
356 1230 146 22 diskussionen
517 1231 46 21 icke
578 1231 55 27 finge
649 1231 70 27 fortgå
733 1232 24 20 sä
772 1230 64 26 länge
850 1230 69 26 någon
935 1230 97 21 önskade

198 1258 58 26 yttra
272 1258 36 26 sig.
339 1258 70 22 Sedan
425 1259 41 21 den
480 1266 28 14 nu
523 1259 115 27 påbörjade
654 1259 107 21 allmänna
777 1257 183 27 öfverläggningen
975 1264 56 20 upp-

198 1285 56 26 hört,
270 1286 68 21 skulle
352 1286 74 28 frågan
444 1288 108 26 angående
567 1288 169 26 presteståndets
750 1286 126 27 inbjudning
891 1286 85 21 komma
991 1292 39 14 un-

199 1314 38 21 der
252 1314 155 27 öfvervägande
426 1316 40 21 och
488 1316 111 26 måhända,
622 1316 7 20 i
644 1315 38 22 fall
697 1316 71 26 någon
784 1314 80 28 yrkade
879 1314 71 26 derpå,
965 1314 65 21 bord-

197 1342 74 27 läggas
286 1343 31 21 till
333 1345 60 19 nätta
407 1344 162 22 sammanträde.

268 1371 32 21 Hr
314 1371 196 22 landtmarskalken
524 1372 98 22 lemnade
637 1372 93 22 derefter
745 1371 64 22 ordet
823 1372 23 20 åt

267 1400 47 21 frih.
330 1400 106 26 Wrede,
452 1400 24 22 R.
492 1401 33 26 A.,
541 1407 45 15 som
602 1400 70 22 dertill
687 1400 84 22 anmält
786 1399 32 27 sig
828 1399 40 21 och
878 1404 46 16 som
933 1398 94 27 yttrade:

196 1426 42 26 Jag
260 1427 56 22 hade
338 1428 89 22 anbållit
449 1435 34 15 om
506 1429 61 21 ordet
587 1429 6 21 i
611 1435 81 15 samma
707 1428 55 28 syfte
778 1434 46 15 som
839 1427 27 21 hr
880 1426 149 27 Montgomery

197 1454 40 21 och
261 1454 37 22 ber
320 1458 32 19 att
374 1456 33 21 till
427 1456 42 21 alla
484 1457 59 21 delar
557 1457 21 21 få
594 1457 83 21 biträda
692 1456 26 21 hr
733 1456 162 26 Montgomerys
909 1454 56 27 åsigt
979 1454 50 22 med

196 1481 100 23 afseende
318 1484 14 20 &
346 1485 168 32 presteståpdets
528 1485 129 26 inbjudning.
687 1485 41 26 Jag
743 1490 37 15 ser
794 1483 122 26 visserligen
930 1482 47 22 icke
992 1483 37 21 nå-

196 1512 38 25 got
253 1511 75 22 hinder
343 1512 32 21 för
389 1514 34 20 att
438 1513 146 22 diskussionen
599 1513 57 22 inom
672 1513 60 21 detta
746 1511 66 23 stånd
826 1511 116 26 fortsättes,
957 1516 49 16 men
1020 1511 9 21 i
