1109 1756
382 116 16 18 R.
411 121 14 14 0.
439 116 15 18 A.
467 116 46 19 1885.
537 115 18 19 10
568 116 47 23 April.
843 118 40 20 641

158 184 66 21 Innan
241 184 39 21 den
296 183 105 22 allmänna
416 184 146 22 diskussionen
577 185 6 20 i
600 185 69 20 denna
684 184 59 27 fråga
753 184 77 27 vidtog,
842 184 71 21 anhöll

90 213 26 20 hr
130 212 246 25 landtmarskalken;
393 215 31 18 att
439 213 24 21 R.
480 220 17 14 o.
515 213 37 21 A:s
566 212 145 27 medlemmar,
726 212 33 22 för
773 213 104 21 vinnande
893 212 22 21 af

90 241 82 22 klarhet
188 241 39 21 och
243 241 50 20 reda
309 241 34 20 vid
358 241 189 27 öfverläggningen,
564 241 75 21 främst
655 241 48 22 ville
713 241 83 22 besluta
806 241 107 27 angående

91 270 26 21 de
131 269 96 22 formella
243 269 82 21 sidorna
341 269 34 21 vid
391 270 74 21 sakens
481 269 128 28 behandling
624 269 57 22 inom
697 269 91 27 ståndet,
804 270 38 21 och
857 269 56 22 hem-

87 299 71 21 sstälde
179 298 7 21 i
209 298 76 21 sådant
307 297 96 22 afseende
425 300 32 19 att
480 298 230 27 detaljanmärkningar
728 300 57 19 emot
801 299 113 20 utskottets

90 327 84 26 förslag,
197 326 33 21 för
252 328 32 19 att
301 326 69 27 dylika
385 327 164 26 anmärkningar
564 326 68 22 skulle
647 327 84 21 komma
746 327 66 21 under
827 328 87 21 omröst-

91 356 55 27 ning,
161 355 100 22 särskildt
272 355 65 20 borde
347 355 128 22 framställas
486 356 66 21 under
563 355 224 27 specialdiskussionen
798 362 34 15 om
842 355 72 26 hvarje

91 385 23 20 af
134 384 25 21 de
182 385 12 20 &
213 383 85 21 sidorna
320 384 26 19 32
369 384 39 21 och
431 384 27 21 33
481 383 22 22 af
524 384 116 21 utskottets
658 383 134 22 betänkande
810 384 103 21 förekom-

92 413 75 20 mande
182 418 70 20 mom.,
268 414 53 19 samt
337 414 31 19 att
381 412 89 21 sålunda
481 419 62 14 mom.
557 414 9 19 1
580 412 68 21 skulle
659 418 61 15 anses
729 412 102 21 innefatta
841 412 72 26 frågan

92 447 33 15 om
148 441 40 20 den
211 440 118 26 föreslagna
345 440 100 22 Savolaks
459 441 116 26 jernvägen
590 440 53 22 skall
659 440 79 28 byggas
754 441 51 21 eller
819 441 25 26 ej,
860 442 54 19 samt

92 470 7 21 i
120 469 56 21 förra
199 469 64 25 fallet,
287 469 100 20 huruvida
410 469 69 26 banan
502 469 55 22 skall
579 469 81 22 utföras
683 475 34 15 en-
735 469 50 21 eller
800 468 114 27 tvågrenig,

92 505 62 14 mom.
178 499 12 20 2
214 497 102 22 innefatta
338 497 71 26 frågan
433 504 33 15 om
490 498 81 21 banans
594 498 51 21 eller
668 498 104 21 banornas
787 497 126 26 sträckning,

92 533 62 15 mom.
172 527 12 20 3
200 526 72 27 frågan
288 532 33 15 om
337 525 216 28 byggnadssystemet,
566 533 62 14 mom.
641 527 13 20 4
669 526 73 27 frågan
757 533 34 15 om
806 525 110 28 farhastig-

93 555 69 25 heten,
187 561 60 15 mom.
272 555 11 20 5
306 554 72 27 frågan
403 561 33 14 om
459 555 58 21 tiden
540 555 33 21 för
587 555 94 21 arbetets
697 555 164 27 påbegynnande
877 553 39 22 och

93 590 61 15 mom.
171 584 13 20 6
199 583 73 26 frågan
288 589 33 14 om
337 583 72 26 anslag
424 583 32 21 för
472 584 39 21 den
527 583 194 27 ifrågakommande
733 583 123 27 jernvägen;
879 582 37 22 allt

94 612 57 21 detta
173 611 64 21 likväl
259 611 48 21 med
329 614 67 24 öppen
412 614 43 19 rätt
471 612 32 21 för
518 613 79 20 enhvar
612 611 23 22 af
647 612 24 21 R.
689 618 18 15 o.
723 612 36 21 A:s
774 611 141 26 medlemmar,

93 647 44 14 som
160 640 76 21 sådant
258 640 99 26 önskade,
380 643 31 18 att
433 640 61 21 äfven
513 641 66 21 under
595 641 40 21 den
651 640 105 22 allmänna
771 639 145 22 diskussionen

94 671 56 19 emot
172 668 115 22 utskottets
309 669 132 21 betänkande
457 669 117 22 framställa
589 669 233 27 detaljanmärkningar,
839 668 25 22 de
880 668 37 22 der

94 698 53 20 dock
169 698 7 20 i
199 698 75 20 sådant
296 697 42 26 fall,
357 697 31 21 för
404 700 31 18 att
450 698 85 21 komma
550 698 68 21 under
633 698 136 26 omröstning,
785 697 66 22 borde
866 703 51 21 upp-

94 732 61 21 repas
177 726 68 20 under
266 726 222 26 specialdiskussionen
513 727 90 21 rörande
627 726 25 21 de
673 726 21 21 af
709 726 104 22 utskottet
827 726 7 20 i
849 724 69 22 skilda

94 760 61 15 mom.
172 754 123 22 framstäläa
310 754 109 27 förslagen.
446 755 33 21 Hr
494 754 194 22 landtmarskalken
699 755 50 21 sade
759 754 30 27 sig
799 754 118 22 föranledas

94 783 32 20 till
148 783 69 21 denna
238 782 153 28 framställning
414 783 65 26 deraf,
503 786 32 18 att
558 783 33 21 vid
608 783 153 27 behandlingen
777 783 22 21 af
811 782 72 27 frägor
897 781 23 21 af

96 818 56 14 mera
175 811 129 21 omfattande
326 811 145 21 beskaffenhet
493 812 68 21 under
583 812 40 20 den
647 812 104 20 allmänna
774 811 144 22 diskussionen

95 840 162 26 anmärkningar
279 840 44 21 ofta
341 840 66 21 blifvit
422 840 81 26 gjorda,
519 847 33 15 om
569 840 71 21 hvilka
655 846 47 15 man
719 841 118 21 sedermera
851 839 68 21 under

95 868 229 27 specialdiskussionen,
340 869 88 20 oaktadt
444 868 62 22 dessa
521 869 164 26 anmärkningar
700 869 45 21 icke
761 870 109 25 utmynnat
888 867 30 21 uti

96 898 64 25 nägot
174 896 106 22 bestämdt
295 896 137 22 formuleradt
447 898 100 26 yrkande,
564 898 55 26 gjort
635 897 90 27 anspräk
736 898 27 26 pä
773 900 32 18 att
815 897 25 21 de
851 896 67 21 skulle

96 926 84 20 komma
203 925 66 21 under
291 926 135 26 omröstning,
451 926 86 21 hvarvid
557 926 36 21 det
608 926 54 20 varit
678 925 85 22 alldeles
779 924 94 28 omöjligt
887 924 33 21 för

97 954 25 20 hr
144 953 191 21 landtmarskalken
359 957 32 17 att
413 955 12 20 &
449 954 70 27 dylika
542 954 164 26 anmärkningar
727 954 70 21 kunna
814 953 55 21 fästa
884 952 36 22 det

97 982 104 25 afseende,
217 988 46 15 som
279 982 25 21 de
319 982 112 27 rätteligen
446 983 105 27 förtjenat.
903 986 3 2 i

165 1010 32 21 Hr
212 1017 40 15 von
268 1010 112 22 Alfthan:
397 1011 40 27 Jag
452 1011 33 21 för
500 1012 42 20 min
560 1011 33 21 del
607 1012 40 20 har
660 1011 107 27 ingenting
777 1013 32 19 att
819 1010 101 22 anmärka

97 1041 44 19 mot
164 1039 35 21 det
222 1038 21 22 af
263 1039 26 21 hr
310 1039 66 21 baron
400 1040 39 21 och
461 1040 196 21 landtmarskalken
677 1039 121 21 framstälda
813 1038 106 26 förslaget,

98 1073 46 15 men
160 1068 67 20 skulle
243 1067 67 21 tillika
325 1068 50 21 utbe
390 1068 43 26 mig
448 1070 33 19 att
496 1068 31 21 till
545 1068 26 21 de
586 1068 117 22 ledamöter
717 1068 21 20 af
753 1068 34 20 det
798 1067 54 27 högl.
864 1067 57 21 stän-

98 1096 42 23 det,
163 1102 44 15 som
231 1096 138 27 tilläfventyrs
393 1096 62 22 hafva
470 1097 33 21 för
518 1096 62 27 afsiet
595 1099 32 19 att
641 1097 78 26 begära
734 1095 152 27 bordläggning
901 1094 22 22 af

99 1124 35 21 det
156 1131 28 14 nu
207 1124 140 27 föreliggande
370 1126 87 20 ärendet
481 1126 32 20 till
529 1127 30 19 ett
575 1125 92 27 följande
682 1124 161 26 sammanträde,
859 1123 62 22 ställa

99 1152 39 22 den
154 1153 133 27 uppmaning,
303 1155 32 19 att
351 1154 25 20 de
391 1160 28 14 nu
434 1158 76 22 genast
525 1154 6 20 i
547 1154 74 26 början
637 1153 22 21 af
673 1153 98 21 debatten
785 1154 64 20 mätte
859 1152 63 21 fram-

98 1181 70 21 ställa.
183 1182 68 20 denna
275 1182 96 26 begäran.
402 1182 42 21 Det
466 1182 40 22 har
527 1182 106 27 ryktesvis
648 1182 44 21 från
708 1181 49 22 flere
773 1181 42 22 häll
830 1181 92 21 förnum-

99 1210 54 25 mits,
176 1212 31 18 att
230 1216 24 14 en
270 1210 65 21 sädan
351 1210 62 27 afsigt
427 1210 129 27 förefunnes,
572 1217 47 15 men
634 1217 35 19 nu,
686 1210 26 22 dä
728 1210 35 21 det
777 1210 75 22 endast
866 1210 57 20 äter-

98 1238 45 20 stär
164 1239 13 20 4
197 1238 51 21 eller
265 1240 12 19 5
293 1239 76 21 veckor
385 1238 22 22 af
419 1239 138 27 landtdagen,
573 1239 39 21 och
627 1239 39 21 bra
681 1240 75 25 mänga
771 1238 77 27 vigtiga
863 1239 60 19 ären-

100 1266 39 21 den
155 1268 36 20 äro
207 1266 150 27 obehandlade,
373 1268 68 21 måste
456 1275 49 14 man
522 1268 62 21 hafva
599 1268 83 26 mycket
693 1267 76 27 vigtiga
779 1267 39 21 och
829 1263 94 30 vägande

99 1295 45 21 skäl
167 1295 32 21 för
221 1298 32 18 att
275 1295 113 27 uppehälla
406 1296 197 27 landtdagsarbetet
618 1297 27 26 pä
661 1298 30 19 ett
706 1296 74 21 sädant
795 1297 52 23 sätt;
865 1293 59 22 detta

99 1324 61 21 torde
182 1323 33 22 väl
235 1324 78 21 enhvar
329 1325 100 26 erkänna,
445 1325 90 21 likasom
550 1325 37 21 det
602 1325 64 21 också
681 1325 60 20 torde
756 1323 121 25 medpifvas,
892 1322 33 21 att

100 1352 35 21 det
158 1352 113 27 ingalunda
293 1353 40 21 kan
357 1359 49 15 vara
425 1355 115 24 angenämt
559 1353 31 21 för
606 1353 53 25 dem,
675 1359 44 15 som
736 1352 60 22 hafva
826 1351 53 21 bildat
893 1350 32 26 sig

100 1386 25 15 en
149 1381 137 27 öfvertygelse
307 1381 7 20 i
334 1387 25 15 en
377 1381 23 21 sä
415 1381 66 27 vigtig
496 1381 60 27 fråga
570 1381 32 21 för
616 1381 73 21 landet
703 1387 45 15 som
764 1381 74 24 denna,
854 1380 33 20 att
901 1379 24 20 sä

100 1411 32 18 att
154 1411 51 25 säga
223 1409 70 26 skjuta
311 1412 23 19 ut
349 1410 37 21 sitt
401 1410 54 23 krut,
472 1410 33 21 för
521 1413 31 18 att
568 1409 72 27 frågan
656 1410 119 21 sedermera
790 1405 53 25 skall
859 1407 67 21 under

100 1437 86 22 alldeles
209 1438 65 21 andra
296 1437 145 22 förhållanden
465 1439 152 26 äterupptagas
639 1438 35 21 vid
697 1440 30 19 ett
744 1439 63 20 annat
822 1436 104 21 sammat-

100 1466 66 21 träde.
197 1466 40 27 Jag
261 1466 78 21 tillåter
361 1467 43 26 mig
427 1467 71 20 derför
520 1469 32 18 att
575 1466 61 21 ställa
659 1472 25 15 en
708 1466 68 27 vänlig
798 1464 129 28 uppmaning

101 1494 31 21 till
150 1495 53 25 dem,
227 1500 44 15 som
294 1494 139 28 tilläfventyrs
449 1495 63 21 hafva
535 1501 26 15 en
576 1495 65 21 sådan
658 1495 67 26 afsigt.
741 1497 32 18 att
795 1494 72 21 derom
887 1487 41 26 till-

100 1523 131 26 kännagifva.
