1114 1734
365 128 15 18 R.
392 132 15 14 0.
420 128 16 18 A.
450 128 46 18 1885.
520 128 21 18 23
554 128 47 23 April.
832 129 40 23 799

139 197 33 21 Hr
188 197 185 27 Montgomery:
391 197 44 21 Min
451 198 65 20 tanke
532 198 73 26 tyckes
616 197 65 22 hafva
691 196 68 22 blifvit
770 198 65 26 något
845 197 59 21 miss-

71 224 111 28 uppfattad
206 225 21 21 af
243 232 25 14 en
285 226 50 20 ärad
348 225 74 21 talare.
454 226 49 21 Mitt
519 226 100 27 yttrande
635 226 40 26 går
689 226 47 21 icke
752 228 24 18 ut
792 226 64 26 derpå
872 228 32 18 att

71 256 31 20 ett
124 254 62 21 stånd
209 254 68 21 skulle
300 260 39 20 ega
354 254 119 22 bestämma
490 254 58 22 öfver
563 254 26 21 de
606 254 67 21 andra
689 254 101 22 ståndens
805 254 99 21 medlem-

71 289 46 15 mar
139 283 6 20 i
168 282 110 25 utskottet,
295 282 35 22 det
346 289 36 15 var
398 283 46 21 icke
461 283 42 21 min
520 283 91 27 mening,
627 285 52 19 ntan
695 282 74 27 frågan
784 285 24 19 är
824 282 79 26 derom,

70 311 105 21 huruvida
197 313 31 19 ett
250 311 68 22 stånd.
342 317 34 15 om
392 313 32 19 ett
439 310 36 22 fall
491 312 77 21 sådant
584 318 45 14 som
647 311 36 21 det
697 311 139 22 förevarande
851 310 53 22 före-

71 340 72 27 ligger,
160 340 39 21 bör
213 342 57 24 yttra
286 340 30 26 sig
332 339 54 21 blott
402 346 35 14 om
453 340 32 21 sia
501 346 52 20 egen
570 340 105 21 ledamots
694 339 100 27 ställning
809 340 6 21 i
831 340 73 26 frågan

74 371 55 19 samt
151 368 127 22 härutinnan
294 368 42 21 kan
352 368 145 27 upprätthålla
512 369 32 21 sin
561 369 85 26 mening
661 368 61 22 äfven
738 371 45 18 mot
798 369 26 21 de
840 368 65 27 öfriga

74 397 100 21 ståndens
197 396 111 22 afvikande
330 396 142 27 uppfattning.
503 397 72 27 Enligt
598 398 43 20 min
657 397 65 21 tanke
739 396 39 22 bör
791 397 115 27 jäfsfrågan

74 425 84 26 afgöras
180 431 75 22 genom
274 425 197 27 ständerpluralitet
486 432 45 15 som
547 426 83 21 således
646 432 50 20 eger
711 425 117 22 bestämma
843 425 63 22 huru-

71 454 48 21 vida
135 455 105 21 utskottet
256 453 38 22 har
309 454 53 21 varit
377 454 93 27 lagligen
480 457 139 19 sammansatt
631 454 52 22 eller
693 454 50 22 icke.
768 455 33 21 Då
811 455 95 20 kommer

74 489 49 15 man
139 483 45 22 icke
199 483 7 21 i
222 484 30 20 ett
268 482 76 21 sådant
359 483 47 26 läge
421 489 47 15 som
484 483 42 25 det,
542 483 59 21 hvari
618 483 19 21 vi
653 489 28 15 nu
698 483 83 21 befinna
797 489 39 16 oss.
864 482 42 21 Det

72 513 24 20 är
120 511 87 22 alldeles
232 511 119 25 otänkbart,
374 512 71 20 såsom
469 512 64 21 redan
557 512 39 21 här
619 511 39 22 har
677 511 132 27 framhållits,
826 513 37 23 att,
879 511 27 27 på

73 541 67 26 grund
162 540 60 21 deraf
236 542 32 18 att
283 542 31 19 ett
329 540 62 21 stånd
404 540 69 25 jäfvat
488 541 31 20 sin
535 540 101 24 ledamot,
653 541 104 20 utskottet
773 540 67 22 skulle
856 541 50 20 nöd-

73 575 36 20 gas
126 572 93 24 upptaga
235 568 47 21 hela
297 567 73 28 frågan
387 568 31 21 till
434 575 28 20 ny
478 569 130 26 behandling
624 569 40 21 och
680 568 32 21 till
728 569 26 21 de
770 569 65 21 andra
850 569 56 20 stån-

73 598 40 21 den
135 598 108 20 inkomma
266 597 47 20 med
332 599 30 19 ett
378 599 47 24 nytt
441 597 144 22 betänkande.
615 597 44 22 Det
674 599 24 20 är
710 597 23 27 ju
749 597 86 22 alldeles
851 597 55 20 klart

73 628 32 19 att
120 626 76 21 sådant
212 625 45 22 icke
273 628 23 19 är
312 625 88 27 möjligt.
430 625 42 28 Jag
487 626 39 21 har
541 626 48 21 icke
605 626 57 21 velat
677 627 27 26 på
720 627 65 26 något
800 628 42 19 sätt
857 625 49 21 ned-

73 656 56 19 sätta
150 654 118 21 motiverna
288 653 51 22 eller
354 656 51 24 säga
421 655 68 26 något
503 654 140 22 förklenande
659 661 34 14 om
711 655 76 26 någon,
804 661 46 14 men
865 659 42 21 nog

73 689 62 15 anser
155 683 36 26 jag
215 695 23 2 —
261 683 37 26 jag
320 683 66 20 måste
407 689 98 21 upprepa
521 683 36 21 det
574 695 24 3 —
617 685 32 19 att
664 683 7 21 i
686 683 32 22 sin
733 683 79 21 verkan
828 684 38 25 går
881 688 26 15 en

73 711 65 22 sådan
154 711 75 27 åtgärd
245 717 45 15 som
306 711 40 21 den
361 711 21 21 af
397 711 24 21 R.
440 718 19 15 o.
477 712 24 21 A.
519 715 72 18 senast
607 711 82 22 fattade
700 714 23 19 ut
733 712 27 26 pä
772 713 31 20 att
814 711 93 26 omöjlig-

73 742 52 25 göra
146 746 26 15 en
195 739 88 27 lösning,
306 740 71 21 såvida
395 745 50 16 man
461 741 46 21 icke
524 747 28 15 nu
567 740 45 21 helt
628 740 73 21 enkelt
717 743 121 24 accepterar
853 739 54 22 hvad

73 768 105 22 utskottet
200 769 40 20 och
259 769 25 20 de
300 767 66 28 öfriga
381 769 92 20 ständen
490 769 61 27 gjort.
583 769 112 21 Utskottet
710 769 39 21 har
765 769 45 21 icke
826 769 80 20 kunnat

73 799 52 24 göra
147 799 65 19 annat
234 799 27 19 än
284 799 32 19 att
337 796 77 22 föreslä
435 800 33 18 att
483 798 24 21 R.
525 804 18 14 o.
561 798 24 21 A.
603 797 68 22 skulle
687 800 49 24 taga
751 797 73 26 frägan
841 797 65 20 under

73 825 72 27 slutlig
167 825 103 27 pröfning.
300 825 32 22 Dä
352 825 36 27 jag
411 825 48 22 icke
482 826 42 21 kan
547 826 52 21 eller
622 826 102 21 behöfver
746 825 103 22 äterhälla
865 825 41 21 min

74 853 139 28 ofvertygelse
236 856 31 19 att
286 854 24 21 R.
334 860 19 15 o.
376 855 24 20 A.
418 853 65 23 fattat
499 858 31 18 ett
546 855 87 27 oriktigt
649 855 78 25 beslut,
742 855 46 21 icke
804 854 103 21 öfverens-

74 882 132 22 stämmande
229 882 47 22 med
292 882 17 22 L
332 882 32 26 O.,
383 883 23 21 sä
422 883 43 21 kan
479 884 36 26 jag
531 884 70 25 ocksä,
618 887 52 17 utan
686 886 33 18 att
733 883 89 21 behöfva
838 882 70 21 derför

75 911 95 21 förebräs
186 913 32 19 att
233 911 77 22 förbise
326 912 40 21 den
382 912 91 26 aktning
488 912 86 22 ständet
589 914 24 19 är
628 912 32 26 sig
676 912 55 26 sjelft
746 912 99 26 skyldigt,
856 911 52 27 yrka

75 940 27 26 pä
125 942 31 19 att
178 940 24 21 R.
227 946 19 15 o.
270 940 25 21 A.
318 946 28 15 nu
364 939 54 22 läter
434 940 53 22 bero
504 941 34 21 vid
555 941 54 21 hvad
625 941 105 21 utskottet
745 940 109 26 föreslagit
869 940 39 20 och

76 968 96 27 öfvergår
194 969 24 21 sä
236 970 32 20 att
286 970 50 25 säga
351 968 32 21 till
398 968 161 28 dagordningen
575 969 33 21 för
623 972 33 18 att
671 969 82 21 besluta
768 969 7 21 i
789 968 72 27 sjelfva
876 974 32 15 sa-

75 997 48 26 ken,
147 1003 47 15 men
218 996 66 22 afstär
305 997 47 21 frän
374 1000 32 18 att
428 997 119 22 framkasta
567 999 70 26 nägon
653 997 121 27 anklagelse
790 997 50 21 eller
855 996 53 21 före-

75 1025 84 21 bräelse
174 1028 45 19 mot
234 1026 167 21 statsutskottet:

145 1054 57 21 Frih.
226 1054 104 26 Wrede,
353 1054 24 21 R.
401 1055 34 20 A.:
468 1054 50 22 Med
541 1055 115 27 anledning
675 1055 23 21 af
711 1055 26 21 hr
751 1054 159 26 Montgomerys

76 1085 84 19 senaste
174 1083 112 21 uttalande
301 1082 109 28 angäende
428 1083 26 21 de
472 1084 95 21 enskilda
583 1084 102 21 ständens
699 1084 125 26 kompetens
840 1082 6 21 i
859 1082 51 26 jäfs-

75 1111 81 27 frägan,
172 1112 24 21 sä
210 1112 39 21 ber
262 1112 36 26 jag
318 1112 76 20 främst
408 1111 23 21 fä
446 1112 103 26 päminna
564 1114 38 25 att,
619 1112 70 22 säsom
705 1112 36 22 det
757 1114 23 19 är
796 1112 63 21 allom
875 1111 35 21 be-

75 1140 58 26 kant,
149 1140 74 27 hvarje
245 1140 63 22 ständ
330 1140 49 27 sjelf
392 1140 69 27 väljer
477 1141 47 21 sina
539 1141 138 21 medlemmar
691 1141 7 21 i
713 1141 106 21 utskottet
834 1146 76 20 genom

76 1168 106 22 elektorer
204 1169 40 21 och
267 1171 32 19 att
322 1169 36 21 det
383 1175 41 15 ena
447 1170 88 20 ständet
554 1170 47 21 icke
616 1170 43 21 kan
675 1170 66 26 enligt
755 1170 23 20 L.
796 1168 24 22 O.
837 1168 73 21 utöfva

75 1197 71 27 någon
161 1198 103 21 inverkan
279 1198 28 26 pä
322 1198 36 21 det
376 1198 70 21 andra
463 1198 96 21 ständets
574 1198 41 22 val.
646 1198 34 22 Då
696 1198 35 22 det
746 1198 82 21 således
845 1197 65 26 enligt

77 1226 24 21 31
126 1226 13 26 $
162 1226 7 21 i
191 1226 25 21 L.
240 1226 24 22 O.
288 1226 67 27 gäller
370 1228 32 19 att
418 1226 84 27 afgöra,
519 1227 105 21 huruvida
639 1234 26 14 en
681 1233 77 21 person
774 1232 45 15 som
836 1226 35 21 det
886 1228 24 18 är

75 1254 61 28 fräga
151 1261 35 15 om
201 1256 33 20 att
255 1255 79 27 invälja
348 1255 8 21 i
371 1257 31 19 ett
418 1255 87 21 utskott
521 1258 24 18 är
557 1256 67 26 jäfvig
640 1256 51 21 eller
706 1255 53 27 icke,
776 1255 18 21 d.
812 1257 18 19 ä.
848 1256 62 19 huru-

75 1283 50 22 vida
140 1284 42 21 han
197 1283 111 22 hemfaller
330 1284 68 21 under
413 1284 164 27 bestämningen
593 1284 8 21 i
616 1285 26 21 31
660 1284 11 28 $
687 1284 6 21 i
708 1284 24 21 L.
749 1284 32 26 O.,
797 1284 24 21 sä
836 1285 24 19 är
875 1283 36 21 det

75 1313 135 26 naturligtvis
235 1313 96 21 ständets
354 1319 54 20 egna
431 1313 109 21 elektorer
563 1319 45 15 som
628 1313 74 27 afgöra
718 1313 68 21 denna
801 1312 44 21 sak.
876 1311 34 21 Nu

76 1341 68 21 mäste
159 1347 49 15 man
223 1341 34 21 väl
272 1341 101 22 betrakta
392 1341 101 22 ständets
508 1342 107 21 elektorer
629 1348 47 15 som
692 1341 125 28 delegerade
832 1340 32 21 för
880 1341 31 19 ett

76 1369 53 22 visst
144 1369 100 22 ändamål
259 1370 39 21 och
313 1370 7 21 i
336 1369 76 22 sådant
428 1370 103 21 afseende
546 1370 117 21 utöfvande
679 1371 39 20 den
733 1370 60 21 makt
801 1375 45 15 som
855 1368 56 21 stän-

77 1398 36 21 det
128 1398 58 27 sjelft
208 1398 39 21 har
266 1399 8 20 i
290 1399 42 20 alla
347 1399 67 20 andra
430 1399 46 20 fall.
507 1399 10 21 I
533 1399 26 21 de
574 1399 44 24 fall,
635 1399 28 21 dä
677 1399 95 21 ständets
788 1397 124 27 myndighet

75 1427 48 21 icke
148 1429 24 19 är
196 1427 144 27 uttryckligen
356 1426 149 22 öfverlemnad
520 1427 33 21 till
569 1427 134 22 elektorerne
719 1427 68 21 mäste
803 1426 40 21 den
858 1425 52 21 säle-

77 1455 37 21 des
136 1455 88 21 tillhöra
246 1455 86 22 ståndet
354 1455 64 27 sjelft.
451 1456 36 21 Då
510 1457 35 20 det
560 1462 29 15 nu
604 1456 68 27 gäller
687 1457 32 20 att
734 1456 66 21 under
814 1454 98 21 landtda-

76 1489 51 21 gens
142 1484 51 27 lopp
208 1483 58 27 jäfva
281 1484 69 27 nägon
369 1484 95 21 medlem
480 1485 7 21 i
502 1485 112 25 utskottet,
631 1485 24 20 sä
669 1485 39 21 har
723 1484 22 21 L.
764 1483 24 22 O.
805 1483 33 21 för
854 1483 59 21 detta

75 1512 38 21 fall
138 1512 47 21 icke
211 1512 139 21 öfverlemnat
375 1512 131 27 afgörandet
528 1513 22 21 åt
573 1513 134 22 elektorerne
732 1512 39 22 och
786 1511 126 28 afgörandet

76 1540 68 22 mäste
170 1541 81 21 säledes
274 1541 140 26 ovilkorligen
438 1542 122 21 tillkomma
582 1541 86 22 ständet
690 1542 7 21 i
715 1541 48 22 dess
778 1541 78 25 helhet,
872 1539 40 22 och
