1111 1767
364 130 16 18 R.
391 135 15 13 0.
419 130 16 18 A.
447 130 46 19 1885.
517 130 18 18 16
548 130 46 23 April.
825 131 40 21 719

72 200 28 26 pä
122 199 26 21 de
169 198 58 28 lägre
250 199 65 26 något
336 205 65 19 mera,
431 199 6 21 8
460 198 13 22 &
495 200 12 20 9
530 198 93 26 timmar;
640 198 42 22 alla
697 198 97 22 fackmän
809 201 36 19 äro
860 199 34 21 väl

73 234 49 15 ense
131 233 33 16 om
175 230 32 18 att
216 227 67 21 under
294 227 40 21 den
343 227 138 27 uppväxande
491 227 73 22 äldern
575 227 121 21 sömntiden
706 226 39 22 bör
755 233 51 15 vara
815 227 79 27 längre,

73 258 12 20 9
101 256 14 21 å
131 256 26 21 10
171 256 85 21 timmar
270 256 28 26 pä
313 256 25 20 de
353 255 58 27 lägre
426 255 109 22 klasserna
550 255 38 21 och
603 256 130 21 åtminstone
747 256 14 21 8
777 255 12 21 ä
805 256 12 21 9
831 256 27 26 pä
868 256 26 21 de

73 284 71 28 högre.
175 284 80 22 Härvid
278 286 24 19 är
320 286 56 19 ännu
391 286 32 18 att
437 284 141 27 ihägkomma,
594 286 32 19 att
642 290 26 15 en
685 284 76 27 mängd
777 284 68 22 elever
860 290 34 15 an-

73 313 69 22 vända
157 319 26 15 en
198 314 57 20 ännu
268 312 86 22 kortare
369 312 30 21 tid
415 312 32 21 för
462 314 67 24 sömn,
544 312 7 21 i
561 312 115 28 synnerhet
692 312 26 22 de
733 312 112 28 sjukligare
856 312 39 22 och

73 342 88 22 klenare
174 340 122 28 begäfvade.
321 341 47 21 Den
382 341 90 21 svenska
487 341 203 21 läroverkskomitön
706 341 72 26 sluter,
790 342 27 26 pä
826 341 68 27 grund

74 370 22 22 af
110 370 69 22 denna
193 370 31 21 sin
240 370 48 20 med
302 371 44 19 stor
362 375 83 21 omsorg
460 370 85 21 utförda
558 369 164 27 undersökning,
739 372 31 18 att
787 370 42 22 dels
840 370 56 21 skol-

75 398 96 28 eleverna
190 400 37 20 äro
244 398 119 26 betungade
379 398 47 21 med
441 398 33 21 för
489 398 83 27 mycket
587 398 81 26 arbete,
685 398 44 21 dels
745 398 63 22 ocksä
823 401 31 19 att
870 398 26 21 de

74 426 124 28 hygieniska
218 426 158 22 förhällandena
396 426 7 21 i
425 426 100 22 skolorna
547 426 71 22 fordra
634 432 26 16 en
676 433 93 21 noggran
785 426 111 28 uppmärk-

75 456 83 21 samhet
171 455 47 21 från
234 455 176 21 auktoriteternas
425 455 52 21 sida.
499 456 32 20 Då
546 462 28 14 nu
590 455 161 21 förhållandena
765 456 31 21 uti
811 455 85 26 Sverige

75 484 40 21 och
130 484 7 21 i
152 484 47 21 vårt
213 484 50 22 land
278 484 48 20 med
340 483 121 21 hänseende
476 484 32 21 till
524 484 40 21 den
579 483 61 21 lärda
655 484 85 21 skolans
755 484 141 27 organisation

75 514 38 20 äro
135 513 81 27 ganska
232 512 106 24 liknande,
354 512 23 21 så
393 512 40 21 kan
449 518 49 16 man
514 512 33 21 väl
562 512 48 21 med
626 514 80 20 största
720 513 132 21 sannolikhet
867 512 29 21 öf-

75 541 84 21 verföra
173 541 26 21 de
214 540 94 27 resultat,
324 546 45 16 som
384 540 7 21 i
406 540 86 27 Sverige
507 541 84 21 vunnits
607 540 61 22 äfven
684 542 27 26 på
726 542 50 20 våra
786 541 111 21 förhållan-

76 570 47 26 den,
147 570 38 21 och
208 576 48 14 man
270 569 42 21 kan
327 569 33 21 väl
375 568 71 22 derför
460 572 57 24 säga,
534 571 30 20 att
580 569 60 21 äfven
656 570 33 20 för
704 570 46 20 vårt
772 570 49 21 land
843 569 55 22 skol-

76 598 73 21 åldern
171 600 25 19 är
219 604 25 15 en
266 597 32 22 för
320 598 36 21 det
376 598 139 26 uppväxande
537 598 88 26 slägtets
641 598 122 27 kroppsliga
778 598 118 26 utveckling

76 626 61 27 farlig
152 626 84 27 period;
252 626 46 22 icke
312 626 20 21 få
347 626 106 21 bibehålla
464 626 54 22 ifrån
531 627 122 21 densamma
663 626 88 27 svaghet
762 626 38 22 och
811 627 86 26 kropps-

76 654 58 28 lyten
149 655 32 21 för
195 655 49 21 hela
258 654 63 22 lifvet.

146 684 48 21 Men
217 684 41 20 kan
280 690 48 14 man
351 683 64 27 fråga,
439 685 24 19 är
486 684 36 21 det
545 684 26 20 då
586 684 86 22 skolans
688 683 34 27 fel,
739 686 31 18 att
785 684 58 20 detta
858 683 40 21 för-

77 712 98 22 hållande
190 711 126 22 förefinnes?
332 712 77 21 Kunna
423 712 47 21 icke
486 718 86 15 snarare
587 712 98 21 hemmen
702 718 59 15 anses
777 712 50 21 bära
842 711 57 22 skul-

78 740 41 22 den
138 740 33 22 för
192 743 32 19 att
246 740 88 22 sålunda
356 740 107 22 elevernas
482 740 122 28 kroppsliga
620 740 126 22 befinnande
760 740 138 22 försummas?

77 769 58 21 Utan
157 769 70 21 tvifvel
249 770 66 20 måste
337 768 34 22 väl
386 769 47 26 den,
449 775 47 15 som
511 769 110 21 betraktar
636 769 66 21 saken
718 770 108 26 opartiskt,
842 768 58 22 med-

77 798 62 26 gifva,
155 800 32 19 att
201 798 102 21 hvardera
318 798 38 20 har
371 796 34 22 fel.
435 798 44 20 Det
493 798 42 21 kan
550 798 34 21 väl
600 798 68 26 aldrig
683 797 49 22 falla
747 799 68 25 någon
830 798 22 20 in
867 798 32 20 att

77 826 89 22 förneka
188 828 32 20 att
240 826 24 27 ju
285 826 97 21 hemmen
404 826 31 21 uti
451 826 85 27 mycket
550 826 78 21 talrika
643 826 43 26 fall,
702 832 75 20 genom
792 826 107 22 bristande

79 854 97 22 omdöme
191 861 34 15 om
241 854 26 22 de
282 854 105 22 allmänna
401 854 124 28 hygieniska
540 855 100 26 vilkoren,
652 854 52 22 frisk
714 854 45 27 luft,
771 855 70 27 duglig
851 854 49 22 föda

79 883 39 21 och
133 883 126 26 beklädnad,
274 885 55 19 samt
344 889 74 20 genom
433 883 146 21 försummelse
595 885 33 19 att
642 883 77 21 hindra
733 883 105 27 åtskilliga
853 889 47 15 ova-

78 918 46 20 nor,
148 912 7 20 i
177 912 41 26 hög
236 912 52 26 grad
302 911 71 21 kunna
389 911 88 27 bidraga
493 912 31 21 till
540 914 31 18 att
586 912 88 21 sålunde
690 912 136 21 skolbarnens
840 911 60 21 helsa

78 940 61 26 lider,
159 946 47 15 men
221 940 63 26 ingen
298 940 32 21 lär
345 940 33 21 väl
394 940 67 21 heller
476 940 50 27 vilja
541 941 59 25 neka,
617 942 33 20 att
664 940 47 21 icke
726 940 98 22 skolorna
839 940 62 21 hafva

79 968 32 22 sin
134 968 63 22 andel
218 968 23 22 af
263 968 95 26 skulden,
380 970 32 20 att
434 968 76 22 skolan
532 969 46 21 icke
600 968 68 22 heller
683 969 32 21 till
730 968 51 22 fullo
796 969 106 25 iakttager

80 996 58 22 dessa
162 997 106 21 allmänna
290 997 122 27 hygieniska
435 997 70 21 vilkor
526 998 48 20 med
592 998 81 26 hänsyn
688 997 32 21 till
735 997 77 22 luftens
826 997 76 21 renhet

80 1025 40 21 och
134 1025 86 21 framför
235 1025 38 22 allt
288 1026 47 21 med
345 1026 120 20 hänseende
477 1026 32 21 till
519 1026 173 21 förekommande
703 1026 22 21 af
734 1026 168 26 öfveransträng-

79 1054 56 27 ning.
165 1054 11 21 I
198 1054 42 22 alla
260 1054 44 26 fall,
326 1054 54 21 huru
402 1060 49 15 man
472 1056 27 20 än
515 1054 35 21 vill
564 1054 101 22 betrakta
680 1055 71 26 saken,
767 1054 136 22 hvilkendera

79 1084 76 25 parten
177 1089 49 15 man
248 1084 27 20 än
297 1082 66 27 gifver
385 1084 69 20 större
470 1083 69 26 skuld,
555 1084 23 20 så
593 1084 69 20 måste
678 1083 53 21 dock
746 1083 110 26 erkännas,
871 1084 33 19 att

80 1110 36 22 det
142 1113 24 19 är
184 1111 41 21 den
240 1110 22 22 af
275 1113 69 19 staten
360 1111 150 27 organiserade
525 1112 86 21 skolans
626 1112 40 20 sak
680 1113 32 19 att
727 1112 51 21 söka
793 1110 110 22 motverka

80 1139 61 21 äfven
157 1140 26 21 de
197 1140 95 26 skadliga
308 1139 187 27 omständigheter,
506 1146 46 15 som
562 1140 72 21 kunna
644 1140 90 27 härflyta
743 1140 46 21 från
799 1140 104 26 hemmen,

81 1168 39 21 och
143 1170 32 19 att
196 1168 8 21 i
225 1168 72 27 hvarje
318 1168 101 22 händelse
442 1168 77 22 skolan
541 1168 46 22 icke
602 1168 33 22 får
650 1168 62 27 lägga
727 1170 46 20 sten
787 1170 28 26 på
829 1168 74 21 börda.

80 1196 45 22 Allt
145 1196 59 22 detta
218 1196 39 22 har
272 1196 64 22 också
350 1197 106 21 utskottet
471 1197 7 21 i
495 1197 45 21 sina
555 1196 64 22 motiv
636 1197 76 21 erkänt
726 1204 49 14 vara
790 1196 115 22 förhållan-

81 1224 42 22 det.
153 1225 111 21 Utskottet
285 1225 39 21 har
346 1225 64 22 också
430 1226 84 26 erkänt,
530 1228 32 19 att
577 1226 36 21 det
628 1225 67 21 första
710 1228 51 24 steg,
777 1232 46 15 som
838 1224 66 22 borde

80 1254 85 26 uttagas
179 1253 33 22 för
226 1256 33 19 att
273 1254 63 21 vinna
351 1260 26 15 en
391 1253 136 28 förbättring,
539 1254 72 21 består
621 1254 7 20 i
636 1254 141 22 anställandet
787 1254 35 21 vid
832 1253 72 27 hvarje

81 1281 61 22 skola
160 1282 22 21 af
195 1288 26 15 en
236 1282 125 26 skolläkare,
376 1282 86 22 hvilken
479 1283 74 26 skulle,
568 1284 28 26 på
611 1282 69 27 grund
695 1282 21 22 af
730 1289 25 15 en
770 1282 134 25 instruktion,

81 1316 51 16 vara
146 1310 114 28 förpligtad
276 1312 32 20 att
323 1310 112 22 öfvervaka
450 1311 113 22 skolornas
577 1310 124 28 hygieniska
711 1310 144 23 förhållanden
866 1309 40 21 och

81 1338 109 22 elevernas
212 1339 155 21 helsotillstånd
386 1339 35 21 vid
437 1339 117 22 desamma.
583 1340 68 21 Dessa
666 1339 125 27 skolläkare,
807 1345 49 15 vore
870 1344 36 15 na-

81 1367 105 27 turligtvis
208 1368 115 26 någonting
345 1367 44 22 helt
407 1370 66 19 annat
493 1370 26 20 än
535 1368 26 22 de
575 1368 80 26 läkare,
672 1374 45 15 som
732 1375 28 14 nu
775 1366 131 27 tillfälligtvis

81 1395 64 22 hafva
163 1396 32 21 sin
210 1396 55 27 plats
280 1396 7 20 i
302 1396 114 22 skolråden
431 1396 41 22 och
488 1398 53 20 utan
555 1396 98 22 bestämd
668 1396 117 28 skyldighet
801 1395 84 27 deltaga
900 1394 7 21 i

82 1426 31 19 ett
128 1424 52 22 eller
194 1426 66 20 annat
274 1424 157 22 sammanträde
446 1425 70 21 under
531 1426 46 20 året
592 1425 40 21 och
648 1425 64 21 också
727 1425 66 21 under
806 1424 50 26 inga
866 1423 42 21 för-

81 1452 114 22 hållanden
210 1453 71 21 kunna
296 1452 107 22 åhvälfvas
418 1453 154 27 skyldigheter,
586 1459 47 15 som
649 1453 94 22 erfordra
757 1453 87 27 mycken
855 1458 53 21 upp-

82 1480 76 28 offring
173 1481 23 21 af
208 1482 32 20 tid
255 1482 39 21 och
309 1481 68 21 möda.
404 1481 39 21 Att
459 1482 64 22 dessa
537 1481 120 22 skolläkare
672 1482 68 21 skulle
753 1482 7 20 i
775 1481 74 27 sjelfva
863 1487 45 15 ver-

81 1508 38 22 ket
133 1509 62 22 hafva
211 1511 44 20 rätt
270 1510 84 27 mycket
364 1511 32 20 att
406 1512 92 25 uträtta,
509 1510 92 26 framgår
611 1510 22 21 af
642 1510 115 22 utskottets
766 1509 143 25 betänkande,

82 1536 39 22 der
142 1538 41 21 den
204 1538 128 22 instruktion
354 1538 91 22 svenska
467 1538 207 23 läroverkskomitén
688 1538 109 28 föreslagit
819 1538 33 22 för
874 1537 35 23 de-
