1109 1756
366 115 16 18 R.
394 120 15 14 e.
422 115 16 18 A.
450 115 48 19 1885.
522 115 6 18 1
542 115 48 23 April.
827 117 41 21 587

136 184 46 22 Den
204 190 46 15 som
271 183 84 22 bifaller
376 184 169 26 presteståndets
567 181 125 29 inbjudning
708 188 35 16 om
758 183 139 22 förevarande

68 212 70 28 frågas
152 211 128 27 behandling
294 211 35 21 vid
344 214 131 24 gemensamt
491 211 159 22 sammanträde
665 212 70 20 röstar
746 211 32 27 ja;

136 240 74 22 vinner
224 240 41 26 nej,
280 239 64 22 afslås
358 239 162 27 inbjudningen;

138 269 39 22 och
199 274 46 16 som
268 268 68 22 denna
357 274 59 21 prop.
437 267 23 22 af
472 268 25 21 R.
514 274 19 15 o.
550 268 24 21 A.
592 268 49 21 med
657 267 154 27 öfvervägande
824 268 22 27 ja
861 268 36 22 be-

68 298 106 26 svarades,
196 296 92 28 föreslog
310 296 26 22 hr
356 296 197 22 landtmarskalken
576 298 32 20 att
628 296 94 22 beslutet
738 296 76 23 härom
828 296 68 22 skulle

68 325 104 23 förklaras
194 326 74 26 genast
288 325 112 27 justeradt,
422 324 34 22 för
475 326 33 20 att
522 325 73 21 kunna
610 324 140 22 medstånden
765 324 133 23 omedelbart

69 360 76 22 genom
160 353 195 28 protokollsutärag
370 352 106 28 delgifvas.

138 382 56 22 Frih.
218 388 41 15 von
281 381 68 22 Born
370 381 125 27 hemstälde,
519 381 105 22 huruvida
646 381 47 22 icke
708 383 71 20 svaret
794 382 104 21 tilläfven-

69 412 45 26 tyrs
128 410 61 22 äfven
203 410 71 21 kunde
289 409 107 22 meddelas
411 410 159 26 presteständet
584 416 77 20 genom
678 416 26 15 en
720 410 130 27 deputation.

138 438 31 22 På
191 438 26 21 hr
238 437 205 22 landtmarskalkens
466 437 156 28 framställning
640 437 70 22 beslöt
727 438 25 21 R.
769 445 20 15 o.
804 438 25 21 A.
845 437 53 22 härä

69 468 33 20 att
116 473 35 15 om
166 467 92 21 beslutet
272 466 44 21 läta
331 466 124 21 underrätta
470 466 159 27 presteständet
642 472 76 21 genom
729 472 27 15 en
766 465 131 28 deputation,

69 495 34 21 till
124 495 138 22 medlemmar
283 494 59 21 hvari
361 494 26 21 hr
401 494 197 22 landtmarskalken
613 495 63 26 utsäg
691 494 76 22 frih:ne
782 501 41 16 von
838 494 58 22 Born

70 523 39 22 och
132 523 83 26 Wrede,
234 523 25 21 R.
275 524 24 20 A.
315 524 55 20 samt
385 523 26 20 hr
426 522 79 27 Antell,
521 523 93 25 Kasten;
631 523 40 21 och
687 522 68 22 skulle
770 522 128 28 protokolls-

69 552 77 27 utdrag
160 551 33 22 till
208 552 26 21 de
250 551 66 26 öfriga
330 551 90 21 ständen
435 553 76 24 genast
526 551 130 27 expedieras.

138 579 88 22 Plenum
245 579 72 22 afslöts
332 579 28 22 kl.
377 580 49 25 1/,8
441 585 18 16 e.
476 586 28 15 m.

645 607 24 18 In
681 607 67 18 fidem:

567 636 60 21 Karl
644 635 184 28 Standertskjöld.

273 772 97 29 Onsdagen
386 772 34 23 den
436 772 7 22 1
460 771 53 30 April
530 772 25 23 kl.
573 772 55 27 '/,12
644 772 14 23 f.
674 779 23 16 m.

138 829 199 27 Protokollsutdrag
360 828 56 22 öfver
438 829 98 22 ständets
558 829 35 21 vid
615 829 175 26 nästföregäende
813 828 85 27 plenum

70 857 81 22 fattade
165 857 70 22 beslut
249 857 123 27 justerades.

139 935 111 33 Åtskilliga
272 941 46 22 från
343 942 139 21 medständen
505 942 101 21 inkomna
628 941 196 28 protokollsutdrag
845 941 55 22 före-

71 970 77 27 drogos
170 970 39 21 och
232 970 64 26 lades,
320 971 69 21 säsom
406 970 46 21 icke
468 970 34 21 till
517 971 70 26 nägon
602 970 76 27 ätgärd
693 969 157 26 föranledande,
865 968 34 22 till

69 994 160 36 handlingarna.
837 1025 10 12 .

139 1060 69 22 Bland
228 1060 25 22 R.
269 1067 19 15 o.
305 1062 36 20 A:s
357 1060 139 22 medlemmar
510 1060 56 22 hade
581 1060 94 22 utdelats
690 1060 161 22 nedannämnda
866 1061 33 19 ut-

70 1088 224 28 skottsbetänkanden,
317 1089 71 21 hvilka
412 1090 28 26 pä
461 1089 28 21 hr
513 1088 207 22 landtmarskalkens
744 1087 156 27 framställning

69 1116 113 22 bordlades
197 1117 33 21 till
246 1117 92 27 följande
352 1118 68 26 plena,
437 1117 117 27 nämligen:

138 1145 30 21 till
185 1145 85 27 plenum
286 1146 39 22 den
340 1147 14 21 8
369 1146 69 26 April:

137 1173 114 22 Allmänna
272 1174 204 22 besvärsutskottets
492 1174 136 22 betänkande
642 1180 35 15 n:o
694 1174 13 22 8
722 1173 48 21 med
785 1172 114 26 anledning

69 1201 22 22 af
104 1203 32 20 ett
150 1201 57 22 inom
222 1202 176 27 borgareständet
414 1202 62 22 väckt
492 1202 180 27 petitionsförslag
686 1208 34 16 om
731 1200 137 23 anskaffande
878 1199 22 23 af

68 1229 170 27 arbetsförtjenst
252 1231 23 21 åt
289 1230 83 28 frigifna
387 1230 74 28 fångar
478 1231 40 21 och

136 1258 44 27 lag-
202 1258 40 22 och
265 1259 215 21 ekonomiutskottets
498 1258 136 22 betänkande
649 1265 36 15 n:o
700 1259 13 21 2
728 1258 7 22 i
750 1258 113 26 anledning
874 1256 27 25 af

68 1286 26 22 H.
118 1286 27 22 K.
168 1286 28 22 M.
220 1287 47 21 nåd.
291 1294 60 20 prop.
374 1287 41 22 N:o
439 1288 33 26 17,
498 1286 146 23 innefattande
666 1286 78 28 förslag
766 1286 33 22 till
813 1286 35 26 lag
864 1290 35 16 om

68 1314 101 28 länsting;

136 1343 32 21 till
183 1343 86 27 plenum
285 1344 39 21 den
340 1345 12 21 9
368 1344 70 27 April:

136 1372 113 21 Allmänna
259 1372 203 22 besvärsutskottets
472 1372 137 22 betänkande
619 1371 41 22 N:o
672 1372 13 21 9
696 1371 48 22 med
754 1369 113 26 anledning
877 1368 23 22 af

67 1400 31 21 ett
113 1400 57 21 inom
184 1400 26 21 R.
225 1406 19 15 o.
261 1400 24 22 A.
297 1400 63 22 väckt
370 1400 182 28 petitionsförslag
563 1406 35 16 om
609 1400 122 21 inrättande
742 1399 23 21 af
773 1404 26 16 en
809 1396 90 23 lärostol

66 1427 7 21 i
92 1428 77 27 hygien
188 1428 36 21 vid
242 1428 112 28 kejserliga
370 1428 289 23 Alexanders-universitetet
674 1428 7 21 i
696 1426 133 28 Helsingfors
844 1426 56 21 samt

135 1456 33 21 till
182 1456 86 27 plenum
284 1457 39 21 den
340 1458 27 20 10
382 1457 69 27 April:

134 1484 220 27 Jernvägsutskottets
364 1485 138 22 betänkande
512 1491 34 16 n:o
558 1486 10 20 1
586 1485 7 20 i
608 1484 114 27 anledning
736 1484 23 21 af
772 1483 28 21 H.
816 1482 26 22 K.
858 1482 42 31 M:s

66 1512 48 21 näd.
138 1519 60 20 prop.
221 1512 40 22 N:o
286 1513 26 21 13
332 1513 109 27 angäende
456 1513 124 28 byggandet
595 1512 23 22 af
638 1519 26 16 en
684 1513 89 26 jernväg
788 1511 46 22 frän
849 1509 51 22 Kai-
