<?xml version="1.0" encoding="UTF-8"?>
<alto xmlns="http://www.loc.gov/standards/alto/ns-v3#" xmlns:xlink="http://www.w3.org/1999/xlink" xmlns:xsi="http://www.w3.org/2001/XMLSchema-instance" xsi:schemaLocation="http://www.loc.gov/standards/alto/ns-v3# http://www.loc.gov/alto/v3/alto-3-0.xsd">
	<Description>
		<MeasurementUnit>pixel</MeasurementUnit>
		<sourceImageInformation>
			<fileName>/tmp/tess_yfs2gxit_input.PNG</fileName>
		</sourceImageInformation>
		<OCRProcessing ID="OCR_0">
			<ocrProcessingStep>
				<processingSoftware>
					<softwareName>tesseract 5.3.4</softwareName>
				</processingSoftware>
			</ocrProcessingStep>
		</OCRProcessing>
	</Description>
	<Layout>
		<Page WIDTH="1109" HEIGHT="1720" PHYSICAL_IMG_NR="0" ID="page_0">
			<PrintSpace HPOS="0" VPOS="0" WIDTH="1109" HEIGHT="1720">
				<ComposedBlock ID="cblock_0" HPOS="365" VPOS="125" WIDTH="501" HEIGHT="22">
					<TextBlock ID="block_0" HPOS="365" VPOS="125" WIDTH="501" HEIGHT="22">
						<TextLine ID="line_0" HPOS="365" VPOS="125" WIDTH="501" HEIGHT="22">
							<String ID="string_0" HPOS="365" VPOS="125" WIDTH="16" HEIGHT="18" WC="0.92" CONTENT="R."/><SP WIDTH="13" VPOS="125" HPOS="381"/>
							<String ID="string_1" HPOS="394" VPOS="129" WIDTH="15" HEIGHT="14" WC="0.85" CONTENT="0."/><SP WIDTH="13" VPOS="129" HPOS="409"/>
							<String ID="string_2" HPOS="422" VPOS="125" WIDTH="16" HEIGHT="17" WC="0.84" CONTENT="A."/><SP WIDTH="12" VPOS="125" HPOS="438"/>
							<String ID="string_3" HPOS="450" VPOS="125" WIDTH="45" HEIGHT="18" WC="0.91" CONTENT="1885."/><SP WIDTH="25" VPOS="125" HPOS="495"/>
							<String ID="string_4" HPOS="520" VPOS="125" WIDTH="17" HEIGHT="18" WC="0.91" CONTENT="16"/><SP WIDTH="14" VPOS="125" HPOS="537"/>
							<String ID="string_5" HPOS="551" VPOS="125" WIDTH="49" HEIGHT="22" WC="0.94" CONTENT="April."/><SP WIDTH="226" VPOS="125" HPOS="600"/>
							<String ID="string_6" HPOS="826" VPOS="125" WIDTH="40" HEIGHT="21" WC="0.87" CONTENT="727"/>
						</TextLine>
					</TextBlock>
				</ComposedBlock>
				<ComposedBlock ID="cblock_1" HPOS="74" VPOS="193" WIDTH="831" HEIGHT="1364">
					<TextBlock ID="block_1" HPOS="74" VPOS="193" WIDTH="831" HEIGHT="1364">
						<TextLine ID="line_1" HPOS="75" VPOS="193" WIDTH="821" HEIGHT="28">
							<String ID="string_7" HPOS="75" VPOS="196" WIDTH="26" HEIGHT="19" WC="0.96" CONTENT="än"/><SP WIDTH="16" VPOS="196" HPOS="101"/>
							<String ID="string_8" HPOS="117" VPOS="194" WIDTH="27" HEIGHT="21" WC="0.93" CONTENT="20"/><SP WIDTH="16" VPOS="194" HPOS="144"/>
							<String ID="string_9" HPOS="160" VPOS="194" WIDTH="26" HEIGHT="27" WC="0.85" CONTENT="%"/><SP WIDTH="15" VPOS="194" HPOS="186"/>
							<String ID="string_10" HPOS="201" VPOS="194" WIDTH="6" HEIGHT="21" WC="0.93" CONTENT="i"/><SP WIDTH="17" VPOS="194" HPOS="207"/>
							<String ID="string_11" HPOS="224" VPOS="193" WIDTH="220" HEIGHT="22" WC="0.92" CONTENT="elementarskolorna."/><SP WIDTH="30" VPOS="193" HPOS="444"/>
							<String ID="string_12" HPOS="474" VPOS="194" WIDTH="113" HEIGHT="21" WC="0.96" CONTENT="Dessutom"/><SP WIDTH="15" VPOS="194" HPOS="587"/>
							<String ID="string_13" HPOS="602" VPOS="193" WIDTH="83" HEIGHT="22" WC="0.96" CONTENT="betalar"/><SP WIDTH="15" VPOS="193" HPOS="685"/>
							<String ID="string_14" HPOS="700" VPOS="193" WIDTH="65" HEIGHT="26" WC="0.96" CONTENT="enligt"/><SP WIDTH="19" VPOS="193" HPOS="765"/>
							<String ID="string_15" HPOS="784" VPOS="193" WIDTH="39" HEIGHT="21" WC="0.96" CONTENT="den"/><SP WIDTH="15" VPOS="193" HPOS="823"/>
							<String ID="string_16" HPOS="838" VPOS="193" WIDTH="58" HEIGHT="21" WC="0.96" CONTENT="äldre"/>
						</TextLine>
						<TextLine ID="line_2" HPOS="74" VPOS="221" WIDTH="823" HEIGHT="28">
							<String ID="string_17" HPOS="74" VPOS="221" WIDTH="156" HEIGHT="28" WC="0.92" CONTENT="lagstiftningen"/><SP WIDTH="22" VPOS="221" HPOS="230"/>
							<String ID="string_18" HPOS="252" VPOS="222" WIDTH="72" HEIGHT="27" WC="0.92" CONTENT="hvarje"/><SP WIDTH="22" VPOS="222" HPOS="324"/>
							<String ID="string_19" HPOS="346" VPOS="222" WIDTH="45" HEIGHT="21" WC="0.93" CONTENT="elev"/><SP WIDTH="23" VPOS="222" HPOS="391"/>
							<String ID="string_20" HPOS="414" VPOS="223" WIDTH="13" HEIGHT="20" WC="0.96" CONTENT="6"/><SP WIDTH="19" VPOS="223" HPOS="427"/>
							<String ID="string_21" HPOS="446" VPOS="223" WIDTH="59" HEIGHT="20" WC="0.96" CONTENT="mark"/><SP WIDTH="18" VPOS="223" HPOS="505"/>
							<String ID="string_22" HPOS="523" VPOS="222" WIDTH="7" HEIGHT="21" WC="0.93" CONTENT="i"/><SP WIDTH="15" VPOS="222" HPOS="530"/>
							<String ID="string_23" HPOS="545" VPOS="221" WIDTH="258" HEIGHT="27" WC="0.90" CONTENT="inskrifningspenningar,"/><SP WIDTH="15" VPOS="221" HPOS="803"/>
							<String ID="string_24" HPOS="818" VPOS="221" WIDTH="79" HEIGHT="21" WC="0.92" CONTENT="hvilket"/>
						</TextLine>
						<TextLine ID="line_3" HPOS="74" VPOS="249" WIDTH="822" HEIGHT="29">
							<String ID="string_25" HPOS="74" VPOS="250" WIDTH="78" HEIGHT="28" WC="0.96" CONTENT="belopp"/><SP WIDTH="14" VPOS="250" HPOS="152"/>
							<String ID="string_26" HPOS="166" VPOS="251" WIDTH="94" HEIGHT="22" WC="0.96" CONTENT="tillfaller"/><SP WIDTH="14" VPOS="251" HPOS="260"/>
							<String ID="string_27" HPOS="274" VPOS="251" WIDTH="77" HEIGHT="21" WC="0.97" CONTENT="kassan"/><SP WIDTH="15" VPOS="251" HPOS="351"/>
							<String ID="string_28" HPOS="366" VPOS="250" WIDTH="40" HEIGHT="22" WC="0.97" CONTENT="och"/><SP WIDTH="15" VPOS="250" HPOS="406"/>
							<String ID="string_29" HPOS="421" VPOS="250" WIDTH="65" HEIGHT="27" WC="0.93" CONTENT="enligt"/><SP WIDTH="14" VPOS="250" HPOS="486"/>
							<String ID="string_30" HPOS="500" VPOS="253" WIDTH="83" HEIGHT="19" WC="0.96" CONTENT="senaste"/><SP WIDTH="15" VPOS="253" HPOS="583"/>
							<String ID="string_31" HPOS="598" VPOS="250" WIDTH="124" HEIGHT="26" WC="0.96" CONTENT="förordning"/><SP WIDTH="14" VPOS="250" HPOS="722"/>
							<String ID="string_32" HPOS="736" VPOS="251" WIDTH="46" HEIGHT="20" WC="0.96" CONTENT="åter"/><SP WIDTH="12" VPOS="251" HPOS="782"/>
							<String ID="string_33" HPOS="794" VPOS="251" WIDTH="25" HEIGHT="20" WC="0.96" CONTENT="10"/><SP WIDTH="11" VPOS="251" HPOS="819"/>
							<String ID="string_34" HPOS="830" VPOS="249" WIDTH="66" HEIGHT="26" WC="0.96" CONTENT="mark,"/>
						</TextLine>
						<TextLine ID="line_4" HPOS="75" VPOS="277" WIDTH="822" HEIGHT="24">
							<String ID="string_35" HPOS="75" VPOS="279" WIDTH="23" HEIGHT="21" WC="0.96" CONTENT="sä"/><SP WIDTH="16" VPOS="279" HPOS="98"/>
							<String ID="string_36" HPOS="114" VPOS="281" WIDTH="31" HEIGHT="20" WC="0.95" CONTENT="att"/><SP WIDTH="15" VPOS="281" HPOS="145"/>
							<String ID="string_37" HPOS="160" VPOS="279" WIDTH="68" HEIGHT="22" WC="0.95" CONTENT="denna"/><SP WIDTH="15" VPOS="279" HPOS="228"/>
							<String ID="string_38" HPOS="243" VPOS="279" WIDTH="62" HEIGHT="22" WC="0.93" CONTENT="kassa"/><SP WIDTH="14" VPOS="279" HPOS="305"/>
							<String ID="string_39" HPOS="319" VPOS="279" WIDTH="45" HEIGHT="21" WC="0.91" CONTENT="icke"/><SP WIDTH="16" VPOS="279" HPOS="364"/>
							<String ID="string_40" HPOS="380" VPOS="281" WIDTH="24" HEIGHT="19" WC="0.96" CONTENT="är"/><SP WIDTH="15" VPOS="281" HPOS="404"/>
							<String ID="string_41" HPOS="419" VPOS="279" WIDTH="23" HEIGHT="21" WC="0.97" CONTENT="sä"/><SP WIDTH="16" VPOS="279" HPOS="442"/>
							<String ID="string_42" HPOS="458" VPOS="279" WIDTH="87" HEIGHT="22" WC="0.96" CONTENT="alldeles"/><SP WIDTH="14" VPOS="279" HPOS="545"/>
							<String ID="string_43" HPOS="559" VPOS="279" WIDTH="58" HEIGHT="21" WC="0.96" CONTENT="liten."/><SP WIDTH="27" VPOS="279" HPOS="617"/>
							<String ID="string_44" HPOS="644" VPOS="278" WIDTH="45" HEIGHT="22" WC="0.96" CONTENT="Och"/><SP WIDTH="15" VPOS="278" HPOS="689"/>
							<String ID="string_45" HPOS="704" VPOS="280" WIDTH="44" HEIGHT="19" WC="0.93" CONTENT="rätt"/><SP WIDTH="14" VPOS="280" HPOS="748"/>
							<String ID="string_46" HPOS="762" VPOS="278" WIDTH="82" HEIGHT="21" WC="0.92" CONTENT="använd"/><SP WIDTH="14" VPOS="278" HPOS="844"/>
							<String ID="string_47" HPOS="858" VPOS="277" WIDTH="39" HEIGHT="21" WC="0.96" CONTENT="bör"/>
						</TextLine>
						<TextLine ID="line_5" HPOS="76" VPOS="307" WIDTH="822" HEIGHT="28">
							<String ID="string_48" HPOS="76" VPOS="307" WIDTH="39" HEIGHT="22" WC="0.95" CONTENT="den"/><SP WIDTH="23" VPOS="307" HPOS="115"/>
							<String ID="string_49" HPOS="138" VPOS="307" WIDTH="33" HEIGHT="22" WC="0.96" CONTENT="väl"/><SP WIDTH="21" VPOS="307" HPOS="171"/>
							<String ID="string_50" HPOS="192" VPOS="308" WIDTH="72" HEIGHT="21" WC="0.93" CONTENT="kunna"/><SP WIDTH="21" VPOS="308" HPOS="264"/>
							<String ID="string_51" HPOS="285" VPOS="308" WIDTH="63" HEIGHT="21" WC="0.92" CONTENT="räcka"/><SP WIDTH="22" VPOS="308" HPOS="348"/>
							<String ID="string_52" HPOS="370" VPOS="307" WIDTH="38" HEIGHT="22" WC="0.82" CONTENT="till."/><SP WIDTH="30" VPOS="307" HPOS="408"/>
							<String ID="string_53" HPOS="438" VPOS="307" WIDTH="62" HEIGHT="22" WC="0.90" CONTENT="Hvad"/><SP WIDTH="23" VPOS="307" HPOS="500"/>
							<String ID="string_54" HPOS="523" VPOS="308" WIDTH="19" HEIGHT="27" WC="0.95" CONTENT="3,"/><SP WIDTH="20" VPOS="308" HPOS="542"/>
							<String ID="string_55" HPOS="562" VPOS="308" WIDTH="14" HEIGHT="20" WC="0.95" CONTENT="4"/><SP WIDTH="16" VPOS="308" HPOS="576"/>
							<String ID="string_56" HPOS="592" VPOS="307" WIDTH="39" HEIGHT="22" WC="0.96" CONTENT="och"/><SP WIDTH="17" VPOS="307" HPOS="631"/>
							<String ID="string_57" HPOS="648" VPOS="311" WIDTH="10" HEIGHT="14" WC="0.93" CONTENT="5"/><SP WIDTH="17" VPOS="311" HPOS="658"/>
							<String ID="string_58" HPOS="675" VPOS="307" WIDTH="119" HEIGHT="27" WC="0.91" CONTENT="punkterna"/><SP WIDTH="14" VPOS="307" HPOS="794"/>
							<String ID="string_59" HPOS="808" VPOS="307" WIDTH="6" HEIGHT="20" WC="0.96" CONTENT="i"/><SP WIDTH="16" VPOS="307" HPOS="814"/>
							<String ID="string_60" HPOS="830" VPOS="307" WIDTH="68" HEIGHT="21" WC="0.96" CONTENT="denna"/>
						</TextLine>
						<TextLine ID="line_6" HPOS="75" VPOS="335" WIDTH="821" HEIGHT="28">
							<String ID="string_61" HPOS="75" VPOS="336" WIDTH="126" HEIGHT="22" WC="0.91" CONTENT="instruktion"/><SP WIDTH="15" VPOS="336" HPOS="201"/>
							<String ID="string_62" HPOS="216" VPOS="336" WIDTH="33" HEIGHT="21" WC="0.93" CONTENT="för"/><SP WIDTH="15" VPOS="336" HPOS="249"/>
							<String ID="string_63" HPOS="264" VPOS="336" WIDTH="132" HEIGHT="21" WC="0.92" CONTENT="skolläkaren"/><SP WIDTH="16" VPOS="336" HPOS="396"/>
							<String ID="string_64" HPOS="412" VPOS="335" WIDTH="127" HEIGHT="28" WC="0.91" CONTENT="vidkomma,"/><SP WIDTH="9" VPOS="335" HPOS="539"/>
							<String ID="string_65" HPOS="548" VPOS="337" WIDTH="24" HEIGHT="20" WC="0.93" CONTENT="sä"/><SP WIDTH="10" VPOS="337" HPOS="572"/>
							<String ID="string_66" HPOS="582" VPOS="335" WIDTH="106" HEIGHT="22" WC="0.92" CONTENT="innehälla"/><SP WIDTH="11" VPOS="335" HPOS="688"/>
							<String ID="string_67" HPOS="699" VPOS="335" WIDTH="25" HEIGHT="21" WC="0.93" CONTENT="de"/><SP WIDTH="11" VPOS="335" HPOS="724"/>
							<String ID="string_68" HPOS="735" VPOS="335" WIDTH="161" HEIGHT="26" WC="0.93" CONTENT="bestämningar,"/>
						</TextLine>
						<TextLine ID="line_7" HPOS="76" VPOS="363" WIDTH="821" HEIGHT="23">
							<String ID="string_69" HPOS="76" VPOS="365" WIDTH="108" HEIGHT="21" WC="0.93" CONTENT="utförbara"/><SP WIDTH="14" VPOS="365" HPOS="184"/>
							<String ID="string_70" HPOS="198" VPOS="365" WIDTH="65" HEIGHT="21" WC="0.93" CONTENT="redan"/><SP WIDTH="16" VPOS="365" HPOS="263"/>
							<String ID="string_71" HPOS="279" VPOS="365" WIDTH="46" HEIGHT="20" WC="0.93" CONTENT="utaf"/><SP WIDTH="13" VPOS="365" HPOS="325"/>
							<String ID="string_72" HPOS="338" VPOS="365" WIDTH="26" HEIGHT="21" WC="0.96" CONTENT="de"/><SP WIDTH="16" VPOS="365" HPOS="364"/>
							<String ID="string_73" HPOS="380" VPOS="364" WIDTH="34" HEIGHT="21" WC="0.93" CONTENT="vid"/><SP WIDTH="14" VPOS="364" HPOS="414"/>
							<String ID="string_74" HPOS="428" VPOS="364" WIDTH="113" HEIGHT="22" WC="0.92" CONTENT="skolräden"/><SP WIDTH="15" VPOS="364" HPOS="541"/>
							<String ID="string_75" HPOS="556" VPOS="364" WIDTH="33" HEIGHT="21" WC="0.96" CONTENT="för"/><SP WIDTH="15" VPOS="364" HPOS="589"/>
							<String ID="string_76" HPOS="604" VPOS="364" WIDTH="36" HEIGHT="21" WC="0.96" CONTENT="det"/><SP WIDTH="15" VPOS="364" HPOS="640"/>
							<String ID="string_77" HPOS="655" VPOS="366" WIDTH="67" HEIGHT="19" WC="0.93" CONTENT="mesta"/><SP WIDTH="13" VPOS="366" HPOS="722"/>
							<String ID="string_78" HPOS="735" VPOS="363" WIDTH="96" HEIGHT="22" WC="0.93" CONTENT="anstälda"/><SP WIDTH="9" VPOS="363" HPOS="831"/>
							<String ID="string_79" HPOS="840" VPOS="363" WIDTH="57" HEIGHT="22" WC="0.93" CONTENT="läka-"/>
						</TextLine>
						<TextLine ID="line_8" HPOS="75" VPOS="392" WIDTH="822" HEIGHT="29">
							<String ID="string_80" HPOS="75" VPOS="399" WIDTH="56" HEIGHT="15" WC="0.92" CONTENT="rene."/><SP WIDTH="30" VPOS="399" HPOS="131"/>
							<String ID="string_81" HPOS="161" VPOS="393" WIDTH="39" HEIGHT="28" WC="0.95" CONTENT="Jag"/><SP WIDTH="23" VPOS="393" HPOS="200"/>
							<String ID="string_82" HPOS="223" VPOS="393" WIDTH="35" HEIGHT="21" WC="0.95" CONTENT="vill"/><SP WIDTH="22" VPOS="393" HPOS="258"/>
							<String ID="string_83" HPOS="280" VPOS="393" WIDTH="38" HEIGHT="21" WC="0.92" CONTENT="här"/><SP WIDTH="22" VPOS="393" HPOS="318"/>
							<String ID="string_84" HPOS="340" VPOS="393" WIDTH="102" HEIGHT="21" WC="0.91" CONTENT="anmärka"/><SP WIDTH="22" VPOS="393" HPOS="442"/>
							<String ID="string_85" HPOS="464" VPOS="395" WIDTH="58" HEIGHT="20" WC="0.96" CONTENT="emot"/><SP WIDTH="21" VPOS="395" HPOS="522"/>
							<String ID="string_86" HPOS="543" VPOS="393" WIDTH="26" HEIGHT="21" WC="0.93" CONTENT="hr"/><SP WIDTH="23" VPOS="393" HPOS="569"/>
							<String ID="string_87" HPOS="592" VPOS="393" WIDTH="66" HEIGHT="26" WC="0.92" CONTENT="Späre"/><SP WIDTH="23" VPOS="393" HPOS="658"/>
							<String ID="string_88" HPOS="681" VPOS="394" WIDTH="31" HEIGHT="19" WC="0.96" CONTENT="att"/><SP WIDTH="16" VPOS="394" HPOS="712"/>
							<String ID="string_89" HPOS="728" VPOS="392" WIDTH="40" HEIGHT="26" WC="0.93" CONTENT="mig"/><SP WIDTH="16" VPOS="392" HPOS="768"/>
							<String ID="string_90" HPOS="784" VPOS="392" WIDTH="113" HEIGHT="26" WC="0.93" CONTENT="veterligen"/>
						</TextLine>
						<TextLine ID="line_9" HPOS="76" VPOS="420" WIDTH="821" HEIGHT="29">
							<String ID="string_91" HPOS="76" VPOS="422" WIDTH="74" HEIGHT="20" WC="0.95" CONTENT="endast"/><SP WIDTH="21" VPOS="422" HPOS="150"/>
							<String ID="string_92" HPOS="171" VPOS="422" WIDTH="7" HEIGHT="20" WC="0.95" CONTENT="i"/><SP WIDTH="23" VPOS="422" HPOS="178"/>
							<String ID="string_93" HPOS="201" VPOS="424" WIDTH="31" HEIGHT="19" WC="0.93" CONTENT="ett"/><SP WIDTH="22" VPOS="424" HPOS="232"/>
							<String ID="string_94" HPOS="254" VPOS="421" WIDTH="90" HEIGHT="25" WC="0.92" CONTENT="skolräd,"/><SP WIDTH="23" VPOS="421" HPOS="344"/>
							<String ID="string_95" HPOS="367" VPOS="421" WIDTH="35" HEIGHT="21" WC="0.93" CONTENT="vid"/><SP WIDTH="16" VPOS="421" HPOS="402"/>
							<String ID="string_96" HPOS="418" VPOS="422" WIDTH="153" HEIGHT="20" WC="0.93" CONTENT="statsskolorna"/><SP WIDTH="15" VPOS="422" HPOS="571"/>
							<String ID="string_97" HPOS="586" VPOS="421" WIDTH="6" HEIGHT="21" WC="0.93" CONTENT="i"/><SP WIDTH="16" VPOS="421" HPOS="592"/>
							<String ID="string_98" HPOS="608" VPOS="422" WIDTH="48" HEIGHT="20" WC="0.93" CONTENT="värt"/><SP WIDTH="14" VPOS="422" HPOS="656"/>
							<String ID="string_99" HPOS="670" VPOS="420" WIDTH="56" HEIGHT="26" WC="0.93" CONTENT="land,"/><SP WIDTH="16" VPOS="420" HPOS="726"/>
							<String ID="string_100" HPOS="742" VPOS="421" WIDTH="69" HEIGHT="26" WC="0.91" CONTENT="nägon"/><SP WIDTH="15" VPOS="421" HPOS="811"/>
							<String ID="string_101" HPOS="826" VPOS="421" WIDTH="71" HEIGHT="28" WC="0.96" CONTENT="läkare"/>
						</TextLine>
						<TextLine ID="line_10" HPOS="75" VPOS="448" WIDTH="822" HEIGHT="24">
							<String ID="string_102" HPOS="75" VPOS="450" WIDTH="46" HEIGHT="21" WC="0.88" CONTENT="icke"/><SP WIDTH="15" VPOS="450" HPOS="121"/>
							<String ID="string_103" HPOS="136" VPOS="450" WIDTH="66" HEIGHT="22" WC="0.93" CONTENT="finnes"/><SP WIDTH="16" VPOS="450" HPOS="202"/>
							<String ID="string_104" HPOS="218" VPOS="451" WIDTH="69" HEIGHT="21" WC="0.92" CONTENT="säsom"/><SP WIDTH="16" VPOS="451" HPOS="287"/>
							<String ID="string_105" HPOS="303" VPOS="450" WIDTH="94" HEIGHT="21" WC="0.93" CONTENT="medlem."/><SP WIDTH="20" VPOS="450" HPOS="397"/>
							<String ID="string_106" HPOS="417" VPOS="462" WIDTH="23" HEIGHT="2" WC="0.92" CONTENT="—"/><SP WIDTH="17" VPOS="462" HPOS="440"/>
							<String ID="string_107" HPOS="457" VPOS="449" WIDTH="78" HEIGHT="22" WC="0.92" CONTENT="Vidare"/><SP WIDTH="15" VPOS="449" HPOS="535"/>
							<String ID="string_108" HPOS="550" VPOS="449" WIDTH="66" HEIGHT="22" WC="0.92" CONTENT="finnes"/><SP WIDTH="10" VPOS="449" HPOS="616"/>
							<String ID="string_109" HPOS="626" VPOS="448" WIDTH="199" HEIGHT="24" WC="0.92" CONTENT="sundhetsnämden,"/><SP WIDTH="11" VPOS="448" HPOS="825"/>
							<String ID="string_110" HPOS="836" VPOS="448" WIDTH="61" HEIGHT="21" WC="0.93" CONTENT="hvars"/>
						</TextLine>
						<TextLine ID="line_11" HPOS="76" VPOS="477" WIDTH="823" HEIGHT="27">
							<String ID="string_111" HPOS="76" VPOS="478" WIDTH="124" HEIGHT="22" WC="0.95" CONTENT="instruktion"/><SP WIDTH="24" VPOS="478" HPOS="200"/>
							<String ID="string_112" HPOS="224" VPOS="478" WIDTH="71" HEIGHT="22" WC="0.96" CONTENT="säkert"/><SP WIDTH="22" VPOS="478" HPOS="295"/>
							<String ID="string_113" HPOS="317" VPOS="478" WIDTH="99" HEIGHT="21" WC="0.93" CONTENT="omfattar"/><SP WIDTH="22" VPOS="478" HPOS="416"/>
							<String ID="string_114" HPOS="438" VPOS="479" WIDTH="66" HEIGHT="25" WC="0.96" CONTENT="några"/><SP WIDTH="18" VPOS="479" HPOS="504"/>
							<String ID="string_115" HPOS="522" VPOS="478" WIDTH="22" HEIGHT="21" WC="0.96" CONTENT="af"/><SP WIDTH="14" VPOS="478" HPOS="544"/>
							<String ID="string_116" HPOS="558" VPOS="478" WIDTH="26" HEIGHT="21" WC="0.95" CONTENT="de"/><SP WIDTH="19" VPOS="478" HPOS="584"/>
							<String ID="string_117" HPOS="603" VPOS="478" WIDTH="3" HEIGHT="20" WC="0.95" CONTENT="i"/><SP WIDTH="15" VPOS="478" HPOS="606"/>
							<String ID="string_118" HPOS="621" VPOS="484" WIDTH="63" HEIGHT="14" WC="0.96" CONTENT="mom."/><SP WIDTH="16" VPOS="484" HPOS="684"/>
							<String ID="string_119" HPOS="700" VPOS="478" WIDTH="20" HEIGHT="25" WC="0.96" CONTENT="3,"/><SP WIDTH="16" VPOS="478" HPOS="720"/>
							<String ID="string_120" HPOS="736" VPOS="478" WIDTH="13" HEIGHT="20" WC="0.97" CONTENT="4"/><SP WIDTH="15" VPOS="478" HPOS="749"/>
							<String ID="string_121" HPOS="764" VPOS="477" WIDTH="40" HEIGHT="21" WC="0.96" CONTENT="och"/><SP WIDTH="15" VPOS="477" HPOS="804"/>
							<String ID="string_122" HPOS="819" VPOS="478" WIDTH="12" HEIGHT="20" WC="0.93" CONTENT="5"/><SP WIDTH="16" VPOS="478" HPOS="831"/>
							<String ID="string_123" HPOS="847" VPOS="483" WIDTH="52" HEIGHT="20" WC="0.92" CONTENT="upp-"/>
						</TextLine>
						<TextLine ID="line_12" HPOS="75" VPOS="505" WIDTH="823" HEIGHT="28">
							<String ID="string_124" HPOS="75" VPOS="507" WIDTH="94" HEIGHT="21" WC="0.96" CONTENT="räknade"/><SP WIDTH="15" VPOS="507" HPOS="169"/>
							<String ID="string_125" HPOS="184" VPOS="507" WIDTH="212" HEIGHT="26" WC="0.95" CONTENT="omständigheterna."/><SP WIDTH="26" VPOS="507" HPOS="396"/>
							<String ID="string_126" HPOS="422" VPOS="506" WIDTH="103" HEIGHT="26" WC="0.55" CONTENT="Slutligen"/><SP WIDTH="16" VPOS="506" HPOS="525"/>
							<String ID="string_127" HPOS="541" VPOS="508" WIDTH="34" HEIGHT="20" WC="0.93" CONTENT="mä"/><SP WIDTH="15" VPOS="508" HPOS="575"/>
							<String ID="string_128" HPOS="590" VPOS="506" WIDTH="72" HEIGHT="26" WC="0.96" CONTENT="hvarje"/><SP WIDTH="12" VPOS="506" HPOS="662"/>
							<String ID="string_129" HPOS="674" VPOS="505" WIDTH="119" HEIGHT="22" WC="0.96" CONTENT="skolrektor"/><SP WIDTH="10" VPOS="505" HPOS="793"/>
							<String ID="string_130" HPOS="803" VPOS="505" WIDTH="95" HEIGHT="21" WC="0.96" CONTENT="använda"/>
						</TextLine>
						<TextLine ID="line_13" HPOS="76" VPOS="534" WIDTH="822" HEIGHT="28">
							<String ID="string_131" HPOS="76" VPOS="536" WIDTH="37" HEIGHT="20" WC="0.95" CONTENT="sitt"/><SP WIDTH="22" VPOS="536" HPOS="113"/>
							<String ID="string_132" HPOS="135" VPOS="536" WIDTH="97" HEIGHT="21" WC="0.96" CONTENT="omdöme"/><SP WIDTH="22" VPOS="536" HPOS="232"/>
							<String ID="string_133" HPOS="254" VPOS="536" WIDTH="32" HEIGHT="20" WC="0.95" CONTENT="för"/><SP WIDTH="22" VPOS="536" HPOS="286"/>
							<String ID="string_134" HPOS="308" VPOS="537" WIDTH="31" HEIGHT="19" WC="0.95" CONTENT="att"/><SP WIDTH="15" VPOS="537" HPOS="339"/>
							<String ID="string_135" HPOS="354" VPOS="534" WIDTH="115" HEIGHT="22" WC="0.96" CONTENT="förminska"/><SP WIDTH="15" VPOS="534" HPOS="469"/>
							<String ID="string_136" HPOS="484" VPOS="536" WIDTH="26" HEIGHT="20" WC="0.96" CONTENT="de"/><SP WIDTH="18" VPOS="536" HPOS="510"/>
							<String ID="string_137" HPOS="528" VPOS="534" WIDTH="142" HEIGHT="28" WC="0.96" CONTENT="olägenheter,"/><SP WIDTH="16" VPOS="534" HPOS="670"/>
							<String ID="string_138" HPOS="686" VPOS="540" WIDTH="45" HEIGHT="15" WC="0.96" CONTENT="som"/><SP WIDTH="15" VPOS="540" HPOS="731"/>
							<String ID="string_139" HPOS="746" VPOS="534" WIDTH="32" HEIGHT="21" WC="0.93" CONTENT="till"/><SP WIDTH="16" VPOS="534" HPOS="778"/>
							<String ID="string_140" HPOS="794" VPOS="534" WIDTH="104" HEIGHT="26" WC="0.92" CONTENT="äfventyrs"/>
						</TextLine>
						<TextLine ID="line_14" HPOS="75" VPOS="562" WIDTH="823" HEIGHT="27">
							<String ID="string_141" HPOS="75" VPOS="564" WIDTH="71" HEIGHT="21" WC="0.91" CONTENT="kunna"/><SP WIDTH="22" VPOS="564" HPOS="146"/>
							<String ID="string_142" HPOS="168" VPOS="564" WIDTH="82" HEIGHT="21" WC="0.91" CONTENT="vidlåda"/><SP WIDTH="23" VPOS="564" HPOS="250"/>
							<String ID="string_143" HPOS="273" VPOS="564" WIDTH="40" HEIGHT="20" WC="0.93" CONTENT="den"/><SP WIDTH="22" VPOS="564" HPOS="313"/>
							<String ID="string_144" HPOS="335" VPOS="563" WIDTH="104" HEIGHT="22" WC="0.92" CONTENT="skollokal"/><SP WIDTH="23" VPOS="563" HPOS="439"/>
							<String ID="string_145" HPOS="462" VPOS="564" WIDTH="42" HEIGHT="21" WC="0.96" CONTENT="han"/><SP WIDTH="22" VPOS="564" HPOS="504"/>
							<String ID="string_146" HPOS="526" VPOS="564" WIDTH="40" HEIGHT="21" WC="0.96" CONTENT="har"/><SP WIDTH="22" VPOS="564" HPOS="566"/>
							<String ID="string_147" HPOS="588" VPOS="565" WIDTH="32" HEIGHT="19" WC="0.96" CONTENT="att"/><SP WIDTH="15" VPOS="565" HPOS="620"/>
							<String ID="string_148" HPOS="635" VPOS="562" WIDTH="81" HEIGHT="27" WC="0.96" CONTENT="förfoga"/><SP WIDTH="16" VPOS="562" HPOS="716"/>
							<String ID="string_149" HPOS="732" VPOS="562" WIDTH="56" HEIGHT="22" WC="0.96" CONTENT="öfver"/><SP WIDTH="16" VPOS="562" HPOS="788"/>
							<String ID="string_150" HPOS="804" VPOS="562" WIDTH="38" HEIGHT="22" WC="0.96" CONTENT="och"/><SP WIDTH="16" VPOS="562" HPOS="842"/>
							<String ID="string_151" HPOS="858" VPOS="562" WIDTH="40" HEIGHT="21" WC="0.95" CONTENT="den"/>
						</TextLine>
						<TextLine ID="line_15" HPOS="76" VPOS="590" WIDTH="823" HEIGHT="29">
							<String ID="string_152" HPOS="76" VPOS="592" WIDTH="90" HEIGHT="27" WC="0.96" CONTENT="lekplats"/><SP WIDTH="16" VPOS="592" HPOS="166"/>
							<String ID="string_153" HPOS="182" VPOS="592" WIDTH="40" HEIGHT="22" WC="0.96" CONTENT="han"/><SP WIDTH="16" VPOS="592" HPOS="222"/>
							<String ID="string_154" HPOS="238" VPOS="592" WIDTH="38" HEIGHT="22" WC="0.96" CONTENT="har"/><SP WIDTH="16" VPOS="592" HPOS="276"/>
							<String ID="string_155" HPOS="292" VPOS="594" WIDTH="31" HEIGHT="19" WC="0.95" CONTENT="att"/><SP WIDTH="15" VPOS="594" HPOS="323"/>
							<String ID="string_156" HPOS="338" VPOS="592" WIDTH="65" HEIGHT="26" WC="0.94" CONTENT="tillgå."/><SP WIDTH="27" VPOS="592" HPOS="403"/>
							<String ID="string_157" HPOS="430" VPOS="592" WIDTH="117" HEIGHT="21" WC="0.96" CONTENT="Momentet"/><SP WIDTH="15" VPOS="592" HPOS="547"/>
							<String ID="string_158" HPOS="562" VPOS="593" WIDTH="13" HEIGHT="19" WC="0.96" CONTENT="6"/><SP WIDTH="15" VPOS="593" HPOS="575"/>
							<String ID="string_159" HPOS="590" VPOS="591" WIDTH="99" HEIGHT="27" WC="0.96" CONTENT="slutligen"/><SP WIDTH="14" VPOS="591" HPOS="689"/>
							<String ID="string_160" HPOS="703" VPOS="593" WIDTH="23" HEIGHT="19" WC="0.97" CONTENT="är"/><SP WIDTH="10" VPOS="593" HPOS="726"/>
							<String ID="string_161" HPOS="736" VPOS="591" WIDTH="86" HEIGHT="21" WC="0.93" CONTENT="alldeles"/><SP WIDTH="12" VPOS="591" HPOS="822"/>
							<String ID="string_162" HPOS="834" VPOS="590" WIDTH="65" HEIGHT="22" WC="0.91" CONTENT="öfver-"/>
						</TextLine>
						<TextLine ID="line_16" HPOS="76" VPOS="618" WIDTH="823" HEIGHT="30">
							<String ID="string_163" HPOS="76" VPOS="620" WIDTH="79" HEIGHT="27" WC="0.91" CONTENT="flödigt,"/><SP WIDTH="22" VPOS="620" HPOS="155"/>
							<String ID="string_164" HPOS="177" VPOS="623" WIDTH="22" HEIGHT="25" WC="0.96" CONTENT="ty"/><SP WIDTH="23" VPOS="623" HPOS="199"/>
							<String ID="string_165" HPOS="222" VPOS="620" WIDTH="44" HEIGHT="22" WC="0.96" CONTENT="helt"/><SP WIDTH="22" VPOS="620" HPOS="266"/>
							<String ID="string_166" HPOS="288" VPOS="621" WIDTH="72" HEIGHT="22" WC="0.93" CONTENT="säkert"/><SP WIDTH="22" VPOS="621" HPOS="360"/>
							<String ID="string_167" HPOS="382" VPOS="620" WIDTH="76" HEIGHT="27" WC="0.92" CONTENT="drager"/><SP WIDTH="16" VPOS="620" HPOS="458"/>
							<String ID="string_168" HPOS="474" VPOS="620" WIDTH="160" HEIGHT="28" WC="0.91" CONTENT="öfverstyrelsen"/><SP WIDTH="16" VPOS="620" HPOS="634"/>
							<String ID="string_169" HPOS="650" VPOS="620" WIDTH="32" HEIGHT="21" WC="0.96" CONTENT="för"/><SP WIDTH="15" VPOS="620" HPOS="682"/>
							<String ID="string_170" HPOS="697" VPOS="619" WIDTH="147" HEIGHT="22" WC="0.93" CONTENT="skolväsendet"/><SP WIDTH="14" VPOS="619" HPOS="844"/>
							<String ID="string_171" HPOS="858" VPOS="618" WIDTH="41" HEIGHT="22" WC="0.93" CONTENT="för-"/>
						</TextLine>
						<TextLine ID="line_17" HPOS="76" VPOS="648" WIDTH="822" HEIGHT="28">
							<String ID="string_172" HPOS="76" VPOS="656" WIDTH="49" HEIGHT="20" WC="0.96" CONTENT="sorg"/><SP WIDTH="16" VPOS="656" HPOS="125"/>
							<String ID="string_173" HPOS="141" VPOS="656" WIDTH="33" HEIGHT="15" WC="0.96" CONTENT="om"/><SP WIDTH="16" VPOS="656" HPOS="174"/>
							<String ID="string_174" HPOS="190" VPOS="651" WIDTH="37" HEIGHT="24" WC="0.96" CONTENT="att,"/><SP WIDTH="17" VPOS="651" HPOS="227"/>
							<String ID="string_175" HPOS="244" VPOS="652" WIDTH="38" HEIGHT="19" WC="0.96" CONTENT="när"/><SP WIDTH="12" VPOS="652" HPOS="282"/>
							<String ID="string_176" HPOS="294" VPOS="649" WIDTH="87" HEIGHT="22" WC="0.96" CONTENT="skolhus"/><SP WIDTH="10" VPOS="649" HPOS="381"/>
							<String ID="string_177" HPOS="391" VPOS="649" WIDTH="86" HEIGHT="27" WC="0.96" CONTENT="byggas,"/><SP WIDTH="11" VPOS="649" HPOS="477"/>
							<String ID="string_178" HPOS="488" VPOS="649" WIDTH="43" HEIGHT="22" WC="0.93" CONTENT="alla"/><SP WIDTH="10" VPOS="649" HPOS="531"/>
							<String ID="string_179" HPOS="541" VPOS="649" WIDTH="171" HEIGHT="21" WC="0.90" CONTENT="fackutlåtanden"/><SP WIDTH="11" VPOS="649" HPOS="712"/>
							<String ID="string_180" HPOS="723" VPOS="649" WIDTH="6" HEIGHT="20" WC="0.96" CONTENT="i"/><SP WIDTH="11" VPOS="649" HPOS="729"/>
							<String ID="string_181" HPOS="740" VPOS="648" WIDTH="64" HEIGHT="21" WC="0.96" CONTENT="saken"/><SP WIDTH="12" VPOS="648" HPOS="804"/>
							<String ID="string_182" HPOS="816" VPOS="648" WIDTH="82" HEIGHT="21" WC="0.96" CONTENT="komma"/>
						</TextLine>
						<TextLine ID="line_18" HPOS="76" VPOS="677" WIDTH="822" HEIGHT="27">
							<String ID="string_183" HPOS="76" VPOS="677" WIDTH="32" HEIGHT="22" WC="0.96" CONTENT="till"/><SP WIDTH="22" VPOS="677" HPOS="108"/>
							<String ID="string_184" HPOS="130" VPOS="678" WIDTH="68" HEIGHT="21" WC="0.93" CONTENT="stånd."/><SP WIDTH="24" VPOS="678" HPOS="198"/>
							<String ID="string_185" HPOS="222" VPOS="691" WIDTH="26" HEIGHT="2" WC="0.90" CONTENT="—"/><SP WIDTH="22" VPOS="691" HPOS="248"/>
							<String ID="string_186" HPOS="270" VPOS="678" WIDTH="41" HEIGHT="26" WC="0.94" CONTENT="Jag"/><SP WIDTH="15" VPOS="678" HPOS="311"/>
							<String ID="string_187" HPOS="326" VPOS="678" WIDTH="38" HEIGHT="21" WC="0.96" CONTENT="har"/><SP WIDTH="15" VPOS="678" HPOS="364"/>
							<String ID="string_188" HPOS="379" VPOS="684" WIDTH="75" HEIGHT="20" WC="0.96" CONTENT="genom"/><SP WIDTH="17" VPOS="684" HPOS="454"/>
							<String ID="string_189" HPOS="471" VPOS="678" WIDTH="59" HEIGHT="21" WC="0.92" CONTENT="detta"/><SP WIDTH="14" VPOS="678" HPOS="530"/>
							<String ID="string_190" HPOS="544" VPOS="677" WIDTH="182" HEIGHT="26" WC="0.92" CONTENT="hufvudsakligast"/><SP WIDTH="13" VPOS="677" HPOS="726"/>
							<String ID="string_191" HPOS="739" VPOS="677" WIDTH="56" HEIGHT="20" WC="0.96" CONTENT="velat"/><SP WIDTH="15" VPOS="677" HPOS="795"/>
							<String ID="string_192" HPOS="810" VPOS="677" WIDTH="88" HEIGHT="26" WC="0.95" CONTENT="påpeka,"/>
						</TextLine>
						<TextLine ID="line_19" HPOS="77" VPOS="705" WIDTH="822" HEIGHT="28">
							<String ID="string_193" HPOS="77" VPOS="706" WIDTH="32" HEIGHT="21" WC="0.96" CONTENT="för"/><SP WIDTH="21" VPOS="706" HPOS="109"/>
							<String ID="string_194" HPOS="130" VPOS="707" WIDTH="36" HEIGHT="20" WC="0.96" CONTENT="det"/><SP WIDTH="22" VPOS="707" HPOS="166"/>
							<String ID="string_195" HPOS="188" VPOS="706" WIDTH="72" HEIGHT="27" WC="0.96" CONTENT="första,"/><SP WIDTH="25" VPOS="706" HPOS="260"/>
							<String ID="string_196" HPOS="285" VPOS="709" WIDTH="31" HEIGHT="19" WC="0.96" CONTENT="att"/><SP WIDTH="22" VPOS="709" HPOS="316"/>
							<String ID="string_197" HPOS="338" VPOS="707" WIDTH="69" HEIGHT="20" WC="0.93" CONTENT="såsom"/><SP WIDTH="23" VPOS="707" HPOS="407"/>
							<String ID="string_198" HPOS="430" VPOS="706" WIDTH="205" HEIGHT="27" WC="0.91" CONTENT="skollagstiftningen"/><SP WIDTH="23" VPOS="706" HPOS="635"/>
							<String ID="string_199" HPOS="658" VPOS="712" WIDTH="28" HEIGHT="14" WC="0.91" CONTENT="nu"/><SP WIDTH="19" VPOS="712" HPOS="686"/>
							<String ID="string_200" HPOS="705" VPOS="708" WIDTH="23" HEIGHT="18" WC="0.92" CONTENT="är"/><SP WIDTH="15" VPOS="708" HPOS="728"/>
							<String ID="string_201" HPOS="743" VPOS="705" WIDTH="55" HEIGHT="21" WC="0.92" CONTENT="stäld"/><SP WIDTH="15" VPOS="705" HPOS="798"/>
							<String ID="string_202" HPOS="813" VPOS="705" WIDTH="38" HEIGHT="21" WC="0.93" CONTENT="och"/><SP WIDTH="16" VPOS="705" HPOS="851"/>
							<String ID="string_203" HPOS="867" VPOS="705" WIDTH="32" HEIGHT="20" WC="0.91" CONTENT="så-"/>
						</TextLine>
						<TextLine ID="line_20" HPOS="76" VPOS="733" WIDTH="822" HEIGHT="29">
							<String ID="string_204" HPOS="76" VPOS="741" WIDTH="45" HEIGHT="15" WC="0.96" CONTENT="som"/><SP WIDTH="15" VPOS="741" HPOS="121"/>
							<String ID="string_205" HPOS="136" VPOS="735" WIDTH="40" HEIGHT="21" WC="0.95" CONTENT="den"/><SP WIDTH="22" VPOS="735" HPOS="176"/>
							<String ID="string_206" HPOS="198" VPOS="735" WIDTH="31" HEIGHT="21" WC="0.96" CONTENT="uti"/><SP WIDTH="23" VPOS="735" HPOS="229"/>
							<String ID="string_207" HPOS="252" VPOS="735" WIDTH="110" HEIGHT="27" WC="0.96" CONTENT="praktiken"/><SP WIDTH="22" VPOS="735" HPOS="362"/>
							<String ID="string_208" HPOS="384" VPOS="734" WIDTH="69" HEIGHT="21" WC="0.94" CONTENT="blifvit"/><SP WIDTH="18" VPOS="734" HPOS="453"/>
							<String ID="string_209" HPOS="471" VPOS="735" WIDTH="116" HEIGHT="26" WC="0.91" CONTENT="tillämpad,"/><SP WIDTH="17" VPOS="735" HPOS="587"/>
							<String ID="string_210" HPOS="604" VPOS="734" WIDTH="144" HEIGHT="27" WC="0.96" CONTENT="myndigheter"/><SP WIDTH="14" VPOS="734" HPOS="748"/>
							<String ID="string_211" HPOS="762" VPOS="734" WIDTH="46" HEIGHT="21" WC="0.96" CONTENT="icke"/><SP WIDTH="14" VPOS="734" HPOS="808"/>
							<String ID="string_212" HPOS="822" VPOS="733" WIDTH="76" HEIGHT="21" WC="0.96" CONTENT="saknas"/>
						</TextLine>
						<TextLine ID="line_21" HPOS="76" VPOS="761" WIDTH="823" HEIGHT="30">
							<String ID="string_213" HPOS="76" VPOS="769" WIDTH="45" HEIGHT="15" WC="0.96" CONTENT="som"/><SP WIDTH="23" VPOS="769" HPOS="121"/>
							<String ID="string_214" HPOS="144" VPOS="764" WIDTH="64" HEIGHT="26" WC="0.96" CONTENT="draga"/><SP WIDTH="21" VPOS="764" HPOS="208"/>
							<String ID="string_215" HPOS="229" VPOS="763" WIDTH="82" HEIGHT="28" WC="0.96" CONTENT="försorg"/><SP WIDTH="25" VPOS="763" HPOS="311"/>
							<String ID="string_216" HPOS="336" VPOS="770" WIDTH="33" HEIGHT="14" WC="0.93" CONTENT="om"/><SP WIDTH="23" VPOS="770" HPOS="369"/>
							<String ID="string_217" HPOS="392" VPOS="763" WIDTH="152" HEIGHT="27" WC="0.90" CONTENT="skolhygienin."/><SP WIDTH="30" VPOS="763" HPOS="544"/>
							<String ID="string_218" HPOS="574" VPOS="763" WIDTH="78" HEIGHT="21" WC="0.96" CONTENT="Vidare"/><SP WIDTH="14" VPOS="763" HPOS="652"/>
							<String ID="string_219" HPOS="666" VPOS="762" WIDTH="40" HEIGHT="21" WC="0.96" CONTENT="har"/><SP WIDTH="12" VPOS="762" HPOS="706"/>
							<String ID="string_220" HPOS="718" VPOS="763" WIDTH="35" HEIGHT="26" WC="0.96" CONTENT="jag"/><SP WIDTH="15" VPOS="763" HPOS="753"/>
							<String ID="string_221" HPOS="768" VPOS="762" WIDTH="55" HEIGHT="21" WC="0.93" CONTENT="velat"/><SP WIDTH="15" VPOS="762" HPOS="823"/>
							<String ID="string_222" HPOS="838" VPOS="761" WIDTH="61" HEIGHT="21" WC="0.91" CONTENT="fram-"/>
						</TextLine>
						<TextLine ID="line_22" HPOS="76" VPOS="789" WIDTH="823" HEIGHT="29">
							<String ID="string_223" HPOS="76" VPOS="792" WIDTH="62" HEIGHT="21" WC="0.93" CONTENT="kasta"/><SP WIDTH="22" VPOS="792" HPOS="138"/>
							<String ID="string_224" HPOS="160" VPOS="792" WIDTH="130" HEIGHT="26" WC="0.91" CONTENT="tvifvelsmål,"/><SP WIDTH="22" VPOS="792" HPOS="290"/>
							<String ID="string_225" HPOS="312" VPOS="791" WIDTH="103" HEIGHT="22" WC="0.96" CONTENT="huruvida"/><SP WIDTH="15" VPOS="791" HPOS="415"/>
							<String ID="string_226" HPOS="430" VPOS="793" WIDTH="70" HEIGHT="25" WC="0.96" CONTENT="någon"/><SP WIDTH="16" VPOS="793" HPOS="500"/>
							<String ID="string_227" HPOS="516" VPOS="791" WIDTH="116" HEIGHT="22" WC="0.96" CONTENT="vidsträckt"/><SP WIDTH="15" VPOS="791" HPOS="632"/>
							<String ID="string_228" HPOS="647" VPOS="791" WIDTH="108" HEIGHT="27" WC="0.96" CONTENT="hygienisk"/><SP WIDTH="15" VPOS="791" HPOS="755"/>
							<String ID="string_229" HPOS="770" VPOS="789" WIDTH="129" HEIGHT="22" WC="0.96" CONTENT="omvårdnad"/>
						</TextLine>
						<TextLine ID="line_23" HPOS="77" VPOS="819" WIDTH="823" HEIGHT="28">
							<String ID="string_230" HPOS="77" VPOS="826" WIDTH="34" HEIGHT="15" WC="0.96" CONTENT="om"/><SP WIDTH="23" VPOS="826" HPOS="111"/>
							<String ID="string_231" HPOS="134" VPOS="821" WIDTH="84" HEIGHT="20" WC="0.95" CONTENT="skolans"/><SP WIDTH="23" VPOS="821" HPOS="218"/>
							<String ID="string_232" HPOS="241" VPOS="820" WIDTH="68" HEIGHT="21" WC="0.96" CONTENT="elever"/><SP WIDTH="22" VPOS="820" HPOS="309"/>
							<String ID="string_233" HPOS="331" VPOS="826" WIDTH="50" HEIGHT="15" WC="0.96" CONTENT="vore"/><SP WIDTH="22" VPOS="826" HPOS="381"/>
							<String ID="string_234" HPOS="403" VPOS="821" WIDTH="70" HEIGHT="26" WC="0.96" CONTENT="någon"/><SP WIDTH="19" VPOS="821" HPOS="473"/>
							<String ID="string_235" HPOS="492" VPOS="820" WIDTH="120" HEIGHT="27" WC="0.96" CONTENT="skyldighet"/><SP WIDTH="17" VPOS="820" HPOS="612"/>
							<String ID="string_236" HPOS="629" VPOS="819" WIDTH="32" HEIGHT="21" WC="0.96" CONTENT="för"/><SP WIDTH="15" VPOS="819" HPOS="661"/>
							<String ID="string_237" HPOS="676" VPOS="819" WIDTH="81" HEIGHT="25" WC="0.96" CONTENT="skolan,"/><SP WIDTH="16" VPOS="819" HPOS="757"/>
							<String ID="string_238" HPOS="773" VPOS="819" WIDTH="27" HEIGHT="21" WC="0.96" CONTENT="då"/><SP WIDTH="15" VPOS="819" HPOS="800"/>
							<String ID="string_239" HPOS="815" VPOS="819" WIDTH="26" HEIGHT="20" WC="0.93" CONTENT="de"/><SP WIDTH="15" VPOS="819" HPOS="841"/>
							<String ID="string_240" HPOS="856" VPOS="824" WIDTH="44" HEIGHT="15" WC="0.93" CONTENT="om-"/>
						</TextLine>
						<TextLine ID="line_24" HPOS="77" VPOS="847" WIDTH="823" HEIGHT="28">
							<String ID="string_241" HPOS="77" VPOS="849" WIDTH="144" HEIGHT="26" WC="0.91" CONTENT="ständigheter"/><SP WIDTH="22" VPOS="849" HPOS="221"/>
							<String ID="string_242" HPOS="243" VPOS="855" WIDTH="45" HEIGHT="15" WC="0.95" CONTENT="som"/><SP WIDTH="18" VPOS="855" HPOS="288"/>
							<String ID="string_243" HPOS="306" VPOS="849" WIDTH="86" HEIGHT="26" WC="0.96" CONTENT="menligt"/><SP WIDTH="15" VPOS="849" HPOS="392"/>
							<String ID="string_244" HPOS="407" VPOS="849" WIDTH="88" HEIGHT="21" WC="0.96" CONTENT="inverka"/><SP WIDTH="15" VPOS="849" HPOS="495"/>
							<String ID="string_245" HPOS="510" VPOS="849" WIDTH="27" HEIGHT="26" WC="0.93" CONTENT="på"/><SP WIDTH="15" VPOS="849" HPOS="537"/>
							<String ID="string_246" HPOS="552" VPOS="848" WIDTH="178" HEIGHT="26" WC="0.91" CONTENT="skolungdomens"/><SP WIDTH="15" VPOS="848" HPOS="730"/>
							<String ID="string_247" HPOS="745" VPOS="847" WIDTH="57" HEIGHT="21" WC="0.92" CONTENT="helsa"/><SP WIDTH="16" VPOS="847" HPOS="802"/>
							<String ID="string_248" HPOS="818" VPOS="847" WIDTH="31" HEIGHT="21" WC="0.96" CONTENT="för"/><SP WIDTH="15" VPOS="847" HPOS="849"/>
							<String ID="string_249" HPOS="864" VPOS="847" WIDTH="36" HEIGHT="20" WC="0.96" CONTENT="det"/>
						</TextLine>
						<TextLine ID="line_25" HPOS="78" VPOS="874" WIDTH="822" HEIGHT="30">
							<String ID="string_250" HPOS="78" VPOS="879" WIDTH="66" HEIGHT="19" WC="0.95" CONTENT="mesta"/><SP WIDTH="15" VPOS="879" HPOS="144"/>
							<String ID="string_251" HPOS="159" VPOS="880" WIDTH="36" HEIGHT="18" WC="0.96" CONTENT="äro"/><SP WIDTH="16" VPOS="880" HPOS="195"/>
							<String ID="string_252" HPOS="211" VPOS="877" WIDTH="109" HEIGHT="27" WC="0.64" CONTENT="placerade"/><SP WIDTH="16" VPOS="877" HPOS="320"/>
							<String ID="string_253" HPOS="336" VPOS="879" WIDTH="58" HEIGHT="19" WC="0.96" CONTENT="utom"/><SP WIDTH="16" VPOS="879" HPOS="394"/>
							<String ID="string_254" HPOS="410" VPOS="876" WIDTH="80" HEIGHT="22" WC="0.96" CONTENT="skolan."/><SP WIDTH="29" VPOS="876" HPOS="490"/>
							<String ID="string_255" HPOS="519" VPOS="877" WIDTH="49" HEIGHT="21" WC="0.96" CONTENT="Man"/><SP WIDTH="16" VPOS="877" HPOS="568"/>
							<String ID="string_256" HPOS="584" VPOS="876" WIDTH="54" HEIGHT="22" WC="0.96" CONTENT="talar"/><SP WIDTH="16" VPOS="876" HPOS="638"/>
							<String ID="string_257" HPOS="654" VPOS="876" WIDTH="33" HEIGHT="20" WC="0.96" CONTENT="väl"/><SP WIDTH="11" VPOS="876" HPOS="687"/>
							<String ID="string_258" HPOS="698" VPOS="876" WIDTH="82" HEIGHT="27" WC="0.96" CONTENT="mycket"/><SP WIDTH="10" VPOS="876" HPOS="780"/>
							<String ID="string_259" HPOS="790" VPOS="882" WIDTH="33" HEIGHT="14" WC="0.93" CONTENT="om"/><SP WIDTH="12" VPOS="882" HPOS="823"/>
							<String ID="string_260" HPOS="835" VPOS="874" WIDTH="65" HEIGHT="22" WC="0.93" CONTENT="öfver-"/>
						</TextLine>
						<TextLine ID="line_26" HPOS="78" VPOS="904" WIDTH="822" HEIGHT="28">
							<String ID="string_261" HPOS="78" VPOS="906" WIDTH="160" HEIGHT="26" WC="0.95" CONTENT="ansträngning;"/><SP WIDTH="16" VPOS="906" HPOS="238"/>
							<String ID="string_262" HPOS="254" VPOS="906" WIDTH="36" HEIGHT="20" WC="0.96" CONTENT="det"/><SP WIDTH="15" VPOS="906" HPOS="290"/>
							<String ID="string_263" HPOS="305" VPOS="908" WIDTH="23" HEIGHT="18" WC="0.96" CONTENT="är"/><SP WIDTH="15" VPOS="908" HPOS="328"/>
							<String ID="string_264" HPOS="343" VPOS="905" WIDTH="81" HEIGHT="27" WC="0.96" CONTENT="möjligt"/><SP WIDTH="15" VPOS="905" HPOS="424"/>
							<String ID="string_265" HPOS="439" VPOS="907" WIDTH="33" HEIGHT="19" WC="0.96" CONTENT="att"/><SP WIDTH="15" VPOS="907" HPOS="472"/>
							<String ID="string_266" HPOS="487" VPOS="906" WIDTH="65" HEIGHT="21" WC="0.96" CONTENT="sådan"/><SP WIDTH="16" VPOS="906" HPOS="552"/>
							<String ID="string_267" HPOS="568" VPOS="904" WIDTH="73" HEIGHT="27" WC="0.96" CONTENT="finnes,"/><SP WIDTH="17" VPOS="904" HPOS="641"/>
							<String ID="string_268" HPOS="658" VPOS="911" WIDTH="47" HEIGHT="14" WC="0.96" CONTENT="men"/><SP WIDTH="16" VPOS="911" HPOS="705"/>
							<String ID="string_269" HPOS="721" VPOS="904" WIDTH="26" HEIGHT="21" WC="0.96" CONTENT="då"/><SP WIDTH="15" VPOS="904" HPOS="747"/>
							<String ID="string_270" HPOS="762" VPOS="906" WIDTH="24" HEIGHT="19" WC="0.96" CONTENT="är"/><SP WIDTH="16" VPOS="906" HPOS="786"/>
							<String ID="string_271" HPOS="802" VPOS="904" WIDTH="34" HEIGHT="21" WC="0.96" CONTENT="det"/><SP WIDTH="11" VPOS="904" HPOS="836"/>
							<String ID="string_272" HPOS="847" VPOS="905" WIDTH="53" HEIGHT="19" WC="0.96" CONTENT="mest"/>
						</TextLine>
						<TextLine ID="line_27" HPOS="78" VPOS="932" WIDTH="821" HEIGHT="28">
							<String ID="string_273" HPOS="78" VPOS="934" WIDTH="31" HEIGHT="20" WC="0.96" CONTENT="till"/><SP WIDTH="23" VPOS="934" HPOS="109"/>
							<String ID="string_274" HPOS="132" VPOS="934" WIDTH="50" HEIGHT="26" WC="0.96" CONTENT="följd"/><SP WIDTH="23" VPOS="934" HPOS="182"/>
							<String ID="string_275" HPOS="205" VPOS="934" WIDTH="22" HEIGHT="21" WC="0.95" CONTENT="af"/><SP WIDTH="20" VPOS="934" HPOS="227"/>
							<String ID="string_276" HPOS="247" VPOS="935" WIDTH="50" HEIGHT="20" WC="0.96" CONTENT="våra"/><SP WIDTH="22" VPOS="935" HPOS="297"/>
							<String ID="string_277" HPOS="319" VPOS="936" WIDTH="88" HEIGHT="23" WC="0.93" CONTENT="säregna"/><SP WIDTH="24" VPOS="936" HPOS="407"/>
							<String ID="string_278" HPOS="431" VPOS="933" WIDTH="193" HEIGHT="22" WC="0.91" CONTENT="skolförhällanden"/><SP WIDTH="25" VPOS="933" HPOS="624"/>
							<String ID="string_279" HPOS="649" VPOS="933" WIDTH="39" HEIGHT="21" WC="0.96" CONTENT="och"/><SP WIDTH="14" VPOS="933" HPOS="688"/>
							<String ID="string_280" HPOS="702" VPOS="934" WIDTH="38" HEIGHT="20" WC="0.93" CONTENT="vår"/><SP WIDTH="14" VPOS="934" HPOS="740"/>
							<String ID="string_281" HPOS="754" VPOS="932" WIDTH="145" HEIGHT="26" WC="0.75" CONTENT="Jektionsplan,"/>
						</TextLine>
						<TextLine ID="line_28" HPOS="78" VPOS="961" WIDTH="823" HEIGHT="27">
							<String ID="string_282" HPOS="78" VPOS="962" WIDTH="84" HEIGHT="21" WC="0.93" CONTENT="hvilken"/><SP WIDTH="15" VPOS="962" HPOS="162"/>
							<String ID="string_283" HPOS="177" VPOS="962" WIDTH="113" HEIGHT="26" WC="0.92" CONTENT="skolrådet,"/><SP WIDTH="16" VPOS="962" HPOS="290"/>
							<String ID="string_284" HPOS="306" VPOS="962" WIDTH="180" HEIGHT="22" WC="0.92" CONTENT="skoldirektionen"/><SP WIDTH="16" VPOS="962" HPOS="486"/>
							<String ID="string_285" HPOS="502" VPOS="962" WIDTH="39" HEIGHT="21" WC="0.96" CONTENT="och"/><SP WIDTH="15" VPOS="962" HPOS="541"/>
							<String ID="string_286" HPOS="556" VPOS="962" WIDTH="134" HEIGHT="21" WC="0.96" CONTENT="skolläkaren"/><SP WIDTH="16" VPOS="962" HPOS="690"/>
							<String ID="string_287" HPOS="706" VPOS="961" WIDTH="46" HEIGHT="21" WC="0.93" CONTENT="icke"/><SP WIDTH="15" VPOS="961" HPOS="752"/>
							<String ID="string_288" HPOS="767" VPOS="968" WIDTH="39" HEIGHT="19" WC="0.92" CONTENT="ega"/><SP WIDTH="10" VPOS="968" HPOS="806"/>
							<String ID="string_289" HPOS="816" VPOS="962" WIDTH="32" HEIGHT="20" WC="0.93" CONTENT="att"/><SP WIDTH="10" VPOS="962" HPOS="848"/>
							<String ID="string_290" HPOS="858" VPOS="966" WIDTH="43" HEIGHT="15" WC="0.92" CONTENT="om-"/>
						</TextLine>
						<TextLine ID="line_29" HPOS="78" VPOS="989" WIDTH="823" HEIGHT="29">
							<String ID="string_291" HPOS="78" VPOS="991" WIDTH="72" HEIGHT="21" WC="0.95" CONTENT="ändra."/><SP WIDTH="31" VPOS="991" HPOS="150"/>
							<String ID="string_292" HPOS="181" VPOS="990" WIDTH="71" HEIGHT="22" WC="0.96" CONTENT="Gäller"/><SP WIDTH="22" VPOS="990" HPOS="252"/>
							<String ID="string_293" HPOS="274" VPOS="991" WIDTH="36" HEIGHT="21" WC="0.96" CONTENT="det"/><SP WIDTH="18" VPOS="991" HPOS="310"/>
							<String ID="string_294" HPOS="328" VPOS="992" WIDTH="47" HEIGHT="20" WC="0.96" CONTENT="åter"/><SP WIDTH="15" VPOS="992" HPOS="375"/>
							<String ID="string_295" HPOS="390" VPOS="990" WIDTH="32" HEIGHT="21" WC="0.92" CONTENT="för"/><SP WIDTH="15" VPOS="990" HPOS="422"/>
							<String ID="string_296" HPOS="437" VPOS="990" WIDTH="153" HEIGHT="28" WC="0.91" CONTENT="skolstyrelsen"/><SP WIDTH="16" VPOS="990" HPOS="590"/>
							<String ID="string_297" HPOS="606" VPOS="992" WIDTH="32" HEIGHT="20" WC="0.96" CONTENT="att"/><SP WIDTH="16" VPOS="992" HPOS="638"/>
							<String ID="string_298" HPOS="654" VPOS="990" WIDTH="88" HEIGHT="21" WC="0.96" CONTENT="anställa"/><SP WIDTH="14" VPOS="990" HPOS="742"/>
							<String ID="string_299" HPOS="756" VPOS="989" WIDTH="145" HEIGHT="25" WC="0.96" CONTENT="förändringar"/>
						</TextLine>
						<TextLine ID="line_30" HPOS="78" VPOS="1017" WIDTH="822" HEIGHT="29">
							<String ID="string_300" HPOS="78" VPOS="1019" WIDTH="6" HEIGHT="21" WC="0.93" CONTENT="i"/><SP WIDTH="16" VPOS="1019" HPOS="84"/>
							<String ID="string_301" HPOS="100" VPOS="1019" WIDTH="174" HEIGHT="27" WC="0.92" CONTENT="lektionsplanen,"/><SP WIDTH="16" VPOS="1019" HPOS="274"/>
							<String ID="string_302" HPOS="290" VPOS="1020" WIDTH="23" HEIGHT="20" WC="0.96" CONTENT="så"/><SP WIDTH="15" VPOS="1020" HPOS="313"/>
							<String ID="string_303" HPOS="328" VPOS="1020" WIDTH="61" HEIGHT="20" WC="0.96" CONTENT="torde"/><SP WIDTH="15" VPOS="1020" HPOS="389"/>
							<String ID="string_304" HPOS="404" VPOS="1019" WIDTH="70" HEIGHT="21" WC="0.96" CONTENT="denna"/><SP WIDTH="16" VPOS="1019" HPOS="474"/>
							<String ID="string_305" HPOS="490" VPOS="1019" WIDTH="122" HEIGHT="27" WC="0.96" CONTENT="myndighet"/><SP WIDTH="15" VPOS="1019" HPOS="612"/>
							<String ID="string_306" HPOS="627" VPOS="1018" WIDTH="61" HEIGHT="22" WC="0.96" CONTENT="äfven"/><SP WIDTH="15" VPOS="1018" HPOS="688"/>
							<String ID="string_307" HPOS="703" VPOS="1018" WIDTH="6" HEIGHT="20" WC="0.96" CONTENT="i"/><SP WIDTH="16" VPOS="1018" HPOS="709"/>
							<String ID="string_308" HPOS="725" VPOS="1019" WIDTH="58" HEIGHT="20" WC="0.96" CONTENT="detta"/><SP WIDTH="15" VPOS="1019" HPOS="783"/>
							<String ID="string_309" HPOS="798" VPOS="1017" WIDTH="102" HEIGHT="25" WC="0.96" CONTENT="afseende,"/>
						</TextLine>
						<TextLine ID="line_31" HPOS="79" VPOS="1044" WIDTH="823" HEIGHT="30">
							<String ID="string_310" HPOS="79" VPOS="1054" WIDTH="33" HEIGHT="14" WC="0.96" CONTENT="om"/><SP WIDTH="24" VPOS="1054" HPOS="112"/>
							<String ID="string_311" HPOS="136" VPOS="1048" WIDTH="36" HEIGHT="20" WC="0.93" CONTENT="det"/><SP WIDTH="22" VPOS="1048" HPOS="172"/>
							<String ID="string_312" HPOS="194" VPOS="1047" WIDTH="93" HEIGHT="22" WC="0.92" CONTENT="befinnes"/><SP WIDTH="22" VPOS="1047" HPOS="287"/>
							<String ID="string_313" HPOS="309" VPOS="1048" WIDTH="79" HEIGHT="26" WC="0.92" CONTENT="nödigt,"/><SP WIDTH="16" VPOS="1048" HPOS="388"/>
							<String ID="string_314" HPOS="404" VPOS="1048" WIDTH="62" HEIGHT="20" WC="0.95" CONTENT="hafva"/><SP WIDTH="16" VPOS="1048" HPOS="466"/>
							<String ID="string_315" HPOS="482" VPOS="1048" WIDTH="82" HEIGHT="20" WC="0.95" CONTENT="tillfälle"/><SP WIDTH="15" VPOS="1048" HPOS="564"/>
							<String ID="string_316" HPOS="579" VPOS="1049" WIDTH="32" HEIGHT="19" WC="0.96" CONTENT="att"/><SP WIDTH="15" VPOS="1049" HPOS="611"/>
							<String ID="string_317" HPOS="626" VPOS="1047" WIDTH="53" HEIGHT="21" WC="0.96" CONTENT="höra"/><SP WIDTH="15" VPOS="1047" HPOS="679"/>
							<String ID="string_318" HPOS="694" VPOS="1046" WIDTH="101" HEIGHT="26" WC="0.96" CONTENT="fackmän,"/><SP WIDTH="16" VPOS="1046" HPOS="795"/>
							<String ID="string_319" HPOS="811" VPOS="1046" WIDTH="47" HEIGHT="20" WC="0.93" CONTENT="med"/><SP WIDTH="15" VPOS="1046" HPOS="858"/>
							<String ID="string_320" HPOS="873" VPOS="1044" WIDTH="29" HEIGHT="22" WC="0.93" CONTENT="af-"/>
						</TextLine>
						<TextLine ID="line_32" HPOS="78" VPOS="1073" WIDTH="824" HEIGHT="30">
							<String ID="string_321" HPOS="78" VPOS="1076" WIDTH="77" HEIGHT="21" WC="0.92" CONTENT="seende"/><SP WIDTH="20" VPOS="1076" HPOS="155"/>
							<String ID="string_322" HPOS="175" VPOS="1077" WIDTH="12" HEIGHT="20" WC="0.92" CONTENT="å"/><SP WIDTH="16" VPOS="1077" HPOS="187"/>
							<String ID="string_323" HPOS="203" VPOS="1076" WIDTH="25" HEIGHT="22" WC="0.96" CONTENT="de"/><SP WIDTH="18" VPOS="1076" HPOS="228"/>
							<String ID="string_324" HPOS="246" VPOS="1076" WIDTH="121" HEIGHT="27" WC="0.96" CONTENT="hygieniska"/><SP WIDTH="15" VPOS="1076" HPOS="367"/>
							<String ID="string_325" HPOS="382" VPOS="1076" WIDTH="154" HEIGHT="26" WC="0.93" CONTENT="fordringarna."/><SP WIDTH="17" VPOS="1076" HPOS="536"/>
							<String ID="string_326" HPOS="553" VPOS="1088" WIDTH="24" HEIGHT="2" WC="0.92" CONTENT="—"/><SP WIDTH="17" VPOS="1088" HPOS="577"/>
							<String ID="string_327" HPOS="594" VPOS="1076" WIDTH="67" HEIGHT="21" WC="0.96" CONTENT="Dessa"/><SP WIDTH="15" VPOS="1076" HPOS="661"/>
							<String ID="string_328" HPOS="676" VPOS="1075" WIDTH="129" HEIGHT="27" WC="0.95" CONTENT="synpunkter"/><SP WIDTH="14" VPOS="1075" HPOS="805"/>
							<String ID="string_329" HPOS="819" VPOS="1074" WIDTH="61" HEIGHT="21" WC="0.95" CONTENT="hafva"/><SP WIDTH="14" VPOS="1074" HPOS="880"/>
							<String ID="string_330" HPOS="894" VPOS="1073" WIDTH="8" HEIGHT="21" WC="0.96" CONTENT="i"/>
						</TextLine>
						<TextLine ID="line_33" HPOS="78" VPOS="1103" WIDTH="822" HEIGHT="28">
							<String ID="string_331" HPOS="78" VPOS="1105" WIDTH="69" HEIGHT="26" WC="0.96" CONTENT="någon"/><SP WIDTH="9" VPOS="1105" HPOS="147"/>
							<String ID="string_332" HPOS="156" VPOS="1105" WIDTH="47" HEIGHT="21" WC="0.96" CONTENT="mån"/><SP WIDTH="11" VPOS="1105" HPOS="203"/>
							<String ID="string_333" HPOS="214" VPOS="1105" WIDTH="54" HEIGHT="21" WC="0.96" CONTENT="varit"/><SP WIDTH="10" VPOS="1105" HPOS="268"/>
							<String ID="string_334" HPOS="278" VPOS="1105" WIDTH="156" HEIGHT="21" WC="0.96" CONTENT="bestämmande"/><SP WIDTH="12" VPOS="1105" HPOS="434"/>
							<String ID="string_335" HPOS="446" VPOS="1104" WIDTH="33" HEIGHT="21" WC="0.96" CONTENT="för"/><SP WIDTH="11" VPOS="1104" HPOS="479"/>
							<String ID="string_336" HPOS="490" VPOS="1104" WIDTH="42" HEIGHT="26" WC="0.96" CONTENT="mig"/><SP WIDTH="11" VPOS="1104" HPOS="532"/>
							<String ID="string_337" HPOS="543" VPOS="1104" WIDTH="38" HEIGHT="21" WC="0.96" CONTENT="och"/><SP WIDTH="11" VPOS="1104" HPOS="581"/>
							<String ID="string_338" HPOS="592" VPOS="1104" WIDTH="62" HEIGHT="21" WC="0.96" CONTENT="hafva"/><SP WIDTH="10" VPOS="1104" HPOS="654"/>
							<String ID="string_339" HPOS="664" VPOS="1104" WIDTH="46" HEIGHT="21" WC="0.96" CONTENT="icke"/><SP WIDTH="10" VPOS="1104" HPOS="710"/>
							<String ID="string_340" HPOS="720" VPOS="1104" WIDTH="55" HEIGHT="26" WC="0.96" CONTENT="gjort"/><SP WIDTH="10" VPOS="1104" HPOS="775"/>
							<String ID="string_341" HPOS="785" VPOS="1103" WIDTH="41" HEIGHT="26" WC="0.96" CONTENT="mig"/><SP WIDTH="11" VPOS="1103" HPOS="826"/>
							<String ID="string_342" HPOS="837" VPOS="1108" WIDTH="63" HEIGHT="20" WC="0.96" CONTENT="varm,"/>
						</TextLine>
						<TextLine ID="line_34" HPOS="79" VPOS="1130" WIDTH="822" HEIGHT="30">
							<String ID="string_343" HPOS="79" VPOS="1133" WIDTH="92" HEIGHT="21" WC="0.92" CONTENT="hvarken"/><SP WIDTH="22" VPOS="1133" HPOS="171"/>
							<String ID="string_344" HPOS="193" VPOS="1133" WIDTH="33" HEIGHT="21" WC="0.92" CONTENT="för"/><SP WIDTH="22" VPOS="1133" HPOS="226"/>
							<String ID="string_345" HPOS="248" VPOS="1134" WIDTH="149" HEIGHT="26" WC="0.89" CONTENT="petitionärens"/><SP WIDTH="23" VPOS="1134" HPOS="397"/>
							<String ID="string_346" HPOS="420" VPOS="1133" WIDTH="144" HEIGHT="21" WC="0.91" CONTENT="slutanhållan"/><SP WIDTH="22" VPOS="1133" HPOS="564"/>
							<String ID="string_347" HPOS="586" VPOS="1132" WIDTH="52" HEIGHT="22" WC="0.95" CONTENT="eller"/><SP WIDTH="18" VPOS="1132" HPOS="638"/>
							<String ID="string_348" HPOS="656" VPOS="1132" WIDTH="33" HEIGHT="21" WC="0.96" CONTENT="för"/><SP WIDTH="15" VPOS="1132" HPOS="689"/>
							<String ID="string_349" HPOS="704" VPOS="1132" WIDTH="40" HEIGHT="21" WC="0.96" CONTENT="den"/><SP WIDTH="16" VPOS="1132" HPOS="744"/>
							<String ID="string_350" HPOS="760" VPOS="1130" WIDTH="141" HEIGHT="23" WC="0.96" CONTENT="betänkandet"/>
						</TextLine>
						<TextLine ID="line_35" HPOS="79" VPOS="1159" WIDTH="823" HEIGHT="29">
							<String ID="string_351" HPOS="79" VPOS="1161" WIDTH="109" HEIGHT="27" WC="0.93" CONTENT="vidfogade"/><SP WIDTH="23" VPOS="1161" HPOS="188"/>
							<String ID="string_352" HPOS="211" VPOS="1162" WIDTH="166" HEIGHT="21" WC="0.91" CONTENT="reservationens"/><SP WIDTH="23" VPOS="1162" HPOS="377"/>
							<String ID="string_353" HPOS="400" VPOS="1162" WIDTH="63" HEIGHT="20" WC="0.96" CONTENT="kläm."/><SP WIDTH="33" VPOS="1162" HPOS="463"/>
							<String ID="string_354" HPOS="496" VPOS="1162" WIDTH="48" HEIGHT="20" WC="0.92" CONTENT="Men"/><SP WIDTH="24" VPOS="1162" HPOS="544"/>
							<String ID="string_355" HPOS="568" VPOS="1161" WIDTH="69" HEIGHT="21" WC="0.90" CONTENT="dertill"/><SP WIDTH="22" VPOS="1161" HPOS="637"/>
							<String ID="string_356" HPOS="659" VPOS="1161" WIDTH="84" HEIGHT="21" WC="0.96" CONTENT="komma"/><SP WIDTH="21" VPOS="1161" HPOS="743"/>
							<String ID="string_357" HPOS="764" VPOS="1162" WIDTH="55" HEIGHT="19" WC="0.95" CONTENT="ännu"/><SP WIDTH="17" VPOS="1162" HPOS="819"/>
							<String ID="string_358" HPOS="836" VPOS="1159" WIDTH="66" HEIGHT="21" WC="0.96" CONTENT="andra"/>
						</TextLine>
						<TextLine ID="line_36" HPOS="79" VPOS="1187" WIDTH="821" HEIGHT="29">
							<String ID="string_359" HPOS="79" VPOS="1190" WIDTH="183" HEIGHT="26" WC="0.96" CONTENT="omständigheter."/><SP WIDTH="31" VPOS="1190" HPOS="262"/>
							<String ID="string_360" HPOS="293" VPOS="1190" WIDTH="40" HEIGHT="26" WC="0.96" CONTENT="Jag"/><SP WIDTH="22" VPOS="1190" HPOS="333"/>
							<String ID="string_361" HPOS="355" VPOS="1190" WIDTH="38" HEIGHT="21" WC="0.96" CONTENT="har"/><SP WIDTH="22" VPOS="1190" HPOS="393"/>
							<String ID="string_362" HPOS="415" VPOS="1190" WIDTH="67" HEIGHT="21" WC="0.96" CONTENT="redan"/><SP WIDTH="24" VPOS="1190" HPOS="482"/>
							<String ID="string_363" HPOS="506" VPOS="1192" WIDTH="52" HEIGHT="24" WC="0.96" CONTENT="sagt,"/><SP WIDTH="21" VPOS="1192" HPOS="558"/>
							<String ID="string_364" HPOS="579" VPOS="1187" WIDTH="31" HEIGHT="23" WC="0.82" CONTENT="att"/><SP WIDTH="15" VPOS="1187" HPOS="610"/>
							<String ID="string_365" HPOS="625" VPOS="1190" WIDTH="36" HEIGHT="26" WC="0.96" CONTENT="jag"/><SP WIDTH="16" VPOS="1190" HPOS="661"/>
							<String ID="string_366" HPOS="677" VPOS="1189" WIDTH="31" HEIGHT="21" WC="0.96" CONTENT="för"/><SP WIDTH="15" VPOS="1189" HPOS="708"/>
							<String ID="string_367" HPOS="723" VPOS="1189" WIDTH="41" HEIGHT="21" WC="0.96" CONTENT="min"/><SP WIDTH="16" VPOS="1189" HPOS="764"/>
							<String ID="string_368" HPOS="780" VPOS="1188" WIDTH="33" HEIGHT="22" WC="0.96" CONTENT="del"/><SP WIDTH="15" VPOS="1188" HPOS="813"/>
							<String ID="string_369" HPOS="828" VPOS="1187" WIDTH="72" HEIGHT="26" WC="0.96" CONTENT="finner,"/>
						</TextLine>
						<TextLine ID="line_37" HPOS="79" VPOS="1217" WIDTH="822" HEIGHT="27">
							<String ID="string_370" HPOS="79" VPOS="1220" WIDTH="31" HEIGHT="19" WC="0.96" CONTENT="att"/><SP WIDTH="16" VPOS="1220" HPOS="110"/>
							<String ID="string_371" HPOS="126" VPOS="1218" WIDTH="36" HEIGHT="21" WC="0.96" CONTENT="det"/><SP WIDTH="15" VPOS="1218" HPOS="162"/>
							<String ID="string_372" HPOS="177" VPOS="1219" WIDTH="46" HEIGHT="21" WC="0.96" CONTENT="icke"/><SP WIDTH="15" VPOS="1219" HPOS="223"/>
							<String ID="string_373" HPOS="238" VPOS="1221" WIDTH="24" HEIGHT="18" WC="0.96" CONTENT="är"/><SP WIDTH="15" VPOS="1221" HPOS="262"/>
							<String ID="string_374" HPOS="277" VPOS="1219" WIDTH="115" HEIGHT="25" WC="0.93" CONTENT="skolornas,"/><SP WIDTH="16" VPOS="1219" HPOS="392"/>
							<String ID="string_375" HPOS="408" VPOS="1218" WIDTH="95" HEIGHT="21" WC="0.91" CONTENT="hvarken"/><SP WIDTH="15" VPOS="1218" HPOS="503"/>
							<String ID="string_376" HPOS="518" VPOS="1218" WIDTH="164" HEIGHT="21" WC="0.91" CONTENT="statsskolornas"/><SP WIDTH="16" VPOS="1218" HPOS="682"/>
							<String ID="string_377" HPOS="698" VPOS="1217" WIDTH="50" HEIGHT="21" WC="0.96" CONTENT="eller"/><SP WIDTH="15" VPOS="1217" HPOS="748"/>
							<String ID="string_378" HPOS="763" VPOS="1218" WIDTH="25" HEIGHT="20" WC="0.93" CONTENT="de"/><SP WIDTH="15" VPOS="1218" HPOS="788"/>
							<String ID="string_379" HPOS="803" VPOS="1217" WIDTH="98" HEIGHT="26" WC="0.91" CONTENT="privatas,"/>
						</TextLine>
						<TextLine ID="line_38" HPOS="79" VPOS="1244" WIDTH="823" HEIGHT="30">
							<String ID="string_380" HPOS="79" VPOS="1246" WIDTH="53" HEIGHT="21" WC="0.96" CONTENT="allra"/><SP WIDTH="23" VPOS="1246" HPOS="132"/>
							<String ID="string_381" HPOS="155" VPOS="1247" WIDTH="62" HEIGHT="21" WC="0.96" CONTENT="minst"/><SP WIDTH="23" VPOS="1247" HPOS="217"/>
							<String ID="string_382" HPOS="240" VPOS="1247" WIDTH="26" HEIGHT="21" WC="0.91" CONTENT="de"/><SP WIDTH="21" VPOS="1247" HPOS="266"/>
							<String ID="string_383" HPOS="287" VPOS="1247" WIDTH="67" HEIGHT="21" WC="0.90" CONTENT="förras"/><SP WIDTH="22" VPOS="1247" HPOS="354"/>
							<String ID="string_384" HPOS="376" VPOS="1246" WIDTH="123" HEIGHT="28" WC="0.96" CONTENT="skyldighet"/><SP WIDTH="15" VPOS="1246" HPOS="499"/>
							<String ID="string_385" HPOS="514" VPOS="1249" WIDTH="31" HEIGHT="19" WC="0.93" CONTENT="att"/><SP WIDTH="16" VPOS="1249" HPOS="545"/>
							<String ID="string_386" HPOS="561" VPOS="1246" WIDTH="71" HEIGHT="22" WC="0.92" CONTENT="utöfva"/><SP WIDTH="16" VPOS="1246" HPOS="632"/>
							<String ID="string_387" HPOS="648" VPOS="1253" WIDTH="26" HEIGHT="14" WC="0.96" CONTENT="en"/><SP WIDTH="15" VPOS="1253" HPOS="674"/>
							<String ID="string_388" HPOS="689" VPOS="1246" WIDTH="37" HEIGHT="20" WC="0.96" CONTENT="allt"/><SP WIDTH="14" VPOS="1246" HPOS="726"/>
							<String ID="string_389" HPOS="740" VPOS="1246" WIDTH="32" HEIGHT="20" WC="0.96" CONTENT="för"/><SP WIDTH="15" VPOS="1246" HPOS="772"/>
							<String ID="string_390" HPOS="787" VPOS="1244" WIDTH="115" HEIGHT="22" WC="0.96" CONTENT="vidsträckt"/>
						</TextLine>
						<TextLine ID="line_39" HPOS="79" VPOS="1274" WIDTH="823" HEIGHT="27">
							<String ID="string_391" HPOS="79" VPOS="1275" WIDTH="114" HEIGHT="21" WC="0.96" CONTENT="medicinsk"/><SP WIDTH="15" VPOS="1275" HPOS="193"/>
							<String ID="string_392" HPOS="208" VPOS="1276" WIDTH="118" HEIGHT="25" WC="0.96" CONTENT="inspektion"/><SP WIDTH="17" VPOS="1276" HPOS="326"/>
							<String ID="string_393" HPOS="343" VPOS="1275" WIDTH="57" HEIGHT="21" WC="0.96" CONTENT="öfver"/><SP WIDTH="14" VPOS="1275" HPOS="400"/>
							<String ID="string_394" HPOS="414" VPOS="1275" WIDTH="46" HEIGHT="20" WC="0.96" CONTENT="sina"/><SP WIDTH="17" VPOS="1275" HPOS="460"/>
							<String ID="string_395" HPOS="477" VPOS="1275" WIDTH="101" HEIGHT="21" WC="0.93" CONTENT="alumner."/><SP WIDTH="26" VPOS="1275" HPOS="578"/>
							<String ID="string_396" HPOS="604" VPOS="1275" WIDTH="97" HEIGHT="20" WC="0.92" CONTENT="Fastmer"/><SP WIDTH="15" VPOS="1275" HPOS="701"/>
							<String ID="string_397" HPOS="716" VPOS="1277" WIDTH="24" HEIGHT="18" WC="0.97" CONTENT="är"/><SP WIDTH="11" VPOS="1277" HPOS="740"/>
							<String ID="string_398" HPOS="751" VPOS="1274" WIDTH="35" HEIGHT="21" WC="0.93" CONTENT="det"/><SP WIDTH="10" VPOS="1274" HPOS="786"/>
							<String ID="string_399" HPOS="796" VPOS="1274" WIDTH="106" HEIGHT="20" WC="0.90" CONTENT="hemmens"/>
						</TextLine>
						<TextLine ID="line_40" HPOS="79" VPOS="1300" WIDTH="823" HEIGHT="30">
							<String ID="string_400" HPOS="79" VPOS="1303" WIDTH="101" HEIGHT="27" WC="0.96" CONTENT="rättighet"/><SP WIDTH="16" VPOS="1303" HPOS="180"/>
							<String ID="string_401" HPOS="196" VPOS="1304" WIDTH="38" HEIGHT="21" WC="0.96" CONTENT="och"/><SP WIDTH="16" VPOS="1304" HPOS="234"/>
							<String ID="string_402" HPOS="250" VPOS="1304" WIDTH="79" HEIGHT="21" WC="0.96" CONTENT="kanske"/><SP WIDTH="16" VPOS="1304" HPOS="329"/>
							<String ID="string_403" HPOS="345" VPOS="1304" WIDTH="60" HEIGHT="21" WC="0.96" CONTENT="deras"/><SP WIDTH="15" VPOS="1304" HPOS="405"/>
							<String ID="string_404" HPOS="420" VPOS="1303" WIDTH="123" HEIGHT="27" WC="0.96" CONTENT="skyldighet"/><SP WIDTH="15" VPOS="1303" HPOS="543"/>
							<String ID="string_405" HPOS="558" VPOS="1305" WIDTH="31" HEIGHT="19" WC="0.96" CONTENT="att"/><SP WIDTH="15" VPOS="1305" HPOS="589"/>
							<String ID="string_406" HPOS="604" VPOS="1303" WIDTH="82" HEIGHT="26" WC="0.96" CONTENT="ingripa"/><SP WIDTH="14" VPOS="1303" HPOS="686"/>
							<String ID="string_407" HPOS="700" VPOS="1303" WIDTH="7" HEIGHT="20" WC="0.96" CONTENT="i"/><SP WIDTH="13" VPOS="1303" HPOS="707"/>
							<String ID="string_408" HPOS="720" VPOS="1302" WIDTH="75" HEIGHT="21" WC="0.96" CONTENT="sådant"/><SP WIDTH="11" VPOS="1302" HPOS="795"/>
							<String ID="string_409" HPOS="806" VPOS="1300" WIDTH="96" HEIGHT="22" WC="0.96" CONTENT="afseende"/>
						</TextLine>
						<TextLine ID="line_41" HPOS="80" VPOS="1328" WIDTH="822" HEIGHT="30">
							<String ID="string_410" HPOS="80" VPOS="1332" WIDTH="38" HEIGHT="21" WC="0.96" CONTENT="och"/><SP WIDTH="16" VPOS="1332" HPOS="118"/>
							<String ID="string_411" HPOS="134" VPOS="1333" WIDTH="52" HEIGHT="25" WC="0.96" CONTENT="göra"/><SP WIDTH="15" VPOS="1333" HPOS="186"/>
							<String ID="string_412" HPOS="201" VPOS="1332" WIDTH="54" HEIGHT="21" WC="0.96" CONTENT="hvad"/><SP WIDTH="16" VPOS="1332" HPOS="255"/>
							<String ID="string_413" HPOS="271" VPOS="1333" WIDTH="27" HEIGHT="25" WC="0.96" CONTENT="på"/><SP WIDTH="15" VPOS="1333" HPOS="298"/>
							<String ID="string_414" HPOS="313" VPOS="1332" WIDTH="46" HEIGHT="21" WC="0.96" CONTENT="dem"/><SP WIDTH="16" VPOS="1332" HPOS="359"/>
							<String ID="string_415" HPOS="375" VPOS="1332" WIDTH="126" HEIGHT="21" WC="0.96" CONTENT="ankommer"/><SP WIDTH="15" VPOS="1332" HPOS="501"/>
							<String ID="string_416" HPOS="516" VPOS="1332" WIDTH="39" HEIGHT="21" WC="0.93" CONTENT="och"/><SP WIDTH="17" VPOS="1332" HPOS="555"/>
							<String ID="string_417" HPOS="572" VPOS="1331" WIDTH="72" HEIGHT="22" WC="0.92" CONTENT="dervid"/><SP WIDTH="16" VPOS="1331" HPOS="644"/>
							<String ID="string_418" HPOS="660" VPOS="1330" WIDTH="62" HEIGHT="22" WC="0.96" CONTENT="också"/><SP WIDTH="15" VPOS="1330" HPOS="722"/>
							<String ID="string_419" HPOS="737" VPOS="1331" WIDTH="75" HEIGHT="20" WC="0.96" CONTENT="beröra"/><SP WIDTH="10" VPOS="1331" HPOS="812"/>
							<String ID="string_420" HPOS="822" VPOS="1328" WIDTH="80" HEIGHT="22" WC="0.96" CONTENT="skolan."/>
						</TextLine>
						<TextLine ID="line_42" HPOS="79" VPOS="1357" WIDTH="824" HEIGHT="30">
							<String ID="string_421" HPOS="79" VPOS="1360" WIDTH="11" HEIGHT="22" WC="0.95" CONTENT="I"/><SP WIDTH="22" VPOS="1360" HPOS="90"/>
							<String ID="string_422" HPOS="112" VPOS="1361" WIDTH="69" HEIGHT="21" WC="0.96" CONTENT="denna"/><SP WIDTH="22" VPOS="1361" HPOS="181"/>
							<String ID="string_423" HPOS="203" VPOS="1361" WIDTH="92" HEIGHT="26" WC="0.96" CONTENT="riktning"/><SP WIDTH="22" VPOS="1361" HPOS="295"/>
							<String ID="string_424" HPOS="317" VPOS="1361" WIDTH="39" HEIGHT="21" WC="0.96" CONTENT="har"/><SP WIDTH="15" VPOS="1361" HPOS="356"/>
							<String ID="string_425" HPOS="371" VPOS="1361" WIDTH="37" HEIGHT="26" WC="0.96" CONTENT="jag"/><SP WIDTH="15" VPOS="1361" HPOS="408"/>
							<String ID="string_426" HPOS="423" VPOS="1360" WIDTH="66" HEIGHT="21" WC="0.77" CONTENT="också"/><SP WIDTH="15" VPOS="1360" HPOS="489"/>
							<String ID="string_427" HPOS="504" VPOS="1363" WIDTH="54" HEIGHT="19" WC="0.96" CONTENT="trott"/><SP WIDTH="15" VPOS="1363" HPOS="558"/>
							<String ID="string_428" HPOS="573" VPOS="1361" WIDTH="41" HEIGHT="25" WC="0.96" CONTENT="mig"/><SP WIDTH="15" VPOS="1361" HPOS="614"/>
							<String ID="string_429" HPOS="629" VPOS="1360" WIDTH="57" HEIGHT="20" WC="0.96" CONTENT="finna"/><SP WIDTH="15" VPOS="1360" HPOS="686"/>
							<String ID="string_430" HPOS="701" VPOS="1362" WIDTH="31" HEIGHT="18" WC="0.96" CONTENT="att"/><SP WIDTH="15" VPOS="1362" HPOS="732"/>
							<String ID="string_431" HPOS="747" VPOS="1357" WIDTH="156" HEIGHT="28" WC="0.96" CONTENT="lagstiftningen"/>
						</TextLine>
						<TextLine ID="line_43" HPOS="80" VPOS="1385" WIDTH="824" HEIGHT="30">
							<String ID="string_432" HPOS="80" VPOS="1390" WIDTH="43" HEIGHT="25" WC="0.96" CONTENT="går,"/><SP WIDTH="24" VPOS="1390" HPOS="123"/>
							<String ID="string_433" HPOS="147" VPOS="1389" WIDTH="27" HEIGHT="21" WC="0.89" CONTENT="då"/><SP WIDTH="21" VPOS="1389" HPOS="174"/>
							<String ID="string_434" HPOS="195" VPOS="1389" WIDTH="108" HEIGHT="21" WC="0.89" CONTENT="skolrådet"/><SP WIDTH="20" VPOS="1389" HPOS="303"/>
							<String ID="string_435" HPOS="323" VPOS="1391" WIDTH="23" HEIGHT="19" WC="0.96" CONTENT="är"/><SP WIDTH="15" VPOS="1391" HPOS="346"/>
							<String ID="string_436" HPOS="361" VPOS="1388" WIDTH="76" HEIGHT="22" WC="0.95" CONTENT="tillsatt"/><SP WIDTH="15" VPOS="1388" HPOS="437"/>
							<String ID="string_437" HPOS="452" VPOS="1388" WIDTH="34" HEIGHT="21" WC="0.96" CONTENT="för"/><SP WIDTH="16" VPOS="1388" HPOS="486"/>
							<String ID="string_438" HPOS="502" VPOS="1391" WIDTH="32" HEIGHT="19" WC="0.96" CONTENT="att"/><SP WIDTH="15" VPOS="1391" HPOS="534"/>
							<String ID="string_439" HPOS="549" VPOS="1395" WIDTH="50" HEIGHT="15" WC="0.93" CONTENT="vara"/><SP WIDTH="15" VPOS="1395" HPOS="599"/>
							<String ID="string_440" HPOS="614" VPOS="1388" WIDTH="109" HEIGHT="21" WC="0.92" CONTENT="hemmens"/><SP WIDTH="15" VPOS="1388" HPOS="723"/>
							<String ID="string_441" HPOS="738" VPOS="1388" WIDTH="44" HEIGHT="20" WC="0.96" CONTENT="tolk"/><SP WIDTH="15" VPOS="1388" HPOS="782"/>
							<String ID="string_442" HPOS="797" VPOS="1386" WIDTH="51" HEIGHT="21" WC="0.96" CONTENT="eller"/><SP WIDTH="16" VPOS="1386" HPOS="848"/>
							<String ID="string_443" HPOS="864" VPOS="1385" WIDTH="40" HEIGHT="21" WC="0.96" CONTENT="den"/>
						</TextLine>
						<TextLine ID="line_44" HPOS="79" VPOS="1414" WIDTH="825" HEIGHT="30">
							<String ID="string_444" HPOS="79" VPOS="1418" WIDTH="129" HEIGHT="26" WC="0.96" CONTENT="myndighet,"/><SP WIDTH="23" VPOS="1418" HPOS="208"/>
							<String ID="string_445" HPOS="231" VPOS="1424" WIDTH="44" HEIGHT="15" WC="0.96" CONTENT="som"/><SP WIDTH="24" VPOS="1424" HPOS="275"/>
							<String ID="string_446" HPOS="299" VPOS="1417" WIDTH="113" HEIGHT="21" WC="0.94" CONTENT="förmedlar"/><SP WIDTH="16" VPOS="1417" HPOS="412"/>
							<String ID="string_447" HPOS="428" VPOS="1417" WIDTH="92" HEIGHT="21" WC="0.96" CONTENT="emellan"/><SP WIDTH="15" VPOS="1417" HPOS="520"/>
							<String ID="string_448" HPOS="535" VPOS="1417" WIDTH="97" HEIGHT="21" WC="0.96" CONTENT="hemmen"/><SP WIDTH="16" VPOS="1417" HPOS="632"/>
							<String ID="string_449" HPOS="648" VPOS="1416" WIDTH="39" HEIGHT="21" WC="0.96" CONTENT="och"/><SP WIDTH="15" VPOS="1416" HPOS="687"/>
							<String ID="string_450" HPOS="702" VPOS="1416" WIDTH="79" HEIGHT="21" WC="0.96" CONTENT="skolan."/><SP WIDTH="31" VPOS="1416" HPOS="781"/>
							<String ID="string_451" HPOS="812" VPOS="1414" WIDTH="44" HEIGHT="22" WC="0.95" CONTENT="Och"/><SP WIDTH="16" VPOS="1414" HPOS="856"/>
							<String ID="string_452" HPOS="872" VPOS="1415" WIDTH="32" HEIGHT="19" WC="0.95" CONTENT="att"/>
						</TextLine>
						<TextLine ID="line_45" HPOS="79" VPOS="1442" WIDTH="825" HEIGHT="30">
							<String ID="string_453" HPOS="79" VPOS="1446" WIDTH="96" HEIGHT="20" WC="0.95" CONTENT="hemmen"/><SP WIDTH="16" VPOS="1446" HPOS="175"/>
							<String ID="string_454" HPOS="191" VPOS="1448" WIDTH="43" HEIGHT="19" WC="0.95" CONTENT="rätt"/><SP WIDTH="15" VPOS="1448" HPOS="234"/>
							<String ID="string_455" HPOS="249" VPOS="1446" WIDTH="61" HEIGHT="21" WC="0.96" CONTENT="hafva"/><SP WIDTH="15" VPOS="1446" HPOS="310"/>
							<String ID="string_456" HPOS="325" VPOS="1445" WIDTH="107" HEIGHT="27" WC="0.93" CONTENT="uppfattat"/><SP WIDTH="16" VPOS="1445" HPOS="432"/>
							<String ID="string_457" HPOS="448" VPOS="1446" WIDTH="120" HEIGHT="20" WC="0.92" CONTENT="skolrådets"/><SP WIDTH="15" VPOS="1446" HPOS="568"/>
							<String ID="string_458" HPOS="583" VPOS="1445" WIDTH="100" HEIGHT="26" WC="0.96" CONTENT="ställning"/><SP WIDTH="15" VPOS="1445" HPOS="683"/>
							<String ID="string_459" HPOS="698" VPOS="1444" WIDTH="90" HEIGHT="26" WC="0.96" CONTENT="framgår"/><SP WIDTH="16" VPOS="1444" HPOS="788"/>
							<String ID="string_460" HPOS="804" VPOS="1442" WIDTH="59" HEIGHT="22" WC="0.96" CONTENT="deraf"/><SP WIDTH="10" VPOS="1442" HPOS="863"/>
							<String ID="string_461" HPOS="873" VPOS="1444" WIDTH="31" HEIGHT="19" WC="0.96" CONTENT="att"/>
						</TextLine>
						<TextLine ID="line_46" HPOS="80" VPOS="1470" WIDTH="825" HEIGHT="30">
							<String ID="string_462" HPOS="80" VPOS="1474" WIDTH="26" HEIGHT="20" WC="0.96" CONTENT="de"/><SP WIDTH="21" VPOS="1474" HPOS="106"/>
							<String ID="string_463" HPOS="127" VPOS="1473" WIDTH="61" HEIGHT="22" WC="0.95" CONTENT="flesta"/><SP WIDTH="21" VPOS="1473" HPOS="188"/>
							<String ID="string_464" HPOS="209" VPOS="1474" WIDTH="77" HEIGHT="26" WC="0.96" CONTENT="städer,"/><SP WIDTH="24" VPOS="1474" HPOS="286"/>
							<String ID="string_465" HPOS="310" VPOS="1475" WIDTH="68" HEIGHT="20" WC="0.96" CONTENT="såsom"/><SP WIDTH="16" VPOS="1475" HPOS="378"/>
							<String ID="string_466" HPOS="394" VPOS="1474" WIDTH="36" HEIGHT="26" WC="0.96" CONTENT="jag"/><SP WIDTH="15" VPOS="1474" HPOS="430"/>
							<String ID="string_467" HPOS="445" VPOS="1474" WIDTH="69" HEIGHT="21" WC="0.96" CONTENT="redan"/><SP WIDTH="16" VPOS="1474" HPOS="514"/>
							<String ID="string_468" HPOS="530" VPOS="1473" WIDTH="74" HEIGHT="25" WC="0.96" CONTENT="anfört,"/><SP WIDTH="16" VPOS="1473" HPOS="604"/>
							<String ID="string_469" HPOS="620" VPOS="1475" WIDTH="66" HEIGHT="19" WC="0.96" CONTENT="utsett"/><SP WIDTH="16" VPOS="1475" HPOS="686"/>
							<String ID="string_470" HPOS="702" VPOS="1479" WIDTH="25" HEIGHT="15" WC="0.96" CONTENT="en"/><SP WIDTH="14" VPOS="1479" HPOS="727"/>
							<String ID="string_471" HPOS="741" VPOS="1472" WIDTH="72" HEIGHT="21" WC="0.96" CONTENT="läkare"/><SP WIDTH="15" VPOS="1472" HPOS="813"/>
							<String ID="string_472" HPOS="828" VPOS="1471" WIDTH="6" HEIGHT="20" WC="0.93" CONTENT="i"/><SP WIDTH="16" VPOS="1471" HPOS="834"/>
							<String ID="string_473" HPOS="850" VPOS="1470" WIDTH="55" HEIGHT="22" WC="0.93" CONTENT="skol-"/>
						</TextLine>
						<TextLine ID="line_47" HPOS="79" VPOS="1499" WIDTH="826" HEIGHT="30">
							<String ID="string_474" HPOS="79" VPOS="1502" WIDTH="68" HEIGHT="21" WC="0.95" CONTENT="rådet."/><SP WIDTH="30" VPOS="1502" HPOS="147"/>
							<String ID="string_475" HPOS="177" VPOS="1503" WIDTH="43" HEIGHT="21" WC="0.96" CONTENT="Der"/><SP WIDTH="23" VPOS="1503" HPOS="220"/>
							<String ID="string_476" HPOS="243" VPOS="1503" WIDTH="69" HEIGHT="21" WC="0.96" CONTENT="denna"/><SP WIDTH="21" VPOS="1503" HPOS="312"/>
							<String ID="string_477" HPOS="333" VPOS="1502" WIDTH="69" HEIGHT="27" WC="0.95" CONTENT="praxis"/><SP WIDTH="24" VPOS="1502" HPOS="402"/>
							<String ID="string_478" HPOS="426" VPOS="1502" WIDTH="48" HEIGHT="21" WC="0.96" CONTENT="icke"/><SP WIDTH="24" VPOS="1502" HPOS="474"/>
							<String ID="string_479" HPOS="498" VPOS="1504" WIDTH="24" HEIGHT="19" WC="0.96" CONTENT="är"/><SP WIDTH="19" VPOS="1504" HPOS="522"/>
							<String ID="string_480" HPOS="541" VPOS="1504" WIDTH="98" HEIGHT="23" WC="0.96" CONTENT="antagen,"/><SP WIDTH="17" VPOS="1504" HPOS="639"/>
							<String ID="string_481" HPOS="656" VPOS="1504" WIDTH="24" HEIGHT="18" WC="0.96" CONTENT="är"/><SP WIDTH="14" VPOS="1504" HPOS="680"/>
							<String ID="string_482" HPOS="694" VPOS="1502" WIDTH="35" HEIGHT="20" WC="0.96" CONTENT="det"/><SP WIDTH="15" VPOS="1502" HPOS="729"/>
							<String ID="string_483" HPOS="744" VPOS="1500" WIDTH="54" HEIGHT="21" WC="0.93" CONTENT="blott"/><SP WIDTH="16" VPOS="1500" HPOS="798"/>
							<String ID="string_484" HPOS="814" VPOS="1499" WIDTH="91" HEIGHT="26" WC="0.92" CONTENT="önskligt"/>
						</TextLine>
						<TextLine ID="line_48" HPOS="80" VPOS="1528" WIDTH="825" HEIGHT="29">
							<String ID="string_485" HPOS="80" VPOS="1532" WIDTH="31" HEIGHT="18" WC="0.96" CONTENT="att"/><SP WIDTH="15" VPOS="1532" HPOS="111"/>
							<String ID="string_486" HPOS="126" VPOS="1530" WIDTH="41" HEIGHT="21" WC="0.96" CONTENT="den"/><SP WIDTH="15" VPOS="1530" HPOS="167"/>
							<String ID="string_487" HPOS="182" VPOS="1530" WIDTH="54" HEIGHT="22" WC="0.96" CONTENT="skall"/><SP WIDTH="15" VPOS="1530" HPOS="236"/>
							<String ID="string_488" HPOS="251" VPOS="1531" WIDTH="61" HEIGHT="21" WC="0.96" CONTENT="vinna"/><SP WIDTH="16" VPOS="1531" HPOS="312"/>
							<String ID="string_489" HPOS="328" VPOS="1530" WIDTH="111" HEIGHT="27" WC="0.93" CONTENT="efterföljd."/><SP WIDTH="17" VPOS="1530" HPOS="439"/>
							<String ID="string_490" HPOS="456" VPOS="1542" WIDTH="30" HEIGHT="4" WC="0.90" CONTENT="—"/><SP WIDTH="16" VPOS="1542" HPOS="486"/>
							<String ID="string_491" HPOS="502" VPOS="1530" WIDTH="113" HEIGHT="21" WC="0.96" CONTENT="Dessutom"/><SP WIDTH="11" VPOS="1530" HPOS="615"/>
							<String ID="string_492" HPOS="626" VPOS="1530" WIDTH="66" HEIGHT="21" WC="0.96" CONTENT="skulle"/><SP WIDTH="12" VPOS="1530" HPOS="692"/>
							<String ID="string_493" HPOS="704" VPOS="1535" WIDTH="73" HEIGHT="21" WC="0.96" CONTENT="genom"/><SP WIDTH="11" VPOS="1535" HPOS="777"/>
							<String ID="string_494" HPOS="788" VPOS="1530" WIDTH="31" HEIGHT="20" WC="0.96" CONTENT="ett"/><SP WIDTH="10" VPOS="1530" HPOS="819"/>
							<String ID="string_495" HPOS="829" VPOS="1528" WIDTH="76" HEIGHT="21" WC="0.96" CONTENT="sådant"/>
						</TextLine>
					</TextBlock>
				</ComposedBlock>
			</PrintSpace>
		</Page>
	</Layout>
</alto>
