1109 1748
381 114 15 18 R.
409 118 15 14 e.
437 114 16 18 A.
466 114 46 20 1885.
536 114 19 18 14
568 114 47 22 April.
844 114 39 22 681

86 182 80 26 kallad,
183 183 50 19 utan
249 181 35 21 vill
297 182 35 26 jag
348 181 70 22 derför
432 181 33 22 för
480 182 43 22 min
539 182 34 22 del
588 182 87 22 förorda
685 182 41 22 den
737 181 121 27 sträckning
868 188 45 14 som

86 210 10 21 i
110 210 115 22 utskottets
240 209 133 22 betänkande
389 210 39 22 och
443 210 8 21 i
466 210 41 22 den
522 211 49 21 nåd.
587 217 60 21 prop.
663 212 25 20 är
702 210 125 27 föreslagen.

157 238 32 22 Hr
211 244 40 16 von
273 238 120 27 Kramer,
417 238 58 22 Carl:
498 239 44 21 För
565 245 26 15 en
605 238 65 22 stund
685 238 65 22 sedan
765 238 101 27 yttrades,
882 239 32 19 att

88 273 49 16 man
159 266 40 22 bör
220 273 23 15 se
265 266 72 28 längre
359 267 22 21 in
402 267 8 21 i
432 266 113 23 framtiden
565 270 27 19 än
607 267 58 21 blott
679 267 33 21 till
727 266 41 22 den
783 266 131 22 närvarande

87 296 98 24 stunden,
208 295 39 21 och
270 294 35 22 det
326 297 24 19 är
367 296 65 21 också
447 296 32 21 dit
491 296 37 28 jag
542 296 69 21 riktar
625 296 43 21 min
684 295 57 22 blick
755 295 7 21 i
778 295 68 21 denna
858 295 56 27 jern-

87 324 119 28 vägsfråga.
235 324 46 21 Den
294 324 185 26 jernvägskomité,
495 330 46 16 som
557 331 38 15 var
609 324 82 22 samlad
706 324 7 21 i
728 323 32 22 S:t
775 323 82 27 Michel,
874 323 40 21 har

87 352 7 22 i
110 353 38 21 sitt
162 352 109 21 utlåtande
286 352 121 27 skriftligen,
423 358 49 16 men
488 353 64 22 också
567 359 77 21 genom
659 353 47 21 sina
719 352 118 22 ledamöter
846 353 68 21 munt-

87 381 57 27 ligen
166 380 34 21 vid
222 380 71 27 hvarje
315 380 88 27 tillfälle,
425 382 89 26 påstått,
532 384 32 19 att
587 382 69 21 denna
678 387 29 15 nu
725 381 7 21 i
749 380 59 27 fråga
823 380 91 22 varande

88 409 56 22 bana
158 408 33 22 till
204 409 83 27 Kuopio
302 409 67 21 skulle
384 416 51 15 vara
451 410 77 22 ämnad
542 410 33 21 till
591 410 39 21 och
645 409 98 22 förblifva
757 409 34 21 för
805 409 42 21 alla
859 408 55 22 tider

86 444 28 15 en
129 437 118 26 lokalbana,
267 437 81 22 således
371 438 55 27 bygd
448 439 76 21 endast
538 438 33 22 för
587 438 26 22 de
627 438 97 26 socknar,
740 444 45 15 som
801 437 40 22 den
855 437 59 21 kom-

88 472 46 16 mer
155 468 32 19 att
209 466 129 27 genomlöpa,
361 466 18 21 d.
403 473 18 15 v.
445 473 16 15 s.
485 470 33 18 tre
541 467 52 21 eller
615 466 46 28 fyra
667 466 109 29 socknar;
793 472 47 15 men
856 466 58 21 detta

85 494 174 28 åskådningssätt
274 494 41 22 kan
328 494 35 27 jag
378 495 128 22 åtminstone
522 496 47 21 icke
584 495 52 22 dela.
663 495 62 22 Ända
739 494 44 22 tills
797 495 41 21 den
849 496 65 20 öster-

87 522 110 22 bottniska
219 522 118 22 kustbanan
359 523 43 21 blef
424 524 105 26 besluten,
552 527 46 19 tror
618 524 37 27 jag
676 524 64 26 högst
756 523 21 21 få
792 522 122 28 personer
903 518 15 37 i

86 551 74 22 landet
175 552 74 20 tänkte
264 553 70 24 annat,
349 554 27 19 än
392 554 31 19 att
439 558 26 15 en
481 552 56 22 bana
552 559 76 20 genom
644 552 85 27 Kuopio
744 552 68 21 skulle
823 552 27 27 gå
860 550 54 22 fram

86 580 35 21 till
143 580 112 26 Uleåborg,
278 581 39 20 och
338 580 139 27 förmodligen
501 581 65 21 också
588 581 74 26 längre
685 582 74 20 norrut
773 580 7 21 i
794 580 118 22 framtiden.

87 608 66 22 Detta
175 608 44 22 blef
238 614 29 15 nu
288 608 119 28 visserligen
430 610 173 26 genomkorsadt,
626 616 48 14 men
693 610 70 20 såsom
775 609 36 27 jag
827 610 87 24 antager

88 636 40 22 och
142 636 87 28 hoppas,
245 636 54 22 blott
314 637 32 21 för
361 644 25 14 en
402 638 37 22 tid.
465 638 41 27 Jag
521 640 46 20 tror
582 640 32 20 att
629 638 70 21 denna
710 637 121 27 sträckning
842 637 72 25 längre

87 664 50 23 bort
151 664 54 22 ifrån
220 665 83 27 Kuopio
318 666 53 21 skall
387 666 74 22 arbeta
476 666 33 27 sig
523 666 49 28 sjelf
585 666 53 22 fram
654 672 39 21 per
706 666 31 21 fas
753 668 22 19 et
788 666 64 21 nefas.
881 665 33 21 Då

87 693 43 22 kan
153 694 40 21 den
215 694 132 27 naturligtvis
369 694 46 22 icke
433 701 46 15 mer
494 695 110 21 betraktas
619 696 72 20 såsom
706 700 26 16 en
746 694 114 22 lokalbana
874 693 40 21 och

87 722 42 22 den
151 722 42 21 blir
215 722 26 21 då
263 728 26 16 en
311 723 110 21 stambana
443 723 54 21 eller
511 724 56 21 hvad
582 730 49 15 man
647 723 35 21 vill
698 722 56 22 kalla
769 723 47 26 den,
832 722 40 21 och
888 722 26 20 då

87 750 43 22 kan
153 750 64 22 också
239 750 46 22 icke
299 752 27 26 på
341 751 122 22 densamma
479 752 71 21 alltför
566 752 77 27 många
658 752 39 21 och
713 753 58 19 stora
785 751 129 26 krökningar

87 779 80 21 tillåtas
189 779 32 21 för
243 780 102 21 särskilda
366 780 133 22 lokaliteters
515 780 100 28 speciella
637 786 62 21 gagn.
729 780 46 21 Den
797 780 68 21 måste
888 779 26 26 gå

88 814 44 15 mer
147 807 52 22 eller
214 807 80 22 mindre
313 808 48 22 rakt
376 808 59 26 fram,
452 808 84 22 likvisst
550 809 47 21 icke
612 810 24 20 så
651 810 33 20 att
700 808 40 22 den
755 808 68 22 skulle
839 808 75 26 dragas

88 836 53 22 efter
155 836 70 26 lineal,
241 842 47 16 men
302 836 8 22 i
325 836 114 22 allmänhet
453 837 48 22 icke
516 838 70 21 såsom
603 844 25 14 en
639 837 120 21 lokalbana.
783 836 66 22 Detta
859 835 56 21 talar

88 864 33 21 till
142 864 81 22 förmån
239 864 32 22 för
286 865 39 22 den
341 866 23 21 så
379 865 84 22 kallade
481 868 71 20 vestra
566 866 71 27 linjen,
654 865 51 22 eller
721 865 40 22 den
775 865 23 22 af
811 864 103 28 styrelsen

87 893 40 22 och
149 893 105 22 utskottet
275 893 124 28 föreslagna,
421 900 78 21 genom
522 894 132 22 Haukivuori
673 894 39 21 och
730 893 134 22 Pieksämäki
881 893 33 20 till

86 921 91 28 Kuopio.
208 922 42 21 Det
271 924 24 19 är
316 922 33 21 för
371 923 68 21 denna
454 923 51 27 linje
518 923 37 27 jag
569 923 39 21 ber
623 925 33 19 att
671 922 20 22 få
706 923 84 26 inlägga
805 922 48 21 mitt
868 921 44 26 ord,

87 950 40 21 och
149 950 95 21 kommer
266 951 80 21 således
369 951 47 21 mitt
438 953 75 20 votum
536 954 32 19 att
588 951 87 28 afgifvas
690 951 33 21 för
737 957 26 15 en
779 951 57 26 dylik
851 950 62 26 bana,

86 979 106 26 utgående
214 979 55 22 helst
290 979 45 21 från
358 979 100 28 Kaipiais,
483 980 100 27 möjligen
606 980 53 21 dock
679 980 47 21 med
742 980 36 21 det
792 979 74 26 tillägg
881 978 33 21 till

86 1007 135 27 regeringens
237 1007 134 27 proposition,
388 1010 31 19 att
434 1015 26 14 en
476 1009 109 26 invikning
600 1008 33 22 till
643 1008 74 21 Iisvesi
727 1007 106 28 sjöstrand
844 1007 70 21 kunde

86 1035 86 22 tillåtas.
203 1035 70 28 Något
288 1036 39 21 bör
341 1043 48 14 man
402 1037 87 26 jemväl,
508 1037 69 22 skulle
590 1037 36 27 jag
641 1039 41 24 tro,
697 1036 62 22 hafva
773 1036 98 21 afseende
886 1035 28 26 pä

86 1064 42 21 den
149 1064 106 22 landsorts
277 1065 89 27 mening,
390 1065 31 21 dit
440 1065 118 27 jernvägen
581 1066 81 26 drages.
693 1065 41 27 Jag
751 1065 35 20 vill
801 1064 52 21 visst
867 1063 47 22 icke

86 1093 68 26 pästä,
170 1094 32 19 att
217 1093 25 21 de
257 1093 100 22 socknars
371 1093 108 28 invänare,
496 1101 46 14 som
557 1095 85 20 komma
656 1095 33 20 att
699 1093 90 27 omgifva
800 1093 40 21 den
850 1092 64 21 södra

86 1121 62 21 delen
164 1120 21 22 af
199 1121 75 26 banan,
289 1121 67 22 skulle
371 1122 63 21 hafva
449 1123 72 26 nägon
536 1125 69 19 större
623 1122 102 27 dragning
740 1121 32 22 till
788 1122 41 21 den
843 1122 71 19 vestra

85 1151 28 19 än
131 1149 32 21 till
179 1149 40 22 den
237 1152 58 19 östra
309 1150 63 27 linjen
387 1150 52 21 eller
454 1153 101 24 tvärtom,
571 1157 49 15 men
635 1151 86 21 alldeles
736 1151 72 20 säkert
823 1150 42 21 kan
878 1149 36 26 jag

85 1178 68 26 pästä,
177 1180 32 19 att
231 1178 22 21 af
274 1178 47 22 hela
344 1185 63 15 norra
422 1179 106 22 Savolaks
543 1182 24 19 är
582 1180 40 21 den
637 1181 71 19 vestra
723 1178 191 26 bansträckningen

84 1206 82 21 önskad
182 1206 39 21 och
236 1207 85 26 begärd.
348 1207 40 27 Jag
403 1207 39 22 har
457 1208 51 26 sjelf
522 1209 54 20 varit
591 1208 132 21 närvarande
738 1207 35 21 vid
788 1209 31 19 ett
834 1206 80 27 ganska

84 1236 56 19 stort
155 1236 57 20 möte
227 1235 7 20 i
248 1235 83 27 Kuopio
347 1236 53 26 stad,
417 1236 36 21 der
470 1236 149 27 deputationer
629 1236 76 21 funnos
715 1235 46 22 frän
772 1235 42 22 alla
824 1235 90 21 socknar

84 1262 8 21 i
107 1269 64 15 norra
186 1263 101 22 Savolaks
303 1264 39 21 och
357 1265 38 20 der
409 1264 76 27 höjdes
500 1265 106 27 knappast
621 1265 70 26 nägon
707 1264 53 21 enda
775 1266 45 19 röst
830 1263 33 21 för
874 1263 40 21 den

85 1292 58 21 östra
165 1291 69 27 linjen.
265 1293 43 20 Der
329 1292 75 22 funnos
427 1293 57 21 dock
502 1293 133 22 närvarande
651 1293 56 21 bäde
721 1292 137 21 handelsmän
874 1291 40 21 och

82 1319 149 27 jordbrukare.
261 1321 45 21 Här
324 1321 39 21 har
380 1321 65 21 bland
461 1324 67 19 annat
543 1328 26 15 en
585 1321 81 28 ganska
681 1321 48 27 läng
745 1321 39 21 och
799 1320 115 21 intressant

81 1347 122 28 jemförelse
224 1349 66 26 gjorts
313 1349 76 22 mellan
411 1349 58 22 bäda
489 1350 106 21 banornas
610 1349 104 28 probabla
728 1349 117 21 inkomster
859 1349 55 20 samt

84 1376 27 21 de
121 1377 101 22 socknars
233 1377 70 28 odling
315 1378 38 21 och
367 1378 169 27 odlingsbarhet,
546 1385 77 20 genom
634 1378 72 21 hvilka
715 1378 104 21 hvardera
829 1377 85 20 komme

83 1407 33 19 att
131 1405 32 26 gå.
189 1405 41 27 Jag
245 1407 45 20 tror
305 1408 32 19 att
345 1406 137 27 jemförelsen
494 1407 71 21 haltar
575 1407 80 26 ganska
665 1407 88 26 mycket.
777 1406 38 21 Att
825 1404 89 21 fabriks-

84 1433 161 22 verksamheten
267 1435 28 26 pä
313 1435 40 20 den
369 1437 57 19 östra
441 1435 74 21 banan
530 1437 24 19 är
568 1435 7 20 i
591 1435 26 21 de
631 1435 62 21 flesta
709 1435 57 21 delar
781 1435 75 24 större,
872 1433 42 21 kän

83 1461 35 21 väl
139 1461 47 22 icke
209 1462 74 26 nekas;
306 1469 48 15 men
375 1463 77 21 medan
477 1464 38 21 det
533 1463 87 22 nämdes
643 1470 34 15 om
700 1465 31 19 ett
745 1469 38 20 par
798 1463 46 20 smä
858 1461 56 21 bruk

84 1491 52 20 nära
158 1492 69 19 vestra
249 1490 71 27 linjen,
343 1491 142 22 Porsaskoski
504 1491 40 22 och
559 1491 143 28 Haapakoski,
717 1491 145 21 utelemnades
877 1489 37 22 all-

83 1517 58 22 deles
157 1519 36 20 det
209 1520 78 21 största
302 1519 51 22 eller
368 1519 101 22 Karttula
485 1520 63 26 bruk,
563 1519 63 22 hvars
642 1519 128 28 produktion
785 1519 45 21 helt
842 1518 72 22 säkert
