1114 1736
214 120 40 21 852
476 120 16 18 R.
505 124 13 14 0.
533 120 15 18 A.
562 120 46 19 1885.
632 120 21 19 30
666 120 46 23 April.

184 188 39 22 ska
245 188 39 21 och
299 188 109 22 inhemska
423 189 79 27 kapital
519 189 54 21 skall
590 190 70 21 kunna
675 190 68 27 bygga
758 189 32 21 sin
804 189 93 27 jernväg,
913 195 44 15 som
972 190 33 20 sä-

185 216 93 27 kerligen
300 217 53 21 skall
375 217 112 22 intressera
510 218 41 21 alla
574 218 106 22 afnämare
704 218 22 22 af
738 218 82 21 Kotkas
836 217 168 27 exportartiklar,

185 245 84 26 bräder,
285 245 87 27 plankor
388 252 26 15 m.
430 252 26 15 m.

255 285 56 22 Frih.
335 285 205 27 Langenskiöld,
564 286 26 21 K.
613 286 29 22 J.:
666 287 32 20 Då
716 289 76 18 tvenne
808 286 63 21 ärade
886 286 66 21 talare
967 286 38 20 här

185 313 63 22 hafva
270 313 61 28 yrkat
354 315 26 25 pä
404 317 30 18 att
454 314 151 22 subventionen
621 314 33 22 för
668 315 140 21 Kotkabanan
824 315 66 20 mätte
905 314 58 27 höjas
979 326 26 3 —

186 343 26 22 hr
227 342 150 27 Pippingsköld
392 343 38 20 har
444 342 74 22 fixerat
533 343 145 27 förhöjningen
694 343 31 21 till
741 343 92 25 200,000
850 343 60 21 mark
927 355 24 2 —
968 343 38 21 och
1019 347 2 3 '

188 371 26 22 dä
238 371 35 21 det
292 373 24 18 är
331 371 105 22 sannolikt
450 373 32 20 att
498 372 60 21 dessa
572 372 37 21 hrr
625 372 73 21 dervid
712 371 62 22 tänkt
789 372 31 26 sig
836 374 31 19 att
882 377 78 16 samma
975 377 31 22 sy-

187 402 54 19 stem
257 399 68 22 skulle
340 399 59 28 följas
414 399 32 22 för
461 400 152 22 subventionen
628 407 45 14 som
689 401 36 20 det
738 400 203 27 jernvägsutskottet
956 399 52 22 före-

187 428 63 27 slagit
265 429 27 26 pä
307 428 37 21 sid.
361 429 26 20 96
403 428 6 21 i
425 429 141 21 betänkandet
582 428 130 22 beträffande
728 429 136 21 understödet
879 428 32 21 för
923 429 85 26 Björne-

187 456 142 27 borgsbanan,
352 457 51 21 eller
424 460 32 18 att
477 457 114 22 ständerna
606 459 66 20 mätte
687 459 38 20 hos
741 457 58 22 Hans
814 457 116 27 Kejserliga
946 457 62 27 Maje-

188 487 43 20 stät
253 485 7 21 i
276 485 165 27 underdänighet
456 486 84 21 anhälla
556 488 31 19 att
603 493 25 14 ur
642 486 106 21 allmänna
763 485 122 22 statsmedel
902 485 39 22 den
956 485 53 22 före-

189 514 74 26 slagna
286 513 150 22 subventionen
451 515 65 20 mätte
532 514 92 27 beviljas,
640 515 34 26 jag
692 520 106 21 upprepar
813 514 41 24 det,
867 514 37 27 jag
919 516 45 19 tror
978 515 31 20 att

191 542 60 21 dessa
274 543 37 20 hrr
333 543 60 20 tänkt
412 543 31 26 sig
458 545 31 19 att
504 544 114 20 ständerna
634 543 60 21 äfven
709 549 28 15 nu
752 542 68 22 skulle
835 543 38 21 hos
888 543 26 20 H.
931 542 28 21 M.
976 549 33 14 an-

189 570 58 21 hälla
266 573 31 18 att
313 576 25 15 en
354 570 55 21 ökad
424 571 123 21 subvention
563 571 67 21 blefve
646 571 68 27 gifven
729 572 23 20 ät
766 570 72 22 Kotka
853 571 53 24 stad,
922 570 89 21 föranle-

189 599 38 21 des
248 599 36 26 jag
299 601 32 19 att
352 599 65 21 redan
432 599 38 22 här
485 601 51 24 göra
551 605 25 15 en
592 599 144 27 anmärkning,
756 605 46 16 som
814 599 37 26 jag
866 605 76 15 annars
957 598 53 22 hade

190 627 61 22 tänkt
274 627 116 22 framställa
412 627 33 22 vid
468 627 155 28 behandlingen
638 627 22 22 af
674 628 115 27 petitionen
806 634 33 15 n:o
856 628 32 25 13,
904 627 107 27 angäende

190 655 218 28 Björneborgsbanan.
438 656 40 27 Jag
500 656 48 22 ville
563 657 106 26 nämligen
684 657 102 21 anmärka
801 662 34 15 om
851 656 35 21 det
902 655 110 27 egendom-

191 683 43 28 liga
257 684 44 21 deri
324 686 32 19 att
377 691 48 15 man
447 687 83 20 voterar
552 691 35 15 om
610 685 124 22 subvention
756 685 28 27 pä
806 684 50 22 flere
869 685 143 20 hundratusen

191 713 68 26 mark,
275 715 50 19 utan
341 715 31 19 att
387 713 113 22 ständerna
514 713 42 22 tills
572 713 72 22 vidare
659 713 40 22 fätt
710 713 118 27 utredning,
839 713 102 21 huruvida
951 714 62 19 stats-

191 741 84 22 verkets
299 741 94 22 tillstånd
416 741 113 28 medgifver
551 742 71 27 dylika
644 742 154 21 subventioner.
828 742 42 21 Det
891 741 61 22 torde
968 741 45 21 der-

191 769 34 22 för
247 776 50 15 vara
312 770 124 27 egentligast
452 773 30 19 att
497 771 159 21 statsutskottet
671 770 88 22 beredes
774 769 83 22 tillfälle
872 772 32 19 att
919 769 94 22 deröfver

192 801 57 25 yttra
272 799 36 26 sig.
339 798 107 27 Derjemte
467 799 105 22 förefaller
595 799 36 21 det
653 799 42 26 mig
717 799 80 27 ganska
820 798 141 27 egendomligt
983 800 31 19 att

193 827 114 22 ständerna
321 827 15 28 i
359 827 166 27 underdänighet
540 827 84 22 anhälla
640 829 31 20 att
687 834 25 15 en
728 828 66 21 sädan
809 827 125 21 subvention
949 827 65 21 mätte

192 855 93 27 beviljas.
317 856 30 20 Är
369 856 36 20 det
426 856 123 21 ständernas
564 856 55 26 äsigt
634 858 33 19 att
682 862 25 15 en
723 856 66 22 sädan
804 855 125 21 subvention
944 854 71 22 behöf-

193 890 42 20 ves,
259 884 26 20 dä
300 883 52 21 böra
368 883 33 21 väl
416 884 112 22 ständerna
543 884 61 22 äfven
620 884 59 22 anslä
694 884 122 22 densamma
832 884 38 20 och
885 883 47 27 sjelf
946 889 22 15 se
983 882 32 22 till

194 914 32 19 att
248 912 68 21 medel
331 911 74 27 finnas,
421 912 39 22 och
475 912 52 22 böra
542 913 60 21 dessa
618 912 68 22 medel
705 912 26 22 dä
745 913 51 26 utgä
812 912 46 21 frän
873 911 144 22 kommunika-

193 940 145 22 tionsfondens
354 940 118 27 tillgångar.
482 941 40 27 Jag
537 941 89 22 föreslår
641 940 70 22 derför
726 943 38 23 att,
778 941 70 21 derest
859 940 55 26 högl.
925 940 24 21 R.
962 946 18 15 o.
992 940 24 20 A.

194 974 61 16 anser
278 970 69 26 nägon
372 969 125 21 subvention
520 970 52 21 böra
590 970 86 21 komma
690 970 7 20 i
711 969 65 27 fräga,
793 968 144 22 betänkandet
952 969 65 21 mätte

193 997 121 21 remitteras
329 997 33 21 till
376 998 158 22 statsutskottet
548 998 32 21 för
595 1000 33 19 att
643 998 105 21 utskottet
762 997 56 27 finge
832 999 57 25 yttra
904 997 38 26 sig,
956 996 62 22 huru-

193 1025 49 22 vida
265 1025 279 23 kommunikationsfondens
567 1026 114 27 tillgängar
699 1025 64 22 förslä
781 1025 33 22 till
829 1026 26 21 de
870 1025 86 22 afsedda
971 1024 47 22 sub-

193 1054 145 21 ventionerna.

262 1093 33 22 Hr
319 1093 199 28 Pippingsköld:
549 1094 73 22 Sävidt
642 1095 37 26 jag
701 1096 41 24 vet,
760 1095 40 20 har
823 1094 39 21 den
873 1093 145 22 subventions-

195 1127 88 21 summa,
308 1128 45 15 som
376 1123 68 21 blifvit
468 1123 70 22 Kotka
560 1123 72 21 lofvad
654 1123 34 21 för
709 1123 114 21 utförande
848 1123 24 20 af
884 1129 27 14 en
924 1122 93 27 jernväg,

194 1150 71 21 blifvit
288 1151 41 20 den
344 1151 72 21 lofvad
430 1152 46 20 icke
491 1153 23 20 af
527 1152 115 20 ständerna
657 1153 51 19 utan
724 1152 23 20 af
760 1151 106 27 styrelsen
880 1150 28 27 pä
923 1150 95 22 ständer-

194 1184 39 16 nas
255 1179 87 27 förslag.
373 1180 110 26 Beloppet,
506 1180 69 21 sävidt
594 1180 38 27 jag
647 1180 42 21 kan
705 1180 71 21 erinra
790 1180 50 26 mig,
856 1180 95 20 kommer
966 1178 53 22 säle-

195 1208 38 20 des
251 1207 46 22 icke
313 1209 33 19 att
360 1208 64 21 hafva
438 1208 115 27 nägonting
567 1210 33 19 att
615 1210 54 25 göra
683 1209 49 21 med
746 1207 273 23 kommunikationsfonden

195 1237 53 19 utan
270 1236 49 21 med
343 1236 138 22 statsfonden.
510 1238 45 20 Här
570 1239 25 19 är
610 1237 84 21 säledes
710 1237 62 21 äfven
787 1243 30 14 nu
832 1236 60 27 fräga
907 1236 63 21 väckt
985 1242 33 14 om

196 1266 32 19 att
250 1264 39 22 hos
313 1265 103 27 styrelsen
438 1266 174 21 rekommendera
635 1266 72 21 Kotka
730 1266 47 21 stad
800 1265 47 21 icke
863 1265 32 21 till
910 1264 36 21 det
961 1266 59 19 stora

195 1293 124 26 understöd,
344 1299 45 15 som
407 1300 81 15 samma
503 1294 47 22 stad
565 1294 82 27 begärt,
663 1294 125 27 uppgäende
804 1294 32 20 till
852 1294 92 25 900,000
958 1292 62 21 mark

195 1321 7 21 i
221 1322 184 26 amorteringslän,
421 1324 52 20 utan
488 1323 31 21 till
534 1329 26 15 en
574 1322 95 28 måttligt
684 1322 84 28 förhöjd
784 1322 132 25 subvention,
933 1321 87 21 stående

195 1350 37 21 det
248 1351 105 26 styrelsen
368 1351 133 27 naturligtvis
515 1351 130 27 fullkomligt
659 1352 47 20 fritt
720 1353 33 19 att
764 1351 99 21 meddela
873 1350 61 21 detta
944 1349 76 21 under-

196 1379 47 21 stöd
260 1380 53 20 eller
327 1381 65 25 vägra
406 1380 123 21 detsamma.

264 1414 33 21 Hr
312 1414 176 27 Gripenberg,
504 1415 30 21 L.:
550 1415 10 21 I
574 1414 114 26 anledning
703 1414 23 21 af
738 1414 48 22 frih.
803 1412 168 28 Langenskiölds
979 1414 42 25 ytt-

195 1442 67 20 rande
278 1442 38 21 ber
329 1443 37 26 jag
381 1444 33 19 att
428 1442 21 21 fä
464 1443 86 21 hänvisa
565 1442 33 21 till
611 1443 39 20 sid.
667 1443 40 20 106
724 1444 6 19 i
746 1443 117 21 utskottets
878 1440 142 25 betänkande,

195 1469 88 22 hvarest
305 1471 106 21 utskottet
432 1471 89 22 föreslår
544 1473 42 25 ,att
607 1471 115 21 ständerna
736 1471 49 21 ville
802 1470 109 21 remittera
926 1469 26 21 de
967 1469 54 26 peti-

194 1498 159 26 tionsärenden,
369 1505 44 15 som
430 1500 64 26 enligt
509 1500 100 21 ståndens
624 1499 71 21 beslut
709 1499 111 22 föranleda
835 1498 33 21 till
878 1498 70 26 någon
958 1498 63 20 stats-

195 1526 72 27 utgift,
283 1527 33 21 till
331 1528 172 22 statsutskottets
518 1528 148 26 behandling''.
