1095 1761
226 123 43 21 544
495 123 16 19 R
523 122 15 21 0!
551 123 16 19 A.
580 123 46 20 1885.
649 123 22 19 24
683 123 49 20 Mars.

198 191 124 27 strafflagen
344 192 37 21 der
402 193 121 26 grunderna
538 193 33 21 för
585 193 195 27 sammanläggning
795 193 135 21 förekomma.
960 187 61 28 Äter-

197 220 46 21 står
257 220 81 21 således
353 221 118 26 egentligen
485 221 74 27 frågan
576 228 33 15 om
625 221 62 22 böter
701 222 7 20 i
720 221 97 22 afseende
830 221 65 21 hvarå
905 221 45 21 frih.
963 221 59 22 Wre-

199 248 37 21 des
259 249 137 26 anmärkning
415 249 132 27 fullständigt
562 250 71 27 gäller.
665 250 10 21 I
689 250 60 27 fråga
764 256 34 15 om
814 250 26 21 de
855 249 67 26 öfriga
936 251 84 19 arterna

198 276 23 21 af
234 276 65 24 straff,
315 283 44 15 som
374 277 130 22 förekomma
519 278 6 20 i
541 278 40 21 den
597 278 91 21 militära
703 277 130 27 strafflagen,
849 277 116 21 afsättande
981 277 39 21 och

198 304 167 28 förafskedande,
385 306 67 26 gäller
467 306 39 21 ock
522 306 65 26 enligt
602 306 106 22 allmänna
723 306 123 27 strafflagen
862 308 32 19 att
909 306 26 21 de
949 305 71 21 kunna

198 332 131 22 konkurrera
353 334 48 21 med
425 334 66 22 andra
517 334 66 22 straff.
619 335 62 21 Hvad
704 334 47 22 frih.
773 334 87 22 Wredes
884 334 136 26 anmärkning

198 361 6 20 i
231 360 60 27 fråga
317 368 33 14 om
377 362 26 21 37
430 364 13 25 &
470 362 52 22 sista
549 369 62 15 mom.
637 363 107 26 beträffar,
768 364 24 20 så
814 365 23 19 är
856 363 37 27 jag
915 362 62 22 också
999 362 22 21 af

198 390 65 25 något
287 389 54 22 olika
363 390 61 27 äsigt.
455 391 50 21 Frih
535 391 77 22 Wrede
635 394 62 24 säger
719 394 32 19 att
773 392 58 20 detta
850 398 61 14 mom.
930 396 90 22 ,uppen-

198 417 95 27 barligen
316 418 54 22 afser
392 420 36 20 det
450 419 44 27 slag
513 419 24 21 af
551 420 136 27 delaktighet,
703 426 45 15 som
763 420 67 21 kallas
845 420 111 27 medhjelp,
972 425 47 15 men

198 446 66 27 enligt
287 447 36 21 vår
346 454 27 14 nu
396 448 96 27 gällande
516 448 131 29 lagstiftning
668 449 121 21 bedömmes
812 449 26 26 på
854 449 108 20 enahanda
977 449 42 20 sätt

198 481 45 15 som
267 475 296 28 medgärningsmannaskap*.
594 477 66 22 Äfven
684 477 69 21 denna
775 477 139 25 anmärkning
927 476 93 21 förfaller

197 503 8 20 i
227 503 99 22 händelse
349 505 39 20 den
407 505 104 21 allmänna
526 505 124 27 strafflagen
666 506 85 21 komme
765 505 32 22 till
812 505 68 26 stånd,
896 511 47 16 men
959 505 59 21 äfven

198 532 67 21 under
281 532 39 21 den
335 532 155 28 förutsättning,
507 536 32 19 att
555 534 58 21 detta
628 534 47 21 icke
690 534 67 21 blefve
767 534 64 26 fallet,
842 533 39 22 bör
890 540 49 15 man
949 533 70 21 erinra

197 560 32 26 sig
245 562 32 19 att
294 561 3 20 i
313 561 24 20 61
354 561 47 27 kap.
418 562 28 21 M.
463 562 22 21 B.
503 565 24 18 är
541 563 99 26 stadgadt
655 564 33 19 att
703 563 46 23 den,
765 569 44 14 som
825 568 37 20 ger
877 562 44 25 råd,
936 561 82 22 straffas

197 594 45 15 som
266 588 153 28 gärningsman,
442 590 73 21 såvida
537 590 115 27 gärningen
677 590 120 27 derigenom
820 590 53 21 sker.
904 590 49 21 Man
977 590 41 20 kan

198 616 65 22 också
285 618 63 20 tänka
370 618 32 26 sig
418 620 30 19 ett
463 619 93 21 rådande
572 625 44 15 som
633 619 38 21 bör
686 619 122 21 bedömmas
823 619 68 21 såsom
908 618 109 27 medhjelp.

197 644 10 22 I
223 645 36 21 det
273 652 28 14 nu
316 645 142 28 föreliggande
472 646 210 28 strafflagsförslaget
697 648 60 20 heter
773 647 35 21 det
823 647 6 21 i
844 647 67 21 andra
927 652 90 16 momen-

197 674 32 20 tet
251 674 23 21 af
295 675 25 19 37
343 675 22 27 &
392 675 58 24 ,Har
468 674 81 22 förman
565 676 93 20 hvarken
675 675 95 21 anstiftat
784 674 23 22 af
820 675 147 21 underordnad
982 675 35 21 be-

196 702 78 26 gånget
289 702 62 26 brott,
367 703 52 21 eller
433 704 6 20 i
455 704 47 21 dess
518 704 110 21 utförande
643 704 54 26 tagit
712 704 40 26 del,
769 710 46 14 men
834 704 115 21 detsamma
964 704 54 20 dock

197 730 48 21 med
264 731 38 21 råd
317 731 38 21 och
371 732 41 20 dåd
428 732 132 26 uppsåtligen
579 732 82 26 främjat
677 732 52 21 eller
743 732 131 21 annorlunda
890 731 68 21 dertill
973 732 45 20 hul-

196 758 37 26 pit,
257 759 53 21 skall
326 760 74 20 sådant
418 761 67 20 såsom
502 767 25 14 en
543 760 106 27 synnerlig
664 760 135 22 försvårande
815 760 154 26 omständighet
984 760 33 21 för

195 786 123 23 förmannen
334 791 81 18 anses”.
436 788 48 22 Men
500 795 45 15 som
561 789 66 27 sagdt,
643 789 7 21 i
667 790 58 20 detta
741 788 97 22 afseende
850 788 93 21 förfaller
953 788 63 21 också

196 816 164 27 anmärkningen
383 817 67 21 under
471 817 40 21 den
529 817 155 26 förutsättning,
700 820 32 18 att
747 817 19 21 vi
782 816 20 22 få
818 823 24 15 en
857 816 76 22 allmän
949 816 68 21 straff-

196 843 40 27 lag.
259 844 40 26 Jag
313 845 40 21 kan
369 845 81 21 således
465 846 32 20 för
512 846 42 20 min
571 845 40 27 del,
627 852 34 14 om
674 846 37 26 jag
726 846 63 21 också
804 846 104 20 erkänner
923 847 30 19 att
968 844 47 22 frih.

195 872 78 21 Wrede
297 873 39 20 har
357 875 43 19 rätt
423 873 74 26 deruti,
519 876 31 18 att
566 874 36 20 det
616 874 39 20 bör
671 880 49 15 vara
735 880 80 15 samma
830 873 139 26 begränsning
983 872 34 21 för

195 900 113 21 maximum
324 901 154 26 fängelsestraff
491 902 66 26 enligt
573 902 38 21 den
627 901 106 22 allmänna
748 901 130 26 strafflagen,
894 907 46 15 som
952 901 65 26 enligt

195 928 92 21 militära
301 929 123 26 strafflagen
440 930 37 21 och
494 933 32 18 att
541 930 40 21 den
597 930 82 21 skilnad
690 937 45 14 som
746 936 28 15 nu
784 929 118 26 föreligger,
912 930 27 26 på
948 929 68 26 grund

194 956 23 22 af
231 957 40 21 den
287 957 105 22 allmänna
406 958 131 26 strafflagen,
553 958 67 22 borde
635 958 110 27 aflägsnas,
761 958 45 21 icke
821 957 56 22 finna
892 960 31 18 att
934 957 83 27 olägen-

194 984 64 22 heten
281 992 50 15 vore
346 987 23 20 sä
384 988 50 20 stor.
464 987 40 26 Jag
519 987 38 21 ber
573 987 70 21 derför
658 989 31 19 att
705 987 20 21 få
741 986 93 27 afstyrka
849 986 125 25 återremiss,
989 986 27 21 då
1032 988 2 3 '

194 1013 140 26 lagutskottet
356 1015 44 25 har,
423 1021 45 15 som
491 1022 48 14 man
562 1018 67 23 säger,
652 1016 94 26 skäppan
767 1014 43 26 full,
827 1014 53 22 dock
895 1014 66 21 under
976 1014 40 21 den

194 1041 141 28 förhoppning
357 1045 32 19 att
412 1045 30 19 ett
464 1043 156 21 ständerbeslut
642 1044 84 20 komme
747 1043 32 21 till
793 1043 62 21 stånd
870 1043 91 21 rörande
976 1042 40 21 den

194 1069 107 22 allmänna
316 1071 130 27 strafflagen.
468 1072 32 21 En
517 1071 112 27 olägenhet
643 1072 42 21 kan
700 1071 121 27 visserligen
837 1071 7 21 i
858 1071 43 21 alla
915 1070 36 22 fall
965 1077 52 20 upp-

193 1099 34 20 stå
249 1104 76 20 genom
348 1100 61 20 dessa
431 1100 149 26 hänvisningar
598 1100 31 21 till
645 1100 106 21 allmänna
765 1099 131 27 strafflagen,
912 1098 105 27 nämligen

194 1126 68 21 under
285 1127 39 21 den
347 1128 31 20 tid
397 1134 44 15 som
460 1128 105 22 erfordras
580 1128 63 21 innan
660 1128 40 21 den
716 1128 106 21 allmänna
836 1126 123 28 strafflagen
975 1127 42 21 kan

192 1156 64 24 göras
276 1155 116 27 tillämplig,
408 1156 39 21 och
462 1156 84 21 hvilken
563 1157 67 20 måste
645 1157 78 20 räknas
740 1156 31 21 till
788 1156 13 21 3
816 1156 52 21 eller
882 1156 13 20 4
910 1156 29 25 år,
955 1155 61 21 hvar-

192 1184 60 19 emot
275 1183 39 22 den
334 1184 92 21 militära
438 1184 124 27 strafflagen
578 1185 40 20 bör
631 1184 116 22 fastställas
763 1186 32 19 att
810 1183 131 22 omedelbart
956 1183 61 21 träda

192 1210 8 21 i
215 1210 98 26 gällande
328 1211 62 22 kraft.
414 1212 64 21 Detta
493 1213 70 21 kunde
579 1212 103 22 innefatta
697 1219 26 15 en
739 1212 112 27 svårighet,
868 1212 26 21 då
910 1211 39 22 den
965 1211 52 21 mili-

192 1240 48 19 tära
263 1239 124 27 strafflagen
410 1241 81 21 således
513 1241 68 21 under
603 1241 69 21 denna
691 1240 109 22 mellantid
821 1241 85 20 komme
920 1242 32 19 att
966 1239 51 26 hän-

193 1266 44 21 visa
260 1267 32 21 till
315 1269 40 20 den
378 1275 28 15 nu
421 1269 97 26 gällande
533 1269 130 21 straffrätten
679 1269 39 21 och
733 1269 121 21 sedermera
868 1269 48 20 åter
930 1267 31 22 till
977 1268 40 21 den

192 1294 108 23 blifvande
309 1296 117 28 allmänna
441 1297 130 27 strafflagen.
602 1298 49 21 Men
667 1297 68 22 denna
751 1297 111 26 olägenhet
876 1297 42 20 kan
933 1297 40 20 lätt
988 1295 29 22 af-

192 1323 91 27 lägsnas.
305 1325 66 21 Äfven
386 1325 23 21 af
422 1326 67 21 andra
503 1325 46 22 skäl
564 1326 61 21 torde
641 1326 36 21 det
691 1325 65 22 blifva
771 1325 127 26 nödvändigt
915 1326 32 19 att
961 1325 56 20 stän-

192 1351 73 27 derna,
285 1353 6 20 i
311 1353 36 22 det
362 1353 26 21 de
404 1353 128 22 öfverlemna
547 1354 32 21 till
594 1354 26 21 H.
637 1354 40 21 M:t
692 1356 38 24 att,
747 1353 47 22 med
809 1353 99 22 afseende
918 1347 10 37 &
949 1351 68 22 straff-

191 1381 143 22 anstalternas'
356 1381 102 26 tillstånd,
482 1381 117 23 bestämma
621 1382 127 27 tidpunkten
769 1381 33 22 för
824 1381 106 22 allmänna
949 1379 68 22 straff-

191 1407 74 27 lagens
280 1409 104 22 trädande
401 1410 7 21 i
424 1410 79 27 verket,
519 1410 85 21 anhålla
619 1412 31 19 att
665 1410 31 21 uti
711 1411 26 20 de
753 1410 105 21 allmänna
873 1409 64 26 delar,
953 1410 14 20 t.
984 1414 31 15 ex.

191 1435 27 22 de
241 1437 24 20 af
283 1437 41 27 mig
346 1444 29 15 nu
398 1439 118 26 omnämda,
532 1439 32 20 till
579 1438 72 21 hvilka
666 1437 203 27 militärstrafflagen
884 1437 52 22 eller
951 1437 66 26 möjli-

190 1469 41 20 gen
256 1466 68 25 någon
347 1472 70 15 annan
440 1466 22 21 af
482 1467 115 21 ständerna
620 1468 91 24 antagen
733 1466 36 26 lag
790 1468 16 18 t.
829 1472 31 14 ex.
882 1465 133 26 skogslagen,

189 1491 88 23 komme
291 1495 33 19 att
338 1493 94 28 hänvisa,
448 1494 40 22 den
504 1494 106 22 allmänna
625 1494 123 27 strafflagen
764 1494 74 26 skulle,
850 1493 109 26 samtidigt
968 1492 49 22 med

190 1519 63 23 dessa
269 1521 97 27 partiella
380 1522 66 27 lagar,
463 1523 61 21 träda
539 1523 6 21 i
561 1523 164 26 verkställighet.
747 1523 126 26 Derigenom
888 1521 68 22 skulle
967 1528 49 15 man
