1106 1759
382 106 16 18 R.
411 110 16 18 ov
439 106 16 18 A.
468 106 47 25 1885,
539 105 10 20 8
562 105 47 25 April.
841 106 41 22 615

152 174 59 22 Härå
234 176 92 26 upptogs
348 174 33 22 till
403 174 131 28 behandling
548 174 178 21 bankutskottets
742 174 117 27 bordlagda
874 174 37 21 be-

82 204 90 21 rättelse
196 203 58 21 öfver
277 203 109 22 verkstäld
408 204 130 26 granskning
561 202 23 22 af
605 203 102 21 Finlands
730 202 69 22 banks
822 202 87 27 styrelse

79 232 44 21 och
138 232 97 22 tillstånd
250 232 67 21 under
332 231 52 21 åren
402 232 147 22 1882—1884.

152 261 153 21 Diskussionen
320 260 76 22 härom
412 261 108 26 öppnades
536 260 24 21 af

152 290 26 20 hr
200 288 135 26 Lindelöf,
360 295 45 15 som
427 289 94 27 yttrade:
538 289 47 21 Den
600 288 131 27 granskning
747 288 163 27 bankutskottet

83 318 7 20 i
113 318 32 22 sin
167 318 139 21 förevarande
329 317 116 22 berättelse
460 317 43 22 har
515 319 65 25 egnat
595 317 98 21 bankens
709 316 89 28 styrelse
813 317 40 22 och
868 316 43 22 för-

82 346 97 28 valtning
202 346 40 21 och
265 346 100 21 särskildt
387 346 204 26 bankfullmäktiges
614 346 145 26 tillgöranden
777 346 67 21 under
859 346 52 21 åren

84 375 142 22 1882—1884
249 375 109 21 utmärker
381 375 31 27 sig
434 381 77 20 genom
530 381 26 15 en
571 375 140 25 moderation,
728 374 33 21 för
777 374 85 22 hvilken
877 376 33 19 ut-

82 403 84 22 skottet
188 403 68 21 måste
278 403 69 21 hållas
370 403 100 27 räkning;
492 410 49 15 men
564 404 49 20 med
636 403 137 21 erkännande
791 402 64 22 häraf
868 403 43 21 kan

82 432 38 26 jag
135 432 54 21 dock
204 432 46 21 icke
266 432 71 26 undgå
352 434 32 19 att
399 432 57 21 fästa
471 432 219 27 uppmärksamheten
705 432 35 20 vid
756 433 31 19 ett
799 431 111 21 uttalande

84 462 32 20 uti
132 461 70 21 denna
216 460 122 26 berättelse,
359 460 86 26 hvilket,
462 461 67 27 enligt
544 461 44 21 min
603 460 72 26 tanke,
691 460 47 21 icke
754 462 24 19 är
793 460 49 21 fullt
857 461 53 20 rätt-

85 489 41 21 vist
149 490 39 20 och
208 489 46 21 icke
270 489 48 21 fullt
333 490 134 20 motiveradt.
498 490 11 20 I
524 488 61 28 fråga
601 496 34 14 om
651 490 42 20 den
707 488 130 28 granskning
853 488 58 22 öfver

84 517 98 22 bankens
196 518 80 21 rörelse
292 518 39 21 och
346 518 103 26 utlåning,
465 524 46 16 som
527 517 193 27 bankfullmäktige
733 517 64 21 hafva
808 519 32 20 att
850 517 61 21 verk-

83 546 66 22 ställa
171 546 73 28 hvarje
266 546 83 27 månad,
373 548 68 25 yttrar
464 547 32 27 sig
518 547 108 26 nämligen
648 546 107 22 utskottet
773 546 27 26 på
816 546 45 22 sida
878 546 31 25 12,

82 576 36 20 att
141 576 47 26 ,det
210 575 103 21 förefallit
335 575 106 21 utskottet
457 575 70 22 såsom
543 582 35 14 om
594 576 67 26 sagda
675 575 130 27 granskning
820 575 54 21 varit
889 574 23 21 af

84 610 42 20 nog
149 604 75 21 formel
247 606 39 24 art,
309 604 7 21 i
338 604 36 21 det
397 604 42 21 hon
462 610 63 21 synes
543 604 64 21 hafva
624 603 87 22 hänfört
729 604 32 26 sig
776 610 87 15 snarare
878 602 32 22 till

84 632 142 27 bokföringen
249 634 26 20 än
299 632 33 22 till
347 639 26 15 en
389 632 98 28 pröfning
503 632 23 22 af
539 633 175 26 placeringarnas
731 632 116 21 säkerhet".
877 631 34 21 Då

82 660 63 22 detta
161 661 110 21 uttalande
288 662 133 26 synbarligen
436 661 39 21 har
491 661 101 22 afseende
607 661 28 27 på
651 662 26 20 de
692 661 139 21 tabellariska
842 660 69 21 öfver-

84 690 68 26 sigter
174 690 60 20 öfver
250 690 116 21 kontorens
381 690 144 26 verksamhet,
541 690 73 21 hvilka
629 689 193 27 bankfullmäktige
838 688 72 28 hvarje

84 718 79 22 månad
186 718 110 26 verkstält,
319 718 39 22 och
381 718 60 22 hvari
463 719 69 27 ingått
555 725 27 15 en
604 718 128 22 summarisk
754 718 82 27 uppgift
852 717 59 21 öfver

85 747 239 27 vexeldiskonteringar,
340 747 108 21 äfvensom
465 747 61 21 öfver
541 747 142 27 hypotekslån
699 747 40 21 och
754 746 157 22 kassakreditiv

84 774 35 22 för
134 776 73 26 hvarje
223 776 77 21 kontor
315 776 106 26 särskildt,
439 776 23 21 sä
479 782 62 20 synes
551 776 63 21 deraf
623 782 46 15 som
680 782 34 15 om
725 776 106 20 utskottet
842 774 68 22 skulle

82 810 55 15 anse
160 804 63 21 dessa
246 804 125 27 öfversigter
394 804 139 28 öfverflödiga
555 804 53 22 eller
624 804 128 21 åtminstone
768 804 47 21 icke
830 803 80 21 medfö-

84 833 67 21 rande
166 833 41 21 den
222 835 67 25 nyttä,
305 840 45 14 som
365 834 87 20 dermed
467 833 83 21 afsetts.
570 832 197 27 Bankfullmäktige
782 832 64 22 hafva
856 832 55 21 dock

83 862 57 20 varit
163 861 23 21 af
208 868 26 14 en
256 868 70 14 annan
349 862 60 26 äsigt.
440 862 32 21 De
492 862 65 21 hafva
573 863 70 20 ansett
659 863 32 19 att
707 862 62 20 dessa
785 860 126 28 öfversigter

83 889 73 22 kunde
179 890 97 21 medföra
298 896 26 15 en
345 890 104 27 tväfaldig
464 893 68 25 nyttä.
563 891 63 21 Först
644 890 40 22 och
698 890 76 21 främst
790 890 69 21 lemna
875 889 36 21 de-

84 924 83 16 samma
188 925 27 15 en
236 919 82 27 ganska
341 918 144 28 öfverskädlig
507 920 45 20 bild
575 926 34 14 om
628 920 41 20 den
688 919 99 26 riktning,
802 919 7 21 i
825 918 86 21 hvilken

84 946 146 22 länerörelsen
252 948 35 21 vid
310 948 72 26 hvarje
406 948 77 21 kontor
501 948 180 26 hufvudsakligen
699 947 116 25 bedrifvits,
832 947 7 21 i
854 946 56 22 hvad

84 976 51 20 män
150 976 40 21 den
205 977 93 26 grundat
314 976 31 27 sig
354 976 28 27 pä
392 977 99 26 personel
501 977 72 21 kredit
584 976 53 22 eller
647 976 28 27 pä
688 976 45 21 real
749 976 105 25 säkerhet,
871 975 39 21 och

84 1004 70 21 tillika
169 1007 78 24 utgöra
262 1006 26 20 de
304 1011 26 15 en
344 1005 95 21 kontroll
455 1005 60 21 öfver
531 1005 152 27 bokföringen;
699 1007 23 25 ty
737 1004 27 22 dä
779 1005 63 21 dessa
856 1010 54 15 sam-

84 1034 178 26 manställningar
284 1033 64 21 hafva
370 1034 124 21 tillkommit
517 1034 96 26 sälunda,
632 1036 33 18 att
680 1033 190 27 bankfullmäktige
886 1039 25 14 ur

83 1062 117 21 kontorens
223 1062 180 27 veckorapporter
425 1063 80 26 uttagit
527 1063 78 26 nödiga
628 1062 109 27 uppgifter
759 1062 109 27 angäende
884 1061 26 21 de

85 1090 107 22 särskilda
207 1091 133 21 brancherna
356 1091 23 21 af
392 1091 97 27 utläning
505 1091 40 21 och
561 1091 149 21 sammanstält
725 1091 48 21 dem
788 1090 34 22 för
837 1090 74 26 hvarje

84 1119 79 21 kontor
178 1120 108 25 särskildt,
302 1122 55 18 samt
370 1120 87 26 jemfört
473 1120 168 21 slutsummorna
656 1120 48 21 med
715 1120 96 20 bankens
821 1118 90 22 hufvud-

84 1147 86 26 böcker,
194 1148 24 21 sä
240 1148 39 21 har
302 1149 40 20 den
365 1149 73 21 dervid
455 1148 67 22 funna
538 1148 236 22 öfverensstämmelsen
789 1148 81 26 utgjort
885 1153 26 15 en

81 1176 85 26 ganska
188 1177 42 26 god
252 1177 93 21 kontroll
369 1177 59 21 öfver
449 1178 98 20 rörelsen
567 1178 7 20 i
589 1178 49 20 dess
654 1177 79 21 helhet.
764 1176 39 22 Om
820 1176 91 21 bankut-

82 1204 84 22 skottet
188 1205 119 21 emellertid
330 1208 23 19 är
376 1206 23 20 af
422 1206 41 21 den
482 1205 62 27 äsigt,
561 1208 33 19 att
609 1206 63 21 dessa
687 1205 140 21 tabellariska
843 1204 68 21 öfver-

83 1233 67 27 sigter
173 1235 37 19 äro
230 1234 143 28 öfverflödiga,
390 1234 23 21 sä
429 1236 46 19 tror
488 1234 38 27 jag
541 1234 33 22 för
589 1235 44 21 min
648 1234 41 26 del,
706 1236 32 19 att
754 1232 157 23 bankfullmäk-

82 1262 45 26 tige
143 1262 46 22 icke
206 1262 60 21 skola
281 1262 64 22 hafva
361 1263 115 27 nägonting
492 1265 57 19 emot
565 1265 32 19 att
613 1263 44 21 läta
673 1263 47 21 dem
735 1262 108 25 bortfalla,
855 1261 56 21 helst

82 1290 65 22 dessa
170 1290 132 28 mänatligen
320 1291 176 22 återkommande
521 1292 224 26 sammanställningar
764 1290 94 22 medfört
881 1291 31 19 ett

81 1319 84 27 ganska
188 1320 62 26 drygt
273 1320 73 21 arbete
369 1320 34 21 för
425 1320 200 27 bankfullmäktige.
656 1320 39 21 Att
720 1318 191 26 bankfullmäktige

82 1348 48 21 icke
153 1348 68 21 skulle
245 1348 64 21 hafva
332 1351 64 24 egnat
419 1349 116 27 tillräcklig
557 1348 191 27 uppmärksamhet
770 1348 23 21 ät
807 1346 105 28 placerin-

81 1382 79 21 garnes
176 1376 108 27 säkerhet,
301 1379 23 19 är
339 1377 48 21 äter
402 1383 27 15 en
443 1378 149 26 anmärkning,
609 1384 46 15 som
667 1377 38 27 jag
720 1376 65 28 vägar
801 1381 51 15 anse
865 1374 46 22 icke

82 1411 53 15 vara
150 1405 98 27 befogad.
270 1406 40 21 Väl
326 1406 39 20 har
380 1406 36 21 det
432 1406 77 21 endast
525 1406 153 26 undantagsvis
688 1406 101 25 inträffat,
802 1406 33 20 att
846 1403 66 21 bank-

82 1432 135 28 fullmäktige
236 1434 70 21 funnit
325 1434 47 22 skäl
388 1434 33 22 till
436 1434 71 27 någon
523 1434 142 27 anmärkning
679 1436 46 19 mot
740 1433 128 23 säkerheten
883 1432 30 21 el-

82 1461 32 22 ler
137 1462 40 21 den
199 1462 77 27 kredit,
298 1469 44 15 som
361 1463 99 27 beviljats
476 1463 98 21 enskilda
589 1463 83 21 kunder
687 1463 8 21 i
709 1462 90 26 banken,
815 1468 50 15 men
880 1460 33 22 så-

81 1490 54 21 dant
157 1490 40 22 har
212 1491 55 21 dock
283 1491 62 21 äfven
360 1491 70 27 någon
445 1492 56 26 gång
516 1491 103 27 inträffat,
638 1492 40 20 och
693 1492 8 20 i
717 1491 116 21 allmänhet
848 1489 65 22 hafva

82 1518 193 28 bankfullmäktige
298 1520 46 21 icke
367 1520 119 22 underlåtit
509 1522 33 19 att
564 1520 7 21 i
593 1520 175 21 förekommande
786 1520 39 20 fall
840 1518 73 27 taga
903 1514 15 36 i
