1109 1728
372 124 16 19 R.
401 129 15 14 0.
429 124 16 19 A;
458 124 48 19 1886.
530 123 10 20 8
553 124 47 22 April.
834 125 41 21 597

144 193 43 21 Det
208 192 120 27 lagförslag,
350 198 46 16 som
418 198 29 15 nu
469 191 120 27 föreligger,
614 193 82 26 öppnar
718 193 64 25 utväg
804 191 33 22 till
852 192 55 21 att
896 187 14 36 i

76 221 77 27 många
174 221 117 26 riktningar
314 221 64 21 verka
397 219 34 22 för
453 220 59 21 såväl
534 220 122 27 bildningen
676 225 44 16 som
735 219 114 28 ekonomin
866 220 41 21 och

76 249 117 28 ordningen
208 249 90 22 rörande
313 249 111 22 intressen.
450 249 68 26 Ingen
533 248 43 22 kan
591 249 28 26 på
633 248 91 21 förhand
739 249 49 20 med
803 247 38 22 full
856 247 49 22 viss-

76 277 37 23 het
135 277 107 28 profetera
264 277 47 22 med
334 277 55 22 hvad
408 276 112 28 framgång
535 277 41 21 den
592 283 41 20 nya
647 276 148 22 institutionen
810 276 96 21 kommer

77 308 32 20 att
123 306 121 22 handhafva
260 306 64 26 detta,
340 312 48 15 men
404 305 37 22 det
455 305 69 22 finnes
540 311 58 16 mera
613 305 135 28 sannolikhet
765 304 33 22 för
812 306 32 20 att
860 305 46 23 der-

76 333 84 28 igenom
184 334 53 22 skall
252 334 156 21 åstadkommas
424 340 56 20 gagn
496 335 27 19 än
539 334 70 25 någon
624 333 74 21 skada.
728 333 67 21 Åfven
811 339 33 16 om
860 333 46 22 icke.

77 362 67 22 redan
167 363 41 21 den
224 362 187 26 omständigheten,
428 364 32 19 att
476 363 32 20 ett
523 361 22 22 af
558 362 115 21 ständerna
688 361 91 27 begärdt
794 361 114 27 lagförslag

78 391 67 21 andra
164 392 82 25 gången
261 390 112 27 föreligger
387 390 32 21 till
434 390 138 27 behandling,
588 389 99 27 utgjorde
703 396 25 15 en
746 390 81 26 ganska
843 390 65 26 vigtig

77 418 84 22 formell
184 418 111 27 anledning
317 420 32 20 att
368 418 108 27 verkligen
494 424 55 21 egna
564 418 60 21 detta
638 417 79 27 förslag
731 417 64 28 nödig
810 417 97 28 pröfning

78 447 40 21 och
142 448 27 26 på
191 447 68 26 grund
274 447 60 21 deraf
347 445 75 28 bringa
436 446 63 27 lagen
515 446 32 22 till
564 446 68 25 stånd,
648 447 24 20 så
687 446 67 21 borde
769 453 49 15 man
832 445 75 22 under-

78 475 45 22 låta
145 477 33 20 att
199 482 29 15 nu
249 475 49 27 vilja
312 475 56 27 gifva
382 475 74 27 frågan
472 481 26 16 en
514 481 71 16 annan
600 475 40 21 och
656 481 28 21 ny
699 474 98 28 riktning,
816 475 91 27 isynner-

78 503 38 22 het
137 510 46 15 som
206 504 26 21 de
254 503 52 28 skäl,
329 503 71 22 hvilka
415 503 72 22 kunde
502 503 45 22 tala
562 503 32 21 för
610 505 31 20 ett
656 503 111 21 afvikande
783 505 77 26 system
875 501 33 23 för

78 531 161 28 sjelfstyrelsens
261 532 125 27 utveckling,
410 531 70 22 blifvit
502 531 39 22 allt
563 531 33 22 för
618 531 48 22 litet
681 531 149 22 skärskådade.
860 531 48 22 Den

78 563 87 20 senaste
187 561 65 21 ärade
269 560 81 22 talaren
365 560 39 21 har
419 560 61 27 tyckt
494 560 33 27 sig
542 560 32 21 uti
589 566 26 15 en
630 560 131 21 reservation
776 559 33 22 till
824 561 85 20 senaste

78 589 215 22 komitébetänkande
315 589 56 21 finna
386 590 32 20 ett
438 589 34 21 väl
488 588 140 28 genomtänkt
643 594 99 21 program
758 588 7 21 i
780 588 80 27 frågan,
876 589 34 20 ett

78 623 100 22 program
201 617 80 27 egande
303 618 23 21 så
348 619 58 20 stora
426 617 123 22 företräden
566 619 32 19 att
614 617 35 21 det
664 616 67 22 borde
745 616 113 21 framkalla
874 622 34 15 en-

79 645 94 22 tusiasm.
203 645 41 27 Jag
265 645 33 22 för
320 645 41 22 min
385 645 34 22 del
440 645 41 22 har
500 645 46 22 icke
561 645 47 22 haft
623 651 81 16 samma
718 645 83 27 intryck
816 644 34 21 vid
866 646 43 20 stu-

80 673 44 22 diet
146 673 21 21 af
188 674 65 26 sagda
275 673 135 22 reservation.
440 674 48 20 Den
512 674 80 21 vittnar
614 680 35 15 om
672 673 83 27 mycket
772 673 89 21 intresse
876 672 32 21 för

80 702 72 26 saken,
174 708 34 16 om
229 704 31 19 att
275 704 133 20 reservanten
424 702 67 26 något
506 702 55 26 tagit
576 702 120 21 kännedom
714 708 34 14 om
764 701 89 27 analoga
867 700 42 22 för-

79 730 115 22 hållanden
216 730 6 21 i
246 731 65 21 andra
331 730 79 27 länder,
427 736 48 15 men
493 730 38 22 der
545 730 69 21 finnas
629 728 92 23 faktiska
736 730 87 26 misstag
837 729 22 21 af
873 729 37 21 det

80 758 51 27 slag,
154 765 46 15 som
222 759 60 21 äfven
303 758 69 22 blifvit
393 759 7 21 i
422 758 161 27 propositionen
598 758 8 21 i
623 758 137 27 förbigående
775 757 135 27 vederlagda,

80 786 40 22 och
141 787 107 27 åtskilliga
267 787 22 21 af
310 787 26 21 de
357 786 184 28 förutsättningar,
565 788 27 26 på
610 786 72 22 hvilka
696 787 146 21 reservantens
858 786 50 21 slut-

80 817 68 19 satser
170 815 59 26 bero,
252 815 66 22 finnas
340 815 46 21 icke
400 815 33 21 till
448 815 6 21 i
471 816 48 21 vårt
534 815 56 21 land.
623 815 49 21 Men
688 815 36 21 det
738 814 42 22 kan
794 814 47 22 icke
856 814 55 21 höra

80 843 32 21 till
135 850 25 15 en
184 844 73 21 debatt
280 844 26 26 på
329 844 58 21 detta
404 850 46 15 rum
467 845 33 20 att
515 846 99 19 närmare
629 843 91 27 granska
735 843 65 26 sagda
815 848 93 16 reserva-

80 872 52 26 tion,
148 878 46 15 som
208 878 66 21 gerna
288 872 42 21 kan
346 872 103 21 erkännas
465 878 53 16 vara
534 872 108 27 uttrycket
656 871 33 21 för
704 878 25 15 en
744 871 108 27 uppriktig
867 876 42 16 me-

80 900 56 26 ning.
167 900 40 27 Jag
230 902 34 20 må
286 900 32 22 för
341 900 63 27 öfrigt
426 900 68 22 tillstå
516 902 32 20 att
568 900 38 27 jag
625 900 46 22 icke
686 900 40 21 fått
741 900 57 20 klart
813 899 31 21 för
860 899 48 27 mig,

81 928 104 22 huruvida
207 928 25 22 br
254 935 40 15 von
317 928 86 22 Alfthar
426 929 80 21 önskar
520 929 48 21 icke
584 929 56 21 blott
654 930 32 20 att
702 934 25 15 en
742 927 170 27 representation

81 956 32 22 för
135 957 160 28 sjelfstyrelsens
315 957 119 27 utveckling
449 957 68 21 borde
533 957 77 21 ordnas
626 956 115 26 häradsvis,
757 958 51 19 utan
824 956 38 21 ock
878 957 33 19 att

82 985 101 27 derjemte
205 986 104 21 särskilda
330 985 230 28 sjelfstyrelseorganer
582 985 67 22 borde
672 984 88 22 föreslås
782 986 33 20 att
830 985 80 20 ersätta

81 1015 81 20 statens
184 1013 151 23 funktionärer.
365 1014 42 21 Det
429 1014 70 21 hvilar
522 1020 25 15 en
572 1014 40 21 viss
632 1013 137 28 tvetydighet,
785 1018 61 21 synes
860 1012 49 27 mig,

82 1041 58 22 öfver
162 1041 93 22 talarens
277 1042 95 27 syftemål
390 1042 7 21 i
412 1042 61 21 detta
488 1041 128 22 hänseende.
646 1041 63 22 Hvad
724 1041 131 21 vidkommer
870 1040 41 21 den

82 1069 108 22 tilltänkta
213 1070 72 21 chefen
308 1070 32 21 för
360 1070 97 25 häradet,
468 1069 140 26 framtidens
622 1069 140 28 kronofogde,
778 1070 24 21 så
816 1071 46 19 tror
874 1068 36 27 jag

82 1097 32 22 för
136 1099 43 20 min
202 1099 40 26 del,
258 1101 32 19 att
312 1105 33 15 om
368 1105 49 15 man
436 1098 37 21 vill
492 1099 27 26 på
535 1099 78 21 honom
629 1099 83 21 hvälfva
727 1098 102 27 styrelsen
844 1096 22 22 af
880 1098 32 20 ett

82 1126 67 22 härad
171 1127 7 20 i
196 1133 69 15 annan
281 1127 39 22 och
335 1127 157 22 vidsträcktare
507 1127 86 27 mening
608 1129 27 19 än
650 1127 56 21 hvad
721 1126 98 21 nutidens
834 1126 77 21 krono-

82 1154 62 27 fogde
166 1155 40 22 har
228 1157 32 19 att
281 1157 57 26 göra,
361 1156 24 21 så
407 1155 55 21 skall
486 1161 49 16 man
558 1155 62 22 hafva
638 1156 58 21 svårt
711 1161 41 20 nog
767 1155 32 20 att
814 1154 27 26 på
856 1153 55 27 sjelf-

82 1183 114 27 styrelsens
218 1184 68 26 grund
301 1183 56 22 finna
372 1183 105 22 individer
493 1190 45 15 som
554 1183 50 27 vilja
619 1190 54 21 egna
688 1183 48 22 hela
751 1183 31 21 sin
798 1182 31 21 tid
844 1182 66 21 deråt.

82 1211 48 26 Nog
152 1212 69 21 skulle
244 1212 66 21 denne
333 1212 123 21 framtidens
476 1211 133 28 kronofogde
624 1213 69 20 måsta
708 1211 63 22 blifva
786 1217 26 15 en
828 1209 85 22 aflönad

82 1239 188 28 statstjensteman,
286 1247 26 14 en
328 1240 154 22 administrativ
499 1240 104 26 fackman,
619 1241 76 21 endast
709 1240 49 21 med
773 1239 41 21 den
829 1238 84 22 skilnad

82 1269 32 20 att
137 1268 43 21 han
195 1269 53 26 egde
263 1275 58 15 mera
336 1270 31 20 att
382 1271 51 24 säga
448 1268 42 22 och
505 1269 54 21 råda
574 1271 26 19 än
617 1269 25 21 de
658 1268 120 22 nuvarande
794 1272 120 22 organerna

82 1295 32 22 för
130 1298 80 20 statens
225 1296 126 28 förvaltning
365 1297 7 21 i
387 1297 97 21 häradet.

150 1325 70 22 Bland
242 1325 121 27 speciellare
385 1325 167 27 anmärkningar
575 1325 31 21 uti
626 1325 40 22 den
682 1327 82 20 senaste
780 1324 64 21 ärade
859 1322 54 32 tala-

82 1359 49 16 rens
145 1353 100 28 yttrande
262 1353 95 22 förekom
376 1353 61 22 äfven
452 1353 50 26 den,
518 1355 33 20 att
567 1353 35 22 det
617 1353 69 22 blefve
702 1359 26 16 en
742 1352 102 25 väsentlig
860 1350 54 22 brist

82 1381 31 21 uti
135 1381 37 21 det
193 1381 106 22 blifvande
321 1381 125 27 länstingets
469 1381 143 27 verksamhet,
636 1388 34 14 om
692 1381 72 27 frågor
781 1378 132 24 beträffande

82 1411 76 25 vägars
180 1409 111 28 byggande
313 1410 39 21 och
367 1410 121 26 hållskjuts,
504 1410 71 22 såsom
593 1410 7 21 i
614 1410 48 21 nåd.
678 1416 60 21 prop.
754 1411 24 19 är
792 1407 123 27 föreslaget,

82 1437 47 22 icke
147 1438 85 22 komme
248 1440 32 19 att
297 1438 50 22 bero
362 1438 23 21 af
398 1438 134 26 länstingens
547 1438 176 22 beslutanderätt.
753 1437 41 27 Jag
809 1436 104 22 erkänner

82 1471 66 21 gerna
166 1468 32 20 att
216 1466 36 22 det
267 1466 54 22 varit
336 1466 120 27 önskligare
473 1472 36 16 om
524 1472 50 16 man
589 1472 29 15 nu
633 1466 131 22 omedelbart
778 1464 68 22 skulle
861 1464 53 21 kun-

82 1496 38 19 nat
134 1495 24 21 så
174 1494 66 22 ordna
255 1495 114 26 stadgarne
384 1500 35 16 om
434 1494 135 27 länstingens
584 1494 133 27 befogenhet,
730 1496 32 19 att
776 1493 60 22 äfven
853 1492 61 22 dessa

80 1520 74 28 frågor
175 1522 68 22 skulle
265 1522 96 22 hänförts
384 1522 37 22 dit.
451 1523 43 26 Jag
516 1523 40 21 har
578 1522 32 22 för
629 1523 44 21 min
688 1522 34 22 del
736 1522 62 26 länge
812 1520 46 22 haft
874 1520 41 21 den
