1098 1773
239 141 41 22 832
503 141 15 19 R.
531 146 14 14 0.
559 142 16 18 A.
587 142 47 19 1885.
659 142 20 19 27
692 143 46 22 April.

212 210 85 28 frågans
312 210 88 27 lösning.
430 211 42 20 Det
493 212 25 20 är
535 211 121 26 uppenbart
672 213 32 20 att
719 213 30 20 ett
765 211 127 21 ständerhus
907 210 100 27 uppfördt
1021 210 8 21 i

212 239 103 22 samband
340 239 47 21 med
409 239 134 22 riddarhuset
568 239 29 27 pä
612 241 109 25 gvarteret
736 239 101 22 Servalen
852 239 68 22 skulle
935 239 93 28 uppfylla

212 268 44 21 alla
269 267 99 27 anspräk.
397 268 74 21 Denna
492 268 50 26 plan
560 268 69 21 skulle
644 268 72 21 kunna
731 268 135 27 genomföras
881 268 100 27 antingen
995 267 33 22 sä-

212 297 65 21 lunda
292 298 32 19 att
338 296 135 22 riddarhuset
487 296 110 22 förblifver
617 296 139 23 oförändradt
771 297 39 21 och
825 297 33 21 för
873 297 25 21 de
913 298 33 20 tre
961 297 66 27 öfriga

212 325 90 22 stånden
317 326 31 20 ett
362 327 46 24 nytt
422 325 40 21 hus
476 325 94 27 byggdes
584 325 53 22 eller
652 325 89 22 sålunda
757 328 32 19 att
804 325 33 22 för
852 325 103 22 vinnande
971 325 22 21 af
1002 331 25 16 en

212 353 93 27 enhetlig
329 353 102 27 byggnad,
453 353 136 22 riddarhuset
611 354 130 27 underginge
756 353 70 28 nägon
841 354 132 27 ombyggnad
989 354 38 21 och

212 388 25 15 en
253 382 125 27 nybyggnad
393 382 130 21 omedelbart
538 382 88 22 dermed
640 383 120 21 förenades.
790 383 40 20 Om
843 383 37 26 jag
895 382 63 21 ocksä
973 382 53 21 före-

211 411 76 26 drager
309 411 36 20 det
366 411 67 21 första
453 411 143 30 alternativet,
620 417 45 15 som
687 411 46 22 icke
748 411 69 22 skulle
833 411 146 22 ästadkomma
993 417 32 19 en,

211 439 65 27 enligt
299 439 42 22 min
365 439 70 26 tanke,
460 439 77 27 onödig
553 439 40 22 och
608 440 77 21 endast
699 440 23 21 af
734 439 46 22 smä
795 440 152 21 sidointressen
962 440 63 21 fram-

209 469 78 20 manad
301 467 122 28 förändring
446 467 23 22 af
482 468 142 26 riddarhuset,
640 468 24 21 sä
679 469 75 21 tvekar
766 468 38 27 jag
819 468 53 21 dock
888 468 45 21 icke
948 470 32 19 att
995 467 30 22 äf-

210 503 45 20 ven,
281 503 34 15 om
337 496 24 21 sä
382 497 88 26 fordras,
493 498 112 25 acceptera
628 497 36 21 det
678 503 81 16 senare.
789 497 144 21 Riddarhuset
947 499 24 18 är
985 497 40 24 väl,

210 525 69 21 säsom
295 531 25 15 en
343 525 125 27 föregäende
492 525 68 21 talare
575 525 100 27 päpekat,
691 526 33 21 för
739 526 24 21 R.
780 531 19 16 o.
815 526 25 20 A.
856 525 53 26 kärt,
925 531 48 16 men
988 525 37 21 kä-

210 560 47 15 rare
272 554 40 21 bör
334 553 59 26 dock,
416 554 65 26 enligt
495 555 43 20 min
553 554 91 27 mening,
661 554 33 21 för
709 555 24 20 R.
749 561 20 14 o.
785 554 25 21 A.
826 554 40 21 den
881 554 78 21 tanken
973 560 52 15 vara

209 584 32 19 att
257 583 31 21 uti
304 584 30 19 ett
357 584 130 25 gemensamt
509 583 128 20 ständerhus
652 583 22 20 fä
688 582 67 22 skäda
770 584 33 20 ett
817 583 86 26 uttryck
917 582 24 21 af
954 589 70 20 repre-

209 611 143 22 sentationens
367 611 68 21 enhet.
465 611 42 21 Det
521 611 42 21 kan
578 617 53 15 vara
646 611 33 21 för
694 611 24 21 R.
735 618 18 15 o.
770 611 25 21 A.
810 611 50 21 kärt
875 613 32 19 att
917 611 107 21 bibehälla

209 640 151 26 eganderätten
384 640 32 21 till
439 640 141 25 riddarhuset,
605 646 49 15 men
676 640 76 21 kärare
775 640 40 20 bör
837 646 52 15 vara
906 641 32 20 att
953 640 71 21 kunna

209 669 60 26 njuta
284 669 22 20 af
320 669 42 20 alla
384 669 25 20 de
427 668 94 21 fördelar
535 670 32 19 ett
582 668 75 21 arbete
672 669 7 20 i
694 671 52 18 nära
762 668 153 27 sammanhang
929 669 48 20 med
993 668 30 21 öf-

208 697 46 27 riga
269 697 62 21 stånd
347 697 53 21 skall
415 697 100 21 medföra.
545 697 42 26 Jag
609 703 63 15 anser
687 697 82 22 således
785 699 38 24 att,
840 703 33 15 om
889 697 24 21 sä
927 697 23 21 af
963 697 24 21 R.
1003 703 19 15 o.

208 726 25 21 A.
257 726 95 27 begäres,
375 725 84 22 ständet
480 726 46 21 icke
548 725 40 21 bör
612 725 64 22 tveka
691 728 32 19 att
738 725 57 22 afstä
809 725 48 21 frän
872 726 151 26 eganderätten

207 754 33 21 till
265 755 60 20 detta
346 754 45 21 hus.
421 755 40 26 Jag
482 754 36 21 vill
541 754 119 21 emellertid
675 754 46 21 icke
736 754 83 27 päyrka
833 755 32 20 att
880 755 24 20 R.
920 761 19 14 o.
955 754 24 21 A.
995 761 27 14 nu

207 783 94 21 besluter
316 784 30 26 sig
360 783 33 21 för
407 783 68 21 denna
490 783 43 25 sak.
550 784 53 20 utan
618 785 46 19 tror
678 785 32 19 att
725 784 24 20 R.
767 789 18 15 o.
801 783 25 21 A.
843 783 39 21 bör
896 784 85 20 invänta
997 789 26 15 en

207 812 124 26 inbjudning
355 812 7 20 i
386 811 75 21 sädant
482 812 53 26 syfte
558 811 40 21 och
620 812 42 20 kan
685 812 49 26 nöja
749 812 32 26 sig
796 812 47 20 med
859 814 32 18 att
905 818 28 14 nu
949 812 73 20 endast

206 840 113 27 godkänna
344 840 155 21 reservationen
520 840 7 21 i
543 840 26 21 de
584 840 67 25 delar,
667 846 45 15 som
727 840 47 21 icke
789 840 78 21 beröra
882 840 139 21 riddarhuset.

275 869 32 21 Hr
328 868 93 22 Taube:
451 868 175 22 Statsutskottets
649 868 127 22 hemställan
798 875 34 15 om
854 871 31 19 ett
899 869 122 26 ytterligare

206 898 74 26 anslag
295 897 22 21 af
332 898 110 26 1,300,000
457 897 66 25 mark,
538 897 34 21 för
588 897 131 27 uppförande
734 897 24 22 af
771 899 32 19 ett
819 898 132 25 ständerhus,
966 897 56 22 utöf-

206 932 37 15 ver
265 926 65 21 redan
352 926 102 27 beviljade
480 927 111 25 1,200,000
616 926 66 25 mark,
708 927 43 20 kan
765 926 36 27 jag
816 926 46 21 icke
877 927 77 25 bifalla,
970 929 52 18 utan

206 956 129 25 protesterar
354 955 37 26 jag
412 955 51 26 högt
485 956 44 19 mot
551 956 32 19 ett
605 955 77 20 sädant
697 955 75 21 slöseri
787 955 48 20 med
851 955 82 20 landets
947 955 74 25 medel,

205 983 124 26 oförlåtligt,
353 983 26 21 dä
401 983 36 21 det
459 983 76 21 väckes
560 983 40 21 och
615 983 85 21 utöfvas
713 984 23 21 af
750 983 116 21 ständerna
881 983 78 26 sjelfva,
975 984 47 21 dem

205 1012 190 26 hushällsaktighet
419 1011 65 22 borde
509 1012 56 26 ligga
580 1018 35 15 om
630 1012 86 26 hjertat,
732 1012 41 21 och
788 1012 71 21 hvilka
874 1012 65 21 borde
955 1012 67 21 öfver-

204 1041 56 20 vaka
282 1040 146 21 användandet
449 1041 23 20 af
491 1041 206 20 statsinkomsterna.
727 1041 41 21 Om
789 1040 46 21 icke
851 1042 31 19 ett
897 1041 125 21 ständerhus

204 1069 42 21 kan
262 1069 156 21 ästadkommas
433 1069 33 21 för
481 1069 66 21 redan
562 1069 71 21 dertill
649 1069 104 26 beviljade
768 1069 77 26 medel,
863 1069 23 21 sä
900 1069 122 22 instämmer

201 1098 38 27 jag
261 1098 7 21 i
289 1097 48 21 frih.
359 1103 41 15 von
422 1098 67 21 Borns
513 1098 137 25 reservation,
666 1098 7 21 i
689 1098 40 21 den
745 1097 35 22 del
795 1098 46 20 deri
855 1098 42 20 han
912 1098 63 26 yrkar
990 1099 32 20 att

203 1126 284 27 ständerhusdelegationens
508 1126 97 27 uppdrag
627 1126 66 21 mätte
715 1126 108 21 förklaras
845 1126 63 21 hafva
922 1127 99 26 upphört,

203 1155 40 21 och
258 1155 122 21 hemställer
394 1155 108 21 vördsamt
517 1161 34 14 om
566 1155 47 20 icke
628 1161 27 14 en
670 1161 27 20 ny
712 1155 122 26 delegation
844 1155 70 21 kunde
924 1155 97 27 utväljas,

202 1183 84 22 hvilken
303 1183 104 21 måhända
428 1183 71 21 bättre
514 1185 27 19 än
556 1183 42 21 den
613 1183 128 27 föregående
757 1183 69 21 skulle
842 1183 63 22 ställa
919 1184 32 26 sig
968 1185 53 21 1882

202 1211 35 22 ärs
260 1211 96 22 ständers
378 1211 128 28 önskningar
526 1211 34 21 till
582 1211 150 28 efterrättelse,
749 1212 41 21 och
805 1212 72 27 lyckas
891 1214 32 19 att
938 1212 33 21 för
985 1213 36 21 det

202 1240 105 27 beviljade
321 1240 96 27 anslaget
431 1240 88 27 uppföra
535 1246 26 15 en
576 1241 65 26 nödig
655 1241 104 26 byggnad.

271 1269 32 20 Hr
324 1275 41 14 von
386 1269 119 21 Alfthan:
533 1269 43 26 Jag
598 1269 94 21 önskade
712 1270 98 20 närmast
824 1269 69 21 uttala
907 1270 42 26 mig
965 1271 62 20 emot.

201 1297 26 21 hr
241 1297 84 21 Taubes
341 1299 82 19 senaste
438 1297 78 27 förslag
531 1298 33 20 att
577 1297 92 22 tillsätta
683 1304 26 15 en
723 1304 29 21 ny
768 1298 125 26 delegation.
923 1298 40 26 Jag
975 1299 46 20 tror

200 1328 34 19 att
248 1332 49 15 man
313 1325 129 28 smäningom
457 1326 64 21 borde
537 1325 89 22 kommit
641 1327 32 20 till
688 1327 41 20 den
749 1326 142 27 öfvertygelse
906 1327 31 20 uti
953 1327 68 20 denna

199 1354 161 28 angelägenhet,
383 1356 32 19 att
433 1355 114 20 ständerna
562 1354 75 27 sjelfva
652 1355 72 21 derom
739 1355 48 21 icke
802 1354 72 22 kunna
888 1355 54 21 fatta
957 1354 64 27 nägot

200 1383 76 27 beslut,
300 1389 45 15 som
360 1383 69 21 kunde
445 1383 62 21 hafva
521 1382 87 27 påföljd.
638 1383 41 27 Jag
694 1383 39 21 har
749 1383 67 21 redan
830 1384 34 20 vid
880 1385 71 20 senast
965 1383 55 21 före-

198 1412 84 26 gäende
304 1411 101 27 landtdag
424 1412 54 26 tagit
492 1412 42 26 mig
549 1411 42 21 den
606 1411 91 22 friheten
712 1411 87 26 föreslä,
815 1413 32 19 att
861 1411 160 28 verkställighe-

199 1442 38 20 ten
259 1441 23 21 af
302 1440 93 22 beslutet
416 1440 66 21 borde
501 1440 140 22 öfverlemnas
657 1440 22 22 ät
693 1441 132 27 regeringen,
842 1440 70 22 såsom
925 1440 36 27 jag
975 1443 46 19 tror

199 1471 33 19 att
257 1476 49 14 man
329 1469 66 21 borde
409 1468 27 28 gä
451 1469 85 27 tillväga
552 1469 40 21 och
607 1475 44 15 som
667 1476 49 14 man
731 1469 49 27 gätt
795 1469 88 27 tillväga
897 1470 6 20 i
919 1470 26 20 de
959 1469 61 21 flesta

198 1498 69 20 andra
281 1498 79 20 länder.
391 1497 68 21 Anser
473 1504 48 15 man
537 1498 96 20 deremot
648 1500 33 19 att
696 1498 41 21 den
754 1497 55 21 först
823 1498 92 21 tillsatta
925 1498 95 20 ständer-

198 1526 200 26 husdelegationens
420 1526 125 27 befogenhet
567 1526 73 21 vidare
664 1526 39 22 bör
717 1526 100 26 fortfara,
832 1526 34 21 fär
879 1526 36 26 jag
929 1526 34 21 för
977 1527 43 21 min

198 1554 36 22 del
257 1554 44 22 helt
323 1554 71 22 enkelt
413 1554 106 28 tillstyrka
541 1556 32 20 att
589 1555 90 26 300,000
694 1555 63 21 mark
772 1554 67 22 måtte
854 1556 115 26 yttermera
984 1555 35 22 be-
