1106 1748
378 117 16 19 R.
406 122 15 15 0.
434 117 16 18 A.
463 117 47 20 1885;
534 117 11 20 8
557 117 48 23 April.
838 118 41 21 617

77 188 61 20 emot
160 185 103 28 styrelsen
280 185 92 22 vidhålla
386 185 32 22 sin
433 185 92 28 tidigare
539 185 56 28 åsigt
610 185 40 22 och
665 185 81 28 påyrka
761 185 147 22 överenskom-

79 214 91 23 melsens
193 213 138 28 fullgörande,
354 220 62 15 anser
435 214 43 27 jag,
501 221 35 15 om
557 214 115 22 utskottets
687 213 58 22 kläm
759 213 24 22 af
795 214 113 21 ständerna

77 246 97 24 antages,
197 242 131 27 fullmäktige
351 249 50 15 vara
422 242 115 23 beröfvade
559 242 177 27 handlingsfrihet
755 242 39 22 och
810 242 97 28 möjligen

79 271 40 23 hos
142 272 48 21 dem
212 271 76 27 uppstå
310 271 72 22 tvifvel
405 271 54 22 huru
481 271 127 22 ständernas
630 271 110 22 uttalande
755 270 23 23 af
791 271 48 22 dem
853 270 55 23 skall

78 300 78 22 tolkas.
182 300 70 22 Jemte
266 299 36 22 det
314 299 37 27 jag
365 299 89 22 sålunda
469 299 85 22 förenar
568 299 44 28 mig
627 306 34 15 om
672 299 116 22 utskottets
798 299 109 22 uttalande

77 330 36 20 att
128 328 124 22 bankfullm.
263 327 67 22 borde
339 328 49 27 ingå
398 328 33 21 till
440 329 104 27 styrelsen
555 328 48 21 med
614 335 27 20 ny
651 328 154 27 framställning
815 328 6 21 i
837 330 70 20 ämnet

79 363 63 16 anser
155 357 37 27 jag
207 358 33 20 att
255 357 64 26 något
333 356 79 27 förslag
427 363 33 16 om
478 357 136 27 nedsättning
630 356 22 21 af
665 356 100 27 beloppet
775 356 53 22 ifrån
839 358 12 20 2
863 356 45 22 mil-

75 385 66 28 joner
156 385 32 21 till
206 387 7 19 1
234 385 70 26 miljon
319 385 46 21 icke
381 385 66 22 borde
462 385 6 21 i
485 386 68 21 denna
569 385 154 26 framställning
738 385 54 27 ingå.

191 420 46 20 pag.
261 414 13 21 9
296 415 112 20 anmärker
426 415 105 20 utskottet
549 416 32 19 att
596 413 185 26 belåningsvärdet
796 413 22 22 af
831 413 75 26 silfver,

78 442 83 21 hvilket
184 442 102 21 bestämts
309 442 31 21 till
363 443 26 21 95
406 443 27 26 %,
455 442 23 22 af
500 443 48 21 dess
563 443 103 21 noterade
682 441 99 28 börspris,
798 443 53 21 varit
866 447 41 21 nog

83 471 53 26 högt
150 471 92 26 tilltaget
257 471 48 20 med
321 471 97 21 afseende
434 472 13 20 å
457 470 180 22 fluktuationerne
647 471 7 20 i
665 471 68 20 denna
744 471 82 21 metalls
837 470 69 21 värde.

79 499 51 22 Med
142 499 113 25 anledning
266 499 60 21 deraf
334 499 79 22 tillåter
420 500 37 26 jag
469 499 42 27 mig
521 499 90 28 upplysa
621 502 32 18 att
664 499 59 21 detta
733 499 174 27 belåningsvärde

77 528 26 22 af
123 528 132 26 fullmäktige
277 528 110 21 fastställts
407 529 26 26 pä
449 528 144 22 direktinnens
609 528 79 26 förslag
703 529 68 20 såsom
788 528 118 25 maximum,

80 563 49 15 men
152 559 32 19 att
206 557 6 20 i
236 556 40 21 den
298 556 58 22 tariff
376 563 44 15 som
444 556 23 22 af
481 557 60 21 desse
557 557 110 27 uppgjorts
683 558 31 20 att
729 556 56 27 gälla
800 556 57 22 såväl
873 556 34 21 vid

79 585 183 21 hufvudkontoret
283 591 45 15 som
348 585 33 21 vid
397 585 103 22 filialerne
515 585 186 27 belåningsvärdet
716 585 101 21 bestämts
833 585 31 21 till
881 586 25 20 15

80 614 64 26 penni
167 613 33 21 för
224 615 8 19 1
250 620 57 20 gram
325 614 94 26 bergfritt
435 614 78 26 silfver,
528 614 81 21 hvilket
625 614 54 21 efter
693 614 120 21 nuvarande
830 614 42 26 pris
887 613 22 21 af

82 642 69 26 1451/,
174 642 61 27 tyska
252 642 59 21 mark
327 642 32 21 för
377 645 7 19 1
403 642 102 28 kilogram
522 644 119 20 motsvarar
656 642 97 27 omkring
769 643 26 21 83
811 643 32 25 %,.
874 642 33 21 Dä

79 669 99 28 belåning
202 670 22 21 af
244 670 70 22 silfver
334 671 6 21 i
364 671 69 26 plants
452 671 69 27 aldrig
535 671 136 21 förekommit
686 671 6 20 i
708 670 83 22 banken
806 673 50 19 utan
873 677 34 15 en-

78 698 51 22 dast
144 700 70 26 nägon
230 700 54 26 gäng
300 699 97 22 arbetadt
412 699 76 27 silfver,
505 700 34 21 vid
554 700 63 20 hvars
632 699 99 27 beläning
741 699 66 22 andra
817 699 90 21 bestäm-

80 727 76 27 ningar
171 727 54 21 varit
240 728 103 26 gällande,
360 728 38 21 har
413 728 38 21 här
467 728 100 27 uppgitna
582 728 174 26 beläningsvärde
770 728 45 21 icke
826 728 81 20 kunnat

80 755 115 28 tillskynda
214 756 83 22 banken
313 758 68 25 nägon
398 757 111 27 olägenhet
525 756 61 22 äfven
602 763 34 14 om
652 758 67 19 större
735 756 150 21 fluktuationer
900 756 7 20 i

77 783 81 22 silfrets
174 784 43 27 pris
232 785 68 21 skulle
314 785 135 21 förekommit
464 787 26 19 än
507 792 45 15 som
569 785 54 21 varit
639 784 63 22 fallet.

191 819 46 21 pag.
262 814 24 20 11
310 814 109 26 uppgifver
442 814 105 21 utskottet
562 816 33 18 att
610 813 84 21 banken
711 814 5 20 i
732 813 31 22 S:t
777 813 79 27 P:burg
871 819 36 15 an-

79 842 55 26 tagit
153 840 31 22 till
204 842 31 20 sin
250 842 160 21 kommissionär
424 842 74 21 Privat
513 842 178 21 Handelsbanken
707 842 6 21 i
729 842 70 21 stället
815 842 31 20 för
861 841 47 21 Dis-

80 869 66 22 konto
169 869 85 22 banken
277 870 38 22 och
339 870 26 22 dä
385 871 102 27 derjemte
502 872 13 20 &
530 872 65 20 annat
611 870 62 22 ställe
689 873 121 19 omnämnes
825 872 32 19 att
872 870 35 21 vid

80 898 100 22 kontoret
195 899 7 20 i
218 899 32 21 S:t
264 899 78 27 P:burg
357 902 64 25 yppat
431 899 32 27 sig
473 899 110 22 särskilda
595 899 207 27 missförhållanden
813 899 32 21 för
856 898 51 22 hvil-

79 926 39 22 kas
134 926 134 28 aflägsnande
279 927 131 22 direktionen
421 928 89 27 vidtagit
521 928 132 21 verksamma
665 928 103 28 åtgärder
778 928 70 21 kunde
859 933 48 15 man

80 955 61 22 deraf
162 956 105 22 mähända
290 956 64 27 draga
376 958 39 20 den
437 956 88 22 slutsats
543 959 32 19 att
597 957 101 21 kontoret
714 963 85 15 numera
814 956 46 21 icke
875 956 31 21 ät-

80 984 71 26 njuter
173 984 48 21 fullt
244 984 120 22 förtroende
387 986 38 20 hos
446 985 214 27 bankförvaltningen
683 986 39 21 och
740 986 27 26 pä
783 986 40 20 den
839 984 68 27 grund

80 1014 129 25 antagandet
232 1013 23 21 af
275 1015 31 20 ett
329 1014 77 21 omhud
429 1014 28 26 pä
474 1014 84 27 platsen
573 1014 54 21 varit
643 1014 22 21 af
679 1014 98 21 behofvet
791 1013 115 27 päkalladt.

77 1040 189 23 Sakförhällandet
289 1044 23 19 är
335 1042 116 21 emellertid
471 1045 33 19 att
519 1043 65 21 sedan
599 1042 63 28 länga
677 1043 55 21 tider
746 1042 88 22 tillbaka
849 1040 58 23 säväl

79 1070 139 21 statsverkets
240 1077 46 15 som
309 1070 93 22 bankens
425 1071 34 21 vid
484 1071 101 21 kontoret
599 1071 7 21 i
622 1071 79 27 P:burg
716 1070 107 28 befintliga
839 1069 68 22 medel

79 1098 55 21 varit
149 1098 13 21 &
176 1098 92 27 löpande
283 1099 89 27 räkning
388 1100 77 20 insatta
481 1100 6 20 i
503 1106 26 15 en
545 1099 22 22 af
581 1100 131 21 dervarande
726 1100 81 20 banker
822 1098 39 22 och
875 1100 32 19 att

77 1126 67 22 sedan
169 1128 53 20 1875
246 1128 33 20 för
302 1128 58 21 detta
384 1128 97 21 ändamål
504 1128 86 22 anlitats
605 1128 104 27 P:burger
724 1128 103 21 Diskonto
843 1127 64 25 bank,

78 1154 85 22 hvilken
180 1156 46 20 icke
241 1156 46 21 haft
301 1156 31 27 sig
348 1156 125 22 ombetrodd
489 1158 70 25 nägon
575 1163 69 15 annan
659 1157 96 21 funktion
770 1156 33 22 för
813 1156 94 21 bankens

79 1183 96 27 räkning.
201 1184 11 21 I
226 1184 66 22 slutet
306 1184 22 22 af
341 1185 56 21 förra
412 1186 47 20 året
474 1186 75 26 gjorde
564 1185 111 21 kontorets
690 1185 7 21 i
712 1185 79 26 P:burg
805 1184 104 22 förestän-

79 1211 51 21 dare
146 1212 38 21 hos
200 1212 133 22 direktionen
343 1213 156 27 framställning
510 1216 33 19 att
553 1213 60 28 flytta
623 1214 91 26 löpande
724 1214 141 26 räkningarna
875 1212 32 22 till

78 1239 74 22 Privat
168 1240 178 23 Handelsbanken
363 1242 38 20 och
417 1242 100 21 framhöll
533 1242 70 21 derför
618 1242 81 22 sådana
713 1242 46 21 skäl
774 1248 45 15 som
838 1248 69 15 vunno

76 1268 138 23 erkännande
230 1270 38 20 hos
284 1270 58 22 såväl
358 1270 132 22 direktionen
506 1277 45 15 som
567 1270 138 28 fullmäktige.
732 1270 79 22 Genom
823 1270 85 27 ombyte

77 1296 24 22 af
122 1296 81 22 banker
219 1298 39 21 har
272 1298 45 22 icke
333 1300 68 25 någon
418 1298 33 22 del
465 1299 22 21 af
501 1300 111 20 kontorets
628 1299 125 27 åligganden
769 1298 139 27 öfverflyttats

77 1326 29 26 på
128 1325 74 22 Privat
225 1326 186 27 Handelsbanken,
434 1334 46 14 som
501 1327 82 22 derföre
599 1327 46 22 icke
661 1328 66 21 heller
742 1328 42 20 kan
799 1326 109 22 betraktas

76 1354 72 21 såsom
173 1354 95 22 bankens
291 1355 161 21 kommissionär
475 1356 40 21 och
537 1356 46 21 icke
602 1356 68 21 heller
687 1356 39 22 har
740 1356 31 26 sig
787 1355 122 22 ombetrodt

76 1382 82 22 sådana
180 1383 97 28 uppdrag
300 1390 44 15 som
364 1384 93 21 bankens
474 1384 79 22 ombud
569 1385 27 26 på
611 1385 67 21 andra
694 1384 112 22 utländska
821 1383 86 27 platser.

147 1411 61 22 Hvad
231 1412 101 21 beträffar
343 1413 25 20 de
384 1413 208 26 missförhållanden
609 1413 105 22 utskottet
729 1413 94 27 antyder.
840 1412 23 21 så
877 1411 32 22 in-

75 1439 95 22 skränka
193 1440 108 22 desamma
323 1441 31 26 sig
374 1441 31 20 till
421 1444 32 19 att
468 1441 7 21 i
492 1442 111 21 kontorets
619 1442 62 21 kassa
696 1442 65 21 sedan
776 1441 62 26 långa
853 1440 56 22 tider

75 1466 81 23 funnits
178 1469 60 26 ryskt
260 1469 176 27 stämpelpapper,
460 1470 77 21 hvaraf
557 1470 100 21 kontoret
677 1470 54 21 hade
747 1469 64 22 behof
826 1469 35 21 vid
877 1475 32 16 re-

77 1495 147 28 diskontering
238 1497 23 21 af
274 1497 63 27 långa
351 1497 140 22 rubelvexlar.
521 1498 41 21 Vid
578 1505 26 14 en
620 1499 24 21 år
661 1499 54 21 1883
731 1499 7 20 i
753 1497 156 28 kejsaredömet

76 1522 148 30 försiggången
246 1525 126 28 indragning
394 1525 21 22 af
438 1526 68 22 dittils
521 1527 98 26 gällande
635 1527 170 27 stämpelpapper
819 1526 90 21 försum-
