1109 1742
367 129 16 19 R.
395 134 15 14 0.
423 129 16 19 A.
451 130 46 18 1885.
522 129 18 19 14
552 129 48 23 April.
831 130 41 22 683

76 198 27 26 på
119 198 35 20 det
170 197 91 21 faktiska
276 197 116 21 resultatet.
421 198 44 20 Det
479 200 24 19 är
518 200 59 19 utom
593 197 28 21 all
637 197 66 27 fråga,
719 199 33 19 att
766 197 7 21 i
788 197 114 22 allmänhet

76 226 31 21 uti
129 227 43 20 tätt
193 225 112 22 befolkade
327 226 73 21 länder
423 226 40 21 den
485 226 72 22 lokala
579 226 90 21 trafiken
693 226 70 27 spelar
777 232 26 16 en
819 225 83 28 mycket

76 254 65 28 vigtig
156 254 49 22 roll;
229 260 46 15 men
289 254 38 22 hos
343 260 34 15 oss
392 254 33 22 lär
441 254 36 22 det
492 255 34 21 väl
541 255 106 27 knappast
662 254 85 22 komma
762 254 7 21 i
784 254 65 27 fråga,
866 253 36 22 der

78 285 30 19 ett
130 283 79 26 bantäg
231 283 37 25 går
289 282 53 21 fram
365 282 39 21 och
427 284 46 20 åter
495 289 34 16 om
550 284 74 25 dagen,
640 282 156 27 landsbygdens
812 282 90 26 allmoge

78 311 66 22 skulle
167 313 52 25 göra
240 311 65 21 besök
328 311 38 21 hos
388 311 121 24 hvarandra
530 312 29 27 pä
578 311 89 27 jernväg
689 311 52 22 eller
763 313 32 19 att
810 311 40 22 den
865 316 38 21 per

75 341 87 26 jernväg
177 339 68 21 skulle
260 345 46 15 resa
321 339 31 21 till
367 339 82 28 kyrkan
465 346 18 15 o.
499 347 17 14 s.
532 347 19 14 v.
580 340 75 21 Denna
671 339 88 27 lifligare
773 339 69 27 trafik,
857 345 46 16 som

78 369 38 21 har
138 369 23 21 sä
183 369 45 20 stor
250 367 106 28 betydelse
376 368 9 27 i
405 368 66 21 andra
487 369 82 26 länder,
585 368 40 21 den
641 370 24 19 är
680 368 39 21 hos
734 374 34 15 oss
783 368 47 22 utaf
843 367 60 27 ringa

79 397 51 22 eller
144 397 63 26 ingen
223 396 111 27 betydelse.
361 395 66 22 Äfven
442 397 6 20 i
465 397 98 22 afseende
578 398 13 20 &
607 397 26 21 de
648 403 16 15 s.
681 397 20 20 k.
712 396 136 22 trafikeentra
858 398 46 19 tror

76 425 36 27 jag
127 427 32 20 att
174 431 47 15 man
237 425 67 21 mäste
323 424 100 22 förändra
437 425 180 28 äskädningssätt,
633 425 27 22 dä
675 431 49 15 man
739 425 110 22 betraktar
863 424 41 21 för-

79 453 108 22 hällandet
203 453 38 22 hos
256 459 39 15 oss.
323 453 42 22 Det
380 453 39 22 har
433 456 15 19 t.
465 460 32 15 ex.
513 455 6 20 i
535 453 99 22 afseende
650 454 13 21 &
679 453 171 22 Savolaksbanan
865 453 39 21 här

79 482 83 27 nyligen
185 482 22 21 af
227 482 25 21 hr
274 481 92 22 Thesleff
381 483 110 26 päpekats,
510 485 33 19 att
558 489 34 15 om
608 489 49 14 man
673 482 64 21 ocksä
751 482 46 22 icke
812 483 41 20 kan
869 487 35 16 an-

80 510 61 22 träffa
160 512 66 25 några
243 510 102 27 egentliga
360 510 142 27 trafikeentra,
520 511 19 21 d.
556 517 17 15 v.
590 517 15 15 s.
622 511 79 21 sådana
717 517 46 15 som
777 517 50 16 vore
842 511 6 20 i
865 510 39 22 och

80 539 32 21 för
126 539 32 27 sig
173 539 72 26 sjelfva
259 540 58 20 stora
327 539 161 27 trafikpunkter,
498 539 65 22 likväl
574 539 27 22 dä
609 539 116 27 jernvägen
735 539 169 22 sammanbinder

81 568 79 21 sädana
181 568 91 26 punkter
293 567 32 21 till
348 567 71 22 hvilka
441 570 32 19 ett
495 570 55 20 stort
570 568 131 21 territorium
716 567 94 22 ansluter
825 568 37 26 sig,
878 567 26 21 de

80 596 72 21 kunna
166 595 65 22 blifva
245 595 135 22 trafikeentra
395 602 76 21 genom
487 599 33 19 att
534 597 100 26 tilldraga
647 596 31 27 sig
688 596 53 21 ifrån
752 596 153 21 vidsträcktare

82 625 100 21 omräden
205 631 25 14 en
247 624 68 26 trafik,
331 631 45 14 som
391 625 46 21 icke
453 625 68 22 skulle
536 626 78 26 uppstä
629 631 71 15 ensam
717 625 34 21 vid
766 624 73 28 sjelfva
854 624 51 21 änd-

81 653 100 26 punkten.
208 653 10 21 I
233 653 58 22 detta
305 653 120 22 hänseende
440 653 39 22 ber
491 655 37 26 jag
543 656 33 19 att
590 653 22 22 få
627 653 100 22 särskildt
741 653 82 27 påpeka
835 653 70 26 vigten

82 681 22 21 af
124 682 40 21 den
187 681 49 27 linje
258 688 45 15 som
324 681 67 22 skulle
409 685 86 24 passera
511 682 129 27 Suonenjoki
656 682 40 21 och
711 681 64 28 enligt
790 681 116 22 utskottets

82 709 78 28 förslag
181 709 59 22 äfven
263 710 96 27 möjligen
382 710 75 21 beröra
480 711 72 21 Iisvesi
575 711 104 21 stränder.
709 710 43 21 Hrr
773 713 133 18 reservanter

83 738 136 27 Gripenberg,
242 738 100 27 Tallgvist
362 739 38 21 och
416 739 123 27 Furuhjelm
554 739 63 21 hafva
632 740 27 25 pä
675 739 38 21 sid.
730 740 23 19 71
771 739 48 21 sökt
834 740 33 19 att
882 738 24 21 sä

82 767 84 27 mycket
187 773 45 15 som
255 767 80 27 möjligt
356 767 93 27 förringa
472 767 123 28 betydelsen
615 767 22 22 af
651 767 40 22 den
707 767 68 26 trafik,
792 773 45 16 som
853 766 53 22 ifrän

82 797 87 20 vattnen
191 801 50 15 norr
263 802 32 15 om
318 795 92 27 Päijäne,
433 796 20 21 d.
477 803 17 14 v.
518 803 16 14 s.
559 796 182 27 hufvudsakligast
762 795 46 22 från
823 795 84 22 Keitele

83 824 66 25 sidan,
173 823 67 22 skulle
262 824 89 21 tillföras
370 825 40 20 den
425 831 42 20 nya
480 825 122 26 jernvägen,
618 825 7 20 i
640 824 101 21 händelse
756 824 68 21 denna
839 823 68 22 skulle

83 852 75 21 beröra
173 852 72 21 lJisvesi
260 853 72 21 strand
347 853 50 20 eller
412 853 86 21 komma
513 853 33 21 till
562 853 135 26 Suonenjoki.
720 853 32 21 De
767 852 139 27 antaganden,

83 881 27 25 pä
132 880 71 21 hvilka
223 881 60 21 deras
298 881 115 26 pästäende
428 882 73 21 stöder
516 881 38 27 sig,
570 884 37 18 äro
623 881 64 21 likväl
702 881 45 21 icke
762 880 47 22 fullt
824 880 84 27 riktiga.

83 908 167 22 Reservanterne
265 911 50 25 säga
329 909 64 21 bland
409 912 71 24 annat,
496 910 7 20 i
519 910 37 21 det
572 910 25 21 de
613 910 110 26 uppräkna
738 911 31 19 att
785 916 25 15 en
828 908 80 22 kanali-

83 937 69 26 sering
167 937 22 21 af
203 938 150 26 vattendragen
369 944 50 15 norr
434 944 35 15 om
485 938 87 26 Päijäne
587 938 93 22 fördelar
695 938 31 26 sig
739 938 7 20 i
761 940 34 20 tre
805 937 103 22 särskilda

84 967 87 25 system:
195 966 32 20 1:0
246 966 140 21 förbindelsen
406 966 90 22 emellan
512 966 83 22 Keitele
611 966 40 22 och
666 966 85 27 Päijäne
767 966 54 21 förbi
836 966 73 27 Jyväs-

83 993 55 27 kylä,
154 994 34 21 2:o
203 994 139 22 förbindelsen
359 995 22 21 af
394 995 89 26 Keitele,
500 995 120 21 Konnevesi
635 995 40 21 och
690 995 72 21 Iisvesi
771 995 33 21 till
815 995 94 21 Suonen-

81 1022 45 26 joki
142 1023 39 21 och
198 1023 33 21 3:o
246 1022 93 22 farleden
355 1024 88 21 emellan
459 1024 111 26 Pielavesi,
586 1023 92 22 Nilakka
693 1023 38 21 och
747 1024 78 25 Iisvesi,
841 1025 33 19 att
889 1022 21 22 af

85 1050 60 22 dessa
160 1053 33 19 tre
208 1051 60 27 linjer
283 1051 92 22 farleden
391 1058 33 16 n:o
442 1054 9 19 1
469 1052 34 21 till
518 1052 53 22 först
585 1052 98 21 kommer
698 1054 32 19 att
742 1051 86 27 utföras,
840 1052 70 20 säsom

85 1079 46 25 den,
147 1079 83 22 hvilken
247 1082 49 19 utan
312 1086 91 21 gensaga
418 1080 39 22 har
473 1083 79 19 största
567 1080 115 28 betydelse.
712 1080 65 22 Detta
794 1079 116 28 pästäende

84 1109 25 19 är
122 1108 64 21 likväl
201 1108 112 27 ingalunda
328 1109 109 26 grundadt.
469 1110 43 20 Det
528 1112 24 18 är
567 1111 92 19 tvärtom
672 1109 45 27 just
731 1108 93 22 farleden
840 1114 34 15 n:o
890 1108 19 26 2,

85 1136 19 21 d.
120 1143 18 13 v.
155 1142 15 15 s.
188 1136 39 22 den
243 1136 52 22 ifrän
311 1137 82 22 Keitele
409 1137 58 22 öfver
482 1137 155 28 Temintaipale
652 1137 70 26 kanal,
738 1137 38 21 och
790 1137 121 22 sedermera

84 1164 53 22 fram
160 1164 32 22 till
214 1165 79 27 Iisvesi,
316 1166 83 21 hvilken
417 1168 24 19 är
457 1166 91 27 påtänkt
563 1168 32 20 att
609 1166 54 22 först
677 1166 132 27 genomföras
824 1165 40 22 och
879 1167 32 19 ut-

84 1192 63 28 föras,
162 1193 90 22 likasom
273 1194 39 22 den
327 1194 60 21 äfven
403 1197 24 19 är
439 1194 154 27 jemförelsevis
609 1194 98 28 billigast.
738 1194 103 22 Farleden
856 1194 55 21 äter-

84 1221 48 27 igen
154 1221 54 22 ifrän
230 1222 83 22 Keitele
334 1223 86 21 söderut
442 1223 33 21 till
491 1223 114 32 Jyväskylä
621 1226 24 19 är
659 1224 40 20 den
715 1223 84 27 dyraste
814 1222 22 22 af
850 1222 62 22 dessa

84 1249 68 27 linjer,
173 1250 39 21 och
227 1251 66 21 ehuru
313 1251 58 21 äfven
387 1251 39 21 den
443 1254 24 18 är
483 1252 118 26 föreslagen
617 1252 32 21 till
665 1251 116 25 utförande,
797 1252 24 20 sä
836 1253 24 19 är
876 1250 36 22 det

86 1278 53 21 dock
162 1278 29 21 all
213 1280 132 20 sannolikhet
367 1279 38 27 för,
423 1280 131 22 åtminstone
569 1280 6 21 i
591 1280 36 22 fall
639 1280 115 27 jernvägen
769 1280 96 20 kommer
879 1278 32 21 till

85 1307 62 21 ständ
169 1306 32 22 till
223 1307 78 26 Iisvesi,
325 1310 31 19 att
377 1308 64 27 linjen
457 1308 208 28 Keitele-Jyväskylä
679 1309 46 21 icke
740 1309 23 21 sä
778 1310 59 19 snart
852 1310 60 23 tages

85 1336 67 20 under
175 1336 78 21 arbete.
284 1336 28 22 Af
334 1337 68 21 denna
424 1336 69 22 farled
516 1343 34 15 n:o
570 1338 19 26 2,
611 1337 18 21 d.
646 1344 19 14 v.
681 1343 16 15 s.
713 1336 53 22 ifrån
781 1336 83 21 Keitele
879 1334 33 22 till

86 1363 134 27 Suonenjoki,
244 1367 23 19 är
289 1365 200 27 genomgräfningen
513 1365 21 21 af
555 1365 154 27 Temintaipale
728 1366 35 20 det
778 1364 73 22 arbete
866 1369 46 15 som

85 1392 32 20 till
132 1392 53 22 allra
200 1392 53 22 först
269 1393 53 21 varit
336 1393 113 27 föreslaget
464 1394 33 20 till
514 1394 117 26 utförande,
647 1394 40 21 och
702 1394 64 21 sedan
779 1392 69 22 skulle
858 1392 55 20 äter-

86 1421 33 20 stä
134 1422 31 20 ett
180 1421 119 27 antagligen
315 1422 43 20 lika
372 1424 55 19 stort
443 1422 75 22 arbete
533 1422 33 21 för
581 1424 32 19 att
627 1422 54 22 ifrän
697 1420 118 24 Konnevesi
827 1421 86 21 komma

85 1448 33 21 till
137 1448 78 22 Iisvesi.
247 1451 38 19 Att
299 1456 29 15 nu
343 1450 59 21 detta
416 1450 236 27 kanaliseringsarbete,
668 1451 27 21 dä
711 1451 35 20 det
761 1455 26 16 en
801 1449 56 26 gång
872 1448 41 21 blir

86 1477 139 26 genomfördt,
247 1478 95 21 kommer
364 1480 32 19 att
419 1480 77 25 utgöra
519 1485 26 15 en
567 1480 46 19 stor
627 1479 124 27 välsignelse
766 1478 32 21 för
813 1477 49 22 hela
878 1477 35 21 det

86 1505 95 26 nordliga
205 1506 133 26 Tavastland,
362 1506 51 21 eller
436 1507 42 21 den
500 1507 34 22 del
549 1506 23 22 af
584 1507 65 21 Wasa
665 1507 38 22 och
718 1506 83 27 Kuopio
817 1505 35 22 län
867 1511 47 16 som

86 1532 52 21 höra
160 1533 33 21 till
215 1534 125 27 landskapet
360 1535 137 26 Tavastland,
514 1537 23 20 är
552 1537 59 19 utom
627 1535 38 22 allt
680 1535 77 26 tvifvel,
772 1534 91 22 likasom
879 1533 35 21 det
