1106 1767
354 135 17 19 R.
383 140 15 14 0.
411 135 16 19 A.
439 135 45 19 1885.
508 135 21 19 30
542 135 47 23 April.
814 136 40 22 859

58 206 36 20 att
117 204 40 20 den
179 203 131 27 omgifvande
332 204 129 26 landsorten,
482 203 100 22 särskildt
597 203 40 21 den
653 209 45 15 som
713 202 67 28 ligger
794 203 89 21 emellan

61 232 78 22 Lovisa
160 231 48 22 stad
229 232 38 21 och
286 232 80 26 Lahtis,
382 232 114 27 ingalunda
511 234 24 19 är
550 231 92 27 likgiltig
655 231 32 21 för
702 231 74 26 saken;
793 232 39 21 och
847 237 35 15 an-

61 267 36 15 ser
116 260 36 27 jag
174 260 42 26 mig
239 260 70 22 derför
324 260 52 22 böra
390 261 82 21 skänka
486 260 116 28 petitionen
617 260 7 21 i
640 260 49 21 dess
703 259 79 27 helhet,
798 260 39 22 och
852 260 31 21 sä-

60 289 60 22 Jedes
136 288 60 22 äfven
211 288 36 22 det
261 288 22 22 af
296 289 26 21 hr
337 289 151 27 Pippingsköld
503 288 145 22 understödda
663 294 74 16 senare
749 288 134 22 alternativet

62 318 49 21 mitt
132 316 122 23 understöd.
283 317 41 27 Jag
346 317 54 22 skall
422 317 46 22 icke
483 319 68 20 trötta
565 317 49 22 med
628 317 67 26 nägra
709 316 63 27 länga
786 322 98 17 resonne-

61 348 61 19 ment
144 345 7 21 i
170 352 25 14 en
211 345 65 27 fräga,
292 346 37 21 der
342 346 36 27 jag
392 346 48 22 icke
454 346 40 22 har
508 347 70 26 nägon
593 345 120 27 fackinsigt:
728 345 36 27 jag
779 346 36 21 vill
829 346 55 21 blott

62 374 101 28 päminna
184 380 34 15 om
238 376 32 19 att
285 374 68 22 denna
368 374 54 27 stad,
438 374 87 22 hvarom
540 381 30 15 nu
584 376 24 20 är
622 373 67 27 fräga,
704 373 39 21 har
758 376 42 19 sett
814 374 70 24 bättre

61 402 75 28 dagar,
156 402 39 22 och
210 404 33 20 att
255 402 36 28 jag
306 403 46 21 icke
366 403 42 21 kan
423 402 58 22 finna
496 403 37 21 det
547 409 51 15 vara
613 402 49 22 med
676 402 82 21 landets
773 408 66 16 sanna
853 402 31 22 in-

63 433 67 20 tresse
152 430 105 27 förenligt,
280 433 32 19 att
327 432 66 26 dräpa
408 437 26 15 en
448 431 48 22 stad
510 431 40 22 och
565 438 26 14 en
606 430 102 26 landsort,
724 436 45 15 som
786 431 53 21 dock
853 437 32 15 re-

62 459 44 22 dan
121 465 75 22 genom
213 459 39 22 den
263 459 167 27 Petersburgska
438 459 115 28 jernvägen
563 459 69 22 blifvit
642 458 98 22 orättvist
750 458 133 22 förfördelad.

133 487 32 22 Hr
183 487 168 26 Ehrnrooth,
369 488 84 21 Reinh.:
469 488 40 27 Jag
524 488 39 22 har
578 487 89 22 anhällit
682 493 34 16 om
732 487 60 22 ordet
806 487 33 22 för
853 489 32 20 att

63 517 86 22 biträda
172 516 24 21 hr
219 516 160 27 Pippingskölds
395 517 134 26 andragande
544 517 39 21 och
599 516 39 22 har
652 515 69 22 blifvit
735 515 7 21 i
757 516 55 22 vissa
827 515 58 22 delar

65 545 23 22 af
100 545 47 22 frih.
163 551 40 15 von
218 545 56 22 Born
290 545 151 25 förekommen,
456 546 24 21 sä
495 547 33 20 att
535 545 37 27 jag
582 545 39 22 har
630 544 110 27 ingenting
750 546 31 19 att
791 544 93 28 tillägga.

134 573 32 22 Hr
188 573 172 27 Gripenberg,
381 573 35 22 L.:
432 574 43 21 Det
488 574 40 21 har
543 573 68 22 blifvit
625 572 120 23 framhället
760 575 57 20 emot
829 573 56 27 jern-

65 601 157 28 vägsutskottet
244 604 33 19 att
299 602 36 21 det
356 601 68 22 skulle
442 602 62 22 hafva
519 602 56 27 gjort
590 602 32 27 sig
636 601 93 28 skyldigt
743 601 32 21 till
790 602 96 21 inkonse-

64 636 76 21 gvens;
158 630 26 21 dä
200 630 36 21 det
249 630 53 22 i:ett
316 630 36 22 fall
368 630 97 22 förordar
479 630 126 22 subvention
620 631 32 21 för
668 636 25 15 en
703 629 83 28 bibana,
798 630 88 21 oaktadt

64 659 43 21 den
122 658 68 21 skulle
205 659 85 21 komma
304 661 32 20 att
350 659 132 22 konkurrera
496 659 48 22 med
559 659 131 24 statsbanan,
706 658 39 21 och
760 659 6 20 i
782 660 30 20 ett
822 660 64 19 annat

65 687 39 22 fall
126 693 62 15 anser
209 687 31 27 sig
262 687 46 22 icke
324 687 72 22 kunna
410 687 87 22 förorda
512 687 125 22 subvention
653 686 70 22 derför
738 688 31 20 att
784 693 26 15 en
824 687 61 26 bana,

67 715 42 22 den
131 721 28 16 nu
181 715 7 22 i
202 715 60 28 fråga
277 716 97 25 varande,
390 715 68 22 skulle
473 716 132 22 konkurrera
621 715 49 22 med
686 715 129 22 statsbanan.
845 715 42 22 Det

67 743 67 28 ligger
156 745 54 20 dock
233 751 25 15 en
273 744 102 28 väsentlig
389 744 83 22 skilnad
488 744 90 22 emellan
594 745 26 21 de
635 743 57 22 olika
707 743 99 22 banorna.
837 744 50 21 Man

66 772 102 22 behöfver
189 772 56 22 blott
266 775 130 24 genomögna
419 773 26 21 de
468 773 167 27 approximativa
656 771 96 28 kalkyler
774 772 58 21 öfver
847 772 40 21 den

68 800 110 22 sannolika
200 800 95 27 trafiken,
318 807 45 16 som
385 801 7 21 i
414 801 116 22 utskottets
551 801 136 22 betänkande
702 800 66 22 finnas
783 800 104 27 bifogade,

66 829 34 22 för
122 831 32 19 att
176 829 56 22 finna
250 831 32 20 att
299 830 39 21 den
354 829 68 27 trafik,
438 836 46 15 som
500 829 59 22 äfven
575 830 47 22 utaf
635 829 142 28 petitionären
792 829 40 22 och
847 829 41 21 för-

68 857 157 27 slagsställaren
247 857 22 22 af
290 858 76 21 Lovisa
386 858 70 21 banan
472 858 68 22 blifvit
554 858 118 28 påräknad,
687 857 33 22 till
734 859 78 20 största
827 857 61 22 delen

66 885 54 22 eller
141 885 33 22 till
188 886 28 27 3/;
241 886 103 22 beräknas
366 888 32 20 att
412 889 61 24 tagas
488 887 54 22 ifrån
556 887 132 25 statsbanan,
703 886 74 22 medan
793 886 95 21 deremot

67 914 34 21 för
123 913 41 22 alla
184 914 26 22 de
225 915 65 21 andra
305 915 99 22 banorna.
421 915 33 22 för
468 915 72 22 hvilka
554 916 111 21 utskottet
679 914 107 27 föreslagit
800 914 88 22 subven-

68 943 52 26 tion,
144 943 40 21 den
207 943 33 22 del
262 943 22 21 af
304 943 90 22 trafiken
409 950 45 15 som
470 943 68 22 skulle
552 946 60 25 tagas
627 944 47 21 från
688 943 123 22 statsbanan
826 944 63 25 utgör

70 971 74 22 endast
164 971 150 27 jemförelsevis
332 978 25 15 en
372 972 95 22 bråkdel.
497 973 75 21 Denna
586 971 142 24 Lovisa-bana
742 973 62 26 utgör
819 971 70 22 derför

70 1005 27 16 en
118 999 188 22 konkurrencbana
328 1007 38 20 par
387 1001 128 27 preference,
539 1001 26 22 de
580 1002 67 21 andra
663 1002 74 25 utgöra
751 1006 58 15 mera
823 999 66 22 lokal-

69 1027 76 27 banor;
163 1028 27 21 de
204 1030 50 25 taga
269 1035 26 15 en
310 1028 60 28 ringa
385 1029 34 22 del
434 1029 22 22 af
470 1030 33 21 sin
517 1029 63 22 trafik
595 1030 47 21 från
656 1029 123 22 statsbanan
794 1028 40 22 och
848 1027 41 22 till-

69 1056 47 22 föra
138 1056 122 22 densamma
274 1057 106 22 måhända
394 1059 56 20 ännu
465 1064 51 15 mer.
546 1058 33 21 En
595 1057 53 23 ärad
661 1057 75 26 talare,
752 1057 26 21 hr
792 1057 98 27 Pipping-

68 1085 69 26 sköld,
160 1089 39 18 nar
220 1087 59 20 nämt
300 1087 32 20 att
354 1088 69 19 staten
438 1086 47 21 icke
500 1086 39 22 bör
554 1093 50 15 vara
619 1087 24 21 så
657 1086 34 27 feg
707 1087 32 20 att
754 1085 39 22 den
808 1085 82 22 fruktar

69 1113 133 22 konkarrens
223 1113 23 22 af
266 1120 24 15 en
309 1114 59 27 ringa
383 1114 120 27 lokalbana,
518 1117 32 20 att
565 1114 164 27 ridderligheten
745 1114 67 21 skulle
827 1113 64 28 bjuda

68 1143 34 20 att
126 1148 68 21 gynna
214 1142 77 27 jemväl
314 1143 68 21 denna
397 1143 55 22 bana
488 1143 40 27 Jag
542 1145 36 20 vet
592 1149 29 16 nu
635 1143 46 22 icke
696 1149 34 16 om
745 1143 7 20 i
767 1143 60 21 dessa
843 1142 48 21 eko-

70 1170 97 30 nomiska
189 1170 71 27 frågor
283 1171 69 26 någon
366 1171 138 27 ridderlighet
520 1171 57 22 öfver
591 1171 79 22 hufvud
686 1173 57 25 taget
757 1171 39 21 bör
810 1171 7 20 i
832 1170 59 27 fråga

70 1204 91 16 komma.
191 1199 62 21 Hvad
268 1199 68 22 denna
350 1200 133 21 konkurrens
498 1200 106 27 beträffar,
620 1201 24 20 sä
658 1200 43 21 kan
716 1200 35 21 det
763 1199 24 27 ju
802 1199 90 21 visserli-

69 1233 49 20 gen,
134 1226 65 27 enligt
214 1227 42 22 min
271 1229 41 25 tro,
328 1228 62 21 också
406 1235 51 15 vara
471 1228 127 27 fullkomligt
612 1230 44 20 rätt
671 1231 31 19 att
718 1229 68 21 staten
796 1227 47 22 icke
853 1227 39 21 bör

70 1254 55 23 fatta
146 1255 32 21 sin
201 1255 82 28 uppgift
297 1257 24 20 så
336 1258 32 20 att
382 1257 41 21 den
438 1256 40 22 bör
493 1257 52 22 söka
560 1257 137 27 omöjliggöra
711 1256 28 22 all
753 1257 138 24 konkurrens,

71 1289 49 16 men
134 1283 36 22 vill
185 1290 49 15 man
249 1284 60 22 deraf
323 1285 65 27 draga
403 1285 41 22 den
455 1285 114 22 slutsatsen
579 1287 33 20 att
621 1288 71 19 staten
702 1285 52 22 skall
764 1286 128 26 uppmuntra

71 1311 139 27 konkurrens,
226 1313 24 21 så
265 1314 45 20 tror
323 1313 37 27 jag
374 1319 49 15 man
438 1313 47 22 icke
500 1314 38 27 går
552 1313 88 22 alldeles
654 1315 44 19 rätt
706 1313 91 27 tillväga.
830 1311 62 22 Hvad

71 1346 30 15 nu
120 1339 87 28 specielt
226 1340 68 22 denna
313 1341 55 22 bana
390 1341 107 27 beträffar,
520 1342 24 22 så
562 1344 24 20 är
600 1341 142 22 förhållandet
755 1340 96 28 följande.
882 1339 11 21 I

71 1368 43 22 den
128 1368 91 28 broskyr
234 1368 58 22 öfver
306 1370 210 27 Lovisa—Vesijärvi
531 1370 69 22 banan
614 1376 46 16 som
675 1370 97 26 utdelats,
789 1368 104 22 beräknas

71 1395 101 29 beloppet
187 1396 23 23 af
222 1397 89 23 trafiken
326 1404 46 15 som
386 1398 47 22 från
448 1398 102 28 Vesijärvi
560 1399 78 21 station
650 1398 67 22 skulle
728 1398 69 22 kunna
808 1397 85 21 komma

71 1426 34 20 att
114 1425 101 31 tillföras
231 1426 75 22 Lovisa
316 1426 70 22 banan
401 1426 32 22 till
449 1428 77 24 94,000
542 1429 90 19 centner.
663 1427 67 21 Dessa
745 1426 76 26 94,000
837 1426 56 20 cent-

71 1459 39 15 ner
124 1454 64 21 hafva
203 1454 85 27 inbragt
303 1457 81 19 statens
396 1455 116 27 jernvägar
526 1456 8 21 i
549 1455 159 21 trafikinkomst
723 1454 90 26 222,000
823 1454 69 20 mark.

71 1480 278 29 Petersburg—Riihimäki
365 1483 81 22 banans
462 1485 60 20 netto
538 1484 56 21 vinst
609 1486 63 24 utgör
688 1483 87 27 ungefär
791 1483 27 21 50
833 1482 28 28 %/,
872 1482 23 21 af

71 1509 74 23 brutto
167 1511 105 27 intraden,
297 1512 20 20 d.
336 1518 19 14 v.
372 1518 16 14 s.
405 1512 180 22 omkostnaderna
600 1514 77 24 utgöra
692 1512 26 21 de
734 1511 66 27 öfriga
815 1511 28 21 50
858 1511 34 26 ?/,.

71 1537 42 22 Om
127 1545 50 15 man
200 1539 32 21 får
253 1540 97 26 tillämpa
373 1540 59 21 detta
447 1540 102 22 medeltal
562 1540 80 27 jemväl
656 1540 28 27 på
700 1538 68 24 denna
783 1539 70 25 trafik,
870 1538 23 22 så
