1109 1764
238 129 41 21 654
501 130 16 18 R.
531 134 14 14 o.
559 130 16 18 A.
587 130 47 19 1885.
659 130 18 18 14
690 130 47 23 April.

209 198 103 22 utseende
334 198 23 21 af
377 200 76 20 tvenne
476 199 119 22 ledamöter
619 200 40 21 och
682 206 26 14 en
724 199 114 27 suppleant
852 198 7 21 i
875 198 107 22 allmänna
997 198 36 22 be-

211 227 170 21 svärsutskottet.

278 318 31 20 Hr
328 318 196 22 landtmarskalken
538 319 145 27 tillkännagaf
697 319 54 21 härä
766 320 31 20 att
812 325 30 15 nu
856 318 33 26 till
905 318 81 28 slutligt
1001 318 31 22 af-

209 346 93 26 görande
319 346 66 21 skulle
400 346 108 28 företagas
523 348 154 26 lagutskottets
689 348 35 20 vid
735 348 85 26 plenum
832 347 110 27 plenorum
953 348 40 20 den
1005 348 24 20 11

208 374 8 22 i
231 374 70 21 denna
314 374 77 22 mänad
407 376 135 21 diskuterade
558 376 137 21 betänkande
710 376 39 21 N:o
767 376 11 21 5
793 376 8 20 i
817 376 113 26 anledning
940 376 23 21 af
972 376 60 21 Hans

208 403 59 27 Kejs.
289 403 112 27 Majestäts
418 404 47 21 nåd.
481 410 59 21 prop.
557 404 134 22 beträffande
707 405 89 26 ändring
811 404 24 21 af
848 405 42 20 den
904 410 74 21 genom
993 404 37 21 nä-

209 432 49 26 diga
272 432 121 21 manifestet
408 432 23 21 af
444 433 41 21 den
501 434 27 20 20
543 433 32 27 (8)
591 433 59 21 Mars
667 434 54 20 1879
736 433 113 21 bestämda
859 433 79 27 lydelse
949 432 23 22 af
982 434 24 20 12
1019 432 11 28 8

208 460 7 22 i
230 461 23 21 L.
271 460 23 22 O.
311 460 23 22 af
347 461 42 21 den
404 462 25 20 15
445 462 32 26 (3)
492 462 61 26 April
570 462 63 21 1869.

276 495 49 21 Med
348 495 84 27 ledning
454 495 23 21 af
497 496 41 21 den
561 496 35 21 vid
619 496 86 27 plenum
727 496 112 27 plenorum
854 496 7 20 i
877 496 59 21 detta
952 496 77 20 ärende

207 523 150 27 försiggängna
372 524 147 21 diskussionen
534 525 56 21 hade
607 525 102 21 ständens
724 525 82 21 talmän
821 525 32 26 sig
868 525 90 21 emellan
973 524 56 21 ochi

207 552 85 21 samräd
307 553 48 20 med
371 553 234 22 talmanskonferensen
621 553 188 22 öfverenskommit
825 555 38 24 att,
879 553 33 21 för
925 553 104 21 vinnande

207 580 23 22 af
243 581 144 27 likformighet
401 581 7 21 i
423 582 154 26 voteringarne,
593 582 34 21 för
638 583 99 26 samtliga
748 582 63 21 ständ
822 582 68 21 skulle
900 581 130 27 framläggas

206 615 157 21 gemensamma
377 611 306 26 omröstningspropositioner,
699 611 107 26 nämligen
821 611 77 20 främst
912 611 8 20 i
934 612 30 19 ett
975 616 54 15 sam-

205 638 107 27 manhang
333 645 33 14 om
389 639 12 20 2
420 639 39 21 och
479 640 12 20 5
506 645 62 15 mom.
585 640 7 20 i
607 640 118 21 utskottets
739 639 220 26 författningsförslag
974 640 54 20 samt

205 666 94 22 derefter
321 673 34 15 om
378 668 59 25 1:sta,
461 667 61 27 3:dje,
551 668 48 21 4:de
625 668 39 21 och
689 669 43 20 6:te
757 674 63 15 mom.
846 667 62 22 hvart
932 667 34 21 för
990 668 37 26 sig,

206 697 56 20 samt
284 696 99 26 slutligen
405 703 33 14 om
460 696 117 22 utskottets
600 696 81 27 förslag
703 697 33 20 till
753 697 75 20 rubrik
844 696 39 21 och
898 697 88 26 ingress,
1002 697 26 20 de

204 723 57 22 bäda
283 725 130 20 sistnämnda
434 725 103 21 likaledes
560 725 7 20 i
590 727 32 19 ett
641 725 158 26 sammanhang,
817 725 39 21 och
872 725 68 21 skulle
955 725 72 26 hvarje

204 752 123 27 förändring
349 753 8 20 i
380 753 143 22 betänkandet
542 754 97 26 vidtagas
655 755 67 20 under
737 754 155 26 förutsättning
907 755 32 19 att
954 753 74 21 betän-

204 781 80 24 kandet
306 781 68 22 blefve
398 782 31 21 till
452 782 106 21 utskottet
581 782 183 21 äterremitteradt
787 782 34 21 för
839 784 32 19 att
886 782 141 21 underkastas

204 810 161 27 omredigering.

272 844 116 27 Förslagen
403 845 32 20 till
450 845 185 26 omröstningarne
650 846 91 20 rörande
758 846 13 20 2
787 845 40 21 och
850 845 6 20 5
870 851 62 15 mom.
944 845 82 20 komme

203 872 76 22 främst
295 874 32 19 att
341 873 45 21 afse
401 874 115 20 vinnandet
531 873 23 21 af
568 880 27 15 en
609 874 212 26 kontraproposition
839 876 57 19 emot
911 873 115 22 utskottets

203 901 80 27 förslag
305 901 32 21 till
359 902 80 27 lydelse
461 902 23 21 af
504 903 64 20 dessa
589 904 101 24 moment,
713 903 50 20 med
779 902 52 21 eller
846 904 52 19 utan
914 903 35 20 det
965 901 23 22 af
1001 901 26 21 hr

203 929 154 27 Schybergson,
379 930 8 21 i
409 930 99 22 afseende
532 930 12 21 å
568 931 12 21 5
599 937 71 20 mom.
687 931 127 21 framstälda
829 931 149 20 amendement
992 937 33 14 om

203 958 74 27 utbyte
300 958 23 22 af
344 958 37 28 1/,,
400 959 23 21 af
436 960 26 20 de
478 960 192 26 röstberättigades
685 960 58 21 antal
760 959 71 22 såsom
846 960 77 26 högsta
938 959 88 21 röstetal

204 989 57 19 emot
276 987 43 27 '/ag

271 1021 108 27 Derjemte
395 1022 54 21 hade
465 1022 36 21 det
516 1024 60 25 synts
591 1022 236 21 talmanskonferensen
841 1028 52 15 vara
905 1022 121 26 lämpligast

203 1051 32 19 att
259 1050 66 20 ordna
345 1051 328 26 omröstningspropositionerna
687 1057 34 15 om
737 1052 12 20 2
766 1051 41 21 och
823 1051 11 21 5
850 1057 62 15 mom.
930 1050 94 26 sälunda,

201 1079 33 19 att
249 1078 26 21 de
290 1078 125 22 framstälda
425 1079 58 21 olika
493 1079 109 27 förslagen
618 1080 68 20 skulle
697 1079 22 21 fä
729 1079 121 21 framträda
860 1080 6 20 i
877 1079 148 25 voteringarne

200 1106 39 21 allt
259 1106 55 21 efter
333 1108 41 20 den
389 1108 146 26 utsträckning
551 1108 24 20 af
588 1108 115 25 valrätten,
719 1114 46 15 som
780 1114 77 20 genom
872 1107 107 27 förslagen
994 1106 31 22 af-

201 1134 55 27 sägs,
280 1136 32 20 till
334 1135 53 27 följd
404 1136 77 21 hvaraf
493 1136 78 21 främst
586 1136 68 21 skulle
670 1136 69 22 säsom
755 1136 82 27 förslag
852 1136 32 21 till
900 1136 125 26 kontrapro-

200 1164 93 26 position
315 1166 56 19 emot
386 1165 116 21 utskottets
517 1164 137 22 betänkande
669 1165 120 27 uppställas
805 1164 26 22 hr
846 1164 84 22 Taubes
944 1164 81 26 förslag

199 1193 33 19 att
254 1198 27 15 en
302 1193 53 20 hvar
377 1193 68 21 skulle
468 1193 64 21 hafva
553 1194 78 20 endast
653 1200 26 14 cn
701 1196 46 19 röst
763 1195 56 19 samt
834 1193 38 21 hrr
886 1193 138 25 Johanssons,

199 1220 20 21 J.
234 1220 121 27 Forsmans,
370 1228 27 14 m.
413 1222 20 20 fl.
449 1222 7 20 i
471 1222 160 21 reservationen
646 1228 33 15 n:o
696 1223 12 20 2
723 1222 77 27 gjorda
815 1222 80 26 förslag
910 1223 32 19 att
954 1222 70 26 lägsta

198 1248 112 23 valcensus
333 1250 68 21 skulle
419 1252 87 24 utgöras
522 1250 23 21 af
558 1250 37 21 två
611 1250 111 22 skattören
736 1250 34 21 till
785 1250 38 21 det
837 1250 35 21 vid
887 1250 137 21 kommunala

197 1278 35 20 val
254 1278 99 26 gällande
375 1278 78 27 belopp
477 1278 39 22 och
538 1279 95 27 stegring
655 1279 94 21 derefter
773 1281 40 24 äga
835 1285 47 14 rum
905 1278 23 21 sä
943 1280 33 19 att
990 1280 33 18 tre

198 1306 112 21 skattören
329 1306 68 22 skulle
413 1309 108 19 motsvara
536 1307 37 21 tvä
588 1309 77 24 röster,
681 1308 12 20 4
710 1308 113 20 skattören
837 1307 48 27 fyra
899 1308 69 20 röster
984 1306 40 20 och

197 1334 34 21 för
246 1334 73 28 hvarje
335 1335 95 22 skattöre
446 1336 123 21 derutöfver
584 1336 123 26 ytterligare
723 1342 26 14 en
765 1338 47 18 röst
823 1336 57 20 ända
889 1335 33 21 till
934 1335 32 26 10,
978 1340 45 16 som

198 1368 49 16 vore
264 1364 37 20 det
316 1364 77 26 högsta
407 1364 96 26 röstetal,
519 1364 70 27 någon
605 1364 70 21 kunde
691 1364 122 21 innehafva.

267 1398 72 21 Skulle
362 1398 36 21 det
420 1405 74 15 senare
516 1398 22 22 af
552 1399 64 21 dessa
630 1398 82 27 förslag
727 1399 64 20 vinna
806 1398 116 27 pluralitet,
938 1397 84 21 komme

197 1425 118 23 detsamma
330 1429 32 19 att
377 1427 118 27 uppställas
511 1429 56 20 emot
582 1427 26 21 hr
623 1427 139 22 Danielssons
777 1427 82 26 förslag
870 1428 32 19 att
912 1426 111 21 valcensus

197 1454 68 22 skulle
289 1456 7 20 i
319 1455 93 27 enlighet
432 1457 48 20 med
495 1457 41 20 den
551 1455 49 22 nåd.
617 1462 59 20 prop.
692 1457 79 26 utgöra
786 1456 41 21 800
842 1455 63 22 mark
920 1456 55 20 samt
990 1455 33 20 att

195 1481 34 22 för
243 1483 74 27 hvarje
333 1484 122 21 derutöfver
471 1485 96 26 stigande
582 1484 172 27 inkomstbelopp
771 1483 24 22 af
809 1484 42 21 500
866 1483 61 21 mark
945 1483 77 20 beräk-

193 1511 69 22 nades
285 1518 26 15 en
333 1514 51 25 röst,
402 1513 33 20 till
450 1513 39 21 och
504 1513 48 22 med
568 1513 31 21 tio
615 1515 74 24 röster,
707 1519 45 15 som
769 1512 69 21 skulle
854 1513 77 26 utgöra
945 1511 77 27 högsta

195 1541 120 20 röstetalet.
