1109 1759
379 95 16 19 R.
408 100 15 14 o.
436 96 16 18 A.
465 95 46 20 1885.
537 95 10 19 8
559 96 47 22 April.
839 97 41 21 603

79 164 68 22 förete
170 170 25 15 en
218 164 81 26 ganska
320 163 108 27 betänklig
450 163 69 27 lucka,
543 164 60 21 detta
618 163 133 21 förhällande
766 165 25 19 är
805 164 24 21 sä
844 164 66 21 kändt

80 193 46 25 och,
144 198 46 16 som
203 192 37 27 jag
255 194 52 24 tror,
323 192 23 21 sä
362 192 90 21 erkändt
467 192 6 20 i
489 192 60 21 detta
564 192 69 26 ständ,
650 193 33 20 att
695 192 37 26 jag
747 192 46 21 icke
807 194 46 18 tror
867 192 44 26 mig

80 221 90 22 behöfva
192 220 73 22 vidare
286 220 99 21 utveckla
407 220 69 21 denna
498 220 47 22 sida
563 220 22 21 af
597 220 72 25 saken,
685 220 56 21 helst
758 220 40 21 den
814 220 60 21 äfven
889 220 23 21 af

81 252 31 19 ett
134 256 38 20 par
194 248 129 27 föregående
341 248 64 22 ärade
421 248 67 22 talare
503 248 69 21 blifvit
587 248 132 22 framhällen.
749 248 11 22 I
775 248 39 22 allt
829 250 81 20 väsent-

79 277 41 28 ligt
138 278 39 21 ber
189 278 37 26 jag
242 276 70 22 derför
327 278 32 20 att
373 276 21 22 fä
409 277 84 21 ansluta
509 277 42 26 mig
567 277 32 21 till
615 276 26 22 de
657 276 138 28 synpunkter,
811 283 44 15 som
871 276 40 22 här

80 306 69 22 blifvit
163 305 96 22 uttalade
275 305 22 21 af
310 305 25 21 hr
351 304 111 27 Mechelin,
479 305 38 21 och
534 305 101 21 särskildt
650 307 33 19 att
698 306 27 26 pä
741 305 36 21 det
792 305 119 22 bestämda-

81 336 32 20 ste
128 334 21 22 fä
164 336 103 20 motsätta
282 333 41 27 mig
339 333 40 21 den
395 333 22 21 af
430 333 33 27 sju
477 334 140 20 medlemmar
631 333 24 21 af
668 334 105 20 utskottet
786 333 125 22 underteck-

81 363 55 21 nade
158 362 164 22 reservationen.
352 362 41 26 Jag
415 362 43 21 kan
479 362 35 21 vid
535 362 60 21 detta
609 361 84 22 tillfälle
708 362 46 21 icke
770 362 142 27 undertrycka

82 391 43 21 min
144 390 111 27 förväning
271 390 58 21 öfver
343 392 34 19 att
391 390 75 27 frägan
481 396 35 15 om
532 397 27 14 en
574 390 128 26 institution,
718 396 45 15 som
778 390 68 21 blifvit
860 390 51 26 god-

81 419 57 21 känd
161 419 35 21 vid
218 420 36 20 tvä
277 418 164 27 ständermöten,
466 425 29 15 nu
515 418 47 22 utaf
575 420 24 20 sä
614 419 77 26 mänga
706 418 137 22 medlemmar
857 418 7 20 i
879 419 32 20 ut-

82 448 81 21 skottet
185 453 61 15 anses
268 447 53 21 böra
341 446 33 22 för
397 447 69 21 denna
485 448 56 26 gäng
557 446 89 22 förfalla.
676 446 41 27 Jag
734 446 106 22 bestrider
854 446 57 26 inga-

82 476 72 26 lunda,
177 478 33 19 att
233 476 39 21 den
291 475 119 27 föreslagna
425 475 252 27 länstingsinstitutionen
692 475 84 21 komme
792 477 31 19 att
838 474 32 22 till
885 481 26 15 en

83 504 75 27 början
180 504 67 22 förete
263 503 106 27 åtskilliga
383 503 78 22 brister
477 504 40 21 och
533 503 200 27 ofullkomligheter,
749 504 100 21 särskildt
863 503 49 21 med

84 532 98 22 afseende
205 533 13 21 &
241 532 47 22 dess
311 532 124 26 kompetens
457 532 52 22 eller
524 532 108 26 omfänget
647 531 23 22 af
684 532 26 21 de
725 532 77 26 frägor,
818 538 45 16 som
878 531 33 21 till

84 562 47 21 dess
154 561 128 26 behandling
305 560 51 21 eller
379 560 114 27 afgörande
509 561 84 21 komme
609 562 31 19 att
657 560 144 22 öfverlemnas.
831 561 42 20 Det
887 562 27 18 är

84 590 64 21 ocksä
170 589 82 27 möjligt
274 590 32 20 att
327 588 7 21 i
357 590 76 25 mänga
455 588 38 22 fall
513 589 61 21 dessa
589 588 144 22 institutioner
748 588 32 22 till
796 595 25 15 en
837 588 74 26 början

83 617 46 22 icke
149 618 84 21 komme
249 619 32 19 att
295 619 82 19 uträtta
393 618 65 25 nägra
473 617 104 21 storverk.
643 618 68 20 andra
725 617 60 21 sidan
800 617 42 21 kan
858 616 54 21 dock

84 646 45 21 icke
145 646 110 25 bestridas,
271 648 33 18 att
313 645 129 21 ätminstone
457 645 111 27 möjlighet
583 645 113 22 förefinnes
706 647 39 25 att,
756 645 72 21 sävida
838 644 32 22 till
880 650 32 15 re-

84 676 147 25 presentanter
245 674 8 20 i
267 674 92 26 länsting
373 674 66 26 väljas
455 680 103 20 personer
573 674 48 21 med
635 673 97 27 initiativ,
743 674 119 26 intelligens
873 672 40 22 och

84 702 89 22 intresse
195 702 33 21 för
243 702 106 21 allmänna
363 702 185 26 angelägenheter,
573 702 53 21 dock
646 703 66 25 nägot
726 702 54 21 skall
795 702 72 20 kunna
880 702 33 20 ut-

85 732 67 20 rättas
174 730 40 22 och
229 730 106 22 mähända
349 730 47 22 icke
411 732 24 20 sä
450 730 55 22 litet.
535 731 33 21 De
583 730 84 26 brister,
683 730 102 22 hvarmed
799 729 115 22 institutio-

85 765 40 15 nen
148 759 32 21 till
203 765 26 15 en
251 759 74 26 början
348 759 42 21 kan
410 765 50 15 vara
475 758 109 24 behäftad,
600 761 43 24 äro,
660 758 69 22 sävidt
741 759 36 27 jag
792 759 41 21 kan
849 757 63 27 finna,

85 787 21 22 af
128 788 40 20 den
191 787 151 26 beskaffenhet,
366 789 31 19 att
421 788 26 20 de
470 787 33 21 till
521 790 46 18 stor
583 787 33 21 del
632 787 51 21 bota
698 787 32 26 sig
745 786 47 28 sjelf
806 787 67 21 under
887 786 26 20 ti-

69 822 2 2 *
86 816 75 21 dernas
176 816 57 26 lopp.
260 816 49 20 Men
324 822 33 14 om
371 816 36 26 jag
423 815 90 22 sälunda
528 818 24 18 är
569 822 48 15 ense
633 816 49 20 med
697 815 44 27 lag-
756 815 39 21 och
806 814 107 22 ekonomi-

85 844 106 22 utskottet
217 844 78 25 derom,
319 845 32 20 att
373 844 40 21 den
436 844 116 21 ständerna
575 844 109 26 förelagda
706 850 59 20 prop.
789 843 47 21 med
859 842 55 22 vissa

86 872 114 28 ändringar
215 872 40 22 bör
270 872 22 22 af
305 872 115 22 ständerna
435 874 96 25 antagas,
547 873 25 21 sä
586 872 40 22 har
639 872 37 28 jag
692 872 94 22 deremot
800 872 47 22 icke
862 871 52 21 kun-

86 903 37 19 nat
138 908 51 14 vara
205 908 48 14 ense
269 902 48 20 med
333 901 104 21 utskottet
452 901 133 21 beträffande
601 901 47 21 dess
661 901 78 26 förslag
749 900 32 22 till
791 900 123 26 förordning

87 930 109 26 angäende
211 930 73 26 lagens
300 929 115 22 införande.
442 929 41 27 Jag
499 932 46 18 tror
560 929 113 27 nämligen,
689 929 66 21 ehuru
770 929 106 21 utskottet
891 930 24 19 är

87 957 22 22 af
129 964 70 15 annan
215 958 71 25 tanke,
303 959 32 20 att
350 958 122 26 derigenom
488 958 41 21 lätt
543 958 72 21 kunde
631 958 71 21 hända
717 959 32 19 att
763 956 151 26 författningen

87 986 75 22 endast
177 986 69 21 blefve
262 992 25 15 en
303 986 42 21 död
359 986 92 26 bokstaf,
468 988 33 19 att
516 986 41 21 den
573 986 105 21 mähända
693 986 45 21 icke
753 985 68 21 skulle
836 984 81 22 införas

88 1014 7 21 i
110 1015 66 26 nägot
191 1014 34 22 län
241 1014 39 22 alls
295 1014 51 22 eller
361 1014 129 22 ätminstone
506 1015 76 21 endast
597 1015 6 20 i
619 1021 25 15 en
661 1014 80 21 mindre
757 1014 34 21 del
806 1014 23 20 af
837 1012 77 22 landet.

86 1043 40 27 Jag
142 1043 104 21 erkänner
261 1042 121 27 visserligen
398 1044 32 20 att
445 1042 235 22 kulturförhällandena
694 1042 7 21 i
717 1043 25 21 de
757 1042 58 21 olika
830 1041 86 22 delarne

87 1071 22 21 af
130 1072 47 20 vårt
199 1071 50 21 land
271 1073 37 19 äro
331 1071 105 27 betydligt
458 1071 120 22 olikartade
596 1071 39 21 och
651 1073 32 19 att
698 1071 36 21 det
749 1071 27 27 pä
791 1070 40 22 den
847 1068 70 28 grund

86 1100 43 21 kan
152 1106 51 15 vara
225 1099 53 27 skäl,
301 1101 33 19 att
348 1099 47 21 icke
409 1099 70 21 införa
495 1100 40 21 den
551 1106 29 15 nu
594 1099 161 27 ifrägavarande
769 1098 148 22 institutionen

87 1128 7 21 i
116 1128 49 21 hela
183 1128 74 21 landet
271 1128 28 26 pä
314 1134 26 15 en
355 1128 61 26 gäng.
447 1128 51 21 Men
514 1134 34 15 om
564 1134 49 15 man
629 1134 63 15 anser
707 1129 32 20 att
754 1127 32 21 för
801 1128 66 25 nägra
882 1126 36 21 de-

87 1156 32 22 lar
138 1156 22 22 af
173 1156 74 22 landet
262 1162 26 15 en
303 1156 72 27 längre
391 1156 47 21 frist
453 1156 40 21 bör
508 1156 94 27 beviljas,
618 1157 23 20 sä
657 1156 70 21 kunde
740 1156 24 26 ju
779 1156 60 21 detta
853 1154 64 22 ända-

86 1184 44 22 mål
144 1185 83 26 uppnås
242 1191 75 20 genom
334 1191 24 15 en
374 1184 93 22 likartad
483 1186 65 25 utväg
564 1191 45 15 som
625 1184 42 22 den
682 1190 49 16 man
746 1186 95 19 använde
846 1178 13 37 i
877 1182 41 21 frä-

87 1219 41 20 gan
150 1219 35 15 om
207 1212 150 27 förordningen
380 1219 35 15 om
433 1212 276 28 kommunalförfattningen
724 1212 33 22 för
771 1212 72 21 landet
859 1210 20 22 af
893 1211 25 21 är

88 1242 62 22 1865,
180 1241 45 23 Der
239 1241 120 22 bestämdes
375 1241 106 27 nämligen
497 1243 32 19 att
544 1241 151 27 förordningen
710 1241 57 21 inom
782 1240 13 21 3
811 1240 24 21 är
850 1238 68 23 skulle

87 1269 63 21 träda
172 1270 7 20 i
194 1268 63 27 kraft,
274 1276 47 14 men
336 1269 109 21 lemnades
461 1269 70 21 tillika
545 1270 104 26 rättighet
664 1270 23 21 ät
701 1269 74 21 herrar
789 1269 130 26 guvernörer

88 1299 38 25 att,
142 1298 28 26 pä
185 1298 73 20 derom
274 1297 22 22 af
309 1298 69 26 nägon
393 1298 103 21 kommun
511 1298 62 26 gjord
589 1297 106 26 anhällan,
711 1296 97 22 meddela
823 1296 96 21 kommu-

87 1332 41 15 nen
150 1325 93 28 uppskof
264 1326 48 21 med
335 1326 109 21 införande
469 1326 24 21 af
513 1326 277 26 kommunalförvaltningen
813 1325 28 27 pä
856 1324 65 25 högst

89 1354 27 21 10
140 1355 30 25 år,
193 1354 146 21 hvarförutom
361 1354 36 21 det
419 1354 82 22 lemnas
524 1352 124 29 regeringen
669 1355 64 26 öppet
747 1355 32 20 att
793 1353 7 21 i
815 1351 104 22 förekom-

87 1382 78 22 mande
179 1382 38 21 fall
232 1384 56 19 ännu
302 1384 117 25 yttermera
433 1383 112 21 utsträcka
559 1382 68 22 denna
647 1382 104 27 respittid.
776 1382 33 21 En
819 1378 102 23 liknande

88 1410 119 27 anordning
229 1416 62 21 synes
313 1411 42 26 mig
377 1410 63 22 hafva
463 1410 83 22 kunnat
566 1410 47 22 med
628 1410 69 22 fördel
712 1410 59 22 äfven
786 1409 7 21 i
809 1409 60 21 detta
883 1406 37 22 fall

88 1439 115 21 användas.
231 1439 40 26 Jag
287 1439 67 21 måste
369 1439 109 21 dessutom
495 1439 65 21 också
575 1439 23 21 af
610 1438 131 28 principiella
756 1438 46 22 skäl
817 1437 104 21 motsätta

88 1467 44 27 mig
146 1467 117 21 utskottets
278 1466 79 28 förslag
373 1468 31 20 att
419 1467 36 21 det
471 1467 70 21 skulle
555 1467 46 21 helt
617 1467 39 21 och
671 1466 67 22 hället
749 1466 139 22 öfverlemnas
898 1464 23 21 ät

88 1494 155 23 kommunerna
258 1494 51 22 eller
324 1495 165 21 kommunernas
505 1495 70 22 flertal
589 1495 7 21 i
611 1497 32 20 ett
657 1495 37 21 län
709 1496 32 20 att
751 1494 124 25 bestämma,
886 1498 36 15 om
