1111 1731
230 132 41 22 598
500 134 16 18 R.
529 139 15 15 o.
557 135 16 18 A.
586 134 46 20 1885.
657 135 10 19 8
679 136 48 22 April.

199 200 163 29 uppfattningen
377 204 31 19 att
424 208 25 16 en
463 202 49 22 fullt
522 204 167 27 ändamälsenlig
699 204 85 26 lösning
794 203 23 22 af
824 203 74 27 frägan
909 210 33 15 om
953 204 76 26 skjuts-

200 224 173 41 ningsväsendets
387 230 110 22 ordnande
513 232 39 21 och
568 232 61 22 äfven
645 239 34 15 om
695 232 253 28 vägbyggnadsväsendet
961 232 67 22 skulle

200 256 62 22 hafva
286 257 99 23 förutsatt
403 259 99 22 tillvaron
517 260 23 21 af
552 260 99 28 länsting.
681 262 34 20 Då
731 260 118 22 emellertid
864 267 40 21 nya
919 260 60 27 lagar
993 260 36 22 be-

199 285 105 22 träffande
328 287 59 21 dessa
410 288 79 26 vigtiga
503 288 72 27 frägor
590 290 23 20 sä
629 295 48 21 nyss
693 289 48 21 med
757 289 129 21 ständernas
901 288 126 22 medverkan

200 313 90 21 kommit
312 314 31 21 till
359 316 62 21 ständ
436 316 40 22 och
491 317 6 20 i
513 317 61 21 dessa
589 317 60 27 lagar
663 317 67 22 finnes
745 317 100 27 stadgadt
860 317 6 21 i
881 317 83 21 hvilken
980 317 47 21 ord-

200 341 50 27 ning
266 342 124 23 dithörande
405 344 71 27 frägor
492 345 60 21 skola
566 345 131 28 handläggas
713 346 39 21 och
768 345 91 27 afgöras,
876 352 36 14 var
927 346 35 20 det
975 347 52 19 nära

200 375 42 21 nog
266 370 90 28 ogörligt
377 374 32 19 att
431 379 28 15 nu
482 375 57 20 strax
562 374 66 27 derpä
651 374 97 22 omkasta
766 374 60 21 detta
842 374 39 21 och
897 374 130 21 annorlunda

200 397 124 23 bestämma.
349 400 101 22 Deremot
466 403 45 20 tror
523 402 36 26 jag
575 405 32 19 att
621 402 66 22 sedan
702 402 121 27 länstingen
838 403 69 26 någon
922 402 30 21 tid
967 402 59 21 funk-

199 426 99 28 tionerat,
313 428 79 22 sådana
401 429 148 27 förändringar
558 431 72 21 kunde
640 431 7 21 i
657 437 49 21 nyss
717 431 92 21 berörda
819 430 122 27 författning
952 432 75 25 äväga-

199 454 93 28 bringas,
308 458 32 20 att
354 457 124 27 länstingets
493 458 122 22 funktioner
630 459 132 22 beträffande
777 459 113 27 hällskjuts
902 459 38 21 och
951 461 74 25 vägars

197 482 113 28 byggande
320 484 67 22 blefve
398 486 113 28 utvidgade
522 489 43 19 mot
581 488 56 21 hvad
651 488 7 20 i
673 488 140 21 förevarande
829 487 112 27 lagförslag
955 488 70 21 kunde

199 511 135 23 bestämmas.
358 526 27 3 —
407 514 41 27 Jag
469 516 150 21 underskattar
637 516 32 21 för
683 516 63 27 ingen
762 516 35 21 del
812 516 122 27 betydelsen
949 515 22 22 af
985 516 40 21 den

199 540 71 27 tanke,
288 547 45 15 som
347 542 26 21 hr
387 548 41 16 von
443 543 86 22 Alfthan
546 544 63 22 bland
625 547 64 19 annat
704 544 86 26 uttalat,
806 544 104 27 nemligen
925 546 31 20 att
971 544 54 21 läns-

171 576 2 2 *
197 568 80 27 tingets
300 570 136 23 medlemmar
455 572 45 21 före
523 572 124 28 länstingets
663 573 159 21 sammanträde
837 572 65 22 borde
917 572 107 22 häradsvis

200 596 120 28 Ofverlägga
335 605 34 14 om
385 600 24 20 de
426 601 91 20 ärenden
534 601 71 21 hvilka
619 602 60 21 skola
694 601 139 26 förekomma,
849 600 33 21 för
896 603 31 19 att
937 600 88 22 sålunda

199 625 49 21 med
270 628 68 20 större
360 627 62 28 insigt
444 629 71 21 kunna
537 632 147 24 representera
707 630 26 21 de
748 629 73 22 lokala
836 629 116 21 intressena
966 629 7 21 i
988 629 36 21 bs-

198 655 92 25 gränsad
313 655 88 28 mening.
432 657 40 26 Jag
490 657 66 22 finner
571 657 33 22 för
619 658 42 21 min
677 657 34 22 del
727 660 32 19 att
774 657 110 27 ingenting
898 657 86 22 hindrar
999 657 25 22 hr

198 687 42 16 von
262 683 93 27 Alfthan,
377 686 32 19 att
431 686 70 21 säsom
523 686 148 22 amendement
693 686 32 21 till
741 693 29 14 na
786 685 142 28 föreliggande
943 685 81 22 författ-

198 709 140 30 ningsförslag
359 712 73 28 bringa
455 714 68 21 denna
546 715 39 20 och
608 715 66 21 andra
690 714 184 27 omständigheter
889 714 66 21 under
969 713 56 28 pröf-

198 738 56 27 ning.
286 740 42 21 För
350 741 39 21 den
411 742 56 21 skull
490 742 100 22 behöfver
607 749 48 15 man
671 743 47 21 icke
734 749 26 15 en
776 743 49 20 bloc
840 742 93 22 förkasta
948 742 76 27 lagför-

197 766 73 27 slaget.
295 768 61 22 Hvad
371 769 32 22 för
418 770 64 27 öfrigt
496 770 101 22 beträffar
611 771 26 21 hr
653 778 40 14 von
709 771 100 22 Alfthans
824 771 38 21 sist
878 771 90 27 antydda
983 773 41 25 ytt-

197 796 73 26 rande,
292 797 24 20 sä
338 799 45 20 tror
402 798 37 27 jag
460 799 34 21 för
515 799 41 21 min
579 799 34 22 del
636 801 31 20 att
690 799 61 22 äfven
768 805 34 16 om
819 799 62 27 lagen
895 799 53 22 intet
963 801 60 25 säger

198 823 73 22 derom
294 827 32 19 att
347 825 124 28 länstingets
493 827 136 22 medlemmar
647 828 53 21 först
715 828 73 21 kunde
804 827 39 22 och
858 827 65 22 borde
938 827 86 22 härads-

196 851 32 22 vis
251 852 62 22 träffa
335 854 228 29 öfverenskommelser,
579 857 76 20 sådant
670 856 65 22 likväl
750 856 72 21 kunde
838 856 44 21 ske.
910 856 67 21 Finna
991 862 33 15 re-

199 883 173 24 presentanterne
387 883 32 21 för
434 884 129 27 närbelägna
585 885 132 26 kommuner,
733 886 33 20 att
782 885 27 20 de
825 891 39 20 ega
879 883 64 22 behof
956 884 22 21 af
992 886 31 19 att

196 908 77 28 utbyta
296 910 83 27 åsigter,
395 911 63 22 innan
482 913 26 20 de
530 913 31 20 till
584 913 91 26 länsting
697 913 166 26 sammanträda,
882 913 23 20 så
920 912 55 21 lärer
989 913 34 21 väl

196 936 55 22 intet
265 937 74 28 lagligt
354 939 74 22 hinder
443 940 111 22 förefinnas
570 943 32 19 att
617 941 62 22 ställa
694 941 33 21 till
742 947 27 16 en
790 941 165 21 sammankomst
969 941 7 21 i
991 941 32 21 så-

197 965 52 22 dant
264 966 59 27 syfte,
340 967 59 22 äfven
415 974 34 15 om
465 969 71 21 derom
551 970 54 21 intet
620 969 67 22 finnes
702 969 108 27 stadgadt.

266 994 50 21 Men
335 995 36 27 jag
393 1003 62 15 anser
477 998 42 26 mig
538 997 45 22 icke
598 998 53 21 böra
665 998 74 27 längre
754 997 114 27 uppehålla
884 997 93 22 ståndets
992 997 31 22 tid

196 1022 49 21 med
268 1023 61 22 dessa
351 1025 167 27 anmärkningar.
548 1026 41 26 Jag
612 1026 62 21 utber
697 1027 42 26 mig
758 1025 58 22 blott
832 1027 31 20 att
878 1025 20 22 få
912 1026 6 21 i
934 1027 88 20 motsats

196 1050 33 21 till
252 1051 40 21 den
310 1054 83 20 senaste
408 1054 64 21 ärade
488 1054 80 21 talaren
584 1054 85 22 förorda
685 1057 32 19 att
732 1055 23 21 R.
775 1061 18 14 o.
811 1054 24 21 A.
852 1054 48 21 ville
915 1054 61 27 lägga
990 1056 33 19 ut-

194 1079 94 21 skottets
302 1079 78 28 förslag
395 1081 39 22 och
450 1082 46 21 icke
511 1083 46 26 den,
575 1083 66 26 enligt
656 1083 42 21 min
714 1083 72 24 tanke,
802 1083 81 26 ganska
892 1085 60 24 svagt
961 1083 61 21 moti-

196 1107 77 21 verade
289 1109 155 22 reservationen
460 1110 32 21 till
507 1111 68 26 grund
589 1111 33 21 för
637 1111 99 22 ärendets
751 1111 136 26 behandling.

266 1136 56 21 Frih.
345 1137 115 28 Palmén,
483 1139 24 21 E.
530 1139 35 22 G.:
589 1139 11 21 I
623 1139 35 22 det
680 1141 110 20 närmaste
812 1139 42 21 kan
867 1139 36 26 jag
918 1141 56 24 säga,
990 1141 32 19 att

193 1163 37 27 jag
245 1165 24 20 är
279 1164 23 21 af
315 1165 85 22 alldeles
411 1173 81 15 samma
502 1167 83 27 mening
595 1174 45 15 som
653 1168 40 21 den
704 1167 130 27 föregående
845 1167 86 26 talaren,
943 1167 25 21 hr
980 1167 43 22 Me-

195 1191 74 22 chelin.
290 1193 42 26 Jag
346 1195 66 20 måste
428 1195 33 21 för
475 1196 42 20 min
533 1196 38 26 del,
588 1197 125 20 anslutande
729 1197 44 25 mig
788 1195 33 22 till
836 1195 141 27 föreliggande
990 1199 33 18 ut-

194 1219 211 29 skottsbetänkande,
422 1223 98 22 betrakta
536 1224 35 21 det
586 1231 46 14 som
649 1226 30 19 ett
695 1224 95 21 särdeles
806 1224 74 26 vigtigt
895 1224 77 27 förslag
983 1224 38 21 och

195 1249 32 20 ett
242 1248 112 27 glädjande
369 1251 77 26 anbud,
463 1252 26 21 då
504 1252 81 21 landets
601 1253 89 26 styrelse
705 1252 78 21 härvid
798 1252 99 27 erbjuder
909 1253 22 20 åt
939 1252 83 22 landets

194 1275 127 24 kommuner
343 1279 39 20 och
405 1279 137 28 medborgare
564 1281 130 26 rättigheten
717 1283 31 19 att
772 1281 8 20 i
803 1280 151 22 vidsträcktare
969 1281 54 20 mått

194 1306 28 19 än
232 1305 83 22 härtills
326 1307 71 21 utöfva
407 1308 33 21 sin
451 1308 167 27 medborgerliga
629 1309 143 27 sjelfstyrelse.
791 1309 41 26 Jag
840 1309 104 21 erkänner
951 1315 70 20 gerna,

191 1334 36 20 att
250 1333 27 22 då
299 1334 98 23 liknande
413 1336 71 21 anbud
499 1337 89 26 tidigare
604 1337 62 21 hafva
681 1339 121 25 temporärt
816 1336 84 27 afböjts,
916 1337 45 21 skäl
977 1337 46 21 der-

194 1360 32 22 till
249 1362 83 22 kunnat
352 1363 138 27 förekomma,
512 1371 48 15 men
583 1365 36 21 det
637 1367 24 19 är
678 1372 29 14 nu
722 1365 46 22 helt
784 1365 132 21 annorlunda
931 1367 26 19 än
972 1364 49 22 förr.

193 1388 33 22 De
248 1390 176 28 betänkligheter,
448 1398 44 16 som
516 1395 56 19 ännu
593 1394 35 20 vid
647 1396 85 19 senaste
747 1393 105 27 landtdag
867 1393 48 21 med
930 1394 23 20 så
968 1395 55 19 stort

193 1416 47 22 skäl
263 1419 84 26 gjordes
362 1420 104 27 gällande,
483 1421 62 21 bland
561 1424 65 18 annat
641 1422 22 21 af
677 1422 40 21 den
732 1422 68 21 förste
814 1422 65 21 ärade
894 1421 87 26 talaren,
997 1421 26 21 hr

193 1450 41 16 von
257 1446 94 27 Ålfthan,
367 1451 45 19 mot
428 1450 31 20 ett
474 1449 123 27 obetingadt
613 1450 119 26 antagande
748 1450 24 21 af
786 1450 36 21 det
838 1450 26 21 då
880 1449 142 27 föreliggande

191 1472 104 28 förslaget
316 1476 34 20 till
371 1476 35 27 lag
426 1483 34 15 om
474 1478 98 26 länsting,
588 1478 61 22 dessa
663 1478 175 26 betänkligheter
852 1480 37 20 äro
905 1484 28 15 nu
947 1479 76 20 nästan

192 1501 33 21 till
249 1502 42 22 alla
306 1504 59 21 delar
379 1504 92 28 afböjda.
500 1506 41 27 Jag
555 1506 68 22 håller
638 1506 42 27 mig
694 1507 47 21 icke
756 1506 58 22 blott
829 1506 32 22 till
877 1506 26 21 de
917 1506 104 27 farhågor,

191 1535 48 16 som
262 1533 38 20 äro
323 1532 21 21 af
365 1539 59 16 mera
439 1534 138 27 öfvergående
600 1536 39 20 art.
670 1534 40 22 Till
734 1535 50 21 dem
802 1534 79 22 räknar
892 1534 38 27 jag
945 1534 36 22 det
995 1534 28 22 då
