1109 1761
237 102 42 21 602
511 103 16 18 8:
540 108 14 14 6.
568 103 16 18 A.
597 103 46 19 1886.
669 103 10 19 8
691 104 46 22 April.

209 170 101 27 nerligast
331 171 28 26 på
381 172 26 21 de
425 174 64 23 orter,
513 172 37 21 der
565 173 212 26 ntvecklingsgraden
793 173 46 20 nått
855 178 25 15 en
896 172 84 21 relativt
995 173 41 27 hög

209 199 138 27 ståndpunkt.
365 200 42 21 Det
417 202 24 19 är
451 207 25 14 en
488 201 56 20 känd
555 201 38 21 sak
605 203 32 19 att
645 201 202 21 framåtskridandet
857 201 76 21 alstrar
944 201 93 26 ständigt

209 233 40 21 nya
266 228 90 26 anspråk
371 229 28 26 på
413 229 280 26 samhällsinstitutionerna,
709 229 188 26 statsuppgifterna
907 229 129 26 mångdubb-

209 255 36 22 las.
270 256 80 21 Kastar
366 263 47 15 man
429 263 26 15 en
470 257 104 21 återblick
589 259 28 25 pä
633 258 26 21 de
675 257 60 22 äldre
750 257 135 25 samhällena,
901 258 27 21 sä
939 263 34 16 ser
988 264 48 15 man

209 286 32 19 att
264 285 36 19 det
322 284 131 22 erfordrades
476 287 31 19 ett
530 285 51 21 fåtal
605 292 65 20 organ
693 287 32 19 för
740 285 202 27 regeringsmakten,
957 285 33 21 för
1004 288 32 18 att

209 312 144 26 upprätthålla
377 313 34 21 det
433 313 49 21 hela
505 313 51 22 eller
571 314 82 27 skydda
670 314 26 21 de
711 313 102 22 enskilda.
844 314 48 20 Men
907 314 23 26 ju
945 320 45 14 mer
1004 315 32 19 ut-

209 340 123 26 vecklingen
347 340 106 28 framgick,
470 342 48 21 dess
533 344 69 20 större
615 342 59 22 antal
685 342 80 22 sådana
776 348 65 20 organ
853 342 68 21 blefvo
933 341 103 27 behöfliga

209 368 40 21 och
265 368 97 27 slutligen
377 370 70 21 kunde
462 370 47 21 icke
525 377 58 15 mera
599 370 38 22 allt
653 370 140 22 öfverlemnas
803 371 23 20 åt
836 370 199 27 regeringsmakten.

209 396 104 22 Behofvet
329 397 22 21 af
365 398 68 21 ökade
447 399 82 21 skatter
544 399 73 27 gjorde
633 398 266 28 sjelfbeskattningsrätten
911 398 123 27 nödvändig.

210 424 153 28 Sjelfstyrelsen
385 426 45 21 blef
451 433 25 15 en
500 426 50 28 följd
574 427 64 21 deraf.
670 427 33 21 Nu
726 430 24 18 är
772 426 73 27 frågan
864 433 34 15 om
913 427 20 21 vi
948 427 38 21 hos
1002 433 34 15 oss

209 453 32 21 för
264 454 26 21 de
312 454 91 26 följande
425 457 46 25 steg
489 455 20 21 vi
525 456 60 21 skola
600 458 75 24 uttaga
690 456 27 26 på
732 455 159 27 utvecklingens
906 455 61 26 bana,
984 456 53 21 ensi-

210 482 45 26 digt
270 482 61 21 skola
345 482 56 22 hålla
417 490 34 15 oss
466 484 32 20 till
514 484 39 21 den
569 490 40 15 -ena
625 486 74 24 vägen,
715 484 94 26 ständigt
824 484 65 21 tänka
905 490 33 15 oss
954 490 40 21 nya
1004 490 34 15 or-

209 516 42 21 gan
268 510 31 21 för
314 511 193 27 regeringsmakten
523 512 96 25 allenast,
631 512 52 22 eller
694 518 33 15 om
739 512 20 21 vi
769 512 61 21 skola
839 512 101 26 befrämja
952 512 84 21 framåt-

210 539 123 21 skridandet
355 540 27 26 på
402 540 67 26 grund
489 540 22 22 af
525 540 250 28 sjelfstyrelseprincipen,
793 540 38 22 och
848 540 73 21 härvid
936 547 49 14 vore
1001 541 35 20 det

210 569 57 19 orätt
283 574 33 14 om
332 566 47 23 man
395 568 89 21 allenast
499 569 67 20 skulle
582 569 117 21 skärskåda
715 568 145 27 ögonblickets
876 569 92 21 erkända
983 568 53 21 kraf.

210 594 117 22 Samhället
350 597 66 21 måste
439 598 26 25 på
487 597 90 21 förhand
593 597 62 21 hafva
671 599 89 24 utvägar
776 599 69 24 öppna
861 597 32 21 för
908 596 129 22 framåtskri-

210 623 75 22 dande.
315 624 40 26 Jag
370 627 46 19 tror
431 625 70 22 derför
516 628 31 19 att
563 626 36 21 det
615 632 50 15 vore
681 625 102 28 olyckligt
798 632 33 14 om
847 632 49 14 man
912 625 124 22 oåterkalle-

209 651 56 27 ligen
281 652 42 21 läte
339 653 67 21 denna
421 653 59 27 fråga
495 653 56 26 falla,
567 654 39 21 och
623 654 36 21 det
675 656 23 19 är
713 655 27 25 på
756 653 79 22 sådana
850 654 92 26 grunder
954 654 36 26 jag
1006 653 31 22 uti

209 680 107 21 utskottet
331 683 69 19 ansett
415 682 42 26 mig
471 682 52 21 böra
538 682 85 21 biträda
638 682 146 27 majoritetens
799 681 84 28 förslag,
898 681 139 28 synnerligast

210 714 45 15 som
277 709 37 26 jag
336 709 31 21 för
389 710 43 21 min
453 711 33 20 del
500 710 46 21 icke
562 711 82 20 kunnat
659 717 50 15 anse
725 713 33 18 att
773 711 69 26 någon
858 711 54 20 våda
927 710 51 21 eller
993 710 43 21 risk

210 743 51 14 vore
283 737 86 22 förenad
389 739 47 20 med
451 739 158 21 institutionens
624 739 115 21 införande.
772 739 69 21 Också
857 739 67 21 skulle
939 739 46 20 icke
1000 739 37 21 nå-

209 771 41 20 gon
267 765 106 28 synnerlig
387 767 161 27 tidsuppoffring
563 767 32 21 för
611 767 26 21 de
652 768 63 20 korta
731 767 132 21 sessionerna
879 773 39 20 ega
933 773 52 19 rum,
997 767 40 21 och

210 793 36 21 det
269 796 24 19 är
315 794 32 21 väl
370 797 32 18 att
424 797 77 24 antaga
523 797 32 20 att
572 795 270 27 länstingsmedlemmarne
858 795 67 22 skulle
940 795 96 21 hushålla

209 821 106 27 försigtigt
339 823 47 21 med
409 823 26 21 de
457 823 105 22 allmänna
585 824 90 21 medlen.
706 824 32 21 Hr
754 830 41 15 von
811 823 86 22 Alfthan
915 824 37 20 har
967 825 70 20 ansett

210 852 32 19 att
257 851 111 26 utskottet,
384 851 27 22 då
427 852 36 21 det
478 852 116 27 tillstyrker
609 852 131 21 inrättandet
755 851 24 22 af
792 854 31 19 ett
838 859 15 14 s.
870 852 20 21 k.
901 852 135 25 länsutskott,

209 878 69 21 skulle
294 879 72 26 begått
381 886 26 14 en
427 880 119 26 ohöflighet,
563 881 78 20 uttalat
656 887 25 14 en
697 880 135 21 insinuation.
863 881 40 25 Jag
918 882 45 18 tror
978 880 60 20 detta

210 906 63 22 beror
296 908 26 24 på
345 914 26 14 en
394 909 65 25 något
481 909 48 21 sökt
551 908 140 27 uppfattning.
722 909 112 21 Utskottet
849 908 39 22 har
903 908 72 21 behöft
990 908 48 21 icke

209 935 75 21 endast
295 935 68 21 denna
373 936 22 21 af
404 936 25 22 hr
440 943 40 15 von
491 936 85 22 Alfthan
588 937 93 21 citerade
691 943 40 15 ena
741 936 86 27 mening
838 936 31 22 för
879 939 32 19 att
926 936 111 22 framhålla

209 962 31 22 sin
257 964 64 20 tanke
336 964 5 20 i
357 964 72 27 saken,
446 965 67 21 denna
528 967 25 19 är
568 965 73 27 utlagd
657 966 27 26 på
699 972 46 14 mer
759 968 28 18 än
803 971 25 15 en
845 965 33 21 hel
893 965 51 21 sida.
970 964 67 21 Läser

209 997 48 15 man
273 991 39 21 allt
326 992 7 20 i
349 994 30 19 ett
395 994 156 26 sammanhang,
567 994 54 20 skall
637 1000 48 15 man
701 993 57 22 finna
775 995 32 19 att
817 993 105 21 utskottet
932 998 105 20 omsorgs-

207 1018 49 22 fullt
271 1020 83 26 pröfvat
369 1021 71 22 saken.
471 1022 39 26 Jag
529 1024 46 18 tror
591 1022 64 21 också
670 1024 32 19 att
718 1022 36 21 det
769 1022 46 21 icke
831 1024 24 18 är
871 1022 57 20 detta
944 1022 36 24 ,så
995 1020 41 21 för-

207 1047 105 27 kastliga*
329 1050 144 26 uttryckssätt,
490 1052 49 19 utan
554 1050 81 21 kanske
651 1056 45 16 mer
711 1050 75 28 sjelfva
801 1050 72 26 saken,
889 1056 44 15 som
949 1049 87 21 missha-

207 1078 37 24 gat
260 1076 25 21 hr
301 1083 40 15 von
356 1077 94 22 Alfthan.
481 1078 10 21 I
506 1078 68 22 denna
590 1078 34 22 del
639 1080 24 19 är
679 1078 82 22 således
777 1078 115 22 utskottets
903 1077 134 22 betänkande

207 1103 45 22 lika
275 1104 131 29 misshagligt
429 1106 32 21 för
483 1106 25 21 hr
523 1113 40 15 von
579 1106 88 22 Alfthan
683 1113 44 15 som
744 1108 41 20 cen
801 1106 47 22 nåd.
865 1113 59 20 prop.
955 1105 81 22 Beträf-

207 1131 64 23 fande
291 1134 46 21 åter
352 1135 163 26 reservationen,
531 1136 24 21 sä
570 1135 35 22 vill
619 1135 37 27 jag
671 1135 88 27 tilligga
775 1137 32 20 att
823 1135 25 21 de
864 1135 138 21 medlemmar
1016 1133 22 22 af

207 1160 162 28 bondeståndet,
393 1163 71 21 hvilka
483 1163 154 21 undertecknat
653 1164 129 26 densamma,
798 1169 51 15 voro
865 1163 125 21 deciderade
1005 1164 33 19 att

207 1188 45 22 låta
267 1189 176 28 länstingsfrågan
458 1190 127 28 fullkomligt
599 1191 56 22 falla.
687 1192 42 21 Det
744 1198 39 15 var
798 1191 76 21 endast
888 1190 33 22 för
935 1192 32 20 att
981 1190 56 27 gifva

207 1216 60 22 detta
283 1218 36 21 sitt
334 1218 71 22 beslut
417 1226 26 14 en
454 1219 113 27 lindrigare
578 1220 61 26 form,
651 1226 45 15 som
707 1220 63 21 dessa
780 1219 138 22 medlemmar
928 1218 22 22 af
958 1218 79 22 bonde-

207 1245 86 21 ståndet
307 1246 100 22 förenade
422 1248 32 26 sig
468 1248 47 21 med
531 1248 26 21 de
573 1250 32 19 tre
621 1248 166 22 medlemmarne
803 1247 22 22 af
835 1248 156 26 presteståndet
1002 1252 36 16 om

206 1274 164 22 reservationen.
406 1276 42 21 Det
469 1282 38 15 var
529 1276 82 22 således
633 1276 47 22 icke
702 1276 169 22 bondeständets
893 1275 145 25 medlemmar,

207 1301 36 22 det
259 1308 37 15 var
311 1304 166 25 presteståndets
493 1304 136 22 medlemmar
643 1311 44 15 som
700 1305 66 27 enligt
776 1304 26 22 hr
813 1310 40 15 von
864 1303 98 22 Alfthans
972 1303 68 21 tanke

205 1329 57 23 hade
277 1330 73 22 träffat
365 1332 88 27 ,,spiken
468 1333 28 25 på
511 1332 121 22 hufvudet".

276 1359 57 21 Frih.
349 1360 106 26 Wrede,
471 1361 24 21 R.
511 1362 34 20 A.:
561 1361 41 26 Jag
617 1361 39 21 ber
671 1361 64 21 också
751 1360 22 22 få
787 1360 107 28 tillstyrka
909 1361 32 20 att
955 1359 85 21 utskot-

205 1388 43 20 tets
271 1387 135 23 betänkande
429 1389 40 21 och
492 1389 39 21 den
554 1389 77 27 nådiga
654 1390 163 26 propositionen
834 1389 67 21 måtte
915 1388 73 26 läggas
1004 1386 33 22 till

205 1416 70 24 grund
297 1416 33 21 för
351 1416 25 21 R.
401 1423 18 15 o.
444 1418 36 20 A:s
495 1417 70 22 beslut
579 1417 7 21 i
602 1418 71 21 denna
686 1417 66 27 fräga.
785 1417 39 21 Att
839 1416 150 28 sjelfstyrelsen
1004 1415 34 32 för

205 1442 74 27 hvarje
303 1444 44 21 folk
369 1445 40 21 har
431 1452 26 14 en
472 1448 45 19 stor
531 1446 110 26 betydelse
656 1446 69 21 säsom
741 1445 155 27 uppfostrande
911 1444 32 21 till
958 1444 79 25 manlig

205 1469 183 27 sjelfverksamhet
408 1473 40 21 och
463 1473 94 27 förmåga
573 1473 22 22 af
608 1473 90 22 initiativ
714 1475 57 20 samt
786 1475 33 20 att
833 1472 101 22 särskildt
948 1471 38 22 hos
1002 1477 34 16 oss

205 1497 151 29 sjelfstyrelsen
375 1502 52 20 utan
443 1503 31 20 ett
489 1502 76 21 sådant
580 1508 73 21 organ,
669 1508 45 15 som
730 1503 38 20 det
783 1508 29 15 nu
827 1501 126 26 föreslagna,
969 1501 67 20 måste
