1109 1742
372 108 17 19 R.
398 112 18 15 ».
428 108 17 21 A.
457 108 47 20 1006.
527 108 22 19 23
561 108 47 20 Mare.
836 109 41 22 509

72 182 49 16 som
144 175 114 23 ständerna
279 175 7 22 i
300 175 97 28 förening
411 176 49 22 med
475 175 168 28 petitionärerne
657 181 30 16 nu
699 175 68 27 gjort,
781 176 56 22 skall
852 178 51 20 utan

76 204 72 22 vidare
170 204 108 28 påskynda
299 204 148 27 utvecklingen
469 204 22 22 af
509 203 282 27 dårvårdsinrättningarna;
807 210 48 17 men
867 205 37 27 jag

76 232 40 23 har
136 232 47 22 icke
205 232 66 22 heller
289 233 66 26 något
370 233 96 21 deremot
481 234 38 25 att,
536 232 49 22 med
601 232 40 21 den
657 232 147 22 modifikation
817 233 37 27 jag
868 239 37 15 an-

72 261 58 29 tydt,
145 260 136 28 understödja
297 262 9 20 1
324 266 63 16 mom.
403 260 22 22 af
438 260 47 22 frih.
501 261 24 21 af
537 260 112 23 Schulténs
665 260 136 23 reservation.

145 290 33 23 Hr
191 296 50 15 von
256 289 120 22 Alfthan:
405 289 42 27 Jag
468 289 80 22 önskar
562 288 89 28 tillägga
665 289 67 27 några
747 290 39 22 ord
801 290 32 22 till
847 290 56 23 hvad

70 318 41 27 jag
126 321 71 19 senast
211 318 90 27 yttrade,
317 318 110 26 angående
442 318 41 21 den
499 318 103 21 orättvisa
617 323 46 15 som
678 317 38 22 det
731 318 55 22 varit
799 318 60 29 fråga
868 325 35 17 om

76 348 32 22 att
130 346 39 22 här
187 346 68 22 skulle
270 346 92 27 tillfogas
377 346 37 22 det
427 346 112 28 sydvestra
553 345 80 27 landet,
652 345 3 21 i
670 345 103 23 händelse
788 349 31 20 ett
833 350 69 20 större

74 375 61 21 antal
157 374 204 22 dårvårdsanstalter
379 374 68 22 skulle
462 375 87 21 komma
563 374 34 22 till
611 374 64 21 stånd
689 374 8 21 i
712 375 87 25 norden,
815 378 26 19 än
857 382 45 16 som

75 402 89 28 belöper
178 403 32 27 sig
225 404 27 26 på
267 403 122 21 densamma
403 403 6 21 i
421 402 132 23 förhållande
563 402 33 22 till
606 402 157 27 folkmängden.
787 403 41 23 Om
839 404 63 22 också

74 437 78 21 genom
175 431 55 21 ända
251 431 33 22 till
305 432 42 21 200
369 438 42 21 nya
432 432 81 26 platser
532 431 7 21 i
558 430 85 28 Kuopio
659 431 39 21 och
716 432 41 21 100
772 432 52 22 eller
840 433 40 21 120
895 432 7 22 i

76 460 111 26 Kexholm,
210 466 26 15 en
258 460 66 22 sådan
347 460 158 27 disproportion
527 459 69 22 skulle
619 460 83 26 uppstå,
721 460 25 21 så
761 462 46 20 tror
819 461 37 27 jag
870 463 32 20 att

76 494 50 16 man
148 488 55 22 blott
225 488 68 22 skulle
315 488 62 22 hafva
395 488 104 22 afskrifvit
514 494 27 16 en
556 488 34 21 del
606 487 22 22 af
641 494 27 15 en
683 488 93 26 gammal
790 489 69 27 skuld,
874 490 28 27 på

75 516 86 22 Hvilken
183 519 56 19 ännu
258 517 102 26 åtskilligt
375 518 92 20 återstår
482 518 33 20 att
529 516 70 28 gälda.
629 516 118 27 Angående
761 518 41 21 den
817 520 84 20 senaste

74 546 67 21 ärade
159 545 92 21 talarens
265 546 94 26 yrkande
374 546 27 26 på
417 545 147 27 önskligheten
575 544 23 22 af
611 546 32 20 att
654 544 81 22 erhålla
745 548 97 20 närmare
853 546 50 22 data

75 574 116 26 angående,
207 574 103 21 huruvida
325 574 26 21 de
366 580 41 21 nya
423 573 272 28 upptagningsanstalterne
711 574 68 21 skulle
795 576 106 20 motsvara

77 601 99 23 behofvet
198 602 51 21 eller
270 602 53 26 icke,
338 608 63 16 anser
413 602 37 27 jag
465 602 43 27 mig
523 602 33 21 för
571 602 43 21 min
630 601 96 22 enskilda
741 602 33 22 del
790 602 47 22 icke
851 609 51 16 vara

76 629 8 21 i
99 630 65 22 behof
178 630 21 22 af
213 637 25 15 en
253 631 66 21 sådan
334 630 133 28 upplysning,
483 630 89 22 emedan
588 636 26 15 en
631 636 58 15 mera
704 632 27 20 än
747 631 26 21 20
789 631 44 27 årig
849 631 53 22 erfa-

76 658 76 22 renhet
166 658 40 22 har
220 659 41 21 lärt
277 659 41 27 mig
333 661 32 19 att
380 659 59 21 detta
454 659 66 21 behof
533 661 25 19 är
573 659 85 27 mycket
673 660 55 20 stort
738 659 40 22 och
788 659 114 27 ingalunda

76 686 156 23 tillfredsstäldt
247 688 48 21 med
309 688 56 21 hvad
379 694 47 15 som
441 687 108 27 tillgjorts.

146 716 32 21 Hr
200 716 170 27 Gripenberg,
393 716 82 21 Alexis:
508 716 49 21 Med
580 715 114 27 anledning
719 716 23 21 af
758 716 27 21 hr
803 716 98 28 Pipping-

74 743 74 23 skölds
171 744 138 27 anmärkning
331 745 73 21 derom
424 746 31 20 att
471 744 106 22 utskottet
591 744 7 20 i
614 744 69 21 denna
698 744 59 27 fråga
772 744 47 22 icke
834 745 67 21 skulle

77 771 63 23 hafva
159 772 108 28 förebragt
289 779 25 15 en
332 772 48 22 fullt
395 772 197 22 tillfredsställande
607 772 119 27 utredning,
741 774 24 20 så
781 773 38 21 ber
830 774 37 26 jag
881 773 21 22 få

76 802 78 20 nämna
176 803 32 19 att
226 802 36 20 det
279 801 34 22 väl
328 801 47 22 icke
389 802 43 20 kan
447 801 106 21 bestridas
569 802 32 20 att
617 801 36 21 det
669 803 23 19 är
707 803 77 25 ytterst
799 802 58 21 svårt
871 802 32 21 för

76 830 33 20 ett
123 829 88 27 utskott,
227 829 32 21 till
273 830 81 21 hvilket
369 830 130 21 remitterats
515 830 64 21 minst
594 830 27 20 80
636 829 113 27 petitioner
765 830 22 21 af
800 830 41 21 den
851 831 54 21 mest

77 856 57 22 olika
153 857 150 27 beskaffenhet,
322 860 32 19 att
365 858 65 21 hinna
445 864 54 20 egna
514 858 53 21 hvar
583 858 39 21 och
638 864 27 14 en
679 858 22 21 af
715 858 61 21 dessa
791 858 114 27 petitioner

76 891 27 15 en
125 885 97 28 grundlig
245 886 39 21 och
306 886 145 21 uttömmande
474 885 135 27 hehandling.
639 885 42 28 Jag
702 886 71 21 kunde
795 886 46 22 icke
861 888 43 19 rätt

76 913 104 28 uppfatta,
200 914 72 21 hvilka
286 914 107 27 uppgifter
409 915 40 20 den
465 915 93 21 nämnda
573 913 82 22 talaren
671 915 65 25 ansåg
751 916 33 19 att
798 915 105 21 utskottet

77 941 56 22 hade
155 942 49 22 bort
220 942 132 27 införskaffa;
374 943 37 27 jag
425 945 46 19 tror
487 943 43 26 mig
545 943 76 21 endast
636 942 63 21 hafva
713 942 86 22 förstått
814 945 32 19 att
861 943 41 21 han

76 969 50 28 sjelf
148 971 85 27 medgaf
246 973 33 20 att
294 971 25 22 de
343 978 50 15 vore
408 971 81 27 ganska
505 971 44 21 vidt
565 971 130 21 omfattande
711 971 39 21 och
766 971 95 22 tarfvade
876 977 26 15 en

76 997 44 23 lika
142 999 129 22 omfattande
287 999 145 28 bearbetning.
463 1000 52 21 Som
527 999 37 27 jag
579 1001 80 24 nämnt,
675 999 39 22 har
728 999 105 22 utskottet
849 999 54 22 varit

76 1027 25 21 så
123 1027 138 28 öfverhopadt
283 1028 22 21 af
325 1030 66 19 annat
413 1028 81 27 arbete,
517 1030 33 19 att
569 1027 59 22 detta
643 1027 46 22 icke
705 1027 54 22 varit
774 1028 81 27 möjligt
870 1029 32 20 att

76 1055 78 22 utföra.
184 1056 105 22 Särskildt
311 1059 46 19 tror
375 1057 38 26 jag
435 1058 32 20 att
491 1057 40 21 den
551 1056 54 21 ende
620 1056 140 21 fackmannen
774 1057 7 20 i
796 1057 107 20 utskottet

76 1083 69 22 skulle
166 1084 45 22 haft
233 1085 80 26 ganska
331 1086 57 21 svårt
403 1087 33 19 att
450 1085 88 21 komma
552 1084 33 21 till
600 1086 58 19 rätta
673 1085 48 21 med
736 1086 31 20 ett
782 1085 77 21 sådant
872 1085 31 21 in-

76 1112 109 22 samlande
199 1113 23 22 af
235 1113 105 28 uppgifter
355 1113 38 22 och
410 1113 61 22 deras
486 1112 147 27 bearbetning.

146 1141 77 26 Vigten
245 1142 23 21 af
289 1142 220 21 dårvårdsreformens
531 1141 165 27 genomförande
718 1141 39 21 har
779 1141 46 21 icke
848 1141 55 21 varit

76 1168 109 23 förbisedd
199 1170 8 21 i
221 1171 112 25 utskottet,
349 1170 44 21 lika
407 1170 48 21 litet
470 1176 47 15 som
533 1170 41 21 den
589 1169 62 22 torde
665 1176 51 15 vara
731 1169 36 22 det
782 1169 22 21 af
817 1169 87 26 någon
891 1164 16 36 i

76 1197 61 22 detta
158 1199 69 21 stånd.
257 1199 39 21 Att
318 1199 106 21 utskottet
445 1198 86 22 likvisst
552 1199 87 20 stannat
653 1197 7 22 i
675 1198 37 21 det
726 1197 77 27 beslut,
818 1197 86 22 hvartill

76 1225 38 22 det
128 1226 56 27 kom,
199 1226 40 22 har
254 1227 65 22 delvis
334 1227 72 22 berott
421 1227 27 27 på
463 1226 99 22 formella
576 1226 52 21 skäl.
660 1227 47 20 Den
723 1226 64 21 ärade
796 1232 109 15 reservan-

76 1255 36 20 ten
135 1254 39 22 har
196 1255 34 21 väl
252 1256 65 21 redan
339 1255 7 22 i
365 1255 105 22 utskottet
485 1255 117 21 framhållit
617 1255 42 22 alla
675 1255 26 21 de
717 1254 186 27 omständigheter,

76 1288 46 16 som
141 1282 86 23 beröras
242 1283 7 21 i
264 1283 53 22 hans
332 1283 137 27 reservation,
485 1283 41 22 och
541 1283 106 22 utskottet
661 1283 56 22 hade
731 1283 32 27 sig
777 1282 80 22 bekant
872 1283 33 20 att

75 1310 49 22 från
145 1313 64 20 annat
231 1312 91 22 fackhåll
342 1319 27 14 en
383 1311 126 27 förändring
523 1311 30 22 uti
569 1317 80 16 samma
663 1311 62 28 syfte,
739 1317 46 15 som
800 1310 43 22 utaf
859 1310 44 21 dels

76 1339 171 28 petitionärerne,
263 1341 44 21 dels
323 1342 136 20 reservanten
474 1339 127 28 föreslagits,
617 1340 54 21 varit
686 1339 108 28 tillstyrkt,
809 1345 47 14 men
868 1338 37 21 det

76 1367 72 22 kunde
162 1368 47 22 icke
223 1369 71 26 undgå
309 1369 116 21 utskottets
441 1368 190 27 uppmärksamhet
646 1369 32 20 att
694 1368 40 21 den
749 1367 34 22 vid
799 1367 54 21 1877
869 1366 34 22 års

76 1395 102 28 landtdag
200 1397 22 21 af
242 1397 114 22 ständerna
371 1399 99 24 antagna,
487 1396 40 21 och
543 1396 120 22 sedermera
678 1395 23 22 af
713 1396 125 27 regeringen
853 1395 51 26 god-

76 1423 71 23 kända
168 1425 77 27 planen
266 1425 47 22 icke
335 1425 69 22 heller
425 1425 80 22 saknat
524 1425 128 21 medverkan
665 1424 22 21 af
700 1424 104 26 fackmän,
820 1423 27 22 då
863 1423 41 22 den

75 1451 91 23 tillkom.
194 1453 32 22 Ur
248 1454 69 21 denna
339 1453 50 28 plan
405 1453 94 26 framgår
514 1453 88 21 alldeles
617 1453 83 27 tydligt,
715 1452 101 22 särskildt
830 1458 26 15 ur
871 1458 33 15 re-

75 1481 111 27 geringens
209 1488 59 21 prop.
288 1488 45 16 som
348 1481 45 22 blef
406 1481 23 22 af
441 1481 118 22 ständerna
575 1481 127 21 oförändrad
717 1482 98 25 antagen,
831 1481 32 20 att
878 1486 27 15 en

75 1508 140 24 kombinerad
237 1511 49 21 kur-
309 1510 39 22 och
371 1509 141 27 vårdanstalt,
535 1509 82 22 således
641 1509 33 21 för
689 1509 107 22 vårdande
811 1508 22 22 af
847 1507 59 23 såväl

815 1547 22 18 33
