1111 1742
349 148 16 19 R.
377 153 15 15 0.
404 148 17 19 A.
433 148 46 20 1885.
502 148 22 20 20
536 148 47 23 April.
808 149 39 21 765

57 219 82 22 skottet
161 216 103 23 stannade
285 217 34 21 vid
342 217 32 21 sin
396 216 106 23 slutkläm.
532 216 46 23 Och
597 216 37 28 jag
656 216 67 22 skulle
738 216 32 22 för
785 216 41 22 min
841 216 36 22 del

59 246 108 22 vördsamt
188 245 77 22 föreslå
286 247 32 20 att
339 245 56 27 högl.
417 245 24 22 R.
464 252 20 16 o.
507 246 25 21 A.
553 245 48 22 ville
617 247 77 25 antaga
716 245 68 22 denna
797 244 79 22 kläm
862 240 18 38 i

59 275 42 22 den
115 274 142 27 föreliggande
271 273 86 22 formen.

129 314 32 22 Hr
181 314 21 21 af
216 314 151 21 Frosterus:
382 314 40 26 Jag
437 313 39 22 ber
491 313 74 22 endast
579 312 22 22 få
616 313 82 27 påpeka
712 314 32 20 att
758 312 43 23 ifall
817 312 60 22 dessa

61 344 56 26 höga
138 341 203 29 pensionsförmåner
359 341 69 22 skulle
442 341 98 28 tilläggas
555 348 26 15 en
596 341 207 27 universitetslärare,
819 341 59 21 detta

62 373 27 27 på
111 374 43 19 sätt
178 370 39 22 och
239 370 30 22 vis
287 370 99 22 innebure
409 376 26 16 en
450 370 128 28 uppmaning
593 370 32 21 till
640 370 78 21 honom
733 371 32 20 att
779 370 34 21 vid
827 375 52 21 upp-

63 400 70 22 nådda
155 400 28 21 60
204 400 35 21 års
260 398 59 22 ålder
341 398 53 28 afgå,
418 400 22 26 ty
456 398 26 22 de
497 398 137 22 ekonomiska
648 398 119 22 fördelarne
781 400 52 25 väga
850 397 29 22 äf-

62 435 40 15 ven
124 428 80 28 ganska
225 429 62 25 tungt
308 427 7 21 i
336 426 120 28 vågskålen,
472 427 39 21 och
527 427 54 22 dock
595 426 62 22 torde
672 426 46 22 icke
732 427 23 21 så
769 426 67 22 sällan
849 426 31 21 in-

63 456 63 22 träffa
149 458 32 20 att
203 462 26 15 en
243 462 83 21 persom
341 458 56 19 ännu
412 455 34 22 vid
462 456 27 20 60
504 456 34 21 års
554 455 59 22 ålder
625 454 93 22 befinnes
734 462 38 20 ega
786 454 93 27 förmåga

63 487 33 20 att
113 485 82 27 värdigt
209 484 40 22 och
263 484 34 22 väl
311 484 61 22 sköta
387 490 26 16 en
428 484 215 22 universitetslärares
658 483 130 27 åligganden.

133 524 32 22 Hr
179 524 156 26 Schauman,
350 524 64 27 Aug.:
430 523 41 27 Jag
485 524 71 21 kunde
571 523 57 22 finna
643 523 114 23 utskottets
767 523 77 27 förslag
853 523 28 27 på

64 554 66 26 något
145 555 42 19 sätt
202 552 131 27 motiveradt,
349 558 34 16 om
399 552 35 22 det
448 552 63 26 gälde
526 554 32 20 att
571 552 129 21 tillförsäkra
709 551 173 28 afskedstagande

66 580 201 24 universitetslärare
290 580 41 22 alla
353 581 26 21 de
400 580 156 22 löneförmåner
574 587 46 15 som
639 580 47 22 dem
701 580 66 22 under
781 580 101 28 tjenstens

66 609 112 23 utöfvande
201 608 122 22 tillkomma.
353 609 48 21 Men
424 611 39 19 när
485 609 139 27 uttryckligen
648 609 6 21 i
674 608 113 22 utskottets
805 608 78 27 förslag

67 640 86 20 nämnes
169 637 58 22 äfven
242 637 201 28 ,hyresförmäner*',
458 638 24 21 sä
497 638 42 21 kan
552 638 35 26 jag
602 637 46 21 icke
663 636 65 22 förstå
742 637 54 21 huru
811 638 30 20 ett
851 637 32 21 sä-

67 667 52 21 dant
133 666 77 26 förslag
225 666 39 21 har
278 666 80 22 kunnat
372 666 64 22 blifva
451 666 116 27 uppstäldt.
595 665 173 28 Hyresförmäner
782 665 64 28 gifvas
861 665 23 21 ät

67 701 27 16 en
113 695 131 27 tjensteman,
260 694 69 22 derför
343 696 31 20 att
389 694 42 22 han
446 694 7 21 i
469 694 39 22 och
523 694 32 22 för
570 694 102 27 tjenstens
687 694 54 22 skull
756 696 23 20 är
793 696 91 24 tvungen

68 726 32 19 att
119 723 26 21 bo
165 724 26 26 pä
206 729 25 15 en
246 723 41 21 viss
303 725 39 24 ort,
357 723 7 21 i
379 723 59 21 detta
453 722 37 22 fall
508 722 4 22 i
526 722 161 27 hufvudstaden,
703 722 37 22 der
753 721 132 28 naturligtvis

68 752 66 27 hyran
157 753 62 25 utgör
236 758 25 14 en
281 751 92 27 ansenlig
393 751 33 21 del
446 751 24 21 af
482 751 53 22 hans
550 750 91 28 utgifter.
672 751 48 21 Men
736 751 26 21 dä
776 751 41 21 han
832 750 53 27 tagit

69 780 73 22 afsked
162 780 38 21 och
219 779 81 22 således
317 782 24 20 är
355 780 25 21 fri
396 782 31 19 att
442 779 61 28 flytta
518 780 61 21 hvart
593 786 46 15 som
654 779 60 25 helst,
729 779 7 21 i
750 779 83 21 hvilken
848 779 37 21 vrå

70 808 26 22 af
111 808 72 22 landet
205 814 46 16 som
269 808 62 27 helst,
350 809 26 26 pä
396 814 25 16 en
440 808 165 27 landtegendom
622 811 15 18 t.
654 814 38 20 ex.,
708 808 37 21 der
758 808 46 21 icke
819 808 66 26 hyran

69 837 74 21 kostar
164 836 77 22 honom
255 836 121 28 nägonting,
392 838 32 20 att
438 836 43 22 han
497 836 63 22 ocksä
576 837 27 21 dä
617 836 68 22 skulle
700 836 137 22 tillförsäkras
852 841 35 15 om

71 865 26 22 de
119 864 173 28 hyresförmäner,
315 871 44 15 som
374 865 42 20 han
431 865 40 21 har
486 865 86 26 ätnjutit
586 865 7 20 i
608 865 98 26 tjensten,
722 865 35 21 det
771 867 24 18 är
810 864 77 27 nägon-

71 893 45 27 ting
135 899 44 15 som
192 893 36 26 jag
243 893 40 21 alls
297 893 46 22 icke
358 893 41 21 kan
414 893 74 22 förstä.
518 894 33 20 Dä
566 899 28 15 nu
609 899 25 15 en
650 893 55 27 gäng
720 899 25 15 en
760 892 34 22 del
809 892 22 22 af
843 891 44 22 uni-

72 921 190 22 versitetslärarens
284 921 35 22 lön
340 921 72 22 bestär
436 921 32 22 uti
490 921 174 28 hyresförmäner,
687 921 41 22 kan
747 921 36 27 jag
807 920 82 22 säledes

71 949 33 22 för
127 949 41 22 min
190 949 33 22 del
238 949 127 22 ätminstone
379 950 46 21 icke
440 949 58 22 finna
514 951 64 26 nägot
595 950 79 27 rimligt
690 950 46 21 skäl
753 949 32 22 för
802 951 31 20 att
847 949 42 20 han

72 978 35 21 vid
129 978 183 26 afskedstagandet
333 978 52 22 skall
408 978 21 22 få
452 979 84 26 åtnjuta
558 979 69 20 denna
650 978 32 22 del
704 978 23 21 af
739 978 61 22 lönen
815 977 7 22 i
840 983 49 21 pen-

72 1007 53 21 sion.
155 1007 40 26 Jag
216 1007 64 26 yrkar
303 1007 74 26 derför,
400 1007 70 21 säsom
491 1007 37 27 jag
545 1010 44 18 tror
605 1007 6 21 i
626 1007 68 21 likhet
708 1007 47 22 med
771 1007 39 21 den
825 1006 64 21 förste

73 1035 64 22 ärade
155 1035 80 21 talaren
252 1047 29 3 —
293 1035 36 27 jag
343 1035 39 22 har
396 1035 47 22 icke
458 1035 50 22 hört
523 1035 73 27 början
612 1035 22 22 af
647 1035 53 22 hans
714 1035 133 27 andragande
863 1045 26 4 —

73 1066 32 19 att
127 1063 40 22 den
190 1063 60 22 delen
265 1063 23 22 af
300 1064 114 21 utskottets
428 1063 81 28 förslag
524 1070 45 15 som
584 1063 67 28 gäller
661 1063 230 28 pensionsförmänerna

74 1093 65 20 mätte
153 1098 26 15 ur
193 1091 142 22 betänkandet
349 1092 116 27 borttagas.

143 1125 32 22 Hr
197 1125 173 28 Gripenberg,
394 1126 35 21 A.:
448 1126 42 27 Jag
504 1126 77 21 förstär
596 1125 126 28 fullkomligt
737 1124 30 23 de
777 1125 114 27 betänklig-

75 1154 60 21 heter
157 1160 43 15 som
224 1154 25 21 de
271 1153 125 28 föregäende
417 1155 66 21 ärade
506 1155 94 21 talarene
621 1154 78 22 uttalat
720 1154 129 22 beträffande
864 1160 29 15 nu

75 1182 141 27 föreliggande
236 1182 79 27 förslag
329 1183 45 21 frän
390 1183 108 22 allmänna
512 1183 198 26 besvärsutskottet,
724 1189 46 15 men
783 1183 36 26 jag
834 1182 59 22 delar

76 1211 47 21 dem
138 1211 51 21 icke.
216 1211 31 21 Hr
263 1211 22 21 af
297 1211 112 22 Frosterus
423 1211 40 22 har
478 1211 32 22 uti
526 1211 39 22 den
581 1217 74 16 senare
670 1211 60 22 delen
745 1211 21 22 af
779 1211 114 22 utskottets

75 1238 57 23 kläm
155 1239 66 21 funnit
243 1245 26 16 en
288 1239 112 27 anmaning
414 1239 33 22 till
462 1239 205 22 universitetslärare
682 1246 45 15 som
741 1241 89 26 uppnätt
845 1245 48 21 pen-

77 1267 121 27 sionsälder,
221 1269 31 20 att
275 1268 65 27 draga
361 1268 31 27 sig
414 1268 92 21 tillbaka
529 1268 38 22 och
582 1268 71 21 lemna
668 1268 32 21 sin
715 1268 53 27 plats
783 1269 22 20 ät
821 1268 72 25 andra,

76 1301 65 23 yngre
162 1295 111 28 förmägor.
304 1296 29 22 Sä
355 1296 39 21 har
413 1297 109 27 verkligen
537 1297 54 21 varit
605 1297 115 21 utskottets
736 1297 87 26 mening.
853 1296 42 21 Det

78 1327 23 19 är
123 1331 28 14 nu
171 1330 25 16 en
211 1325 55 26 gäng
281 1325 111 26 menskligt
407 1327 32 19 att
454 1325 51 21 med
520 1325 61 22 ärens
595 1325 124 26 tilltagande
734 1325 74 26 mängd
823 1324 72 21 tanke-

78 1353 113 26 förmägan,
217 1352 151 23 arbetskrafter
390 1353 39 21 och
452 1353 72 22 lusten
541 1353 32 22 för
588 1353 144 27 vetenskaplig
746 1353 107 26 forskning
867 1351 30 23 af-

78 1383 49 24 taga
149 1381 38 21 och
209 1381 90 27 slappas.
329 1381 40 27 Jag
391 1381 36 21 vill
452 1381 134 28 naturligtvis
607 1381 47 22 icke
670 1381 84 22 dermed
768 1380 61 22 hafva
843 1382 54 25 sagt,

79 1411 32 20 att
125 1409 46 22 frän
186 1409 68 22 denna
268 1409 58 28 regel
340 1410 46 21 icke
401 1409 68 22 skulle
485 1409 69 23 finnas
569 1410 115 27 undantag;
699 1412 95 20 tvärtom,
811 1409 34 21 det
859 1408 38 22 fin-

79 1443 37 16 nes
131 1437 60 22 äfven
206 1438 38 21 hos
259 1444 34 15 oss
308 1438 86 27 lysande
410 1438 88 27 sädana,
514 1445 48 15 men
578 1439 35 20 det
627 1439 62 21 torde
705 1438 52 21 dock
772 1437 45 22 icke
831 1437 67 22 sakna

79 1466 38 21 sitt
131 1466 145 27 berättigande
291 1468 32 20 att
337 1466 67 21 införa
419 1473 29 14 nu
458 1467 121 27 föreslagna
589 1467 118 26 anordning
717 1468 30 20 att
757 1465 141 22 universitets-

79 1493 75 28 lärare,
177 1500 44 15 som
246 1495 91 26 uppnått
359 1501 25 15 en
407 1495 42 26 hög
472 1495 66 27 ålder,
557 1495 67 21 skulle
640 1495 64 27 draga
719 1495 30 26 sig
764 1494 87 21 tillbaka
866 1493 33 22 för

80 1523 32 20 att
126 1522 98 22 befordra
239 1523 161 26 omsättningen,
417 1523 33 21 för
465 1525 35 20 att
514 1523 69 22 lemna
597 1529 65 21 yngre
677 1523 79 22 krafter
771 1522 81 22 tillfälle
867 1523 33 20 att

80 1550 63 21 verka
165 1551 27 26 pä
215 1551 58 21 detta
295 1551 78 26 vigtiga
396 1551 119 22 arbetsfält.
546 1552 41 21 Det
610 1553 23 20 är
650 1551 69 22 derför
736 1557 43 16 som
795 1551 105 21 utskottet

811 1590 23 17 49
