1111 1764
365 131 18 18 R:
393 135 14 15 0.
420 130 16 19 A.
449 125 46 25 1886.
519 130 19 19 18
550 130 47 23 April.
795 133 4 4 "=
824 129 41 22 789

142 199 48 21 Med
200 198 59 22 bifall
269 198 31 22 till
309 199 68 21 denna
385 199 170 21 statsutskottets
561 197 156 27 framställning
724 196 69 22 beslöt
799 197 25 21 R.
832 202 18 16 o.
860 196 32 31 A.,

72 229 29 27 på
122 228 77 26 förslag
221 227 22 22 af
262 227 26 21 hr
305 227 200 26 landtmarskalken,
521 229 32 19 att
568 226 35 22 vid
619 226 128 26 måndagens
762 225 83 27 plenum
861 224 32 21 till

72 256 82 27 slutligt
168 256 114 26 afgörande
296 255 95 27 företaga
401 256 169 21 statsutskottets
581 254 31 22 uti
622 254 123 22 skrifvelsen
756 252 138 23 omförmälda

72 284 140 23 betänkande.

140 370 118 26 Föredrogs
274 369 40 21 den
328 369 35 21 vid
378 369 126 27 föregående
519 368 85 28 plenum
620 368 33 21 till
668 368 24 22 R.
709 374 17 16 o.
743 369 24 20 A.
787 367 107 22 öfverlem-

71 399 55 21 nade
147 398 49 22 nåd.
218 404 60 21 prop.
296 404 33 15 n:o
353 398 26 21 38
395 398 110 26 angående
521 398 73 26 anslag
609 396 33 22 till
656 396 111 22 underhåll
783 396 21 22 af
817 396 41 22 den
872 395 23 22 af

71 427 111 22 framlidne
204 426 116 22 statsrådet
338 426 88 22 Fredrik
443 426 102 27 Cygngus
560 426 32 21 till
608 425 101 22 Finlands
724 425 43 21 folk
782 428 111 19 testamen-

71 456 74 22 terade
159 455 63 22 villan
237 461 34 15 n:o
287 456 25 20 17
328 454 31 22 uti
373 454 165 28 Brunnsparken
554 454 58 22 invid
626 454 131 27 Helsingfors
767 454 53 26 stad,
828 454 66 26 jemte

73 485 38 21 der
125 484 110 22 förvarade
250 483 134 26 konstalster,
401 483 72 21 dervid

141 513 32 22 Hr
194 512 88 22 Taube
304 512 71 21 anhöll
398 518 33 15 om
456 512 62 21 ordet
541 512 39 21 och
597 511 92 28 yttrade:
705 511 46 22 Den
766 511 67 27 gåfva,
848 516 45 17 som

73 542 72 22 landet
162 542 38 21 har
216 540 83 22 erhållit
313 547 75 20 genom
403 540 112 22 framlidne
529 540 117 23 statsrådet
662 539 84 28 Cygnei
762 542 130 24 testamente,

72 577 62 20 synes
157 570 42 27 mig
221 569 62 21 blifva
302 575 26 15 en
342 569 80 26 ganska
437 569 39 27 dyr
491 569 62 27 gåfva
567 569 33 21 för
615 575 40 15 oss.
686 569 33 21 Då
734 569 115 21 emellertid
864 571 30 19 te-

71 601 115 19 stamentet
206 597 68 22 blifvit
296 597 105 22 bevakadt
421 598 63 21 torde
506 598 49 27 föga
576 603 42 21 nog
640 600 66 19 annat
726 598 80 21 återstå
821 599 25 19 än
862 599 32 19 att

73 627 58 22 hålla
145 627 31 21 till
190 626 56 27 godo
262 626 46 21 med
324 626 54 21 hvad
393 626 20 21 vi
427 625 47 28 fått,
490 633 48 15 men
553 627 28 20 då
596 632 49 15 man
660 628 60 25 tager
734 625 7 22 i
754 625 139 22 betraktande

73 655 56 22 hvad
152 655 68 22 denna
238 654 61 27 gåfva
312 655 119 26 egentligen
446 655 90 22 innebär
551 655 39 22 och
605 655 55 21 huru
675 655 84 27 mycket
773 655 40 20 den
828 653 64 22 redan

73 684 72 21 kostat
166 683 78 26 landet,
268 684 23 21 så
313 684 68 21 måste
403 689 48 16 man
474 683 104 28 medgifva
595 685 33 19 att
643 683 62 22 dessa
720 683 112 26 penningar
848 682 45 21 icke

73 712 63 22 hafva
158 711 66 22 blifvit
239 712 95 21 använda
350 712 26 27 på
391 714 31 19 ett
437 712 105 27 nöjaktigt
556 713 49 20 sätt.
636 712 43 21 Det
694 711 38 22 har
746 712 65 20 redan
826 710 67 22 blifvit

74 741 28 27 på
125 741 143 26 reparationer
290 740 99 26 nedlagdt
411 747 26 14 en
453 747 82 15 summa
551 741 22 20 af
586 741 66 26 något
667 747 57 14 mera
739 742 26 19 än
781 740 61 26 9,000
858 739 35 22 mk

73 769 42 22 och
128 771 114 25 yttermera
256 769 78 21 förestå
349 769 33 21 för
397 769 25 21 de
436 771 34 19 tre
485 769 91 26 följande
587 769 50 21 åren
653 768 144 27 reparationer
811 768 47 21 med
869 774 25 15 en

74 797 91 22 kostnad
183 797 22 22 af
218 797 63 26 2,500
297 797 65 26 mark,
377 797 8 21 i
400 797 36 22 det
451 799 106 20 närmaste
574 797 77 26 12,000
666 797 66 26 mark,
748 797 38 21 och
801 798 23 20 så
840 802 54 21 myc-

74 825 38 22 ket
133 832 61 15 anser
214 826 36 26 jag
272 828 32 19 att
322 825 121 27 samlingen,
459 832 47 15 som
521 826 7 21 i
544 826 40 21 den
599 825 177 22 testamenterade
791 825 63 21 villan
869 827 24 20 är

74 854 89 27 inrymd,
185 854 47 21 icke
254 856 23 19 är
298 855 58 20 värd.
387 854 49 21 Med
459 855 108 26 undantag
589 853 23 22 af
629 857 33 18 tre
677 853 51 22 eller
741 853 45 28 fyra
801 853 93 27 verkliga

75 883 135 26 konstalster,
232 883 67 21 skulle
321 883 36 21 det
379 883 72 26 öfriga,
475 883 89 22 försåldt
586 883 28 26 på
630 882 93 27 auktion,
738 882 45 21 icke
798 882 95 27 inbringa

73 913 60 20 stora
147 917 99 16 summor.
271 911 77 27 Sjelfva
362 911 62 22 huset
439 911 42 22 kan
497 911 123 27 visserligen
634 911 63 21 hafva
712 911 36 21 sitt
763 911 69 26 värde,
846 917 47 14 men

73 939 29 22 då
117 939 65 28 enligt
196 942 136 19 testamentet
348 941 35 21 det
397 941 68 21 måste
481 939 116 23 bibehållas
612 939 33 22 för
660 939 113 27 samlingen
789 941 24 20 är
823 939 17 27 ej
852 939 42 21 hel-

75 968 32 22 ler
129 968 59 22 deraf
208 969 69 26 någon
294 968 67 22 fördel
375 970 33 20 att
423 969 71 26 draga.
525 968 43 22 För
583 975 25 15 en
624 968 117 27 privatman
757 968 54 22 hade
826 968 68 21 denna

74 996 90 28 samling
185 996 81 22 kunnat
288 1003 50 15 vara
360 996 115 28 småtreflig
491 1003 42 21 nog
548 999 32 19 att
595 1003 45 21 ega,
656 1002 48 16 men
720 996 31 22 för
765 999 68 19 staten
848 1002 46 21 pas-

73 1031 38 15 sar
133 1025 36 21 det
190 1025 46 21 icke
258 1028 32 18 att
304 1025 125 22 underhålla
444 1028 32 19 ett
491 1026 77 21 sådant
582 1025 144 27 konstgalleri,
741 1032 46 14 som
799 1025 36 27 jag
850 1024 44 22 ofta

75 1053 40 21 har
136 1054 49 20 hört
206 1054 84 26 Cygnei
314 1054 48 22 villa
383 1054 73 21 kallas.
488 1054 45 21 När
550 1054 41 22 den
606 1060 42 21 nya
663 1054 189 27 museibyggnaden
868 1059 26 15 en

75 1082 56 27 gång
147 1082 41 21 blir
212 1082 74 26 färdig,
302 1082 26 22 då
344 1084 34 20 må
393 1089 64 21 gerna
474 1083 39 21 der
527 1082 114 28 inrymmas
657 1084 31 19 ett
703 1088 46 15 rum
763 1082 33 21 för
811 1082 84 28 Cygni

74 1110 97 27 samling,
186 1117 48 15 men
249 1113 32 19 att
295 1110 84 23 förvara
394 1112 39 20 den
448 1111 7 21 i
471 1118 26 14 en
512 1111 90 21 särskild
612 1110 104 28 byggnad,
728 1117 25 15 en
763 1111 48 27 dyrt
821 1110 75 22 under-

75 1138 70 23 hållen
161 1139 54 26 villa,
232 1139 69 21 dertill
315 1140 42 21 kan
370 1140 37 27 jag
421 1140 46 21 icke
483 1139 58 22 finna
554 1140 52 21 skäl.
638 1140 50 20 Man
703 1141 60 25 säger
775 1139 121 27 visserligen

76 1169 32 19 att
131 1168 19 20 vi
170 1168 51 21 böra
236 1170 51 24 göra
302 1168 70 27 något,
389 1170 32 19 att
435 1168 21 21 vi
471 1168 46 22 icke
533 1168 52 21 böra
600 1168 38 27 sky
654 1167 73 27 anslag
741 1167 32 21 för
788 1170 31 19 att
834 1166 62 22 hafva

74 1202 28 15 en
123 1196 56 27 plats
201 1196 73 22 ibland
296 1196 148 27 kulturfolken,
468 1199 33 19 att
523 1196 20 22 vi
564 1196 54 22 böra
640 1198 127 25 uppmuntra
781 1196 113 27 vetenskap

76 1224 39 21 och
137 1224 63 22 konst
218 1225 7 20 i
240 1225 76 21 sådant
330 1225 103 21 ändamål.
465 1225 43 21 Det
523 1227 24 19 är
562 1225 86 21 alldeles
663 1225 79 27 riktigt,
758 1231 47 15 men
820 1230 75 21 genom

75 1254 33 20 ett
130 1253 126 27 statsanslag
275 1253 32 21 för
322 1253 133 22 underhållet
471 1253 23 21 af
507 1260 26 15 en
548 1254 7 20 i
569 1254 130 21 konstvärde
714 1254 22 20 så
751 1253 59 27 ringa
824 1253 72 21 konst-

76 1281 89 27 samling
180 1288 44 14 som
240 1282 40 21 den
294 1282 145 28 förevarande,
455 1288 63 16 anser
530 1282 37 27 jag
581 1282 46 21 icke
638 1284 32 19 att
680 1282 88 21 konsten
778 1281 117 27 befrämjas.

76 1309 33 22 Då
128 1309 122 27 emellertid,
266 1311 69 21 såsom
348 1310 37 27 jag
399 1310 66 22 redan
481 1311 81 26 antydt,
578 1310 72 27 frågan
666 1310 72 28 tyckes
753 1316 50 16 vara
817 1309 80 27 ganska

74 1338 91 21 svårlöst
186 1338 48 22 med
256 1338 98 22 afseende
369 1340 13 20 å
398 1339 40 22 den
453 1339 82 21 skedda
549 1338 284 27 testaments-bevakningen,
857 1337 39 21 och

74 1366 37 27 jag
132 1366 46 22 icke
199 1367 41 21 kan
262 1367 85 27 påfinna
368 1368 69 26 någon
456 1367 110 27 anvisning
581 1369 32 19 att
628 1367 68 27 slippa
711 1366 97 27 härifrån,
823 1366 24 21 så
861 1365 36 22 vill

74 1394 37 27 jag
133 1395 127 22 öfverlemna
282 1396 22 21 åt
326 1396 161 21 vederbörande
502 1396 83 21 utskott
600 1398 32 19 att
646 1396 104 27 nöjaktigt
764 1395 51 21 reda
830 1394 68 21 denna

75 1423 66 27 fråga,
157 1425 24 20 så
195 1427 31 18 att
242 1427 68 18 staten
326 1424 46 21 icke
387 1424 68 21 skulle
470 1424 90 22 behöfva
572 1424 116 21 vidkännas
698 1425 65 26 några
774 1422 85 27 utgifter
866 1423 32 21 för

76 1451 69 22 denna
160 1452 151 27 konstsamling
326 1453 22 21 af
362 1453 60 26 ringa
436 1453 73 21 värde.

139 1481 38 20 'Hr
191 1480 205 22 Nordenskiöld:
413 1481 40 21 Till
469 1487 93 21 gensaga
577 1483 45 19 mot
637 1481 56 21 hvad
708 1481 24 20 hr
747 1479 70 22 Taube
832 1481 66 26 yttrat

76 1507 39 22 ber
128 1509 36 26 jag
178 1508 20 22 få
213 1509 70 22 erinra
297 1511 33 20 att
344 1509 107 27 professor
467 1509 87 28 Cygnzi
568 1509 90 26 samling
674 1509 53 22 dock
741 1508 116 22 innehåller
872 1513 26 16 en

75 1538 47 19 stor
143 1537 77 26 mängd
242 1537 22 22 af
277 1538 51 21 våra
342 1543 56 21 unga
412 1537 70 22 finska
498 1537 90 22 målares
602 1537 195 27 förstlingsarbeten
813 1537 39 21 och
866 1537 34 20 så-
