1111 1770
249 135 42 22 858
517 137 15 19 R.
545 142 14 14 0.
572 136 15 20 A.
600 137 46 20 1885,
670 138 21 18 30
704 138 47 22 April.

220 209 51 15 vore
293 203 67 28 aldrig
376 206 24 20 sä
414 206 53 21 svär.
498 206 40 27 Jag
553 206 48 22 ville
617 206 75 22 endast
706 206 82 27 päpeka
804 206 68 21 denna
887 206 151 28 inkonsegvens

219 233 33 20 att
267 232 32 22 för
313 232 140 23 Kotkabanan
468 234 97 22 anfördes
581 237 57 19 emot
654 235 121 21 densamma
804 236 32 20 att
851 234 41 22 den
907 234 67 22 skulle
988 235 50 21 kon-

219 260 90 22 kurrera
330 262 47 21 med
398 263 123 21 statsbanan
543 264 39 20 och
605 269 28 15 nu
655 263 33 21 för
709 262 147 23 Lovisabanan
871 262 83 22 anföres
969 264 69 20 säsom

219 288 47 22 skäl
281 291 32 19 att
328 290 46 26 den,
390 291 88 22 oaktadt
493 291 40 21 den
548 294 58 19 stora
621 292 166 26 konkurrensen,
803 291 54 21 dock
873 291 67 22 skulle
954 292 84 21 komma

219 319 33 19 att
267 317 94 22 medföra
375 325 25 15 en
416 320 22 21 sä
453 322 45 19 stor
513 319 66 23 fördel
594 320 32 21 för
641 320 73 22 landet
729 322 32 20 att
775 320 40 21 den
825 320 71 21 derför
906 320 38 21 bör
953 321 85 21 komma

219 345 32 22 till
267 346 67 22 ständ.

289 374 32 22 Hr
342 375 194 28 Pippingsköld:
555 376 62 22 Hvad
632 377 26 21 hr
674 376 182 27 Standertskjölds
871 383 28 15 nu
914 377 73 27 gjorda
1002 383 34 15 an-

219 402 110 28 märkning
351 404 105 27 beträffar,
478 406 24 21 sä
524 411 60 21 synes
600 405 64 27 deraf,
680 407 32 20 att
727 406 25 21 hr
767 405 168 27 Standertskjöld
950 406 86 21 alldeles

218 431 136 22 missförstätt
379 433 47 27 mig.
454 434 41 27 Jag
520 434 85 21 anförde
630 436 58 19 emot
712 434 110 25 utskottet,
848 436 32 19 att
905 434 35 21 det
955 436 81 25 strängt

218 459 115 22 framhållit
355 461 168 22 konkurrensens
537 461 32 22 för
584 462 124 21 statsbanan
723 462 92 27 menliga
829 462 75 27 följder
919 462 5 21 i
939 462 97 21 afseende

217 488 15 21 å
254 494 25 15 en
302 495 68 16 annan
392 490 124 22 subvention
538 490 41 22 den
594 497 46 15 som
655 491 85 26 begärts
755 491 33 21 för
803 496 25 15 en
845 491 54 21 bana
915 490 30 21 till
961 491 75 21 Lovisa

218 516 40 22 och
273 517 86 22 alldeles
373 517 123 23 försummat
511 520 32 20 att
557 519 61 22 äfven
634 525 25 16 en
674 519 56 22 bana
744 519 32 22 till
791 519 79 26 Kotka,
886 519 64 21 sädan
965 519 71 21 Kotka

218 544 79 23 boarne
319 546 55 22 helst
391 547 65 21 önska
472 547 47 27 den,
534 547 67 21 skulle
616 547 64 22 blifva
696 554 25 14 en
736 547 81 27 ganska
833 547 58 21 stark
907 547 129 21 konkurrent

218 573 47 22 med
289 573 97 23 afseende
408 576 12 20 &
442 575 204 23 statsbanetrafiken.
677 576 71 22 Kotka
763 575 68 22 skulle
847 576 103 26 nämligen
965 576 71 21 säkert

217 601 86 23 komma
318 605 32 19 att
365 604 47 21 dela
426 604 48 22 med
489 604 69 22 banan
573 604 32 21 till
621 604 77 22 Sörnäs
714 604 94 22 rörelsen
824 604 39 21 och
875 604 95 27 möjligen
980 603 55 22 frän-

217 630 65 27 rycka
299 632 190 28 statsjernvägarne
504 632 69 22 halfva
587 633 100 27 beloppet
702 633 23 21 af
738 634 40 20 den
793 633 78 27 mängd
887 635 95 19 trävaror
990 639 44 15 som

217 658 34 22 för
272 660 130 22 närvarande
424 661 56 22 föras
502 664 23 19 ut
547 661 58 22 öfver
627 662 78 21 Sörnäs
724 662 39 21 och
786 662 51 26 utgå
856 661 52 21 ifrån
924 661 110 27 Vesijärvi;

217 693 49 16 men
287 688 35 22 det
337 689 87 22 oaktadt
438 689 95 23 lemnade
548 689 60 22 äfven
621 690 37 27 jag
673 690 48 21 mitt
736 690 115 21 understöd
867 691 22 20 ät
904 690 131 21 Kotkaboar-

216 722 38 16 nes
276 716 55 22 bana
349 718 38 20 och
405 718 91 28 föreslog
511 725 25 15 en
551 718 55 22 ökad
621 719 224 24 subventionssumma,
861 718 127 27 tilläggande
1004 720 30 19 att

215 744 36 28 jag
266 745 86 22 alldeles
360 746 45 22 icke
420 746 96 22 fruktade
531 753 26 15 en
571 747 41 21 slik
627 747 138 26 konkurrens,
776 748 52 20 utan
842 748 90 20 tvärtom
943 746 91 22 erkände

216 772 42 22 den
280 774 69 21 såsom
364 775 73 27 nyttig,
453 776 74 21 liksom
540 776 36 26 jag
591 776 27 26 pä
634 782 80 15 samma
728 775 69 28 grund
813 775 92 21 erkände
920 775 58 21 äfven
994 775 40 21 Lo-

216 801 45 22 visa
279 802 80 22 banans
373 803 131 23 konkurrens
520 804 69 21 såsom
603 804 47 22 icke
665 804 87 26 mindre,
768 810 35 15 om
819 804 40 21 ock
874 803 54 22 blott
943 803 91 21 indirekt

215 830 75 27 nyttig.
321 830 73 23 Staten
416 832 66 22 borde
504 832 67 28 aldrig
592 833 63 21 tveka
670 834 32 20 att
718 832 137 27 understödja
870 832 163 26 konkurrensen,

215 858 28 22 då
259 860 69 20 staten
343 860 39 22 och
396 861 191 27 statsjernvägarne
602 863 147 24 representera
763 862 32 20 ett
811 861 23 21 så
845 860 96 27 ofantligt
951 860 83 27 mycket

215 888 69 21 större
306 887 79 28 kapital
407 891 31 19 att
461 889 126 26 densamma,
610 891 70 20 staten
702 889 39 21 bör
760 895 52 14 vara
827 889 23 21 så
864 895 49 20 pass
928 888 104 27 ridderlig,

215 917 33 19 att
271 916 40 21 den
327 917 147 28 understödjer
488 917 40 22 den
543 917 95 22 enskilda
652 917 161 22 konkurrensen
829 917 60 21 äfven
906 923 32 15 om
954 917 79 21 dennas

215 943 79 22 verkan
319 944 7 21 i
346 945 68 27 någon
436 947 49 20 mån
507 946 31 21 till
560 953 26 14 en
609 946 74 27 början
705 946 69 21 skulle
797 945 81 22 minska
900 945 133 22 statsbanans

214 971 99 23 inkomst.
329 986 27 3 —

284 1001 31 22 På
336 1001 25 22 hr
382 1001 204 24 landtmarskalkens
601 1002 113 28 förfrågan,
730 1002 133 22 hvilketdera
879 1002 132 21 alternativet
1026 1002 6 21 i

214 1028 27 22 hr
255 1029 96 27 Nybergs
366 1031 177 27 petitionsförslag
557 1031 26 21 hr
598 1031 151 27 Pippingsköld
774 1031 151 22 understödde,
937 1030 95 27 upplyste

213 1056 27 22 hr
261 1057 151 28 Pippingsköld
435 1062 32 18 att
484 1060 41 21 han
540 1059 112 22 förordade
668 1060 35 21 det
718 1065 75 17 senare
809 1058 133 22 alternativet
958 1065 32 15 om
1006 1065 26 15 en

213 1085 127 23 subvention
362 1086 22 22 af
401 1088 91 24 650,000
508 1088 59 22 mark
583 1088 32 21 för
630 1088 109 28 byggande
754 1088 24 21 af
791 1094 26 14 en
833 1087 123 27 smalspårig
971 1086 61 22 bana.

285 1114 57 22 Frih.
363 1122 40 15 von
426 1116 79 22 Born:
520 1116 40 27 Jag
575 1119 24 19 är
614 1117 33 21 väl
662 1118 75 20 nästan
752 1116 84 28 skyldig
852 1118 32 18 att
898 1117 56 25 yttra
969 1115 42 27 mig
1025 1116 7 20 i

214 1142 70 22 denna
305 1142 65 28 fråga,
392 1146 23 25 ty
434 1145 36 27 jag
487 1145 41 21 kan
543 1147 56 25 säga,
615 1144 33 22 för
662 1147 32 19 att
709 1144 98 22 använda
822 1146 31 19 ett
867 1143 112 27 bevingadt
994 1144 38 21 ord

213 1170 46 22 från
283 1172 89 21 svenska
393 1173 159 27 riksdagslifvet,
575 1176 32 19 att
630 1174 52 24 ,der
702 1173 40 22 bor
762 1173 58 27 jag".
850 1172 40 26 Jag
913 1172 34 21 vill
962 1172 70 22 derför

213 1200 78 21 nämna
315 1202 32 20 att
365 1201 37 27 jag
424 1201 120 27 visserligen
565 1204 24 20 är
604 1208 50 16 ense
669 1208 34 15 om
716 1201 215 28 jernvägsutskottets
946 1200 86 22 hufvud-

212 1228 67 20 motiv
298 1230 31 20 att
344 1231 68 19 staten
427 1230 46 22 icke
488 1230 64 27 enligt
566 1230 72 27 regeln
654 1230 39 22 bör
708 1236 77 21 genom
800 1228 149 22 subventioner
963 1235 69 21 gynna

211 1254 174 25 konkurrerande
409 1258 76 26 banor;
510 1265 48 15 men
580 1259 27 21 då
626 1259 105 21 utskottet
750 1258 3 21 i
769 1264 81 15 samma
865 1258 71 26 stycke
951 1258 27 26 på
993 1257 36 28 sjd.

212 1284 27 22 87
254 1284 115 28 fortsätter,
384 1292 46 16 som
446 1287 41 27 mig
501 1287 72 27 tyckes
588 1288 27 26 på
630 1289 31 19 ett
675 1287 81 27 ganska
771 1286 147 21 humoristiskt
932 1287 48 23 sätt,
992 1285 39 21 och

211 1314 63 25 säger
291 1315 33 20 att
339 1314 39 21 den
392 1314 93 28 begärda
499 1315 151 22 subventionen
666 1322 34 15 om
716 1315 94 26 900,000
825 1314 60 21 mark
900 1314 45 21 icke
960 1313 71 21 behöf-

211 1347 43 20 ves,
277 1342 88 21 emedan
387 1349 34 16 om
439 1349 47 16 man
501 1345 39 25 gör
554 1343 68 22 banan
638 1343 132 28 smalspårig,
787 1349 48 15 man
851 1342 6 21 i
872 1341 72 28 sjelfva
959 1342 73 21 verket

211 1370 91 26 sparade
317 1370 21 22 in
353 1371 69 22 denna
436 1371 129 27 subvention,
581 1373 24 20 sä
620 1372 60 21 leder
690 1372 60 22 detta
760 1373 151 20 resonnement
921 1370 109 27 naturligt-

210 1397 31 22 vis
265 1399 78 26 dertill,
365 1401 31 20 att
419 1406 34 15 om
472 1406 47 15 man
533 1400 80 27 bygger
628 1401 74 21 endast
717 1407 25 15 en
759 1399 146 27 hästspärväg,
921 1399 22 21 sä
958 1404 74 21 sparar

210 1431 50 16 man
275 1427 21 21 in
312 1434 26 15 en
353 1427 71 27 miljon
440 1428 38 26 till,
493 1429 39 21 och
546 1429 80 27 bygger
640 1435 48 15 man
704 1435 26 15 en
742 1428 111 26 landsväg,
866 1428 23 21 sä
899 1433 73 21 sparar
982 1433 49 14 man

209 1455 58 21 ännu
289 1457 12 20 2
324 1455 102 28 miljoner.
455 1457 65 22 Detta
541 1459 43 20 sätt
606 1459 32 20 att
659 1463 117 16 resonnera
795 1458 24 19 är
833 1456 46 21 icke
895 1455 65 32 lojalt.
989 1455 42 32 Det

209 1481 67 24 första
298 1484 69 22 skälet
388 1484 54 23 hade
457 1485 104 22 mähända
575 1485 55 22 varit
644 1485 131 27 tillräckligt.
793 1497 24 2 —
833 1484 41 27 Jag
889 1483 38 22 har
941 1483 89 32 visserli-

209 1516 41 21 gen
265 1511 33 22 för
313 1519 52 20 egen
380 1513 34 21 del
429 1513 7 21 i
450 1513 42 22 alla
505 1514 55 21 tider
575 1514 54 21 visat
643 1513 69 22 denna
727 1514 58 21 bana
800 1519 26 15 en
841 1512 82 26 ihärdig
932 1511 98 27 likgiltig-

209 1538 38 23 het
270 1540 39 22 och
333 1541 95 23 kommer
450 1541 33 22 väl
505 1544 32 19 att
551 1542 24 22 sä
591 1544 58 25 göra,
664 1548 48 16 men
725 1542 40 27 jag
780 1541 40 21 bör
834 1540 46 22 icke
895 1539 134 27 undanhälla,
