1109 1761
220 112 43 21 642
487 113 16 19 R.
516 118 14 14 o.
543 113 17 19 A.
572 113 47 20 1886.
643 113 19 19 16
674 113 47 23 April.

262 181 11 21 I
296 180 92 28 enlighet
410 181 47 22 med
478 181 25 22 hr
517 181 207 22 landtmarskalkens
739 181 153 27 framställning
906 181 111 27 godkände

192 209 26 22 R.
234 215 19 16 o.
270 209 24 22 A.
310 209 52 22 härä
378 209 39 22 den
431 209 119 28 föreslagna
566 210 82 21 formen
663 210 32 21 för
709 210 99 22 ärendets
826 209 132 28 behandling.

263 238 31 21 Hr
310 237 164 27 Grotenfelt,
490 238 52 27 Nils,
558 238 67 22 utbad
640 239 31 26 sig
687 239 92 22 derefter
794 239 61 21 ordet
870 238 39 22 och
922 239 94 26 yttrade:

193 267 46 21 Den
263 273 28 14 nu
312 266 142 27 föreliggande
472 267 72 27 frågan
560 270 24 19 är
600 273 25 15 en
642 267 22 21 af
677 267 54 25 dem,
747 273 52 19 som,
815 267 53 21 allra
883 269 53 19 mest
951 267 67 22 under

192 297 86 19 senaste
292 295 24 21 är
330 295 41 21 kan
385 295 35 27 jag
435 298 57 24 säga,
508 295 58 22 säväl
581 295 6 21 i
603 302 93 20 pressen,
712 302 45 15 som
774 295 63 22 ocksä
853 301 47 15 man
916 295 38 21 och
969 301 48 15 man

194 322 90 22 emellan
300 323 53 27 tagit
368 323 41 22 den
423 323 105 22 allmänna
543 324 214 27 uppmärksamhetsn
772 323 7 21 i
794 324 97 26 anspräk.
916 323 48 22 Man
979 324 39 22 har

193 351 107 26 verkligen
322 351 46 22 haft
388 352 46 22 skäl
452 354 33 20 att
500 352 90 28 beklaga
606 352 100 22 Finlands
722 352 121 26 allmänhet,
858 358 45 15 som
918 352 100 22 särskildt

193 380 7 20 i
223 386 86 20 pressen
326 379 38 23 har
379 381 105 21 utträkats
499 381 48 21 med
563 380 143 22 diskussioner
722 388 34 14 om
772 381 70 21 denna
856 380 44 24 sak,
916 387 48 15 man
980 380 38 22 har

194 408 101 27 beklagat
317 408 63 22 ocksä
402 409 100 22 Finlands
517 409 104 27 regering,
637 416 45 15 som
698 409 30 21 uti
744 410 59 20 detta
818 409 52 21 kaos
884 408 67 22 skulle
966 409 52 21 söka

194 437 69 26 nägon
286 437 51 21 reda
354 437 32 22 för
400 437 157 22 framställande
573 437 23 22 af
610 437 131 28 proposition
756 437 33 22 till
805 437 132 26 landtdagen.
968 437 50 22 Men

194 471 48 15 man
266 465 39 21 har
326 465 46 22 icke
387 465 99 28 beklagat
502 466 47 22 dem
564 472 53 18 som,
634 466 36 21 det
685 466 66 21 första
767 466 25 21 de
808 466 62 21 hafva
884 468 66 25 yttrat
964 467 32 25 sig
1011 466 7 21 i

193 493 60 22 detta
275 496 61 19 ämne
358 501 34 14 om
415 494 26 22 de
460 495 104 26 nemligen
579 494 63 22 hafva
657 494 45 22 haft
717 495 37 21 sitt
769 495 90 20 hemvist
874 494 39 21 och
928 495 26 20 bo
969 494 7 21 i
992 494 26 21 de

193 521 59 22 delar
267 521 22 22 af
303 522 71 21 landet
390 523 68 22 denna
473 523 59 27 fräga
546 523 102 22 särskildt
662 523 72 27 gäller,
751 529 48 15 man
814 523 38 21 har
862 523 46 21 icke
918 522 100 27 beklagat

194 551 67 25 dessa,
284 553 61 24 säger
365 551 42 27 jag,
423 552 27 21 dä
465 552 25 21 de
506 554 66 25 yttrat
588 551 32 27 sig
635 552 38 21 och
689 554 75 24 genast
779 551 67 22 blifvit
861 551 94 22 bemötta
970 551 48 22 med

192 579 163 27 anmärkningar
378 586 34 15 om
434 580 95 21 enskilda
552 580 111 25 intressen,
686 580 177 27 lokalpatriotism
886 580 39 20 och
944 579 72 27 dylikt.

193 607 43 21 För
258 610 32 19 att
311 608 45 22 icke
370 610 81 20 utsätta
466 608 41 27 mig
522 608 32 22 för
570 609 65 25 detta,
651 608 39 22 har
702 608 37 27 jag
754 608 47 22 icke
816 608 152 22 undertecknat
983 608 35 22 nä-

192 642 42 20 gon
258 636 22 21 af
296 636 25 22 de
338 637 160 27 reservationer,
513 643 45 15 som
574 637 75 27 ätfölja
663 638 116 20 utskottets
795 636 138 26 betänkande,
950 643 46 15 men
1010 637 7 21 i

194 664 58 22 detta
268 664 68 27 ständ,
352 665 37 22 der
401 666 37 26 jag
452 665 40 22 har
506 666 54 21 varit
576 672 40 14 van
632 667 32 20 att
678 672 22 15 se
716 665 61 22 äfven
793 666 39 20 den
848 665 103 27 ringastes
964 665 54 27 äsigt

194 693 40 21 och
258 693 116 22 motiverna
389 694 70 21 derför
473 694 105 22 bedömda
592 694 80 22 sädana
688 694 25 22 de
728 694 70 21 blifvit
812 694 63 26 ärligt
889 693 128 27 framstälda,

194 728 62 15 anser
268 721 37 27 jag
320 722 36 21 det
371 728 50 16 vara
436 723 41 21 min
493 722 52 28 pligt
561 724 32 20 att
608 725 80 24 genast,
706 722 64 22 innan
787 722 144 22 diskussionen
947 722 71 22 vidare

192 749 88 28 fortgär,
296 750 89 27 anmäla,
400 753 32 19 att
444 751 37 27 jag
495 752 57 20 säväl
568 751 6 21 i
590 751 105 21 utskottet
710 751 54 21 talat
778 751 34 21 för
826 757 45 15 som
890 750 127 22 fortfarande

192 778 61 22 delar
269 778 25 22 de
310 778 84 28 äsigter,
410 786 45 14 som
470 782 160 19 reservanterne
645 780 36 21 hrr
696 779 138 27 Gripenberg,
846 779 120 27 Furuhjelm
978 780 38 21 och

192 806 104 28 Tallgvist
310 808 6 20 i
332 808 32 20 sin
379 808 128 22 reservation
522 808 76 22 uttala.

262 835 32 22 Hr
315 836 196 27 Pippingsköld:
534 836 44 22 Min
601 836 62 27 afsigt
686 843 43 20 var,
752 836 28 22 dä
793 836 37 27 jag
844 836 92 27 begärde
951 836 79 26 ordet,,

193 866 31 19 att
241 863 87 22 besvara
344 864 25 21 hr
384 871 40 15 von
440 864 95 22 Alfthans
551 865 135 29 uppmaning,
702 868 32 18 att
749 866 33 25 de,
799 864 71 21 hvilka
880 864 66 22 önska
955 864 63 21 fram-

192 891 64 22 ställa
279 892 77 27 förslag
378 899 34 15 om
435 893 83 27 frågans
537 893 161 27 bordläggning,
713 893 69 22 skulle
797 895 75 24 genast
887 893 6 20 i
908 893 73 26 början
997 892 23 22 af

192 920 146 22 diskussionen
360 923 52 25 göra
434 922 41 21 det.
506 922 64 21 Detta
593 922 25 21 hr
634 928 40 15 von
697 922 98 21 Alfthans
815 921 79 27 förslag
911 921 41 21 kan
968 927 49 16 vara

191 949 83 26 ganska
296 949 111 27 praktiskt,
430 956 48 15 men
500 950 64 21 likväl
587 950 61 21 torde
663 950 62 27 ingen
740 956 66 21 gerna
821 950 71 21 kunna
907 949 63 22 binda
986 949 31 28 sig

193 977 23 21 af
236 983 26 15 en
286 978 64 21 sådan
373 978 128 27 uppmaning
521 979 52 21 eller
594 978 51 27 följa
666 979 40 21 den
721 979 99 27 rigoröst,
836 981 21 24 ty
874 978 143 21 diskussionen

194 1005 40 22 och
259 1006 26 21 de
307 1008 83 24 ämnen,
412 1013 46 16 som
474 1007 66 22 under
554 1007 122 22 densamma
692 1007 122 24 behandlas,
830 1007 77 25 kunna,
924 1013 33 14 om
972 1006 46 21 icke

195 1034 115 27 tillräcklig
325 1035 111 27 utredning
452 1035 78 27 vinnes,
546 1035 110 22 föranleda
670 1035 32 22 till
718 1035 159 27 bordläggning,
894 1035 37 21 och
942 1035 76 21 sådant

194 1063 42 21 kan
259 1063 61 26 ingen
344 1064 28 27 pä
394 1064 89 21 förhand
505 1063 85 22 förutse.
622 1064 38 21 Att
679 1064 82 21 säledes
777 1063 106 28 uppställa
898 1065 31 20 ett
943 1063 75 22 sädant

193 1091 69 22 vilkor
278 1091 51 22 eller
344 1094 13 19 t.
375 1098 18 15 o.
410 1099 26 14 m.
453 1092 115 22 framställa
584 1099 26 15 en
626 1093 65 21 sädan
707 1093 130 26 uppmaning
848 1098 62 21 synes
921 1091 41 27 mig
972 1091 46 22 icke

192 1119 57 27 ligga
272 1119 6 22 i
302 1120 76 21 sakens
401 1123 68 24 natur,
485 1121 17 26 ej
519 1121 67 21 heller
601 1121 98 21 befordra
714 1121 86 27 frägans
815 1121 63 26 lugna
894 1120 122 25 diskussion,

193 1149 51 20 utan
265 1148 61 21 torde
341 1148 80 22 enhvar
435 1150 27 25 gä
476 1149 31 22 till
523 1149 69 22 denna
607 1149 119 22 oberoende
742 1149 22 22 af
778 1149 132 21 framställda
925 1148 93 27 lämplig-

194 1172 102 36 hetsskäl.
943 1191 4 6 ;

263 1204 32 22 Hr
310 1204 136 25 Norrmén,
464 1206 76 21 Oskar:
557 1206 75 22 Såsom
642 1206 37 26 jag
694 1206 64 21 redan
776 1206 34 20 vid
826 1205 68 21 denna
907 1204 111 27 landtdags

193 1232 75 27 början
292 1233 54 21 bade
369 1236 51 19 äran
443 1234 37 22 här
502 1236 62 26 yttra,
588 1234 67 22 borde
677 1235 27 26 på
720 1235 25 21 de
762 1234 22 22 af
798 1234 42 26 mig
856 1234 26 21 då
897 1233 121 21 framstälda

193 1260 47 22 skäl
259 1262 114 26 jernvägar
397 1262 7 21 i
429 1263 39 21 den
487 1263 95 26 nordliga
598 1263 60 21 delen
674 1263 22 21 af
709 1263 73 21 landet
798 1262 79 27 byggas
892 1261 74 22 endast
982 1262 37 20 der

191 1291 34 19 ett
248 1290 153 27 oundgängligt
425 1291 63 21 behof
509 1291 33 21 för
563 1291 122 22 landsdelen
702 1292 77 20 sådant
794 1290 88 22 fordrar.
913 1290 33 21 Då
961 1290 58 26 fråga

191 1324 31 15 nu
237 1320 25 20 är
277 1325 34 15 om
327 1325 26 15 en
366 1318 225 28 jernvägsförbindelse
607 1320 48 21 med
670 1320 110 25 Savolaks,
796 1319 38 21 har
850 1318 57 22 såväl
922 1318 41 21 den
978 1318 42 20 för-

192 1346 122 22 beredande
334 1347 192 27 jernvägskomitén
548 1354 47 16 som
618 1348 82 22 landets
722 1348 90 27 styrelse
834 1353 77 21 genom
930 1347 39 21 den
987 1346 31 21 till

192 1375 116 22 ständerna
323 1375 78 22 aflåtna
416 1376 46 22 nåd.
478 1383 58 21 prop.
548 1376 107 22 äfvensom
666 1383 86 15 numera
764 1376 64 22 också
839 1375 180 27 jernvägsutskot-

192 1405 32 19 tet
247 1404 77 22 uttalat
346 1404 32 26 sig
401 1404 32 21 för
452 1407 31 19 att
498 1405 74 21 endast
593 1412 27 14 en
632 1404 228 28 jernvägsanläggning
875 1403 67 22 skulle
958 1405 61 25 göras

193 1430 47 22 från
256 1432 63 22 södra
335 1433 60 21 delen
411 1433 22 21 af
447 1433 71 21 landet
533 1434 32 21 till
581 1434 89 26 Kuopio.
701 1433 95 22 Sålunda
810 1433 39 21 har
864 1438 26 16 en
906 1434 45 19 stor
965 1438 51 14 sam-

194 1460 136 26 stämmighet
346 1461 84 21 vunnits
446 1462 32 21 för
493 1462 67 21 denna
576 1462 55 25 åsigt
646 1462 38 21 och
701 1464 23 19 är
740 1462 37 21 det
792 1463 32 19 att
839 1461 81 26 hoppas
934 1462 32 19 att
976 1460 43 20 lan-

195 1487 47 22 dets
257 1489 87 21 ständer
359 1489 61 21 skola
435 1490 6 21 i
457 1490 67 21 denna
538 1490 60 27 fråga
613 1490 83 21 besluta
710 1491 7 20 i
733 1489 94 27 enlighet
843 1489 91 21 dermed.
955 1488 65 21 Dere-

190 1519 48 18 mot
253 1516 63 22 hafva
331 1517 57 21 olika
402 1518 78 27 äsigter
494 1519 56 21 inom
566 1519 105 20 utskottet
685 1519 57 26 gjort
757 1518 32 27 sig
802 1517 98 27 gällande
912 1516 107 27 angående
