1109 1748
240 119 42 23 636
512 119 18 24 &
536 124 27 19 oc
570 119 16 20 A.
594 119 68 26 1095.
653 115 10 35 ;
672 119 16 27 9.
688 119 52 27 April.

206 183 56 37 som.
275 183 103 37 :Norges,
390 188 42 25 kan
452 189 8 21 i
481 188 75 27 sjelfva
576 188 77 24 verket
673 183 48 37 icke
739 183 53 37 vara
812 187 90 29 likgiltig
922 187 34 23 för
969 189 70 26 någon

208 216 112 25 tänkande
333 232 1 3 .
340 216 146 28 medborgare,
508 217 58 23 helst
578 217 40 26 det
636 212 73 37 måste.
719 212 124 37 medgifvas,
854 218 33 21 att
897 216 143 29 naturförhäl-

211 244 92 22 landena
324 244 14 23 i:
346 245 124 25 vårt..land
492 245 35 23 väl
548 247 38 21 äro
608 245 44 22 lika
669 245 127 27 förmånliga
810 251 48 22 som
872 247 67 21 t.ex.
950 241 88 31 Norges.

212 273 40 22 En.
264 273 66 25 sådan
347 273 47 27 hög
404 273 115 28 dödlighet,
534 273 192 28 förknippad..med
741 274 42 22 den
797 271 108 31 betydliga
919 273 120 28 sjuklighet,

210 307 49 16 som
273 301 129 23 densamma:
410 301 130 28 förutsätter,
550 302 98 24 innebär.
659 308 27 16 en
701 301 339 27 nationalförlust,
894 297 62 36 hvars
965 297 78 36 undan-

212 328 105 27 rödjande
336 329 88 23 förvisso
443 331 41 24 kan
502 337 62 16 anses
578 331 72 24 säsom
664 332 32 21 ett
709 329 105 29 problem,
827 330 61 23 värdt
903 332 33 21 att
950 327 55 25 bäde
1019 329 23 22 af

210 357 145 24 statsmakten
368 358 42 22 och
422 359 40 23 den
478 358 136 28 lagstiftande
629 358 151 28 församlingen
790 358 183 27 omhändertagas.
996 357 44 23 All-

212 387 81 24 männä
312 385 191 25 besvärsutskottet
515 381 7 38 .
524 387 106 23 erkänner
651 387 63 27 äfven
737 389 37 20 att
792 393 26 16 en
836 385 127 28 förbättring
977 386 24 22 af
1013 386 27 21 de

212 415 122 21 nuvarande
356 414 159 24 förhållandena:
537 415 43 22 kan
602 417 62 23 ernås
674 415 89 23 endast
778 414 122 28 derigenom
914 417 33 20 att
960 421 28 16 en
1003 414 37 23 all-

211 445 107 20 männäre;
336 443 70 27 insigt.
422 450 34 16 om
471 443 151 24 helsovärdens
637 444 94 27 grunder
746 444 74 24 vinner
833 443 109 28 spridning
956 443 31 21 uti
1002 442 38 22 fol-

212 471 49 22 kets
271 466 7 38 =
282 471 58 22 olika
362 471 64 27 lager,
449 474 22 25 ty
493 472 75 22 endast
590 471 90 25 sålunda
698 472 74 21 kunna
786 471 42 22 alla
842 470 131 29 stadganden
988 471 52 22 eller

212 499 145 27 reglementen
378 500 49 23 frän
439 507 27 16 en
480 500 43 22 död
538 500 86 23 bokstaf
637 500 123 23 förvandlas
775 499 33 23 till
822 499 101 24 lefvande.
938 495 14 37 .
953 499 87 23 Utskot-

212 529 44 20 tets
278 527 68 23 flertal
368 528 106 22 förmenar
488 528 118 22 emellertid
621 531 33 19 att
669 529 36 21 det
720 531 53 25 steg,
789 534 46 16 som
850 529 28 26 pä
892 528 41 22 den
947 528 94 28 antydda

212 558 70 25 vägen
296 556 75 23 främst
388 556 65 23 borde
468 559 92 25 uttagas,
575 557 69 23 skulle
659 558 61 22 bestå
736 557 30 22 uti
782 559 32 19 att
829 556 211 28 provincialläkarnes

211 584 62 23 anta]
294 584 68 23 skulle
381 585 52 22 ökas
447 585 41 22 och
503 585 61 23 deras
571 580 95 38 distrikt
675 586 71 26 -delas,
762 588 52 19 enär
828 584 212 29 provincialläkarnes

213 612 162 28 hufvudsakliga
388 614 84 27 uppgift
486 616 24 20 är
525 615 32 21 att
572 614 114 22 öfvervaka
701 614 41 22 den
758 614 107 21 allmänna
879 612 139 23 helsovärden
1034 613 7 21 i

212 640 49 24 sina
273 641 87 23 distrikt
373 642 41 21 och
428 648 51 16 vara
494 642 154 25 allmänhetens
662 642 141 25 läromästare
817 642 8 21 i
839 642 61 21 detta
914 641 126 23 hänseende.

214 669 67 22 Detta
302 671 25 20 är
348 670 52 27 godt
418 670 40 22 och
472 670 40 27 väl,
528 676 48 16 men
591 670 91 22 framom
698 676 26 16 en
739 670 67 22 sädan
821 669 76 28 ätgärd
911 676 61 21 synes
985 669 57 23 dock

212 697 72 27 enligt.
294 698 42 21 den
351 693 62 37 allra.
423 693 91 37 enklaste
528 693 66 37 logik
602 705 112 21 omsorgen.
730 699 73 21 derom
818 698 52 25 böra
883 699 36 27 gå,
932 700 34 20 att
980 698 62 22 dessa

212 726 192 23 provincialläkare
418 726 69 23 blefve
501 726 48 22 fullt
559 727 130 22 förberedde
704 729 34 20 att
752 726 92 28 fullgöra
857 726 37 24 sitt
909 726 45 23 värf
971 727 71 21 säsom

229 754 100 27 ygienens
351 755 153 27 mälsmän,
481 749 26 38 ty
527 756 81 21 antalet
630 756 44 21 kan
695 756 49 26 föga
767 754 85 28 betyda,
869 761 36 16 om
918 754 48 24 icke
980 753 62 24 dessa

212 781 76 24 läkare
308 782 68 22 tillika
391 784 49 22 med
454 783 110 27 framgång
578 784 40 22 och
634 784 98 22 välrotad
747 784 97 26 kunskap
859 783 71 25 kunna
944 782 51 28 fylla
1008 782 34 22 sin

214 810 89 28 uppgift.
333 811 35 21 Nu
383 813 24 20 är
419 812 37 21 det
470 814 32 19 ett
515 812 89 26 faktum,
620 814 32 20 att
666 812 103 24 läkarene
782 811 76 27 sjelfva
871 811 35 22 vid
920 811 122 28 upprepade

204 856 2 2 -
212 838 111 26 allmänna.
337 841 71 21 möten
422 840 108 26 förklarat,
546 842 33 20 att
592 840 71 23 denna
678 846 88 21 omsorg
779 839 69 22 blifvit
862 838 135 28 försummad,
1010 840 32 21 att

213 866 30 23 de.
264 867 46 23 icke
332 868 36 22 vid
385 868 117 27 högskolan
525 868 81 23 erhålla
621 869 41 22 den
678 868 150 27 undervisning
842 868 8 23 i
865 868 40 22 den
920 867 122 28 hygieniska

215 896 153 27 vetenskapen,
381 902 45 17 som
442 897 40 21 :den
497 897 101 22 moderna
614 897 58 22 tiden
687 897 85 22 fordrar
786 897 40 21 och
836 898 33 20 att
880 896 25 22 de
914 897 46 20 icke
971 896 71 21 kunna

213 923 85 23 erhålla.
317 930 28 17 en
353 919 11 38 .
367 925 73 27 sådan,
452 926 34 21 .så
507 925 62 27 länge
591 925 91 25 icke:en
697 925 92 26 särskild
804 924 88 25 lärostol
906 925 89 23 inrättas
1010 923 33 23 för

214 952 72 23 denna.
290 947 11 38 :
307 953 157 27 vetenskapliga
487 954 98 22 bravche.
616 954 115 23 Gentemot
749 960 27 16 en
793 951 67 25 sådan
875 953 44 23 ofta
933 952 110 28 upprepad

213 980 119 28 förklaring
346 983 24 19 är
385 982 115 21 utskottets
514 981 80 23 flertals
609 982 118 27 försäkran,
742 984 34 20 att
791 981 41 22 den
847 982 95 26 kunskap
955 980 88 24 läkarne

213 1008 84 24 erhålla
318 1009 65 25 likväl
405 1010 61 22 torde
477 1010 75 22 förslä
574 1010 33 22 för
629 1012 33 21 att
677 1011 27 22 de
719 1011 34 21 mä
769 1010 72 22 kunna
855 1010 69 24 utföra
938 1009 38 22 sitt
991 1008 51 27 värf,

214 1036 94 22 såframt:
324 1037 57 22 blott
402 1038 112 22 distrikten
535 1038 134 28 förminskas,
684 1039 23 25 af
719 1038 84 28 ganska
816 1038 61 27 ringa
892 1038 70 26 värde,
976 1038 68 26 knapt

213 1064 23 22 af
250 1066 71 26 någon
336 1066 115 27 betydelse.
660 1081 9 9 N
810 1082 2 2 vi
872 1084 2 3 0
950 1089 1 3 ,

285 1093 95 22 Oaktadt
398 1094 32 22 sin
445 1094 54 22 fasta
513 1097 34 19 tro
563 1096 27 26 pä
605 1095 40 22 den
655 1095 131 25 nuvarande
801 1094 187 27 undervisningens.
1003 1094 41 22 till-

214 1121 128 27 räcklighet,
362 1122 48 23 har.
423 1123 114 22 utskottets
552 1130 50 21 nyss
617 1124 95 26 antydda
726 1123 70 22 flertal
810 1122 65 25 likväl
890 1122 98 28 slutligen
1002 1122 42 22 för-

213 1151 53 19 enat
280 1150 32 26 sig
326 1156 35 16 om
380 1152 33 20 att
427 1151 94 22 erkänna
536 1153 32 20 att
582 1152 132 22 inrättandet
730 1152 23 21 af
766 1158 26 15 en
807 1151 89 22 lärostol
910 1151 8 21 i
932 1150 113 22 helsovärd

212 1177 72 22 skulle
298 1178 7 21 i
320 1179 103 27 väsentlig
437 1180 53 26 grad
505 1180 87 27 bidraga
607 1180 33 21 till
655 1180 132 28 syftemälets
802 1179 110 22 vinnande.
938 1180 34 21 Dä
982 1178 63 22 emel-

213 1205 73 33 lertid:
301 1212 26 17 en
337 1201 10 43 -
350 1207 66 25 sådan
438 1208 98 23 lärostols
558 1208 122 24 inrättande
695 1208 135 22 förnummits
845 1214 51 16 vara
910 1207 87 22 föremål
1012 1207 33 21 för

208 1234 192 27 "myndigheternas
422 1236 104 27 pröfning,
548 1236 41 22 har
610 1236 107 25 utskottet
739 1236 47 22 deri.
807 1235 69 25 funnit.
898 1237 31 23 ett
949 1236 49 22 skäl
1012 1237 33 20 att

211 1262 119 32 ständerna
344 1263 47 23 :icke
405 1264 67 25 borde
480 1266 56 25 taga
549 1265 68 24 saken
628 1271 38 18 om
680 1265 65 23 hand.
758 1280 2 2 ,
772 1264 184 26 Sakförhällandet
971 1266 25 20 är
1005 1264 40 21 vis-

214 1290 98 27 serligen,
328 1293 32 19 att
374 1292 156 24 universitetets
545 1293 154 26 konsistorium
712 1292 104 24 hemstält
829 1299 35 15 om
878 1292 132 22 inrättandet
1024 1291 22 22 af

213 1320 80 20 tvänne
308 1319 119 28 lärostolar,
444 1321 39 21 den
498 1327 40 16 ena
552 1321 8 22 i
573 1321 116 27 pediatrik,
698 1322 46 23 den
760 1321 68 23 andra
842 1321 7 21 i
864 1320 118 26 helsovärd,
999 1326 48 15 men

212 1348 35 21 att
262 1348 28 26 på
305 1348 238 28 denna
388 1348 153 28 framställning
558 1349 120 24 tillsvidare
688 1350 48 21 icke
752 1356 50 16 svar
815 1348 81 28 inlupit.
926 1348 121 22 :Sakförhål-

214 1374 74 24 landet
307 1378 24 20 är
346 1376 72 23 vidare
433 1379 38 24 att;
487 1378 30 21 då
529 1378 141 24 lärostolen
656 1370 22 39 i,
683 1378 123 27 patologisk
821 1377 93 27 anatomi
929 1376 40 24 och
984 1378 63 21 stats-

213 1404 91 22 medicin
320 1411 53 20 nyss,
384 1405 68 23 blifvit
466 1405 64 28 ledig,
543 1406 153 25 konsistorium
712 1406 103 26 hemstält
826 1408 32 20 att
869 1406 121 22 densamma
1000 1404 46 23 icke

213 1432 69 31 måtte
303 1434 55 24 ånyo
381 1433 103 27 besättas,
505 1434 71 23 förrän
599 1434 74 27 frågan.
692 1441 40 15 om
748 1441 27 14 en
790 1434 101 23 lärostols
904 1433 121 27 inrättande
1040 1433 7 20 i

210 1458 81 33 hygien
314 1460 68 24 blifvit
401 1461 88 28 afgjord...
519 1463 43 22 Det
577 1463 40 21 bör
632 1463 55 22 dock
701 1465 90 20 nämnas
807 1464 33 20 att
853 1463 57 25 inom
926 1462 41 21 den
982 1461 65 22 medi-

211 1487 76 22 <inska
306 1489 118 23 fakulteten.
439 1490 177 27 meningsolikhet
624 1491 13 22 i
652 1491 75 27 frågan
741 1490 133 27 förefunnits,
889 1492 52 20 enär
953 1488 94 24 flertalet

211 1515 141 25 medlemmar
366 1519 72 21 ansett
452 1520 32 22 att
497 1519 85 27 platsen
596 1519 7 21 i
618 1519 46 23 alla
674 1519 38 24 fall
728 1521 76 25 genast
819 1518 68 23 borde
901 1518 95 22 besättas
1009 1524 38 15 un-
