1114 1767
378 125 16 19 R.
404 130 17 15 €.
434 126 16 18 A.
462 121 47 24 1885.
534 125 20 20 23
567 125 47 24 April.
841 126 41 22 803

151 195 57 22 Frih.
231 201 41 15 von
295 195 70 21 Born
388 194 98 22 anmälde
501 196 33 21 att
548 194 47 22 icke
610 194 69 22 heller
693 194 41 22 han
750 194 89 28 deltagit
854 194 6 21 i
876 200 34 16 vo-

81 224 103 28 teringen.

151 258 33 22 Hr
206 257 175 28 Gripenberg,
399 258 25 21 A.
440 257 101 23 förenade
556 258 32 27 sig
603 257 31 22 uti
650 258 27 21 de
692 260 78 19 tvänne
785 257 125 27 föregäende

81 288 108 22 talarenes
203 288 88 27 protest.

153 378 119 27 Föredrogs
295 378 39 22 och
356 378 114 22 bordlades
492 378 33 21 till
548 380 61 20 nästa
632 378 84 27 plenum
740 384 26 16 en
780 377 54 23 ifrän
848 378 63 21 stats-

81 408 108 22 utskottet
203 407 120 28 inkommen
339 407 24 21 sä
378 406 92 30 lydande
484 406 118 22 skrifvelse:

152 441 37 22 Uti
211 440 109 22 skrifvelse
338 440 32 21 för
386 440 40 22 den
442 441 25 21 31
485 440 96 23 sistlidne
596 441 89 22 Januari
700 440 39 23 har
754 439 157 28 Stenografiska

83 470 122 27 föreningen
221 470 38 21 hos
275 469 165 22 Statsutskottet
454 469 122 26 framhållit,
592 469 101 22 hurusom
710 469 138 27 Föreningen,
859 468 51 21 hvil-

83 500 42 21 ken
148 499 35 21 vid
206 498 26 21 de
254 500 84 19 senaste
355 497 154 27 landtdagarne
524 498 164 22 omhänderhaft
703 498 40 22 den
758 496 153 29 stenografiska

83 527 204 29 protokollföringen
310 526 38 22 hos
371 526 103 27 Stånden,
498 533 50 18 vore
570 527 7 21 i
599 527 65 21 behof
686 527 22 21 af
731 529 31 19 ett
777 526 72 26 anslag
864 525 45 22 från

83 557 131 22 Ständernas
237 555 45 22 sida
305 561 34 15 om
362 555 98 22 tvåtusen
484 555 60 22 mark
566 555 33 22 för
621 556 47 21 året
691 555 66 22 under
771 554 140 23 instundande

84 585 120 25 triennium,
227 584 72 21 såvida
321 583 133 27 Föreningen
477 584 69 21 skulle
568 584 61 21 äfven
652 584 106 27 framgent
772 583 71 22 kunna
858 589 54 21 egna

84 613 114 27 tillräcklig
223 613 30 21 tid
277 612 33 21 för
331 612 137 22 utbildandet
490 613 22 21 af
526 613 110 27 praktiska
651 612 131 28 stenografer
797 612 31 21 för
843 611 69 22 landt-

84 643 80 26 dagens
180 641 64 22 behof.
274 641 76 21 Derest
366 641 134 26 Föreningen
516 641 118 22 emellertid
649 641 68 22 blefve
733 641 93 26 delaktig
840 640 22 21 af
876 640 36 21 det

85 670 94 27 begärda
201 669 145 22 understödet.
368 669 50 22 ville
440 669 134 28 Föreningen
594 671 13 20 &
626 670 31 21 sin
674 670 46 21 sida
734 670 108 26 öfvertaga
856 667 56 29 skyl-

84 699 101 28 digheten
201 701 32 19 att
248 699 65 26 draga
328 698 81 27 försorg
425 705 35 14 om
476 699 39 21 och
532 705 89 15 ansvara
636 699 33 21 för
684 701 32 19 att
729 699 34 20 vid
774 700 60 20 nästa
844 697 68 22 landt-

85 728 52 27 dags
159 727 74 27 början
257 727 133 26 erforderligt
412 727 60 21 antal
494 727 132 27 stenografer
646 727 74 22 funnes
735 727 32 22 till
783 726 129 23 Ständernas

84 757 67 26 tjenst
172 750 16 37 —
195 756 69 21 Sedan
287 755 165 22 Statsutskottet
475 755 51 22 derå
548 762 76 20 genom
648 756 195 27 protokollsutdrag
865 754 46 21 från

85 785 156 26 Ridderskapet
263 784 39 21 och
326 783 68 22 Adeln
417 783 87 22 erhållit
526 784 34 22 del
579 784 23 21 af
615 787 31 19 ett
662 785 56 21 inom
734 784 95 22 bemälde
844 783 67 22 Stånd

85 813 36 22 vid
137 813 74 22 remiss
226 813 22 21 af
261 813 77 26 nådiga
353 812 161 27 propositionen
529 813 40 21 N:o
586 813 34 26 20,
636 819 35 15 om
687 813 113 22 anvisande
815 812 22 22 af
844 811 68 22 medel

85 841 34 22 för
141 841 134 22 bestridande
298 841 22 21 af
333 841 146 22 kostnaderna
493 841 33 22 för
540 841 130 28 landtdagen
685 843 24 20 år
726 843 52 20 1888
794 839 118 24 framstäldt

85 871 95 26 yrkande
203 869 21 22 af
246 871 5 20 i
271 869 117 22 hufvudsak
404 869 114 22 enahanda
532 869 100 27 innehåll,
648 870 40 21 har
703 870 163 22 Statsutskottet
880 868 33 22 till

87 899 98 27 pröfning
206 899 97 26 upptagit
318 897 161 28 Stenografiska
494 898 133 27 föreningens
643 899 154 21 ofvannämnda
812 898 100 22 ansökan.

156 933 164 21 Statsutskottet
342 932 39 21 har
404 932 76 21 härvid
500 933 69 21 funnit
584 933 32 26 sig
631 933 53 22 böra
698 933 92 22 erkänna
805 932 57 23 såväl
878 932 36 21 det

85 961 150 27 förtjenstfulla
257 963 49 24 sätt,
330 961 80 27 hvarpå
428 961 134 27 Föreningen
578 961 75 22 hittills
668 961 94 28 fullgjort
777 962 46 21 sina
837 962 78 26 åtagna

85 989 140 22 förbindelser
250 989 132 22 beträffande
406 990 41 21 den
470 989 155 28 stenografiska
647 990 204 27 protokollföringen
876 990 38 21 hos

86 1018 102 26 Ständen,
211 1024 45 15 som
279 1018 40 21 ock
337 1018 40 21 den
393 1018 135 27 väsendtliga
543 1018 67 22 fördel
626 1019 36 21 det
678 1025 50 16 vore
742 1019 32 21 för
789 1019 125 26 Ständerna,

86 1053 35 16 om
138 1047 25 22 de
180 1047 46 21 med
243 1047 78 21 visshet
336 1047 71 21 kunde
422 1049 90 24 emotse,
528 1050 32 18 att
576 1047 133 27 Föreningen
724 1047 60 22 äfven
796 1047 118 26 framdeles,

87 1076 40 21 och
150 1076 127 21 åtminstone
293 1075 35 21 vid
343 1077 62 20 nästa
420 1075 105 27 landtdag
540 1075 68 22 skulle
624 1076 33 21 till
672 1076 104 22 Ståndens
792 1075 122 28 förfogande

85 1104 65 21 ställa
172 1104 73 27 nödigt
268 1104 57 21 antal
346 1104 108 27 praktiskt
469 1104 110 21 utbildade
594 1105 137 26 stenografer.
761 1105 33 22 En
810 1104 105 22 öfverens-

87 1133 116 21 kommelse
225 1133 47 21 med
295 1132 161 27 Stenografiska
478 1132 130 27 föreningen,
627 1133 135 27 hvarigenom
782 1133 132 27 Föreningen

87 1164 45 18 mot
155 1168 25 14 en
203 1161 42 22 viss
260 1161 125 21 subvention
401 1162 65 25 åtoge
482 1161 32 27 sig
529 1164 32 19 att
576 1161 121 28 ombesörja
712 1162 35 21 det
762 1161 152 28 stenografiska

86 1189 273 28 diskussionsprotokollets
375 1190 103 27 behöriga
489 1189 115 22 affattande
615 1191 35 20 vid
660 1193 60 19 nästa
731 1191 107 26 landtdag,
850 1190 67 22 skulle

86 1218 78 26 derför,
188 1219 65 26 enligt
275 1218 121 21 Utskottets
419 1219 74 26 tanke,
516 1219 56 26 ligga
594 1219 6 20 i
620 1219 129 22 Ständernas
765 1222 47 24 eget
827 1219 88 22 intresse

86 1247 41 22 och
151 1247 26 21 de
199 1247 92 26 utgifter,
312 1253 46 15 som
373 1247 63 21 häraf
450 1247 70 22 blefve
535 1253 26 16 en
576 1247 58 28 följd,
650 1254 50 15 vore
716 1247 154 28 otvifvelaktigt
884 1249 32 20 att

86 1276 72 21 såsom
173 1275 229 27 landtdagskostnader
416 1282 70 15 anses.

157 1309 60 21 Dock
231 1309 40 21 har
286 1310 36 21 det
338 1311 58 26 synts
411 1309 115 22 Utskottet
541 1309 81 22 mindre
638 1310 102 27 lämpligt,
754 1313 32 19 att
796 1310 120 22 Ständerna

86 1337 9 21 i
117 1338 59 21 detta
197 1338 37 21 fall
257 1338 81 21 beslöte
360 1338 33 21 till
415 1338 83 27 anslag,
517 1344 45 16 som
578 1338 80 27 årligen
674 1340 84 25 utginge
774 1338 59 22 äfven
849 1337 67 22 under

86 1366 60 21 tiden
169 1366 76 22 mellan
265 1366 180 27 ständermötena,
462 1369 53 19 utan
531 1367 38 21 har
583 1367 117 25 Utskottet,
717 1368 26 21 då
758 1365 158 28 Stenografiska

86 1394 130 27 föreningen,
240 1396 34 20 vid
291 1395 149 27 uppgörandet
456 1395 34 21 för
505 1395 142 22 innevarande
662 1396 102 26 landtdag
779 1395 48 22 med
843 1394 25 22 de
884 1400 32 16 re-

86 1423 97 27 spektive
206 1424 93 21 Ständen
315 1424 23 20 af
352 1424 104 21 kontrakt
472 1430 36 15 om
523 1424 40 21 den
577 1424 154 26 stenografiska
745 1422 170 30 protokollförin-

86 1456 49 22 gen,
157 1451 47 22 icke
226 1453 61 21 torde
307 1452 105 21 beräknat
427 1452 33 27 sig
476 1452 66 26 högre
558 1453 117 26 ersättning
690 1455 27 19 än
732 1452 54 22 hvad
802 1458 45 15 som
864 1454 53 19 mot-

85 1485 75 16 svarar
175 1480 72 27 sjelfva
263 1480 83 22 arbetet
361 1480 68 22 under
445 1480 138 27 landtdagen,
598 1483 70 19 ansett
679 1483 32 20 att
721 1480 118 23 Ständerna
849 1480 67 22 hellre

87 1507 66 23 borde
177 1509 31 21 för
231 1509 59 21 detta
311 1508 99 22 ändamäl
429 1508 81 28 bevilja
524 1508 134 28 Föreningen
673 1512 31 19 ett
719 1509 175 26 tillskottsanslag
910 1508 6 21 i

85 1538 34 18 ett
139 1536 32 22 för
194 1537 43 27 allt,
261 1538 81 20 hvilket
365 1537 75 27 anslag
458 1537 70 22 skulle
543 1536 89 29 päföras
642 1538 143 22 kostnaderna
800 1537 33 21 för
848 1537 68 21 denna
