1109 1767
371 114 15 18 R.
399 119 14 13 o.
427 114 15 18 A.
455 114 45 19 1886.
524 114 21 18 20
558 114 47 22 April.
830 114 39 21 751

80 183 68 27 lägsta
163 182 114 26 beräkning
293 188 43 15 som
353 182 26 21 de
394 182 73 26 källor,
484 182 72 21 hvilka
571 182 180 26 hufvudsakligast
765 180 57 27 följts
837 180 22 22 af
867 183 32 19 ut-

81 212 85 24 skottet,
186 210 115 22 innehållit.
332 210 109 22 Utskottet
456 210 38 22 har
508 210 65 21 likväl
588 210 31 21 uti
634 216 25 15 en
675 212 37 19 not
727 209 32 21 till
775 210 38 20 sid.
830 210 25 20 12
871 209 28 21 äf-

81 246 39 14 ven
143 239 79 27 antydt,
246 238 71 21 hvilka
338 238 89 22 resultat
447 238 68 22 skulle
530 238 97 27 erhållas,
644 238 71 21 derest
729 244 80 15 samma
823 237 76 21 medel-

81 267 194 27 beräkningsgrund
294 266 73 27 följdes
387 273 46 15 som
455 267 98 27 utgjorde
575 273 88 15 normen
685 266 33 21 för
741 266 158 21 statsutskottet

82 297 24 21 år
130 296 59 22 1882.
220 295 112 22 Skilnaden
355 297 62 25 utgör
439 296 12 20 3
467 295 148 27 skatterublar,
632 296 23 20 så
671 297 32 19 att
718 295 26 21 då
759 294 64 27 enligt
837 300 63 15 nuva-

82 325 65 21 rande
165 324 168 23 statsutskottets
348 323 77 27 förslag
441 326 89 24 gränsen
545 324 33 21 för
592 323 147 26 reduktionen,
755 323 67 21 skulle
837 322 63 22 blifva

84 354 26 20 79
128 352 149 26 skatterublar,
292 352 67 21 skulle
375 352 35 21 det
425 352 53 21 efter
493 352 41 22 den
550 352 66 21 andra
631 347 147 36 beräkningen:
786 347 64 36 blifva
866 351 32 21 82.

84 381 39 22 Om
145 381 88 21 sålunda
254 380 129 28 proceduren
407 381 34 20 vid
457 381 150 26 indragningen
623 380 78 22 stäldes
716 380 88 21 sålunda
819 382 32 19 att
866 380 36 20 det

83 409 66 22 första
171 410 46 21 året
238 410 69 20 såsom
329 408 118 28 eqvivalent
469 411 58 19 emot
548 409 154 21 rotevakansen
725 408 97 27 indroges
838 408 63 25 enligt

84 438 115 22 utskottets
220 437 77 27 förslag
317 438 26 21 50
363 437 148 27 skatterublar,
527 438 40 21 och
582 438 72 26 hvarje
669 437 23 21 af
706 437 25 21 de
746 436 91 27 följande
851 437 51 20 åren

84 468 14 20 4
112 466 143 22 skatterublar
269 466 55 21 ända
338 466 42 21 tills
395 468 32 19 att
443 467 26 20 32
485 466 143 21 skatterublar
638 465 88 22 sålunda
737 465 67 22 blifvit
814 465 31 21 till
856 465 47 20 kro-

84 501 42 16 nan
148 495 107 27 indragne,
277 495 24 21 så
323 494 67 21 skulle
411 495 152 26 indragningen
586 501 50 15 vara
651 494 108 21 fulländad
773 493 55 22 inom
845 494 12 21 9
872 493 30 20 år.

84 524 42 27 Jag
144 530 63 15 anser
221 523 68 21 denna
304 523 30 21 tid
349 523 32 21 för
396 523 151 27 indragningen
563 523 114 26 ingalunda
692 522 31 21 för
738 522 47 21 kort
802 522 101 26 tilltagen,

86 553 26 21 då
134 553 6 20 i
156 551 139 22 betraktande
309 554 65 24 tages,
389 551 80 22 hvilket
484 551 62 22 äfven
561 551 22 22 af
596 551 45 21 frih.
659 557 40 15 von
715 551 56 21 Born
787 550 66 21 blifvit
869 556 34 15 an-

86 580 62 27 fördt,
164 583 32 18 att
210 580 103 21 utskottet
328 579 87 22 föreslår
430 582 32 19 att
476 580 74 27 början
567 580 17 27 ej
600 580 85 21 komme
701 582 31 19 att
746 581 62 24 göras
823 579 43 21 förr
876 580 27 19 än

86 610 24 20 år
133 609 61 26 1889,
217 610 31 19 ett
269 608 77 26 förslag
368 615 45 14 som
428 608 123 21 tillkommit
566 608 134 27 naturligtvis
715 608 48 21 med
778 607 79 27 hänsyn
872 606 31 21 till

87 637 40 22 den
142 643 41 21 nya
197 637 173 26 undervisningen
385 637 32 20 för
432 637 152 26 skatterubeln,
600 637 84 20 hvilken
701 637 26 20 då
739 635 67 22 skulle
816 635 88 21 inträda.

87 678 27 3 —
136 665 40 27 Jag
197 665 41 22 kan
260 665 46 22 icke
321 665 54 22 neka
389 667 32 19 att
433 665 37 27 jag
485 672 62 15 anser
563 665 35 22 det
613 671 50 15 vara
679 665 96 26 högligen
791 663 113 22 önskvärdt

88 696 31 19 att
141 694 68 21 denna
224 700 27 15 nu
267 694 64 21 sedan
345 694 154 21 ständermötet
515 695 140 20 1877—1878
671 693 112 22 sväfvande
797 692 59 27 fråga
870 691 35 21 vid

88 723 68 20 denna
171 722 102 27 landtdag
287 722 83 21 komme
385 722 32 21 till
432 722 82 27 slutligt
527 722 120 27 afgörande.
673 721 40 27 Jag
723 721 38 21 har
771 721 65 21 redan
845 719 61 22 fram-

87 750 61 22 hållit
163 750 52 22 eller
229 750 117 27 egentligen
361 750 56 21 blott
431 751 75 26 antydt
521 751 66 26 några
602 750 108 21 kamerala
722 749 39 22 och
771 747 137 24 ekonomiska

88 779 135 27 synpunkter,
247 785 44 15 som
314 779 45 21 tala
380 779 33 21 för
427 779 169 22 önskvärdheten
611 779 47 21 utaf
671 781 32 19 att
718 778 64 21 saken
797 785 28 14 nu
839 782 69 16 vunne

88 808 33 21 sin
143 807 90 26 lösning.
262 807 49 22 Men
327 807 36 22 det
377 807 66 22 finnes
458 807 61 21 äfven
534 810 31 19 ett
580 810 65 19 annat
660 807 52 25 skäl,
729 809 30 19 ett
773 807 24 21 så
811 808 33 20 att
858 807 51 24 säga

88 835 101 28 politiskt.
213 836 42 21 Det
269 838 24 19 är
307 835 32 22 för
353 836 62 26 ingen
432 842 26 15 en
473 835 122 28 hemlighet,
611 836 36 21 det
662 835 60 22 torde
737 837 90 19 tvärtom
842 833 66 22 temli-

89 870 39 21 gen
152 864 88 21 allmänt
262 865 109 25 erkännas,
391 866 32 19 att
438 865 47 20 vårt
499 865 71 26 gamla
584 863 269 28 representationsväsende
865 862 44 26 just

89 893 46 21 icke
153 895 64 24 utgör
234 893 65 26 något
316 895 99 24 mönster,
431 893 46 20 icke
493 895 118 19 motsvarar
626 893 25 20 de
667 892 96 27 anspråk,
779 898 45 15 som
839 891 71 20 kunna

89 921 74 21 ställas
185 921 28 27 på
236 927 25 15 en
283 921 123 26 fullständig
429 921 40 21 och
491 921 35 21 väl
541 921 136 27 organiserad
692 919 216 28 folkrepresentation.

90 949 47 22 Den
153 949 181 27 omständigheten
344 950 67 21 redan
427 952 32 19 att
473 949 68 22 finska
556 949 76 22 folkets
642 951 170 25 representanter
822 950 36 19 äro
869 946 41 22 för-

91 977 75 22 delade
181 978 27 27 på
223 979 13 20 4
251 978 91 26 kamrar,
357 980 32 19 att
404 978 57 21 inom
476 980 33 19 tre
524 978 63 21 stånd
602 978 100 21 valsättet
715 979 24 19 är
749 977 7 20 i
767 977 84 26 månget
859 975 51 21 hän-

91 1006 77 21 seende
183 1006 78 27 ojemnt
276 1006 39 21 och
331 1006 145 27 ofullständigt
492 1007 39 20 och
547 1009 32 18 att
593 1007 58 20 inom
666 1008 31 19 ett
712 1005 61 22 stånd
789 1005 34 21 det
838 1004 73 21 existe-

91 1041 34 14 rar
142 1041 26 14 en
181 1035 8 20 i
203 1035 55 21 vissa
273 1035 133 21 hänseenden
421 1035 48 21 med
484 1035 81 26 ganska
579 1034 108 27 betydliga
696 1033 171 27 bristfälligheter
876 1032 36 21 be-

91 1063 73 21 häftad
187 1063 181 27 sjelfskrifvenhet,
384 1063 39 21 allt
438 1063 59 22 detta
512 1065 24 20 är
552 1063 180 26 omständigheter
746 1068 45 15 som
806 1062 52 21 hvar
873 1060 39 21 och

92 1097 27 16 en
137 1091 86 22 känner.
253 1091 49 22 Men
318 1092 35 21 det
368 1094 24 19 är
407 1091 64 22 likväl
487 1094 31 19 ett
533 1091 81 22 faktum
629 1094 33 19 att
678 1091 58 21 detta
750 1091 7 20 i
772 1091 76 26 många
862 1089 51 21 hän-

92 1120 93 21 seenden
200 1119 147 27 ofullständiga
361 1120 262 27 representationssystem
634 1120 55 21 dock
698 1119 39 21 har
746 1118 102 27 fungerat,
860 1117 53 21 dock

92 1147 40 22 har
146 1147 54 22 visat
215 1148 31 27 sig
261 1155 39 20 ega
314 1149 94 26 förmåga
423 1151 32 18 att
470 1148 46 21 lösa
531 1149 70 26 frågor
616 1148 33 21 till
664 1147 82 22 landets
761 1147 84 21 båtnad.
874 1145 40 27 Jag

93 1177 65 26 vågar
179 1176 47 22 icke
247 1177 68 21 uttala
337 1177 40 21 den
399 1176 142 27 förhoppning
563 1179 32 19 att
618 1183 26 15 en
659 1174 255 29 representationsreform

93 1204 68 22 skulle
176 1211 51 15 vara
241 1206 23 21 så
279 1207 59 20 snart
353 1207 32 19 att
399 1207 81 20 emotse
504 1208 32 19 att
552 1205 40 21 den
607 1211 50 15 vore
672 1204 41 21 lätt
727 1203 122 28 genomförd
864 1202 52 21 eller

94 1235 32 19 att
150 1233 36 22 det
208 1239 37 16 ens
267 1240 50 15 vore
338 1233 48 22 fullt
407 1233 99 28 politiskt
520 1235 32 20 att
567 1233 66 22 väcka
648 1239 26 15 en
689 1233 65 21 sådan
769 1233 64 26 fråga,
849 1231 68 21 under

94 1261 122 22 nuvarande
230 1261 156 27 förhållanden;
399 1262 38 27 jag
451 1268 63 15 anser
529 1262 36 21 det
581 1262 70 21 derför
665 1267 51 16 vara
731 1261 23 21 så
764 1260 83 27 mycket
857 1259 59 26 vigti-

95 1295 50 21 gare
169 1292 31 19 att
223 1289 68 23 finska
305 1290 77 22 folkets
397 1292 171 25 representanter
583 1290 72 21 kunna
669 1289 129 27 ädagalägga
812 1290 39 24 att,
867 1287 49 21 oak-

95 1318 47 21 tadt
157 1318 26 22 de
199 1318 76 22 brister
290 1325 46 15 som
351 1319 73 26 sjelfva
439 1319 246 27 representationssättet
700 1324 55 20 eger,
771 1317 53 22 dock
839 1315 78 27 vigtiga

95 1346 71 28 frägor
187 1347 71 22 kunna
280 1348 85 21 komma
387 1347 32 21 till
435 1347 89 27 lösning,
540 1350 33 18 att
588 1347 58 21 detta
661 1346 256 27 representationssystem

96 1375 46 21 icke
160 1378 25 19 är
199 1377 32 19 ett
245 1378 78 25 system
337 1376 33 21 för
385 1375 168 27 obstruktionen,
569 1378 58 18 utan-
637 1377 31 19 ett
683 1377 84 25 system,
782 1373 135 26 hvarigenom

96 1403 103 22 reformer
213 1404 71 22 kunna
298 1404 79 21 vinnas.
407 1404 54 22 Utaf
475 1404 59 22 detta
548 1403 53 27 skäl,
617 1410 46 15 som
676 1404 37 26 jag
727 1403 45 21 icke
786 1402 39 21 har
836 1401 82 21 kunnat

96 1431 39 22 hos
157 1432 43 27 mig
222 1432 140 27 undertrycka
385 1432 39 22 och
446 1432 47 22 icke
508 1432 68 22 heller
590 1432 113 21 underläta
717 1433 32 19 att
763 1429 74 25 uttala,
852 1428 68 22 finner

94 1459 38 27 jag
142 1460 36 22 det
187 1461 8 20 i
206 1461 68 21 denna
284 1460 77 27 vigtiga
371 1460 59 27 fråga
440 1460 117 28 synnerligt
568 1460 116 21 önskvärdt
694 1462 32 19 att
736 1464 73 22 genom
820 1458 25 21 R.
855 1463 19 15 o.
883 1457 38 21 A:s

97 1488 99 28 upplysta
217 1489 127 21 medverkan
366 1495 27 15 en
415 1488 60 28 fråga
497 1489 67 21 sådan
584 1494 45 15 som
650 1488 70 22 denna
741 1487 38 22 och
793 1492 46 16 som
854 1492 28 15 nu
896 1487 26 19 är

97 1518 53 20 nära
164 1517 33 21 sin
211 1517 88 27 lösning,
316 1518 66 20 mätte
397 1517 86 22 komma
499 1517 33 21 till
547 1517 69 21 denna
630 1516 89 27 lösning.
