1078 1773
196 127 45 35 898
463 132 15 19 R
491 137 14 14 0.
518 133 16 18 A.
546 132 46 19 1885.
616 132 21 19 30
649 132 48 23 April.

173 199 70 28 språk.
271 200 41 27 Jag
326 199 68 22 skulle
408 200 50 27 vilja
472 201 63 26 vädja
550 201 33 21 till
598 201 86 21 hvilken
699 200 76 22 svensk
788 201 64 26 jurist
867 207 45 15 som
927 201 61 25 helst,

176 235 45 15 som
235 228 45 22 står
295 228 84 22 utanför
393 229 51 21 våra
457 229 149 27 partilidelser.
631 229 41 27 Jag
686 231 36 19 vet
736 229 48 22 icke
799 235 34 16 om
848 229 46 21 frih.
911 229 77 22 Wrede

173 257 37 21 vill
224 257 49 27 ingå
287 256 27 27 på
329 257 58 22 detta
401 258 46 21 vad.
477 258 40 27 Jag
531 258 40 21 har
587 258 54 21 talat
656 264 40 20 om,
712 259 33 20 att
760 258 73 27 lagens
848 258 56 21 anda
919 260 23 19 är
952 258 37 21 nå-

173 287 38 26 got
232 287 66 19 annat
319 287 27 20 än
368 286 48 21 dess
437 287 88 21 bokstaf
539 287 39 21 och
593 286 79 22 förmer
687 288 27 19 än
729 287 48 20 dess
792 286 91 27 bokstaf,
899 287 39 21 och
953 287 36 20 det

174 316 24 20 är
219 314 73 27 lagens
313 315 62 26 anda,
397 315 40 21 den
459 315 48 22 ädla
523 315 90 22 svenska
627 315 73 27 lagens
715 315 62 26 anda,
794 315 35 22 det
844 317 23 19 är
882 315 46 26 den,
944 321 45 15 som

173 343 36 27 jag
223 349 63 15 anser
300 342 46 22 icke
361 343 52 21 böra
427 343 129 28 förvrängas.
582 344 34 21 Då
630 350 50 15 man
695 345 60 26 tager
770 343 55 22 fram
840 345 68 20 denna
922 344 25 21 R.
958 344 30 25 B.,

174 371 25 22 så
214 371 42 21 kan
269 371 36 27 jag
320 371 95 28 omöjligt
429 379 50 15 anse
495 373 36 21 det
546 373 139 21 annorlunda.
710 373 46 20 Har
771 372 64 22 också
849 373 47 21 frih.
912 373 77 21 Wrede

174 400 41 21 den
237 399 88 28 åsigten,
349 400 23 21 så
394 401 66 22 måste
476 401 36 22 det
527 401 34 22 stå
576 401 33 22 för
624 401 54 22 hans
693 401 95 27 räkning.
818 401 61 22 Hvad
891 401 37 27 jag
943 401 46 21 der-

175 430 58 20 emot
256 429 87 21 anförde
366 436 34 15 om
423 430 158 21 reservationen
596 437 34 14 n:o
647 431 18 26 1,
682 430 24 21 så
720 436 38 15 var
773 430 42 26 det,
831 431 32 20 att
877 430 56 21 hvad
947 430 42 21 han

174 457 66 28 ansåg
254 464 52 15 vara
320 457 104 22 bindande
440 459 52 26 skäl,
508 459 96 21 försökte
617 459 37 26 jag
669 459 74 21 bevisa
756 458 47 22 icke
818 465 50 15 vara
878 458 110 22 bindande.

173 485 72 28 Något
267 488 64 19 annat
352 486 39 21 har
411 487 35 27 jag
467 487 46 22 icke
529 489 53 25 sagt,
599 487 24 22 så
637 489 33 20 att
684 494 34 15 om
734 487 43 21 han
791 487 103 22 vidhåller
908 487 32 21 sin
954 487 31 20 in-

173 515 116 26 dignation,
311 515 24 21 så
355 515 103 22 vidhåller
471 516 36 27 jag
522 516 43 21 min
581 518 45 19 mot
641 516 156 21 ofvannämnda
811 516 94 27 tolkning
920 515 22 22 af
955 515 31 21 la-

172 549 48 21 gen.
243 543 78 22 Vidare
336 544 35 21 vill
383 544 36 27 jag
434 545 94 27 tillägga,
544 546 32 20 att
590 545 56 21 hvad
661 545 48 21 frih.
725 545 78 21 Wrede
819 546 69 20 senast
898 543 88 22 anförde

174 574 45 19 mot
239 572 27 21 hr
287 573 59 25 Rein,
369 579 34 15 om
424 574 32 20 att
477 573 143 22 förhållandet
642 573 46 22 icke
711 573 68 21 skulle
801 580 52 15 vara
874 575 65 20 annat
957 578 29 15 nu

172 601 93 21 emellan
285 601 68 22 finska
375 601 39 22 och
436 602 89 21 svenska
547 601 92 28 språken
661 604 27 19 än
710 602 45 21 före
772 603 61 25 1809,
849 602 18 27 ej
882 602 66 21 heller
963 603 24 19 är

174 629 75 27 riktigt
263 629 40 22 och
317 629 39 22 har
371 630 69 27 någon
454 631 74 26 grund:
553 631 43 21 Det
611 633 25 19 är
651 632 54 26 sant,
721 631 32 20 att
769 631 66 27 begge
850 631 90 27 språken
955 632 31 19 ta-

174 658 59 21 lades
254 658 8 21 i
283 658 72 22 landet
377 659 26 21 då
425 659 79 22 kanske
519 660 7 21 i
542 666 81 15 samma
637 659 125 28 proportion
779 666 44 15 som
838 666 37 21 nu;
891 665 47 16 men
953 658 33 22 stå

174 687 66 26 begge
263 687 90 26 språken
367 689 56 20 ännu
436 688 8 21 i
459 695 80 15 samma
554 688 114 27 ställning?
695 689 56 20 Böra
766 688 46 21 icke
825 688 87 27 jurister
926 687 61 22 äfven

174 715 71 22 känna
259 715 33 21 till
307 715 61 22 dessa
382 717 94 21 ändrade
489 717 229 27 språkförhållanden?
747 717 42 21 Det
804 723 37 15 var
855 717 34 21 väl
905 718 31 19 ett
951 723 36 14 an-

174 745 38 20 nat
225 743 140 28 förhållande,
381 745 26 21 då
421 745 68 22 finska
505 745 86 28 språket
606 746 46 21 icke
667 745 108 22 användes
789 745 7 21 i
811 745 60 28 tryck
885 745 33 21 för
933 746 54 20 stort

174 773 65 21 annat
261 774 28 20 än
303 773 33 21 för
351 773 98 27 religiösa
463 774 65 22 behof
541 775 40 21 och
596 775 7 21 i
618 774 67 28 några
699 774 21 22 få
735 774 90 27 profana
840 773 146 23 öfversättnin-

173 808 44 20 gar.
248 802 90 21 Hvilken
353 804 44 20 stor
411 803 82 21 skilnad
508 805 25 19 är
548 804 36 20 det
599 804 46 20 icke
660 805 58 19 emot
732 803 56 21 hvad
803 810 28 14 nu
847 803 87 21 skrifves
948 802 39 22 och

174 830 85 27 tryckes
273 830 28 27 på
315 831 59 21 detta
388 831 69 27 språk,
473 832 40 21 och
527 832 86 22 hvilken
628 832 121 26 utveckling
764 832 39 20 har
817 832 19 26 ej
851 832 59 21 detta
924 830 64 28 språk

174 858 47 22 fått.
251 859 75 21 Denna
347 859 82 22 skilnad
450 862 25 19 är
496 860 81 28 ganska
599 862 45 20 stor
666 860 40 22 och
727 860 47 21 icke
798 860 74 22 endast
890 859 96 22 skenbar.

174 886 97 23 Orsaken
288 888 32 21 till
339 888 43 21 alla
396 889 62 21 dessa
473 889 122 22 differenser
610 896 35 15 oss
659 889 91 22 emellan
765 889 42 21 kan
820 889 37 27 jag
870 889 46 21 icke
932 888 56 21 finna

174 918 65 19 annat
261 918 28 19 än
311 917 50 26 deri,
381 919 32 20 att
428 917 51 22 våra
493 918 83 27 hjertan
592 918 78 27 klappa
685 918 63 21 olika.
778 918 41 27 Jag
833 918 37 21 ber
885 919 56 19 ännu
956 918 32 20 att

173 944 23 22 få
216 945 131 22 understöda
368 945 142 23 betänkandet
524 947 49 21 med
588 947 40 21 den
643 947 129 26 förändring,
787 948 32 19 att
835 947 43 20 deri
893 946 95 21 kommer

175 974 33 20 att
222 973 34 22 stå
271 974 187 25 ,,nästkommande
473 975 122 27 landtdag',
611 975 81 22 hvilket
706 975 61 22 torde
782 975 84 22 komma
880 974 28 27 på
923 976 31 19 ett
964 976 24 19 ut

174 1002 48 21 med
239 1003 34 20 att
287 1002 44 21 låta
345 1002 75 28 frågan
433 1004 85 21 förfalla
533 1004 39 21 och
587 1004 68 21 väcka
669 1004 82 21 motion
766 1004 34 21 vid
810 1005 61 20 nästa
879 1003 107 26 landtdag.

174 1031 41 26 Jag
232 1031 37 20 vill
283 1031 46 21 icke
343 1031 72 22 vidare
430 1034 93 25 upptaga
538 1033 96 21 ståndets
648 1033 38 21 tid.

241 1059 59 22 Frih.
315 1060 112 27 Palmén,
442 1061 25 21 E.
483 1061 34 22 G.:
548 1061 37 22 Uti
601 1061 40 22 den
654 1061 82 27 ganska
751 1061 86 26 torftiga
852 1060 72 27 replik,
940 1060 48 21 med

174 1087 85 22 hvilken
278 1088 47 21 frih.
341 1089 76 21 Wrede
432 1090 49 21 sökt
495 1090 96 21 försvara
606 1090 37 21 sitt
658 1089 149 27 ursprungliga
822 1089 120 27 påstående,
958 1089 30 20 in-

173 1116 63 27 gingo
259 1116 107 27 åtskilliga
387 1117 164 27 inadvertenser,
575 1125 44 15 som
643 1119 36 20 det
693 1118 70 21 kunde
779 1124 52 15 vara
845 1117 27 28 på
886 1117 33 21 sin
934 1117 55 27 plats

173 1145 35 20 att
229 1146 64 25 rätta,
315 1145 70 22 derest
407 1147 46 21 icke
476 1147 39 21 den
530 1147 59 27 långt
605 1147 143 22 framskridna
763 1147 58 20 tiden
836 1146 95 21 befriade
947 1146 42 26 mig

172 1173 101 22 derifrån.
302 1174 33 21 Dä
347 1174 36 27 jag
398 1175 91 27 begärde
504 1176 67 26 ordet,
587 1183 38 14 var
639 1176 36 21 det
690 1175 118 27 egentligen
819 1175 47 21 med
877 1174 112 27 anledning

174 1202 23 21 af
217 1203 31 20 ett
269 1203 98 26 yltrande
385 1203 24 22 af
421 1204 26 21 hr
461 1204 138 27 Gripenberg,
615 1205 78 25 Alexis,
709 1204 85 21 hvilken
809 1203 95 22 uttalade
918 1203 71 21 farhä-

173 1236 45 21 gor,
241 1231 48 21 med
311 1231 97 22 afseende
430 1232 13 21 å
465 1233 85 21 hvilken
572 1233 140 26 likställighet
734 1232 91 27 språken
841 1231 88 22 emellan
944 1237 45 16 som

174 1265 49 15 man
238 1259 75 22 härvid
327 1259 55 22 hade
396 1261 7 20 i
419 1261 74 21 sinnet.
516 1261 41 27 Jag
572 1261 39 22 ber
625 1263 32 20 att
672 1261 48 21 med
736 1261 99 21 afseende
845 1260 51 21 derå
906 1260 22 21 få
938 1262 52 24 säga

174 1287 70 27 något,
261 1294 45 15 som
319 1288 36 27 jag
369 1289 54 21 hade
437 1289 34 22 för
485 1289 63 28 afsigt
563 1292 32 19 att
610 1292 51 25 säga
676 1290 66 21 redan
756 1289 64 26 förut,
831 1295 47 15 men
888 1289 27 20 då
924 1289 65 20 förbi-

175 1316 42 27 såg.
239 1317 48 21 Den
301 1316 145 29 likställighet,
462 1325 44 14 som
521 1325 49 14 man
585 1320 61 25 säger
661 1319 33 26 sig
708 1318 51 27 vilja
772 1324 76 21 gynna,
864 1324 44 15 som
924 1317 66 21 delvis

174 1345 67 21 redan
255 1345 106 22 förmenas
376 1353 52 14 vara
443 1347 106 26 uppnådd,
565 1349 24 19 är
605 1347 71 26 sådan,
692 1348 32 19 att
740 1353 34 14 om
784 1353 48 14 man
843 1346 67 21 skulle
920 1345 70 21 vända

174 1379 35 15 om
223 1373 150 27 förhållandet,
389 1374 23 21 så
427 1377 33 19 att
475 1376 41 25 det,
532 1382 45 15 som
592 1382 29 14 nu
635 1376 68 27 gäller
717 1375 34 21 för
761 1375 26 21 de
798 1375 89 21 svenska
897 1374 91 25 talande,

174 1401 69 22 skulle
265 1403 57 26 gälla
343 1403 26 21 de
390 1403 69 22 finska
480 1404 86 21 talande
588 1404 39 21 och
643 1406 99 23 tvärtom,
758 1403 68 21 skulle
841 1403 47 20 frih.
904 1402 85 25 Wrede,

174 1430 26 23 hr
221 1429 138 29 Gripenberg,
378 1438 27 15 m.
430 1431 21 23 fl.
475 1433 105 27 upphäfva
603 1434 31 20 ett
657 1432 85 22 härskri
766 1432 39 22 och
828 1433 57 25 säga,
908 1432 32 20 att
958 1432 32 20 ett

176 1460 94 20 attentat
291 1462 62 25 göres
374 1462 45 20 mot
441 1462 90 21 svenska
557 1461 97 27 språkets
679 1461 107 26 ställning.
816 1461 38 20 Ett
876 1460 55 21 enda
957 1458 33 22 så-

173 1487 52 22 dant
247 1489 101 26 exempel.
378 1488 39 22 Om
440 1496 27 14 en
488 1496 83 20 person,
591 1490 106 27 utgången
712 1496 26 15 ur
753 1491 31 19 ett
799 1488 64 22 finskt
877 1488 112 24 bondhem,

175 1515 56 22 efter
246 1517 33 21 att
293 1517 64 21 hafva
370 1518 123 27 genomgått
508 1518 146 22 universitetet
669 1519 39 21 och
723 1518 74 21 vunnit
811 1517 39 21 full
859 1517 130 26 kompetens,

172 1544 58 30 finge
245 1545 64 21 vinna
323 1546 55 27 plats
393 1546 34 22 vid
442 1546 117 28 högskolan
574 1548 52 20 utan
641 1548 33 20 att
688 1547 83 29 aflägga
781 1546 65 28 något
855 1545 49 29 prof
913 1545 7 21 i
930 1551 60 17 sven-
