1109 1761
227 116 41 22 616
500 118 16 18 R.
529 123 15 14 0.
557 118 16 19 A.
587 114 46 24 1806;
657 118 11 20 8
679 118 48 23 April.

197 185 143 23 betraktande
363 186 76 23 vidden
462 187 23 22 af
505 188 42 21 den
571 188 78 26 kredit,
669 194 46 16 som
730 188 100 27 beviljats
845 187 98 23 enskilda
958 188 71 22 lånta-

196 220 58 21 gare,
271 215 39 21 och
325 217 39 25 att,
379 215 28 22 då
422 216 47 22 skäl
484 216 73 22 dertill
573 218 60 26 synts
649 223 53 15 vara
715 216 36 22 för
765 216 91 26 handen,
867 216 96 22 infordra
972 223 56 21 upp-

196 242 65 28 gifter
283 244 90 21 rörande
397 245 62 21 deras
480 246 179 26 personal-konti,
680 245 74 22 hvilka
768 244 109 28 uppgifter
892 245 62 22 äfven
969 246 58 21 varit

196 271 87 27 bilagda
304 272 204 29 bankfullmäktiges
529 274 116 27 protokoll.
676 274 42 26 Jag
740 274 66 26 vågar
828 273 73 22 derför
919 280 57 20 anse,
992 276 34 19 att

196 300 61 21 detta
279 301 110 22 uttalande
411 301 47 22 från
481 302 178 22 bankutskottets
682 303 48 20 sida
744 302 57 21 helst
816 301 83 22 kunnat
914 302 112 21 uteblifva.

195 328 44 21 För
261 328 65 28 öfrigt
348 329 39 22 har
406 331 37 26 jag
465 331 55 21 intet
543 331 117 28 väsentligt
679 333 33 19 att
727 330 105 22 anmärka
845 332 46 20 mot
906 331 121 22 utskottets

194 357 143 22 betänkande.

264 385 32 22 Hr
319 385 186 29 Charpentier:
521 387 42 22 Till
579 387 42 22 den
635 387 117 22 berättelse
767 387 58 22 öfver
840 387 102 22 Finlands
956 387 70 22 banks

194 413 127 29 förvaltning
343 415 67 22 under
431 418 84 20 senaste
537 416 152 28 treårsperiod,
712 423 45 15 som
781 415 116 22 innehålles
919 416 6 21 i
943 416 82 22 föreva-

194 442 65 22 rande
275 443 140 28 betänkande,
431 445 95 21 anhåller
538 445 39 27 jag
595 447 33 20 att
642 445 21 22 få
677 445 50 27 foga
743 446 66 26 några
823 444 155 28 upplysningar.

304 479 47 20 pag.
375 473 12 20 2
409 473 40 22 har
472 474 106 21 utskottet
600 473 110 28 uppgifvit,
733 476 33 19 att
785 473 26 22 de
825 473 100 22 förluster
940 473 84 22 banken

193 499 48 22 lidit
267 507 75 20 genom
364 502 67 26 några
453 504 223 25 trävaruexportörers
699 501 109 28 oförmåga
834 503 33 20 att
891 501 61 22 infria
976 501 48 22 sina

192 527 146 29 förbindelser,
361 532 55 19 mest
437 530 84 22 härrört
543 531 24 21 af
587 530 181 28 försträckningar
789 537 46 15 som
857 530 97 27 beviljats
976 530 48 22 dels

193 559 58 20 emot
273 559 51 25 pant
347 557 22 22 af
381 561 97 20 trävaror
497 559 45 22 dels
558 562 58 19 emot
631 561 99 26 accepter
745 563 20 18 ai
780 565 101 21 personer
896 559 7 21 i
917 559 105 26 utlandet,

193 591 47 16 men
263 585 36 21 vill
318 587 37 26 jag
376 587 39 21 här
437 587 86 27 tillägga
545 589 32 20 att
600 588 47 21 icke
662 594 27 14 en
704 588 24 21 så
743 588 61 26 ringa
819 587 34 22 del
868 587 23 21 af
904 587 61 22 dessa
979 587 43 21 för-

192 613 67 22 luster
281 616 96 26 uppstått
399 615 32 22 till
453 615 51 28 följd
526 616 23 21 af
569 616 120 27 bedrägligt
707 616 120 22 förfarande
842 615 23 23 af
878 615 144 28 låntagarene,

192 648 45 16 som
253 642 45 22 dels
312 644 144 22 undansnillat
470 644 137 28 hypotiserad
623 651 58 19 vara,
697 644 46 22 dels
753 644 74 22 försält
837 644 32 22 till
879 644 84 22 banken
974 650 48 16 oac-

193 672 112 26 cepterade
320 672 71 22 vexlar
405 674 28 26 pä
447 673 90 21 erkändt
551 673 57 27 goda
623 673 39 21 hus
677 673 6 21 i
694 673 97 22 utlandet
806 674 51 21 utan
872 674 32 20 att
919 672 39 22 hos
973 673 49 21 dem

191 701 41 25 äga
254 700 93 22 hvarken
370 701 193 27 tillgodohafvande
582 702 52 22 eller
651 702 51 21 löfte
717 708 35 15 om
768 701 76 27 kredit,
860 701 85 21 hvarför
959 701 62 22 äfven

191 728 94 27 yrkande
308 735 34 15 om
365 732 82 25 strängt
469 736 75 16 ansvar
567 731 13 21 &
595 730 63 22 dessa
675 730 127 28 gäldenärer
816 730 67 27 gjorts
905 730 6 21 &
925 730 97 22 bankens

191 758 85 25 vägnar,
299 758 48 21 med
370 758 39 21 den
432 758 78 27 påföljd
533 761 34 19 att
585 759 26 21 de
626 758 112 27 brottslige
754 758 68 22 blifvit
837 758 77 22 dömde
929 758 32 21 till
976 758 44 21 fän-

190 784 123 27 gelsestraff.

259 807 18 28 Ä
293 820 45 21 Pag.
355 815 55 21 4—5
426 815 91 27 redogör
531 815 107 22 utskottet
652 815 34 22 för
701 815 26 22 de
742 815 101 27 åtgärder
857 821 45 16 som
918 815 22 22 af
953 815 68 21 bank-

189 841 131 28 fullmäktige
336 843 99 27 vidtagits
451 844 48 21 med
514 844 99 21 afseende
629 845 13 20 &
657 844 36 21 det
707 844 7 21 i
730 843 95 22 bankens
841 842 56 23 hvalif
911 843 109 27 befintliga

189 869 151 29 sifvermyntet,
356 871 81 22 hvilket
452 872 53 22 efter
520 873 142 26 öfvergängen
677 872 32 21 till
725 871 169 28 guldmyntfoten
904 872 46 21 icke
961 878 59 15 mera

189 898 71 22 kunde
283 899 76 22 räknas
378 901 69 21 säsom
463 900 106 22 metallisk
584 901 63 21 kassa
663 900 39 22 och
717 900 33 22 till
766 900 49 22 hela
829 900 38 22 sitt
881 900 77 27 belopp
972 900 49 22 icke

189 928 76 26 ansägs
281 927 100 28 behöfligt
395 928 33 22 för
442 929 94 22 rörelsen
551 930 71 21 säsom
638 929 127 27 skiljemynt,
783 928 38 22 och
837 928 88 22 föreslär
940 930 32 20 att
986 928 35 22 för

189 955 104 23 vinnande
308 956 23 21 af
343 956 84 23 klarhet
442 958 7 20 i
464 957 95 23 bankens
575 958 100 27 ställning
690 964 26 15 en
730 957 93 22 definitiv
834 957 125 27 uppgörelse
969 957 49 21 med

189 985 128 21 statsverket
339 985 68 22 skulle
424 986 52 22 söka
495 986 158 22 åstadkommas
668 986 93 22 rörande
777 986 25 21 de
818 986 13 21 2
846 985 97 27 miljoner
957 985 62 22 mark

187 1012 8 21 i
212 1013 9 20 1
239 1013 40 21 och
294 1014 13 20 2
323 1014 71 21 marks
409 1014 93 28 stycken,
517 1015 73 21 hvilka
602 1014 86 28 jemlikt
703 1014 227 22 öfverenskommelsen
942 1014 22 21 af
972 1014 20 21 d.
1004 1014 14 21 2

188 1040 49 22 Okt.
251 1042 53 22 1879
315 1042 64 22 bordt
389 1043 128 22 nedsmältas
528 1044 40 21 och
579 1043 33 22 för
622 1043 72 21 hvilka
704 1043 103 21 förlusten
818 1042 32 22 till
865 1042 40 22 den
915 1048 40 15 ena
964 1042 55 22 hälf-

186 1072 36 19 ten
237 1070 22 21 af
268 1071 129 21 statsverket
407 1071 64 22 bordt
481 1071 121 28 öfvertagas
613 1072 39 21 och
663 1072 32 20 till
706 1072 41 21 den
759 1071 66 21 andra
840 1070 79 22 hälften
936 1070 83 22 drabba

186 1098 91 22 banken.
307 1098 70 22 Jemte
400 1100 35 21 det
455 1100 37 27 jag
506 1102 25 20 är
546 1107 50 15 ense
612 1100 48 22 med
675 1100 108 22 utskottet
797 1099 90 22 rörande
903 1099 115 21 önskvärd-

186 1126 63 22 heten
273 1127 22 21 af
315 1130 32 18 att
369 1128 69 22 denna
453 1128 59 28 fräga
527 1129 49 21 med
594 1129 36 21 det
645 1131 96 19 snaraste
757 1127 103 23 definitivt
875 1128 83 26 ordnas,
975 1127 42 22 kan

182 1154 38 27 jag
243 1155 54 22 dock
320 1156 17 26 ej
362 1156 73 22 förena
450 1157 43 26 mig
507 1164 34 15 om
557 1157 117 21 utskottets
689 1157 65 26 kläm,
771 1158 51 19 utan
837 1157 50 26 säge
903 1156 66 21 hellre
985 1158 33 19 att

185 1183 190 28 bankfullmäktige
390 1184 55 28 finge
460 1185 39 22 fria
514 1185 83 22 händer
610 1187 32 20 att
652 1185 53 22 söka
715 1185 148 22 åstadkomma
874 1191 26 14 en
911 1190 27 21 ny
948 1183 67 22 öfver-

185 1211 154 23 enskommelse
355 1213 48 22 med
417 1214 128 21 statsverket
561 1213 52 22 eller
627 1215 33 20 att
675 1213 130 22 ätminstone
820 1219 26 16 en
861 1212 116 27 förklaring
994 1212 24 22 af

185 1239 40 22 den
237 1239 126 28 föregående
379 1241 228 23 öfverenskommelsen
617 1242 92 21 erhålles
719 1241 132 25 beträffande
862 1241 58 21 tiden
932 1241 26 22 dä
974 1241 42 21 den

184 1268 138 27 ovilkorligen
345 1269 55 22 skall
424 1277 49 15 vara
495 1270 106 28 fullgjord.
631 1270 41 27 Jag
695 1277 63 15 anser
773 1270 62 21 neml.
851 1271 33 20 att
899 1269 36 22 det
949 1271 25 20 är
988 1275 27 15 en

184 1296 125 28 obestridlig
331 1297 68 22 fördel
421 1298 33 22 för
475 1299 58 22 säväl
548 1299 129 22 statsverket
693 1305 45 16 som
754 1298 85 22 banken
854 1299 33 20 att
901 1299 70 25 nägon
986 1297 30 21 vi-

184 1325 51 22 dare
257 1326 156 28 nedsmältning
436 1327 22 22 af
479 1327 130 28 sifvermynt
629 1327 46 22 icke
691 1327 74 22 vidare
778 1327 96 21 kommer
889 1326 6 21 i
910 1325 67 27 fråga,
992 1327 24 26 ty

182 1355 59 20 utom
266 1357 32 19 att
321 1355 34 21 vid
371 1361 26 15 en
413 1356 55 21 ökad
483 1355 200 22 affärsverksamhet
698 1355 40 22 och
754 1355 73 27 möjlig
841 1354 139 27 förfalskning
994 1353 24 22 af

182 1383 13 20 5
218 1384 72 21 marks
308 1383 71 22 sedlar
400 1384 95 22 rörelsen
516 1384 69 22 skulle
608 1384 74 22 kräfva
706 1391 26 14 en
748 1383 105 28 betydligt
867 1385 69 20 större
951 1388 65 21 gvan-

182 1410 49 21 titet
253 1411 24 21 af
289 1411 136 27 silfvermynt,
442 1414 67 20 mäste
525 1413 36 21 det
576 1419 30 15 nu
620 1413 7 20 i
643 1413 94 21 rörelsen
753 1412 94 22 varande
861 1411 97 21 förslitna
972 1410 45 22 silf-

181 1442 120 24 vermyntet
317 1442 91 20 ersättas
424 1440 53 22 efter
491 1441 57 22 hand
565 1441 49 21 med
627 1443 72 24 annat,
709 1440 34 22 för
752 1440 65 22 hvars
826 1440 116 27 präglande
952 1440 64 20 stats-

181 1467 75 21 verket
270 1467 56 27 finge
341 1468 116 23 vidkännas
472 1469 122 27 kostnader,
611 1469 70 22 derest
691 1475 26 15 en
728 1468 158 26 nedsmältning
895 1467 64 25 skett,
975 1467 40 21 och

180 1496 47 20 tror
239 1495 38 27 jag
292 1496 83 22 derföre
391 1499 32 20 att
438 1498 102 27 styrelsen
556 1499 28 26 pä
599 1497 62 22 dessa
676 1497 47 22 skäl
739 1496 54 23 skall
807 1495 104 29 medgifva
922 1497 32 20 att
964 1495 12 28 $
988 1495 27 22 19

179 1523 8 22 i
209 1524 122 27 myntlagen
353 1524 57 28 finge
432 1525 6 22 i
459 1526 31 21 sin
505 1526 52 22 fulla
572 1525 148 28 utsträckning
734 1525 115 28 tillämpas.
880 1524 73 23 Skulle
968 1523 47 22 der-
