1114 1767
370 118 16 19 R.
398 122 16 15 0.
426 118 16 19 A.
454 117 47 20 1886.
525 117 21 20 23
558 118 47 23 April.
831 118 44 22 7738

83 186 95 22 räknade
193 186 151 26 småstäderna,
360 192 46 16 som
426 186 66 22 hafva
506 186 42 22 fått
563 186 132 27 statsbidrag
709 186 8 21 i
732 187 70 20 större
816 192 89 20 propor-

83 215 52 21 tion.
164 215 11 21 I
190 214 39 22 sak
250 215 94 21 ansluter
364 215 37 27 jag
420 216 43 26 mig
478 215 137 27 naturligtvis
630 215 34 21 till
679 215 41 21 den
735 214 23 21 af
771 214 43 27 mig
828 214 77 21 under-

83 243 104 22 tecknade
202 244 163 21 reservationen.

151 272 33 21 Hr
198 272 249 22 landtmarskalken
469 272 113 22 anmärkte
601 273 33 20 att
649 272 27 20 hr
690 271 101 22 Lindelöf
803 271 53 26 icke,
872 270 33 22 så-

83 300 46 22 vidt
143 300 27 22 hr
183 300 195 22 landtmarskalken
392 300 83 22 kunnat
493 300 58 22 finna
565 300 48 22 utaf
627 300 54 22 hans
697 300 143 27 andragande,
851 300 54 20 mot-

85 330 44 20 satt
143 329 32 27 sig
196 329 26 21 de
245 329 111 27 principer,
377 336 45 14 som
437 329 108 22 utskottet
560 329 80 21 uttalat
655 328 28 27 på
698 328 38 22 sid.
753 328 13 22 6
782 328 23 22 af
818 328 37 22 sitt
869 328 37 21 be-

83 358 115 25 tänkande,
214 359 52 19 utan
290 359 32 19 att
336 358 27 20 hr
377 358 101 21 Lindelöf
492 358 76 21 endast
582 359 76 26 yttrat,
674 358 33 20 att
722 363 35 15 om
772 357 62 21 dessa
848 356 58 28 prin-

85 386 58 26 ciper
156 386 83 27 följdes,
254 392 50 15 vore
320 386 36 22 det
371 386 28 27 på
414 386 38 22 sid.
476 388 6 20 7
499 386 176 22 förekommande
691 386 97 26 anslaget
802 385 34 22 för
851 385 53 25 litet,

84 421 49 15 men
148 416 32 20 ett
193 414 107 22 bestämdt
321 415 146 21 motsättande
489 416 46 20 mot
550 415 25 21 de
591 414 28 27 på
635 415 38 21 sid.
690 415 13 20 6
717 414 97 22 uttalade
829 413 76 27 princi-

85 449 66 21 perna
167 443 55 21 hade
236 442 26 22 hr
276 443 198 22 landtmarskalken
491 444 48 21 icke
553 444 84 20 kunnat
652 442 101 28 uppfatta
768 444 33 20 att
815 442 26 22 hr
856 442 49 21 Lin-

85 471 58 22 delöf
157 471 85 28 åsyftat.

153 500 32 22 Hr
200 500 198 27 Pippingsköld:
427 500 42 28 Jag
484 500 40 22 har
539 500 116 27 ingalunda
669 500 71 26 afsett,
756 501 33 20 att
803 500 47 21 icke
861 500 43 20 stä-

85 529 38 21 der
138 528 70 22 såsom
223 528 139 28 Helsingfors,
385 529 95 27 Wiborg,
516 529 27 21 Åbo
559 535 28 15 m.
602 528 28 27 fl.,
646 528 126 22 kommuner
786 529 49 21 med
850 527 54 22 rela-

85 558 40 21 tivt
149 560 46 18 stor
219 557 161 27 kapitalstyrka,
406 558 69 21 skulle
499 558 50 21 med
563 557 67 27 något
644 557 118 21 understöd
778 557 87 27 hugnas,
880 558 23 25 ty

87 586 62 21 dessa
164 586 73 21 städer
251 586 89 26 bidraga
352 586 24 27 ju
391 592 76 21 genom
485 586 41 22 den
541 586 108 22 allmänna
664 586 141 26 bevillningen
820 585 7 21 i
842 584 63 27 riklig

85 614 50 21 män
149 614 45 27 just
209 614 33 21 till
256 614 198 27 upprätthållandet
469 614 25 22 af
507 614 210 22 folkskoleväsendet
733 614 59 21 öfver
802 614 48 20 hela
859 614 46 20 lan-

87 643 41 21 det.
158 642 50 22 Men
220 643 37 27 jag
271 643 39 21 har
326 643 55 21 blott
396 643 109 22 försvarat
519 643 112 27 yrkandet,
647 644 34 20 att
691 642 74 22 starka
775 643 71 21 städer
856 641 48 21 med

87 677 27 15 en
129 671 85 21 relativt
229 672 48 21 vida
292 672 82 26 ringare
393 674 90 24 procent
497 672 24 21 af
534 672 126 21 subvention
674 671 68 21 borde
756 671 148 21 understödas.

86 700 62 21 Hvad
170 700 42 21 den
233 700 75 27 fattige
329 700 115 22 arbetaren
466 700 102 22 beträffar
583 701 7 21 i
605 700 142 27 Helsingfors,
763 700 87 26 Wiborg
866 698 39 22 och

106 728 33 26 bo,
156 728 23 22 sä
194 730 24 19 är
234 728 35 22 det
283 729 58 25 visst,
356 730 33 20 att
404 729 41 21 han
462 730 6 20 i
483 728 135 22 förhällande
633 729 34 21 till
682 728 37 22 sitt
734 728 96 21 skattöre
845 728 59 20 kom-

86 762 45 16 mer
145 759 33 19 att
192 757 70 21 lemna
284 759 66 20 större
366 758 81 26 bidrag,
463 764 50 15 men
528 764 49 15 man
592 757 69 21 mäste
674 756 92 28 jemföra
780 757 40 21 den
830 756 75 26 fattige

86 785 114 22 arbetaren
215 786 37 21 der
266 786 49 24 med
337 786 40 21 den
392 786 76 27 fattige
483 786 116 22 arbetaren
613 786 8 21 i
636 786 69 21 andra
719 785 79 21 städer.
829 786 77 25 lngen-

87 814 71 21 städes
180 814 7 21 i
208 814 73 22 landet
302 815 61 21 torde
382 814 116 22 arbetaren
513 815 64 21 hafva
591 814 73 22 bättre
679 813 84 22 tillfälle
776 814 33 21 till
825 812 81 22 arbets-

87 842 99 27 förtjenst
200 844 27 19 än
242 843 7 21 i
264 843 26 21 de
306 845 58 19 stora
379 844 108 26 städerna,
503 844 40 20 och
559 843 73 21 derför
647 842 32 22 täl
693 842 43 22 han
751 842 62 21 äfven
828 842 32 20 att
870 840 36 22 be-

87 871 84 21 skattas
185 870 79 28 högre;
279 872 41 21 den
334 872 120 26 egentligen
469 872 76 27 fattige
561 872 112 21 beskattas
689 871 87 21 alldeles
790 870 53 22 icke.
869 868 37 22 Sä-

88 899 55 21 dana
158 900 124 21 kommuner
307 906 45 15 som
376 900 141 28 Helsingfors,
533 900 88 27 Wiborg
637 899 40 22 och
692 894 47 27 Äbo
754 899 66 21 borde
836 899 71 26 egent-

87 928 56 26 ligen
158 928 40 21 alls
212 928 48 21 icke
275 928 181 22 subventioneras.
475 929 131 21 Folkskolan
621 928 68 22 borde
704 928 7 21 i
721 928 54 26 dem,
787 926 120 23 oberoende

87 956 24 21 af
124 956 38 22 allt
176 956 123 27 understöd,
314 957 163 27 upprätthållas,
493 964 49 15 men
555 958 36 26 jag
606 958 39 20 har
660 957 47 21 icke
721 956 62 28 yrkat
798 956 27 26 pä
840 961 26 15 en
874 954 34 22 sä-

87 984 42 22 dan
143 986 73 26 sträng
231 986 57 26 regel
302 986 134 25 härutinnan,
452 988 23 25 ty
490 986 21 21 vi
526 988 37 19 äro
578 986 43 21 alla
637 987 57 19 ännu
708 985 33 21 för
748 985 84 27 mycket
839 983 68 22 vande

87 1015 32 19 att
134 1012 22 22 fä
170 1014 115 21 understöd
301 1014 39 21 och
355 1014 87 27 begripa
456 1015 49 21 icke
520 1014 310 27 sjelfverksamhetsprincipen,
842 1012 66 22 sädan

89 1042 39 21 den
151 1042 68 22 skulle
240 1042 92 27 förtjena
354 1045 32 19 att
408 1043 7 21 i
430 1043 133 26 kommuner,
580 1050 45 14 som
641 1043 27 21 de
683 1043 84 25 nämda,
782 1041 126 28 uppskattas

88 1070 39 22 och
144 1070 112 27 tillämpas.

156 1099 32 21 Hr
203 1100 126 21 Lindelöf
342 1100 98 27 upplyste
461 1102 34 20 att
510 1100 42 21 han
566 1100 47 22 icke
628 1101 91 21 motsatt
734 1100 31 26 sig
780 1098 130 28 antagandet

89 1128 22 20 af
124 1128 116 21 utskottets
262 1128 80 28 förslag
364 1128 28 27 pä
407 1129 38 21 sid.
463 1130 19 25 6,
498 1130 53 20 utan
565 1129 105 27 tillstyrkt
685 1128 48 22 dess
747 1126 161 29 godkännande.

159 1156 32 21 Hr
213 1156 139 22 Mechelin:
383 1157 49 21 Med
455 1157 100 22 afseende
578 1157 13 21 &
613 1158 41 20 den
671 1156 112 28 ojemnhet,
800 1162 45 15 som
860 1161 50 21 eger

91 1190 52 20 rum,
160 1184 40 22 och
214 1191 46 15 som
275 1185 64 21 också
354 1186 22 20 af
388 1186 109 21 utskottet
512 1185 70 22 blifvit
597 1186 119 26 pointerad,
732 1185 90 22 emellan
837 1184 73 26 belop-

91 1218 41 22 pen
146 1212 24 22 af
184 1213 156 27 statsbidragen
355 1214 33 21 till
404 1215 114 21 städernas
533 1214 194 27 folkskolebudget,
740 1213 106 28 jemförda
861 1213 49 21 med

91 1242 62 20 dessa
167 1241 179 27 budgetsummor,
371 1243 39 21 ber
422 1243 37 27 jag
475 1243 24 21 fä
513 1243 114 21 framhälla
641 1244 34 20 att
690 1249 26 15 en
731 1242 57 28 dylik
804 1240 106 29 ojemnhet

91 1269 54 22 dock
160 1269 46 23 icke
229 1272 24 19 är
274 1272 33 20 att
321 1271 100 21 betrakta
436 1271 73 22 såsom
525 1272 58 21 bevis
597 1271 28 27 pä
641 1271 120 27 fullkomlig
775 1271 99 21 frånvaro
889 1270 24 21 af

90 1304 86 15 normer
191 1298 40 22 och
245 1298 133 28 konseqvens
399 1300 36 21 vid
450 1300 128 27 pröfningen
593 1300 24 21 af
630 1300 143 26 ansökningar
788 1306 34 14 om
838 1298 72 27 dylika

90 1327 82 27 bidrag.
201 1327 42 21 Det
258 1327 68 22 måste
341 1328 61 21 alltid
420 1328 89 22 inträffa
524 1330 38 24 att,
579 1335 34 15 om
628 1335 51 15 man
693 1329 35 21 vid
743 1334 26 16 en
783 1328 42 21 viss
840 1326 70 28 gifven

89 1355 101 27 tidpunkt
212 1356 77 26 jemför
311 1356 61 22 dessa
386 1356 77 28 bidrag
478 1358 50 21 med
542 1356 244 28 folkskolebudgeterna,
802 1362 26 15 en
843 1355 67 21 sådan

91 1384 69 26 ojemn
181 1384 126 26 proportion
328 1384 56 22 skall
405 1385 47 22 visa
475 1386 38 27 sig.
551 1386 79 26 Hvarje
653 1386 48 21 stad
722 1386 118 21 inkommer
864 1383 46 21 icke

90 1412 73 26 hvarje
178 1412 24 22 år
217 1413 48 21 med
280 1414 96 20 ansökan
396 1420 34 15 om
445 1414 85 28 bidrag,
545 1416 53 19 utan
613 1414 37 22 det
665 1414 50 22 sker
729 1413 113 27 vanligtvis
858 1412 53 22 efter

91 1440 107 27 förloppet
220 1441 24 21 af
264 1441 66 27 några
353 1441 30 27 år,
407 1443 67 21 sedan
497 1449 27 15 en
539 1442 95 28 betydlig
649 1443 124 27 utvidgning
787 1441 23 21 af
824 1441 86 21 stadens

90 1468 196 23 folkskoleväsende
312 1469 68 23 blifvit
394 1471 129 27 genomförd
538 1471 39 21 och
593 1471 48 21 dess
657 1471 88 27 utgifter
760 1470 34 22 för
809 1469 101 22 ändamå-

90 1497 29 21 let
134 1497 93 22 tillvuxit
241 1498 109 27 betydligt.
380 1499 42 21 Vid
438 1500 63 21 detta
515 1499 83 22 tillfälle
614 1500 87 26 pröfvas
717 1499 52 26 åter,
784 1498 81 22 hvilket
880 1498 32 20 bi-

89 1526 54 26 drag
158 1532 45 15 som
218 1526 54 22 skall
294 1526 87 22 lemnas.
412 1528 46 21 När
473 1534 52 15 man
540 1527 82 22 således
637 1528 36 22 vid
688 1534 27 16 en
729 1528 42 21 viss
785 1526 71 28 gifven
870 1526 42 21 tid-
