1109 1767
352 145 16 19 R.
381 150 14 14 0.
408 146 16 18 A.
436 145 46 20 1885.
506 146 21 19 20
539 146 48 22 April.
810 147 40 21 749

60 217 37 20 äro
112 214 106 22 beroende
233 214 21 22 af
268 214 40 22 den
322 220 29 16 nu
365 214 137 22 förevarande
517 214 85 27 frågans
617 214 89 28 lösning.
732 214 42 22 Det
788 216 24 20 är
822 216 56 20 näm-

60 244 56 26 ligen
137 242 59 22 fallet
214 244 31 20 att
262 243 26 21 de
302 242 60 22 flesta
377 242 107 22 kamerala
498 242 110 27 reformer,
623 248 15 16 t.
655 249 31 15 ex.
702 242 73 28 frågan
790 249 34 15 om
838 242 41 22 för-

61 271 86 28 enkling
168 270 47 22 utaf
232 270 131 28 jordeboken
386 270 39 22 och
441 270 60 22 äfven
516 270 75 28 frågan
606 277 35 16 om
657 277 26 15 en
696 271 94 27 jemnare
804 270 74 22 fördel-

61 300 51 27 ning
126 299 23 23 af
159 300 131 27 jordräntan,
305 299 46 22 icke
366 300 41 21 kan
422 300 76 21 tänkas
512 299 110 22 utförbara
638 300 24 21 så
676 299 62 27 länge
752 300 46 22 vårt
810 300 69 22 kame-

62 328 45 23 rala
129 328 90 22 väsende
241 328 104 22 belamras
367 328 22 22 af
406 330 31 20 ett
451 328 105 27 vidlyftigt
571 328 176 27 indelningsverk,
763 328 37 22 der
814 328 66 22 under

63 358 26 21 de
111 359 53 20 mest
186 356 87 27 brokiga
295 356 59 22 titlar
373 356 26 22 de
414 356 95 22 enskilda
523 356 137 22 hemmanens
675 358 74 20 räntor
764 356 63 22 delvis
842 358 36 20 äro

63 385 144 28 disponerade.
237 385 49 21 Man
311 385 39 21 har
371 384 121 28 visserligen
514 385 49 21 låtit
580 385 66 21 förstå
661 387 33 19 att
708 384 172 28 rusthållsfrågan

63 414 39 22 bör
124 414 56 21 lösas
202 413 68 22 direkt
284 413 7 21 i
306 413 151 27 sammanhang
471 414 48 21 med
534 414 67 22 andra
616 413 264 27 skattejemkningsfrågor.

64 443 43 22 För
121 442 43 22 min
179 442 34 22 del
227 441 68 22 finner
307 442 36 27 jag
358 442 59 21 detta
431 441 94 22 hvarken
537 442 106 27 praktiskt
654 441 52 22 eller
715 442 79 27 riktigt.
818 442 62 21 Rust-

63 471 199 22 hållsinstitutionen
286 470 174 27 sammanhänger
479 471 24 26 ju
524 471 48 21 icke
588 471 130 26 nödvändigt
732 477 36 15 ens
783 471 48 21 med
846 470 35 21 det

65 499 67 28 öfriga
153 499 195 26 indelningsverket.
378 499 47 22 Den
447 500 44 21 står
506 500 70 21 såsom
592 505 26 15 en
633 499 156 28 öfverbyggnad
802 499 79 27 utanpå

65 529 36 21 det
119 527 83 28 vanliga
221 527 195 27 indelningsverket,
435 528 70 21 såsom
520 527 62 22 äfven
597 527 105 22 utskottet
716 528 78 26 ganska
809 527 73 27 riktigt

64 557 64 22 fattat
142 557 72 25 saken,
227 556 26 21 då
268 556 103 21 utskottet
385 556 7 21 i
407 556 40 21 och
462 557 48 21 med
525 556 219 27 rustningsräntornas
758 555 124 28 indragning

66 586 69 21 såsom
158 584 116 27 eqvivalent
296 583 32 22 för
350 584 252 28 rustningsskyldigheten
618 584 89 22 föreslår
722 586 32 20 att
767 584 115 22 rusthållen

66 613 68 22 skulle
148 613 84 21 inträda
246 613 66 21 under
327 613 39 21 den
382 612 105 23 allmänna
501 613 128 27 roteringen.
654 613 112 21 Likaledes
778 613 39 22 och
828 615 55 19 ännu

66 641 82 22 mindre
168 641 43 22 kan
234 647 47 16 man
296 641 48 22 med
361 641 35 27 fog
410 642 62 27 pästä
487 643 32 20 att
534 641 246 22 rusthällsinstitutionen
795 641 67 22 skulle
876 640 8 21 i

67 671 39 21 och
129 669 33 22 för
179 669 31 28 sig
227 669 61 22 hafva
303 670 64 26 nägot
381 670 152 27 sammanhang
548 670 48 21 med
611 670 36 21 det
662 669 67 28 öfriga
743 669 141 22 skatteväsen-

68 699 42 21 det.
140 698 42 21 Det
204 700 23 19 är
249 704 25 15 en
296 698 59 27 fräga
376 704 44 15 som
436 699 44 20 stär
495 698 65 22 skildt
574 698 33 21 för
621 698 38 27 sig,
675 704 46 15 som
736 698 41 21 kan
792 698 39 22 och
845 697 39 22 bör

68 727 55 22 lösas
145 726 32 21 för
194 728 31 20 att
239 727 23 21 sä
278 728 32 20 att
324 729 51 24 säga
389 726 21 22 fä
424 729 44 19 rätt
482 727 54 27 sigte
552 727 40 21 och
607 729 45 19 rätt
666 726 84 22 klarhet
763 727 27 27 pä
806 727 34 21 det
856 726 28 22 öf-

67 755 46 27 riga
136 755 176 26 skatteväsendet,
335 761 34 15 om
392 755 69 27 nägon
476 755 77 22 reform
570 755 45 22 deri
630 755 54 21 skall
698 755 72 22 kunna
784 754 99 28 vidtagas.

68 783 37 22 Uti
129 783 26 22 de
174 783 60 22 flesta
256 783 106 22 kamerala
379 783 103 22 reformer
498 790 46 15 som
563 784 71 21 kunna
649 783 151 27 ifrägakomma
814 783 30 22 uti
858 789 27 16 en

68 814 52 20 nära
134 811 86 22 framtid
234 813 62 26 utgör
309 811 7 22 i
329 811 73 28 sjelfva
416 811 74 22 verket
504 812 247 22 rusthällsinstitutionen
766 812 39 22 den
820 811 66 22 första

69 840 40 22 och
131 840 40 21 den
193 841 93 20 sväraste
301 840 53 21 knut
368 839 85 22 hvilken
468 841 68 21 mäste
551 840 111 27 aflägsnas,
677 840 63 21 innan
755 847 48 15 man
817 840 69 27 griper

69 869 31 26 sig
116 875 26 15 an
157 868 49 22 med
221 868 35 22 det
272 868 70 27 öfriga.
366 869 40 26 Jag
421 871 46 19 tror
482 869 43 27 mig
540 869 65 22 ocksä
619 871 72 25 tryggt
705 868 70 22 kunna
785 869 60 27 pästä
854 870 32 20 att

69 897 73 27 frågan
158 903 27 14 nu
200 899 25 19 är
238 897 24 21 sä
276 896 47 22 fullt
342 897 112 22 förberedd
468 899 32 20 att
515 904 25 15 en
557 897 94 22 definitiv
665 897 83 26 lösning
762 897 41 22 kan
817 897 71 22 ästad-

69 926 101 21 kommas.
200 925 32 22 De
254 925 56 22 olika
332 925 130 28 synpunkter
484 932 45 15 som
552 926 66 21 redan
640 925 32 22 uti
694 926 52 21 1880
761 926 33 21 ärs
810 925 77 22 skatte-

69 953 81 22 komité
172 953 122 27 utvecklats,
317 953 61 22 hafva
392 954 122 22 sedermera
535 954 69 22 blifvit
619 954 35 21 vid
669 955 55 21 1882
739 955 35 20 års
788 953 100 28 landtdag

70 984 97 19 närmare
182 981 133 22 diskuterade
330 982 38 22 och
383 982 61 21 äfven
459 982 35 22 vid
510 983 69 21 denna
594 982 102 27 landtdag
710 982 7 21 i
732 983 156 21 statsutskottet

71 1010 40 22 och
135 1010 30 21 uti
187 1012 74 20 trenne
278 1011 61 21 stånd
357 1010 95 28 utförligt
466 1011 140 22 behandlade.
636 1011 39 21 Att
690 1011 114 27 någonting
818 1011 70 21 vidare

71 1039 8 21 i
94 1038 72 27 frågan
181 1038 67 22 skulle
263 1039 70 21 kunna
348 1045 25 15 ur
387 1039 110 28 principiel
512 1039 52 22 eller
579 1045 25 16 ur
618 1039 78 22 faktisk
706 1039 105 28 synpunkt
820 1039 69 22 åstad-

70 1068 102 25 kommas,
196 1073 60 16 anser
276 1067 36 27 jag
326 1067 42 27 mig
390 1068 72 21 kunna
485 1068 47 21 med
554 1067 136 22 bestämdhet
704 1067 92 27 förneka,
812 1068 27 21 då
854 1067 36 22 det

71 1096 55 21 visat
148 1095 32 27 sig
202 1098 32 19 att
255 1096 67 21 under
341 1096 40 21 den
396 1096 100 27 temligen
510 1096 64 27 långa
588 1096 101 27 perioden
704 1096 88 21 emellan
807 1098 83 20 senaste

72 1125 40 21 och
128 1123 68 22 denna
210 1123 101 28 landtdag
326 1124 26 22 de
366 1131 45 14 som
426 1124 28 22 då
468 1125 85 27 yttrade
569 1125 40 21 den
622 1125 89 26 åsigten,
722 1126 31 19 att
762 1124 72 27 frågan
844 1124 46 22 icke

72 1159 50 15 vore
145 1152 121 27 tillräckligt
287 1152 118 27 förberedd,
427 1153 18 27 ej
466 1153 82 22 kunnat
564 1153 66 22 under
645 1153 41 21 den
700 1153 32 21 tid
746 1153 145 22 åstadkomma

72 1181 70 26 någon
164 1187 45 15 som
231 1180 55 22 helst
308 1181 123 28 ytterligare
452 1182 114 27 utredning
581 1182 6 21 i
602 1181 71 22 saken.
704 1181 32 22 På
750 1183 42 20 sätt
807 1181 39 22 och
861 1181 29 21 vis

72 1209 68 22 finner
159 1209 37 26 jag
211 1211 15 19 t.
242 1215 18 16 o.
276 1215 26 16 m.
320 1211 31 20 att
366 1209 72 28 frågan
454 1210 40 21 har
508 1210 69 21 blifvit
591 1209 105 28 betydligt
710 1209 110 23 förenklad
834 1209 7 22 i
856 1210 36 21 det

72 1239 33 20 att
127 1237 65 27 några
214 1237 22 22 af
257 1237 25 22 de
304 1237 78 28 förslag
404 1244 45 15 som
464 1238 91 27 tidigare
570 1238 73 27 gjorts,
660 1244 86 15 numera
760 1240 57 20 snart
831 1237 61 28 sagdt

72 1265 54 22 fallit
140 1267 59 20 utom
219 1266 150 22 diskussionen.
399 1266 75 22 Såsom
490 1267 66 22 saken
571 1273 29 15 nu
614 1267 52 26 står,
681 1267 79 21 vänder
774 1267 31 26 sig
819 1267 73 26 frågan

73 1294 118 27 egentligen
213 1294 61 27 kring
296 1296 76 21 tvenne
394 1295 56 21 olika
472 1295 79 27 förslag
574 1295 32 21 till
628 1295 164 21 verkställandet
814 1294 22 22 af
852 1295 41 21 den

72 1322 96 28 åsyftade
184 1322 138 28 regleringen.
351 1323 71 27 Begge
438 1323 107 28 förslagen
561 1323 135 22 framstäldes
710 1323 64 22 redan
789 1323 34 22 vid
838 1323 55 22 1880

72 1352 35 21 års
129 1351 79 21 komité
228 1351 39 22 och
282 1352 62 21 hafva
358 1352 120 22 sedermera
493 1353 168 27 representerats
676 1352 66 21 under
757 1352 25 22 de
797 1351 97 22 förhand-

73 1380 68 27 lingar
162 1386 46 15 som
226 1386 74 15 senare
317 1380 7 21 i
338 1380 65 22 saken
418 1380 118 28 försiggått.
567 1381 43 21 Det
625 1386 39 16 ena
679 1380 106 27 förslaget,
800 1386 45 15 som
857 1380 38 26 jag

73 1408 49 21 ville
144 1408 57 21 kalla
222 1408 33 21 för
277 1408 37 22 det
335 1408 113 27 kamerala,
472 1408 134 23 framstäldes
629 1409 31 21 uti
675 1408 92 22 nämnda
781 1408 79 21 komité
874 1408 23 22 af

73 1438 98 20 senatens
187 1436 38 22 der
239 1436 92 22 sittande
345 1439 77 19 tvenne
436 1437 130 26 kamrerare,
582 1436 148 28 accepterades
744 1436 64 22 sedan
822 1436 23 21 af
853 1438 49 26 sty-.

73 1464 69 22 relsen
164 1464 40 22 och
219 1464 133 22 framstäldes
367 1465 31 21 uti
414 1465 48 22 nåd.
478 1472 60 21 prop.
554 1464 59 23 såväl
628 1465 32 21 till
676 1466 54 21 1882
746 1466 34 20 års
794 1464 100 28 landtdag

73 1499 45 15 som
134 1492 74 22 denna.
238 1493 65 22 Detta
318 1493 78 27 förslag
411 1500 55 15 vann
482 1494 61 21 äfven
558 1493 35 21 vid
608 1496 85 19 senaste
707 1493 100 26 landtdag
816 1492 78 23 bonde-

73 1521 95 21 ståndets
183 1521 160 27 godkännande,
358 1522 76 21 liksom
449 1521 61 22 fallet
524 1522 61 22 äfven
600 1521 61 22 torde
676 1528 50 15 vara
736 1527 28 15 nu
774 1521 34 21 vid
816 1521 78 23 bonde-

73 1548 96 22 ståndets
184 1551 84 20 senaste
283 1549 127 27 behandling
424 1550 23 21 af
460 1550 95 22 ärendet.
581 1550 42 21 Det
638 1550 66 22 andra
717 1549 99 27 förslaget
825 1550 69 22 kunde

143 1585 43 19 N:o
201 1590 33 18 24.
805 1589 22 17 48
