1117 1703
237 129 41 35 884
503 134 16 19 R.
532 139 15 14 6.
559 134 16 18 A.
588 134 46 19 1885.
657 134 21 19 30
690 134 48 22 April.

211 200 43 23 fört
275 207 34 16 oss
331 202 55 22 ända
407 202 32 21 till
461 202 94 22 tröskeln
577 202 33 22 för
632 202 124 27 afgörandet
775 200 23 23 af
811 201 73 27 frågan
899 207 33 15 om
947 201 81 23 finskan

212 230 70 22 såsom
297 229 84 23 officielt
396 231 73 27 språk;
493 237 47 15 men
555 230 88 28 sorgligt
658 232 24 20 är
697 230 36 22 det
747 231 12 21 å
774 230 68 21 andra
856 229 66 27 sidan,
942 232 31 20 att
988 230 40 22 den

213 258 50 27 split
278 258 39 22 och
332 258 103 28 oenighet,
457 266 45 15 som
517 259 72 22 städse
604 259 69 26 åtföljt
689 262 68 18 denna
771 258 66 27 fråga,
857 258 59 22 äfven
931 264 29 15 nu
974 259 56 27 gjort

212 286 32 28 sig
259 286 96 28 gällande
369 287 40 21 och
423 288 72 27 tyckes
510 287 45 23 helt
569 288 40 21 och
624 287 66 22 hållet
704 287 138 27 omöjliggöra
857 287 35 21 det
902 286 50 22 sista
962 288 68 25 steget

214 314 58 22 öfver
287 315 67 22 denna
368 316 86 26 tröskel,
477 317 23 21 så
515 316 84 27 mycket
613 322 58 16 mera
687 322 45 16 som
747 317 137 25 meningarna
905 316 7 20 i
934 314 96 23 afseende

213 344 13 21 å
248 343 72 27 sjelfva
341 343 153 23 slutresultatet
515 344 66 22 likväl
603 345 46 21 icke
671 344 73 27 tyckas
765 349 52 16 vara
831 343 92 22 särdeles
938 343 93 27 diverge-

214 371 70 22 rande.
315 371 48 22 Men
379 379 48 15 man
441 373 40 22 har
496 373 131 27 olyckligtvis
643 373 80 21 mindre
739 373 40 21 fäst
798 372 31 50 sie
852 371 33 22 vid
907 372 40 21 den
969 371 61 28 prak-

213 400 56 21 tiska
283 399 108 28 lösningen
407 401 21 22 af
441 401 73 27 frågan
529 403 27 20 än
571 401 36 22 vid
622 401 122 26 motiverna,
760 401 40 21 och
824 400 68 27 följden
908 400 39 22 har
961 400 70 22 derför

215 428 59 27 varit,
290 431 32 19 att
336 429 41 22 alla
392 430 25 21 de
433 430 205 27 meningsolikheter,
661 436 46 15 som
721 429 68 22 under
804 429 93 22 tidernas
911 429 49 27 lopp
976 429 55 27 gjort

214 457 31 27 sig
260 457 101 27 gällande,
377 464 28 15 nu
419 459 54 27 ånya
488 458 109 28 uppdykat
612 459 7 20 i
633 458 144 22 betänkandet
787 457 40 22 och
837 457 26 22 de
873 457 32 22 till
915 457 116 22 detsamma

212 485 76 28 fogade
302 487 185 22 reservationerna.
517 487 42 27 Jag
575 489 44 20 tror
634 486 115 27 verkligen,
772 488 33 19 att
824 486 36 21 det
881 485 67 22 skulle
969 485 62 22 hafva

213 514 55 21 varit
290 521 25 14 en
333 514 108 27 möjlighet
456 518 31 19 att
501 515 174 22 sammansmälta
690 515 25 21 de
731 515 57 21 olika
804 514 134 27 meningarna
953 514 31 21 till
1000 516 31 19 ett

212 544 130 25 gemensamt
351 542 87 28 förslag;
454 543 127 22 åtminstone
596 543 67 22 skulle
679 545 33 19 tre
727 543 21 21 af
763 542 26 22 de
805 542 83 27 förslag,
904 549 45 15 som
964 542 68 22 blifvit

212 570 129 28 framstälda,
357 571 61 22 hafva
431 572 80 22 kunnat
525 572 81 27 ganska
621 572 33 21 väl
669 572 90 21 förenas.
789 571 165 21 Reservationen
968 577 34 15 n:o
1018 572 11 18 1

214 601 24 19 är
253 600 23 20 så
291 599 44 22 helt
350 600 39 22 och
404 600 65 22 hållet
484 600 111 22 afvikande
611 600 46 22 från
673 600 25 22 de
721 600 67 27 öfriga
803 599 111 27 förslagen,
937 602 31 19 att
991 599 39 21 den

213 628 90 27 troligen
325 628 45 22 icke
391 628 55 22 hade
467 629 81 21 kunnat
570 629 83 21 förenas
675 629 48 21 med
746 629 57 25 dem;
827 634 47 15 men
888 628 55 21 hvad
959 628 25 21 de
999 630 32 19 tre

214 657 66 21 andra
295 656 104 27 beträffar,
416 659 35 20 äro
468 658 26 21 de
508 658 32 21 för
556 658 35 21 det
607 658 66 21 första
687 664 50 15 ense
755 656 52 27 deri,
829 658 33 20 att
884 656 67 22 denna
973 656 59 26 fråga

212 684 43 21 kan
270 684 82 27 afgöras
367 685 27 27 på
409 687 76 20 tvänne
499 688 48 23 sätt,
566 686 13 21 d
601 692 19 14 v.
636 692 16 15 s.
668 685 55 22 både
737 691 78 22 genom
825 691 27 14 en
861 684 120 27 ständerlag
992 684 39 21 och

212 713 28 27 på
255 713 153 22 administrativ
424 716 44 25 väg,
492 721 47 14 men
555 714 61 27 skilja
631 714 32 27 sig
678 714 51 26 deri,
752 715 32 20 att
800 715 77 19 tvänne
892 713 22 21 af
927 713 47 21 dem
990 713 42 20 för-

213 741 52 22 orda
287 748 26 15 en
335 742 126 27 ständerlag,
485 743 38 21 och
545 744 32 20 ett
599 742 23 22 af
641 742 105 27 förslagen
769 741 36 22 vill
827 741 62 22 hafva
903 741 72 27 frågan
990 741 42 21 löst

214 769 75 22 endast
303 771 27 26 på
345 771 152 21 administrativ
511 773 46 25 väg,
581 773 51 19 utan
647 773 32 20 att
694 771 64 22 likväl
773 771 58 20 sätta
853 770 6 21 i
881 769 58 28 fråga
960 769 72 27 laglig-

212 798 64 21 heten
288 799 55 28 eller
359 799 133 27 möjligheten
507 799 22 22 af
543 806 26 15 en
584 799 127 28 ständerlag.
741 800 43 21 Det
799 798 67 21 skulle
882 798 80 22 således
984 797 48 22 med

213 827 70 26 någon
298 827 42 26 god
355 827 49 27 vilja
419 828 54 21 varit
488 827 80 28 möjligt
583 830 33 19 att
630 827 73 22 förena
718 828 61 22 dessa
795 826 83 28 förslag,
900 827 38 21 och
953 826 80 22 kanske

212 855 68 22 skulle
302 855 59 22 äfven
384 857 155 21 reservationen
561 863 34 15 n:o
620 858 10 19 1
654 857 81 21 kunnat
759 856 28 27 på
813 855 65 27 något
900 857 43 19 sätt
968 855 64 21 modi-

212 882 68 23 fieras.
318 884 60 21 Hvad
400 884 33 21 för
455 885 61 26 öfrigt
538 885 69 22 denna
629 885 130 22 sistnämnda
781 883 130 22 reservation
926 883 106 26 beträffar,

212 911 40 22 har
266 912 41 21 den
321 912 126 27 föregående
462 913 80 22 talaren
558 913 123 27 tillräckligt
696 914 61 21 ordat
773 913 85 24 derom;
879 912 37 27 jag
930 911 35 21 vill
988 911 44 22 der-

213 939 33 22 för
267 940 46 22 icke
336 941 84 21 vidröra
443 941 39 22 den
505 942 124 26 motivering
651 941 39 22 och
709 942 25 21 de
749 940 163 28 lagtolkningar,
934 946 46 15 som
996 940 37 21 der

213 968 68 22 blifvit
302 969 128 22 framstälda.
466 969 40 28 Jag
529 973 52 24 tror,
606 972 32 19 att
663 971 36 21 det
723 970 46 22 icke
795 969 68 22 skulle
887 968 53 22 varit
964 969 69 26 någon

213 997 73 26 skada,
309 1004 34 15 om
365 998 104 21 utskottet
490 998 54 22 hade
566 999 79 21 lemnat
667 999 153 25 motiveringen
842 998 14 20 å'
877 997 45 21 sido
944 997 39 21 och
999 1003 33 15 en-

214 1025 47 22 dast
276 1025 41 22 fäst
331 1025 31 27 sig
377 1025 34 22 vid
427 1026 157 27 slutresultatet,
604 1027 6 20 i
626 1026 97 22 afseende
741 1027 13 21 &
773 1025 82 22 hvilket
876 1025 45 21 icke
943 1025 23 21 sä
988 1026 46 20 stor

216 1053 237 28 meningsskiljaktighet
475 1054 116 23 förefinnes.
622 1055 31 27 Ty
675 1054 65 22 saken
761 1053 68 22 borde
852 1053 107 22 betraktas
980 1053 54 21 ifrån

216 1088 25 15 en
257 1082 134 26 allmännare,
408 1089 25 15 en
448 1083 65 26 högre
527 1083 112 28 synpunkt.
669 1083 44 22 När
728 1085 31 20 ett
775 1081 45 22 folk
836 1088 26 15 en
876 1082 55 26 gång
944 1081 90 27 uppnått

215 1110 41 22 den
278 1111 135 27 ståndpunkt,
437 1113 31 20 att
490 1111 36 22 det
547 1111 154 28 sjelfmedvetet
723 1111 88 22 arbetar
832 1110 32 21 för
886 1116 26 15 en
933 1109 101 22 nationell

213 1139 80 26 kultur,
309 1140 23 20 så
347 1139 41 21 kan
404 1140 48 21 dess
467 1141 43 20 rätt
525 1142 32 19 att
573 1140 96 21 använda
684 1140 37 21 sitt
736 1141 49 26 eget
801 1138 113 22 nationella
929 1138 63 27 språk
1006 1138 28 27 på

214 1167 43 22 alla
271 1167 178 27 kulturområden,
465 1168 80 21 således
560 1168 60 21 äfven
635 1169 28 26 på
676 1167 208 22 administrationens
900 1166 38 22 och
947 1165 88 28 lagstift-

214 1196 95 27 ningens,
325 1195 66 28 aldrig
406 1196 7 21 i
427 1196 60 27 fråga
501 1199 72 19 sättas.
603 1197 47 22 Den
666 1197 54 21 enda
734 1195 149 28 begränsning,
902 1201 44 15 som
961 1195 73 21 härvid

214 1224 119 26 förefinnes,
355 1226 24 19 är
393 1225 47 26 den,
463 1231 44 15 som
531 1225 25 22 de
578 1227 56 26 yttre
649 1225 162 21 förhållandena
827 1223 55 28 gifva
896 1223 34 21 vid
944 1223 90 26 handen,

214 1252 136 27 möjligheten
365 1253 51 21 eller
431 1253 147 27 omöjligheten
594 1256 32 19 att
641 1253 122 28 genomföra
779 1252 43 26 det,
846 1258 44 15 som
910 1257 60 16 anses
984 1253 50 20 rätt.

214 1281 95 21 Sålunda
324 1281 67 22 skulle
405 1281 74 27 frågan
494 1288 33 15 om
542 1281 69 22 finska
625 1282 97 27 språkets
737 1280 141 23 användande
900 1281 68 20 såsom
990 1279 44 22 offi-

215 1309 49 22 cielt
287 1309 63 27 språk
373 1310 117 27 egentligen
505 1317 50 14 vara
570 1311 80 26 ganska
665 1310 47 21 klar
727 1310 39 21 och
782 1309 42 21 lätt
839 1308 86 27 afgjord.
955 1309 41 20 Det
1012 1309 24 20 är

216 1338 75 21 endast
307 1338 26 21 de
347 1340 55 25 yttre
420 1338 179 27 förvecklingarna
622 1339 38 21 och
683 1338 42 22 alla
747 1339 26 20 de
798 1337 82 26 hinder,
902 1343 45 15 som
968 1335 68 22 blifvit

215 1366 114 27 uppstälda
350 1366 33 21 för
403 1366 177 27 förverkligandet
597 1366 23 22 af
633 1367 58 21 detta
706 1366 48 26 mål,
778 1372 47 15 som
841 1366 61 26 gjort,
925 1366 32 20 att
971 1364 65 21 saken

216 1400 29 15 nu
259 1394 68 22 blifvit
341 1395 85 21 svårare
441 1397 32 19 att
487 1395 79 27 afgöra;
590 1401 47 15 men
652 1396 28 26 på
699 1395 68 21 denna
782 1393 70 22 finska
874 1393 95 27 språkets
991 1393 45 20 inre

216 1424 44 20 rätt
274 1422 67 23 borde
357 1422 53 22 dock
425 1423 84 27 frågans
524 1423 82 27 lösning
621 1423 146 27 grundläggas,
785 1423 28 26 på
829 1428 79 15 samma
923 1423 49 23 sätt,
990 1426 46 16 som

215 1450 61 21 äfven
299 1452 36 21 det
357 1451 66 21 andra
445 1452 92 26 spräket,
559 1458 46 15 som
628 1452 66 20 under
716 1452 96 21 tidernas
827 1450 50 27 lopp
892 1450 73 20 vunnit
980 1448 56 21 med-

215 1478 134 27 borgarerätt
363 1480 6 20 i
385 1479 59 22 detta
459 1479 54 26 land,
529 1480 45 21 icke
589 1480 88 21 innehar
692 1480 30 21 sin
738 1486 28 15 nu
784 1478 92 21 varande
891 1477 98 26 ställning
1004 1476 32 21 till

214 1507 51 26 följd
281 1507 22 22 af
317 1510 64 19 annat
396 1510 26 19 än
439 1508 25 21 de
479 1508 112 21 historiska
607 1507 170 22 förhällandenas
793 1507 65 20 makt.
888 1506 42 21 Det
940 1508 24 19 är
973 1505 62 26 klart,

214 1537 31 20 att
261 1536 34 21 vid
311 1543 25 14 en
351 1536 64 21 sådan
435 1536 126 27 förändring,
585 1543 44 15 som
645 1536 46 26 den,
714 1537 87 20 hvilken
825 1541 28 14 nu
874 1534 109 27 försiggår,
1006 1534 30 21 ät-
