1106 1723
358 118 21 18 R.
392 122 15 15 6.
420 118 15 18 A.
448 118 47 19 1885.
518 118 22 18 24
552 118 47 19 Mars.
825 119 40 21 549

68 186 50 21 med
129 186 36 21 det
174 186 95 21 svåraste
286 185 23 21 af
323 186 93 21 straffen.
440 186 72 26 Enligt
530 185 107 21 allmänna
654 184 125 28 strafflagen
798 188 24 18 är
839 186 56 21 tukt-

68 213 123 23 husstraffet
209 214 36 20 det
264 215 101 24 svåraste,
383 220 48 15 men
447 214 27 22 då
489 214 65 26 enligt
570 214 59 21 detta
644 213 80 27 förslag
738 214 74 26 skärpt
827 215 68 20 arrest

69 242 35 22 vid
128 242 131 26 förvandling
281 242 32 21 till
335 242 152 22 tukthusstraff
500 244 118 20 motsvarar
632 248 27 15 en
673 241 74 27 längre
763 242 90 27 tidrymd
868 244 27 19 än

70 272 74 25 arrest,
167 272 24 20 så
213 270 67 21 skulle
299 270 36 22 det
349 277 62 21 synas
426 272 70 20 såsom
512 277 34 15 om
561 270 75 25 skärpt
650 272 70 19 arrest
734 276 51 15 vore
800 271 35 21 det
850 272 45 20 svå-

70 300 58 21 raste
150 298 87 22 straffet.
267 299 42 21 Det
330 298 93 28 framgår
445 299 107 21 dessutom
575 299 46 21 icke
645 298 103 21 huruvida
771 299 38 21 här
823 305 72 15 menas

71 327 36 22 det
126 327 66 26 straff,
208 333 45 15 som
269 326 32 22 till
316 327 31 21 sin
363 329 34 19 art
411 330 24 18 är
450 328 89 25 svårast,
555 327 52 21 eller
622 326 37 22 det
674 333 45 14 som
735 327 48 21 med
798 327 97 22 afseende

70 356 14 21 å
106 356 37 22 det
165 357 90 19 utmätta
271 357 99 25 qvantum
386 358 24 19 är
425 356 36 21 det
476 356 102 21 svåraste.
607 355 81 21 Vidare
702 354 140 23 förekommer
855 356 40 21 här

70 384 8 21 i
92 385 27 20 22
131 384 38 21 och
185 384 27 20 24
227 383 24 27 $$
267 383 39 21 den
322 384 133 26 motsägelse,
471 390 45 15 som
529 384 37 26 jag
580 383 6 21 i
603 384 42 20 min
661 384 131 20 reservation
807 384 38 21 har
859 385 37 25 på-

70 412 71 27 pekat.
171 413 12 25 S
205 412 27 20 27
255 414 24 18 är
293 412 102 22 likaledes
410 412 22 21 af
445 413 40 20 den
503 411 151 26 beskaffenhet,
670 413 32 19 att
717 412 40 20 den
772 412 123 21 förutsätter

71 446 27 16 en
120 447 28 20 ny
170 440 77 21 allmän
270 440 102 26 strafflag.
403 441 40 26 Jag
463 440 35 22 vill
515 440 54 22 dock
584 440 47 21 icke
646 442 94 24 upptaga
755 440 94 22 ståndets
864 440 31 21 tid

70 469 50 21 med
142 470 31 20 att
191 468 97 22 närmare
303 469 97 21 utveckla
415 469 26 21 de
457 468 179 27 bristfälligheter,
652 468 101 21 hvarmed
769 469 59 21 detta
839 468 57 27 kapi-

70 497 30 21 tel
123 499 24 19 är
169 496 116 26 behäftadt,
309 497 38 21 och
363 498 26 20 då
405 498 41 20 min
462 498 130 20 reservation
607 497 47 21 icke
670 496 22 22 af
703 497 85 21 ståndet
803 497 92 26 bifallits,

71 525 85 22 hvarför
167 525 38 27 jag
219 525 46 21 icke
280 525 66 21 heller
360 526 34 20 vid
410 526 24 27 88
451 527 23 20 11
493 526 38 21 och
549 526 32 25 13,
598 525 71 21 hvilka
684 524 100 22 likaledes
799 525 96 22 omfatta-

72 554 36 21 des
132 554 22 21 af
176 554 42 20 min
242 554 135 25 reservation,
400 554 56 26 gjort
478 555 65 25 något
558 554 79 25 förslag
652 554 33 20 till
700 553 95 27 ändring,
811 554 34 21 vill
858 554 37 26 jag

72 582 54 21 afstå
142 582 91 21 derifrån
248 582 63 21 också
327 582 47 21 med
389 582 99 22 afseende
503 584 13 20 å
531 582 61 21 dessa
607 582 128 26 paragrafer.

141 610 72 26 Härpä
228 610 122 26 godkändes
365 613 50 19 utan
432 610 126 27 motsägelse
574 610 28 28 $&
618 611 92 21 21—30.

142 638 135 21 Beträffande
293 638 11 28 &
320 639 23 21 31
362 639 84 27 yttrade

141 666 46 21 frih.
210 666 101 27 Wrede,
335 667 24 21 R.
383 668 34 20 A.:
441 667 41 25 Jag
497 667 36 21 vill
548 667 76 21 endast
639 667 83 27 påpeka
737 669 31 19 att
784 666 6 21 i
806 666 39 22 den
861 666 35 22 be-

72 694 111 27 stämning,
206 701 45 15 som
274 695 141 21 förekommer
437 696 6 20 i
461 698 13 18 6
490 702 62 14 mom.
569 696 21 20 af
604 696 70 20 denna
689 695 103 27 paragraf,
809 695 36 21 der
861 695 36 21 det

73 723 113 21 fastställes
208 724 69 20 säsom
300 730 25 15 en
348 723 137 22 försvärande
507 724 157 26 omständighet
688 730 34 14 om
742 724 67 26 nägon
827 722 70 26 ,förut

73 751 69 21 blifvit
163 751 86 21 straffad
272 751 32 22 för
326 752 58 21 brott
406 752 22 21 af
449 759 81 15 samma
552 752 51 21 eller
621 752 67 27 dylikt
703 752 65 26 slag",
785 752 58 21 detta
857 751 40 22 ord

74 780 93 26 wdylikt*
191 780 88 21 innebär
302 786 26 15 en
350 781 81 26 ganska
453 781 71 26 vädlig
543 780 143 27 rättsprincip.
716 780 38 21 Att
772 786 26 15 en
814 786 82 21 person,

74 814 34 15 om
129 808 41 21 han
185 808 40 21 har
239 808 73 26 begätt
327 811 31 19 ett
373 809 64 26 brott,
453 815 46 15 som
514 809 46 21 icke
576 815 37 15 ens
628 810 24 19 är
668 808 21 21 af
703 814 85 20 samma,
798 811 49 18 utan
863 814 34 15 en-

74 836 48 21 dast
137 836 22 22 af
172 839 31 18 ett
218 836 99 22 liknande
331 837 52 26 slag,
400 838 47 20 med
463 840 32 18 ett
510 839 65 19 annat
590 837 56 21 förut
662 836 104 27 begånget
775 836 58 22 brott
844 836 54 22 skall

74 864 83 22 straffas
176 867 115 24 strängare,
308 865 58 22 detta
381 866 45 21 står
441 866 128 26 fullkomligt
584 866 6 20 i
606 865 53 22 strid
675 865 47 21 med
739 865 83 26 vanliga
836 867 61 19 rätts-

74 893 110 26 principer,
208 894 39 21 och
270 894 47 21 med
340 894 26 21 de
389 894 106 27 principer
516 901 45 14 som
581 897 36 18 äro
634 893 122 27 tillämpade
770 893 7 21 i
793 893 106 22 allmänna

74 921 131 27 strafflagen.
236 922 33 21 Då
291 922 63 21 likväl
376 923 117 20 ständerna
515 923 34 20 vid
571 925 84 18 senaste
680 921 100 27 landtdag
802 922 55 26 gjort
872 927 26 16 en

75 949 88 26 ändring
184 949 115 26 härvidlag,
317 951 38 20 och
371 951 40 21 den
427 951 46 21 icke
490 957 54 15 vann
560 951 27 20 H.
606 951 48 20 M:ts
669 950 104 25 sanktion,
790 956 60 15 anser
862 950 37 26 jag

75 977 43 27 mig
133 978 45 20 icke
194 978 72 21 kunna
281 978 117 22 framställa
413 979 65 26 något
494 979 184 26 ändringsförslag.

144 1006 33 21 Då
196 1008 69 25 någon
285 1007 88 26 ändring
392 1007 22 21 af
428 1007 124 27 paragrafen
569 1007 45 21 icke
630 1006 125 27 föreslagits,
770 1006 130 27 tillfrågades

74 1033 24 22 R.
123 1041 19 14 o.
165 1035 24 20 A.
214 1035 76 20 endast
310 1035 21 21 af
353 1035 24 21 hr
396 1035 202 26 landtmarskalken,
617 1035 103 21 huruvida
735 1035 24 21 R.
776 1041 20 15 o.
812 1035 23 20 A.
852 1034 48 21 ville

73 1062 114 26 godkänna
202 1063 131 26 paragrafen,
349 1063 85 21 hvartill
449 1065 87 20 ständet
551 1064 89 20 svarade
655 1064 48 20 med
718 1063 88 21 allmänt
818 1063 29 26 ja.

143 1090 23 27 88
183 1091 84 21 32—45
283 1090 68 22 blefvo
368 1094 50 19 utan
435 1092 89 26 ändring
538 1092 120 26 godkända.

142 1118 40 21 Vid
200 1119 149 27 föredragning
363 1120 23 21 af
400 1120 12 28 8
427 1120 28 21 46
470 1120 85 27 yttrade

143 1146 46 22 frih.
213 1147 104 27 Wrede,
333 1148 19 20 R
373 1147 37 22 A.:
426 1148 41 27 Jag
483 1148 38 22 ber
536 1148 55 21 blott
606 1150 33 19 att
653 1148 7 20 i
675 1148 86 21 korthet
776 1148 21 20 få
812 1147 88 27 påpeka,

75 1174 32 22 till
124 1175 70 21 hvilka
209 1176 116 21 ledsamma
340 1176 103 27 päföljder
459 1183 62 15 mom.
537 1176 17 25 f)
570 1176 7 21 i
593 1176 69 21 denna
676 1176 101 27 paragraf
789 1176 41 21 kan
845 1175 55 26 leda,

74 1202 82 22 hvilket
173 1210 62 14 mom.
252 1204 89 21 handlar
356 1211 33 15 om
406 1204 115 27 vägvisare.
552 1205 42 21 Det
609 1206 24 20 är
648 1204 106 27 nämligen
769 1210 28 15 nu
812 1204 23 21 sä
850 1203 51 21 stili-

75 1232 78 25 seradt,
175 1233 32 19 att
222 1232 116 26 vägvisare,
355 1239 33 15 om
404 1233 41 21 han
461 1233 49 21 med
526 1233 52 21 eller
593 1234 45 20 mot
652 1233 32 21 sin
701 1232 48 26 vilja
764 1232 59 22 leder
837 1234 64 24 trupp

75 1261 44 19 rätt
142 1259 51 21 eller
215 1262 63 24 orätt,
302 1261 7 20 i
332 1261 63 26 ingen
417 1261 102 21 händelse
535 1262 60 20 torde
610 1261 72 21 kunna
697 1261 69 26 undgä
782 1259 119 27 dödsstrafi,

76 1288 23 22 sä
121 1290 32 18 att
175 1294 25 15 en
224 1294 83 21 person,
329 1295 46 15 som
391 1289 68 21 blifvit
475 1292 91 24 antagen
582 1289 31 21 till
629 1289 109 27 vägvisare
753 1289 38 21 har
805 1288 32 22 sin
853 1288 48 20 dom

76 1316 27 26 pä
126 1315 88 22 förhand
237 1316 75 26 gifven.
342 1317 36 21 Uti
403 1318 58 21 detta
484 1324 62 15 mom.
563 1318 53 21 hade
632 1318 66 20 också
712 1317 140 27 lagutskottet
867 1315 35 21 vid

76 1344 52 21 sista
151 1344 127 27 landtdagen
300 1345 109 27 föreslagit
431 1352 26 15 en
481 1346 95 26 ändring,
599 1352 45 14 som
669 1346 64 20 ocksä
753 1345 23 21 af
788 1344 115 22 ständerna

76 1372 127 26 godkändes.
234 1373 41 26 Jag
297 1374 40 20 har
357 1376 70 19 ansett
450 1374 37 21 det
502 1380 51 15 vara
568 1374 44 21 min
626 1374 121 27 skyldighet
761 1374 68 20 säsom
846 1371 57 21 med-

76 1400 42 21 lem
140 1400 23 21 af
183 1401 146 27 lagutskottet,
352 1404 31 18 att
407 1402 33 21 vid
464 1403 27 20 de
510 1402 127 27 paragrafer,
654 1402 37 21 der
706 1402 25 21 de
747 1400 156 26 bestämningar

76 1428 137 26 förekomma,
237 1435 45 15 som
306 1430 65 26 enligt
394 1430 43 21 min
457 1431 65 21 tanke
538 1432 36 20 äro
591 1430 63 21 minst
669 1430 101 26 förenliga
785 1429 48 21 med
847 1428 56 22 hvad

77 1462 49 16 man
148 1457 68 21 skulle
239 1458 73 26 önska,
328 1458 54 21 fästa
397 1459 98 21 ständets
510 1458 187 27 uppmärksamhet
712 1458 79 25 dervid,
807 1463 46 15 men
866 1456 37 27 jag

77 1484 36 21 vill
136 1486 27 26 pä
181 1485 90 21 förhand
286 1488 83 24 nämna,
385 1488 32 19 att
429 1486 38 27 jag
481 1487 115 27 ingalunda
610 1488 39 25 gör
664 1486 61 22 dessa
740 1485 163 26 anmärkningar
