1106 1761
216 125 51 42 594:
495 136 15 18 R.
523 141 15 14 6.
552 137 15 20 A.
579 137 47 22 1885.
650 136 11 20 8
673 136 47 24 April;

188 203 95 27 elfdelar,
299 204 142 22 innefattande
464 205 61 22 Kemi
541 205 67 22 härad
624 205 48 22 med
687 205 37 22 sitt
740 204 92 26 laxfiske,
848 204 32 21 sin
896 204 121 27 ladugärds-

189 232 80 21 skötsel
294 233 39 20 och
351 233 45 21 sina
411 233 253 27 flötningsförhällanden,
680 240 45 15 som
738 233 80 27 jemväl
833 233 68 21 bildar
916 239 25 15 en
957 233 69 21 verld-

189 261 33 21 för.
244 261 37 26 sig.
312 261 31 21 De
366 261 63 22 södra
451 262 125 24 häraderna,
597 262 49 21 Salo
666 262 38 21 och
720 261 135 27 Haapajärvi,
871 263 146 24 representera

187 289 232 26 jordbruksintressena
435 291 40 20 och
489 290 58 21 likna
563 296 58 15 mera
636 291 26 20 de
678 290 66 26 öfriga
760 290 110 20 trakterna
885 289 22 21 af
920 289 95 25 Finland,

189 323 49 15 men
253 316 62 22 hafva
331 318 62 21 ocksä
409 318 61 22 hvart
485 318 32 21 för
532 318 32 27 sig
579 319 31 21 sin
626 318 104 22 särskilda
746 318 167 26 afsättningsort,
929 318 39 20 och
983 318 34 20 sä-

189 345 59 21 ledes
263 344 57 22 olika
335 345 102 23 intressen
448 347 47 21 med
506 346 98 22 afseende
615 348 13 20 &
640 346 241 22 kommunikationerna.
901 345 115 27 Angäende

189 372 66 22 Wasa
277 373 33 21 län
333 374 59 21 anför
415 375 94 21 komitén
530 375 6 21 i
552 376 36 20 sitt
604 376 141 24 betänkande,
762 376 31 20 att
808 374 209 27 guvernörsembetet

190 401 117 26 derstädes,
331 402 26 22 dä
375 402 58 27 fräga
448 404 86 21 väcktes
550 410 34 14 om
600 403 109 21 införande
725 403 21 21 af
761 404 98 25 länsting,
876 402 92 26 anförde,
984 404 32 19 att

190 429 90 28 somliga
303 430 91 21 härader
416 431 61 21 hafva
500 432 49 21 rakt
571 432 88 26 stridiga
674 431 103 22 intressen
794 433 43 18 mot
853 431 71 20 andra.
956 430 61 21 Hvad

190 458 66 22 sedan
272 459 25 20 de
313 459 66 26 öfriga
394 459 61 21 länen
472 460 137 26 vidkommer,
626 461 37 20 der
678 459 160 22 förhällandena
854 461 37 18 äro
907 465 44 14 mer
965 459 52 20 eller

191 486 82 22 mindre
288 487 123 27 homogena,
427 488 41 21 kan
485 489 35 20 det
535 488 46 21 icke
597 490 58 19 möta
670 489 66 26 nägra
749 487 120 28 synnerliga
880 487 135 26 svärigheter,

190 515 100 26 antingen
305 522 48 14 man
372 515 85 22 förenar
471 516 50 22 flere
537 517 51 20 eller
604 517 55 21 färre
674 517 126 21 kommuner
815 515 32 21 till
861 521 156 21 gemensamma

191 545 68 19 större
283 544 106 26 omräden,
406 545 122 26 isynnerhet
549 551 45 15 som
610 545 48 21 hela
674 545 68 21 denna
758 544 67 26 fräga,
841 545 26 25 pä
881 545 42 19 sätt
939 543 79 26 profes-

190 577 37 15 sor
241 572 87 21 Donner
346 572 115 27 ifrägasatt,
478 573 70 21 kunde
566 575 66 19 sättas
651 573 3 20 i
670 573 104 21 samband
790 573 47 20 med
853 578 25 14 en
893 571 125 27 välbehöflig

189 599 81 22 allmän
292 601 166 26 reorganisation
481 602 39 20 och
543 601 130 27 ombildning
695 601 23 21 af
738 601 74 21 landet
826 600 7 21 i
848 599 169 26 administrativt,

187 628 98 26 judicielt
307 629 39 21 och
364 629 154 22 esklesiastiskt
534 629 104 22 afseende.
669 630 121 21 Ständerna
813 628 62 22 hafva
897 628 121 26 visserligen

190 658 79 20 tvänne
289 658 78 25 gänger
382 658 38 21 hos
435 658 83 22 landets
534 658 88 27 styrelse
638 658 138 27 petitionerat
792 664 33 14 om
841 659 32 19 att
889 656 46 21 dem
951 656 67 21 skulle

191 684 118 28 föreläggas
332 685 77 27 förslag
433 693 33 15 om
489 686 109 22 införande
617 686 22 22 af
655 686 98 27 länsting.
785 686 33 21 Då
833 685 82 21 landets
930 684 88 28 styrelse

191 712 143 22 efterkommit
357 714 68 22 denna
449 715 124 21 ständernas
596 714 98 27 begäran,
718 715 24 21 sä
764 714 40 21 har
820 714 40 21 den
873 714 24 26 ju
911 713 56 27 gjort
982 713 37 21 det

191 741 76 21 främst
280 742 32 21 för
327 744 32 19 att
374 742 42 22 visa
432 743 188 26 tillmötesgäende,
637 745 50 19 utan
704 745 32 19 att
749 743 38 21 det
797 742 71 21 kunde
879 748 60 14 anses
949 742 70 20 säsom

191 772 32 19 ett
232 770 114 27 styrelsens
361 773 48 24 eget
423 771 97 21 initiativ.
542 771 38 21 Om
596 772 114 20 ständerna
726 778 35 19 nu,
774 771 28 21 dä
816 771 25 20 de
851 770 33 21 för
894 770 65 20 första
969 770 50 26 gän-

191 804 40 20 gen
247 798 62 22 hafva
323 798 82 22 tillfälle
421 802 32 19 att
468 802 97 19 närmare
583 800 65 20 tänka
663 800 32 26 sig
710 800 21 20 in
747 800 7 20 i
770 799 41 21 och
828 798 107 27 begrunda
951 798 68 21 denna

190 826 67 27 fräga,
279 826 58 22 finna
359 828 72 26 nödigt
454 830 32 19 att
508 828 46 21 icke
576 828 6 20 i
606 828 87 27 princip,
710 834 48 15 men
774 827 32 21 till
822 826 81 22 formen
918 826 65 21 önska
998 825 21 22 fä

190 855 43 21 den
256 856 27 26 pä
306 858 64 19 annat
392 858 43 19 sätt
454 857 87 25 ordnad,
560 858 24 20 sä
600 857 64 26 vägar
676 857 36 25 jag
727 856 90 26 hoppas,
833 857 32 19 att
880 854 82 22 landets
977 856 42 25 sty-

191 882 55 22 relse
269 883 46 21 icke
337 883 54 22 skall
414 883 94 22 befinnas
526 884 71 27 ovillig
612 886 32 19 att
659 885 61 20 äfven
735 884 71 21 denna
821 884 55 26 gäng
891 882 128 26 tillmötesgä

191 911 126 21 ständernas
332 912 95 21 uttalade
443 913 133 26 önskningar.
603 913 45 21 Och
663 913 56 21 hvad
734 919 29 14 nu
779 911 98 27 slutligen
893 911 58 20 detta
962 910 55 27 högl.

190 939 65 22 ständ
275 939 136 26 vidkommer,
427 941 33 20 till
476 941 80 21 hvilket
568 941 37 26 jag
620 941 39 21 har
682 941 40 21 den
738 943 52 19 äran
808 942 31 19 att
854 939 50 26 tala,
920 939 23 21 sä
959 938 61 27 djerf-

191 973 36 16 ves
247 968 38 26 jag
306 967 78 23 föreslä
404 969 122 26 detsamma,
543 971 32 19 att
591 969 41 26 det,
648 970 27 26 pä
690 969 69 26 grund
775 968 23 21 af
811 968 55 21 hvad
879 968 37 26 jag
931 973 28 15 nu
975 966 45 22 haft

192 997 51 20 äran
267 995 78 27 anföra,
370 998 66 20 mätte
458 997 73 22 förena
548 998 32 26 sig
595 1004 34 15 om
645 998 40 21 den
701 997 22 22 af
737 996 168 22 bondeständets
920 995 39 22 och
973 994 48 22 fler-

191 1023 64 22 talets
278 1024 22 21 af
321 1026 166 25 presteständets
509 1025 118 22 ledamöter
644 1026 7 21 i
666 1026 108 21 utskottet
790 1024 123 21 framstälda
927 1029 93 16 reserva-

192 1052 51 27 tion,
267 1053 48 21 med
337 1053 99 27 antingen
460 1054 129 27 uteslutning
608 1053 22 22 af
644 1054 61 21 ordet
721 1053 122 26 ,nationel*
860 1053 51 21 eller
926 1052 47 21 dess
989 1057 31 16 er-

189 1081 101 21 sättande
312 1081 49 21 med
383 1082 92 25 ,lokal*.
512 1083 39 26 Jag
574 1083 64 26 vägar
661 1082 68 21 uttala
752 1081 42 21 den
819 1080 144 28 öfvertygelse,
989 1081 31 20 att

191 1109 25 20 R.
241 1115 19 15 o.
283 1109 26 21 A.
332 1109 121 27 härigenom
477 1110 66 21 skulle
566 1111 53 26 begå
642 1117 25 15 en
686 1110 6 21 i
708 1117 46 14 mer
770 1111 27 20 än
814 1111 30 19 ett
859 1109 98 21 afseende
972 1109 49 20 sant

191 1137 114 27 patriotisk
320 1138 107 27 handling.

262 1166 32 21 Hr
316 1166 139 22 Mechelin:
480 1167 49 21 Med
552 1167 38 21 allt
610 1167 135 21 erkännande
763 1165 23 21 af
800 1166 40 20 den
855 1165 119 27 betydande
989 1170 32 15 er-

191 1193 98 22 farenhet
312 1194 7 21 i
341 1194 71 27 frågor
433 1195 91 21 rörande
542 1196 46 20 vårt
602 1195 62 21 lands
679 1194 178 25 administration,
873 1199 46 15 som
934 1192 40 22 den
990 1198 31 26 se-

191 1224 62 19 naste
271 1222 64 21 ärade
354 1223 81 21 talaren
457 1224 42 20 kan
521 1223 82 27 förfoga
627 1223 58 21 öfver
700 1223 32 21 till
748 1222 51 22 stöd
814 1222 32 20 för
861 1221 46 22 sina
921 1221 79 27 äsigter
1013 1226 9 26 i

191 1250 138 22 förevarande
351 1250 66 27 fräga,
440 1251 67 29 finner
526 1252 36 26 jag
585 1251 42 27 mig
645 1252 53 20 dock
714 1252 48 20 icke
778 1250 72 21 kunna
865 1250 111 21 instämma
991 1250 31 20 uti

193 1278 26 21 de
234 1278 79 26 äsigter
329 1278 25 22 hr
369 1286 41 14 von
425 1279 86 22 Alfthan
528 1280 38 20 har
581 1280 83 21 uttalat.
696 1279 64 22 Hvad
776 1278 101 22 särskildt
892 1278 131 21 vidkommer

191 1306 106 28 yrkandet
319 1309 32 19 att
373 1308 25 20 R.
419 1314 18 15 o.
458 1308 25 21 A.
504 1308 66 22 borde
584 1308 88 21 framför
686 1308 118 21 utskottets
820 1306 135 22 betänkande
969 1305 54 21 före-

192 1335 67 27 draga
281 1335 40 21 den
344 1335 71 21 dertill
437 1336 75 27 fogade
530 1337 164 25 reservationen,
710 1337 23 21 sä
749 1342 53 14 vore
818 1336 41 24 det,
876 1335 70 21 derest
961 1333 62 27 syfte-

191 1363 67 21 mälet
280 1364 6 20 i
310 1364 69 21 denna
401 1365 130 21 reservation
553 1364 33 21 till
608 1364 105 28 äfventyrs
732 1370 72 15 vunne
819 1363 109 27 pluralitet
943 1362 6 20 i
965 1362 58 21 detta

191 1392 70 26 stånd,
277 1392 64 21 likväl
357 1398 26 15 en
398 1392 156 27 nödvändighet
573 1394 32 20 att
620 1393 27 21 dä
661 1392 151 22 åstadkomma
828 1398 25 14 en
869 1397 69 15 annan
953 1390 71 22 bättre

191 1420 140 25 genomtänkt
346 1420 39 22 och
401 1420 71 22 bättre
487 1420 88 22 affattad
591 1421 125 27 motivering
732 1420 80 26 derför,
824 1422 27 19 än
865 1420 40 20 den
918 1418 31 22 uti
959 1418 65 27 sagda

191 1448 132 21 reservation
345 1448 129 22 framstälda.
504 1450 39 20 Att
566 1452 14 18 t.
604 1456 31 14 ex.
659 1450 61 20 stöda
744 1449 40 21 sitt
803 1448 136 27 afstyrkande
962 1446 22 22 af
998 1452 27 16 en

191 1474 217 28 länsrepresentation
424 1477 71 27 derpä,
511 1479 32 19 att
558 1477 46 22 icke
620 1477 41 22 alla
676 1477 121 22 ledamöter
812 1476 7 21 i
834 1477 32 20 ett
886 1476 77 21 sädant
979 1475 46 26 ting

191 1503 73 22 kunde
287 1504 69 21 känna
379 1505 6 20 i
409 1505 64 27 detalj
496 1505 72 27 hvarje
584 1505 58 22 lokal
656 1505 65 27 fråga,
738 1511 49 16 som
803 1505 34 21 vid
853 1506 32 19 ett
899 1503 67 28 dylikt
980 1503 45 27 ting

192 1531 44 22 kan
258 1531 138 29 förekomma,
419 1533 40 22 och
481 1535 31 20 att
534 1534 71 21 häruti
624 1540 23 15 se
662 1535 32 20 ett
708 1533 79 22 hinder
802 1533 32 21 för
849 1539 26 15 en
891 1532 66 21 sådan
971 1537 54 16 sam-
