1114 1725
375 136 16 18 R.
404 140 15 15 0.
432 136 16 18 A.
461 135 90 20 18856.5:27
563 135 48 23 April.
839 135 42 22 811.

146 206 73 27 grefve
234 205 125 26 Armfelt,
375 206 33 24 A.,
425 211 45 15 som
486 204 93 28 yttrade:
604 204 43 26 Jag
662 204 39 21 ber
716 205 33 19 att
764 203 22 21 fä
800 209 110 15 reservera

78 235 43 26 mig
145 237 45 19 mot
215 234 99 24 beslutet,
340 234 89 21 emedan
453 234 37 26 jag
514 234 47 20 icke
577 233 40 21 har
632 232 84 22 kunnat
730 232 91 26 bidraga
835 232 33 20 till
883 238 27 14 en

79 264 110 25 orättvisa,
215 269 44 15 som
282 262 141 27 ovilkorligen
439 262 56 21 skall
511 262 66 21 blifva
592 261 130 21 ruinerande
737 260 35 22 för
786 260 52 22 vära
852 262 57 19 rust-

78 292 88 21 hällare.

147 321 33 21 Hr
195 320 197 23 landtmarskalken
414 319 126 22 framstälde
561 318 70 27 härpä
645 318 96 28 följande
757 318 154 26 omröstnings-

79 350 133 26 proposition
227 348 32 21 till
274 348 25 22 R.
316 355 18 15 o.
351 348 37 21 A:s
403 348 145 21 besvarande:

148 378 53 26 Den,
218 383 45 15 som
278 377 124 27 godkänner
417 377 118 21 utskottets
546 375 298 28 sammanjemkningsförslag
855 374 56 22 oför-

80 406 99 26 ändradt,
195 407 70 20 röstar
278 406 33 26 ja;

148 436 74 20 vinner
236 434 40 27 nej,
292 434 64 27 utgår
371 434 235 27 tillägesresolutionen
622 433 7 21 ä
643 433 62 21 sid.
695 428 13 38 4
716 432 23 22 af
747 432 164 26 sammanjemk-

80 464 170 27 ningsförslaget.

149 492 46 22 Och
209 492 45 21 blef
268 492 69 21 denna
362 491 280 27 omröstningsproposition
657 490 107 22 besvarad
779 490 48 21 med
844 488 68 22 öfver-

80 521 96 27 vägande
192 521 40 27 nej.

149 550 71 21 Sedan
243 549 48 21 frih.
318 555 41 15 von
383 548 70 22 Born
470 549 82 21 erinrat
567 555 35 15 om
618 548 37 21 det
670 547 23 21 af
707 548 26 20 hr
747 547 73 21 Taube
836 546 76 27 gjorda

81 579 39 21 och
143 579 24 20 af
190 578 107 27 ätskilliga
320 578 68 21 talare
414 577 149 22 understödda
578 577 106 27 förslaget
699 579 32 18 att
747 576 24 21 sä
786 575 126 22 kombinera

80 607 102 27 frägorna
196 607 109 26 angäende
321 606 112 21 rusthälls-
449 607 40 20 och
505 606 190 25 rotevakanserna,
711 607 32 19 att
759 605 26 21 de
801 604 68 21 skulle
878 603 34 22 stä

81 636 53 21 eller
149 635 56 22 falla
219 635 49 21 med
283 635 126 26 hvarandra,
431 635 71 22 beslöt
518 635 25 21 R.
559 641 18 15 o.
594 635 26 21 A.
636 637 33 18 att
684 634 178 26 författningarne
877 634 35 19 rö-

81 665 66 20 rande
163 663 129 22 rusthällens
315 664 101 27 ställning
439 664 41 21 och
496 663 185 22 rotevakanserna
696 663 68 21 skulle
779 661 134 22 beträffande

82 693 62 21 deras
160 693 104 21 trädande
279 693 7 20 i
301 693 98 26 gällande
415 692 60 21 kraft
490 699 53 14 vara
558 692 22 21 af
594 691 122 22 hvarandra
732 691 112 22 beroende.

151 778 177 21 Statsutskottets
352 778 139 21 betänkande
505 785 35 14 n:o
557 779 26 20 12
599 778 7 21 i
622 777 115 27 anledning
752 777 23 21 af
788 777 48 21 nåd.
852 781 60 22 prop.

83 807 109 27 angående
218 807 115 21 anvisande
358 807 23 20 af
394 807 71 21 medel
481 807 33 21 till
529 807 140 21 bestridande
685 806 22 21 af
721 806 144 21 kostnaderna
880 804 33 21 för

82 836 130 26 landtdagen
242 836 51 20 1888
310 835 39 21 och
364 836 7 20 i
387 836 156 26 sammanhang
559 835 88 21 dermed
663 835 172 21 statsutskottets
851 832 63 22 skrif-

81 864 57 22 velse
154 864 48 21 med
217 864 156 26 framställning
390 870 34 15 om
439 864 122 27 beviljande
572 864 27 21 "åt
615 863 157 27 stenografiska
788 862 126 26 föreningen

83 893 22 21 af
119 894 31 20 ett
165 892 180 27 tillskottsanslag
361 894 32 20 att
407 892 89 27 päföras
511 892 145 22 innevarande
672 892 114 26 landtdags
797 890 117 22 kostnader

82 921 70 21 blefvo
168 921 23 21 af
205 921 25 21 R.
246 927 18 15 o.
281 922 25 20 A.
322 923 52 19 utan
390 921 124 21 diskussion
529 921 122 27 godkända.

151 1006 121 28 Föredrogs
296 1006 177 22 bankutskottets
496 1006 137 22 betänkande
655 1012 36 16 n:o
707 1006 12 21 3
736 1012 33 15 om
784 1007 48 25 nytt
848 1004 67 27 regle-

82 1037 70 19 mente
169 1036 40 20 och
232 1037 42 19 stat
296 1036 34 21 för
345 1036 103 20 Finlands
463 1036 60 21 bank
539 1037 56 20 samt
609 1042 29 20 my
653 1035 131 21 instruktion
799 1034 35 21 för
848 1033 68 21 bank-

82 1064 140 25 fullmäktige.

152 1092 67 22 Ordet
234 1092 104 28 begärdes
352 1093 34 21 till
401 1092 55 22 först
472 1092 24 22 af

151 1121 26 21 hr
192 1121 188 27 Oharpentier,
404 1128 46 14 som
469 1122 95 26 yttrade:
594 1121 35 22 Dä
644 1121 37 21 det
696 1122 23 20 är
735 1120 133 22 direktionen
883 1119 33 21 för

83 1149 101 22 Finlands
200 1150 62 27 bank,
279 1157 45 15 som
340 1150 54 22 skall
409 1150 120 22 verkställa
544 1150 26 22 de
585 1150 77 26 beslut,
679 1155 46 16 som
740 1149 114 22 ständerna
862 1148 55 21 fatta

82 1179 7 20 i
104 1178 72 27 frägor
192 1179 91 22 rörande
305 1179 91 24 banken,
412 1179 40 22 och
469 1185 47 16 som
532 1185 49 21 eger
597 1181 32 19 att
643 1179 98 26 tillämpa
757 1179 25 20 de
797 1177 120 22 förändrin-

83 1213 37 20 gar
135 1207 8 20 i
158 1207 146 27 reglementet,
320 1214 46 15 som
380 1208 88 21 komma
485 1210 32 19 att
532 1208 105 27 vidtagas,
653 1207 24 22 sä
689 1207 35 21 mä
740 1207 36 21 det
783 1207 80 20 tillätas
873 1205 44 25 mig

83 1237 32 20 att
129 1235 8 22 i
152 1236 114 27 anledning
282 1236 23 21 af
317 1236 141 22 förevarande
474 1237 137 21 betänkande
626 1236 22 21 fä
662 1237 58 26 yttra
735 1236 66 26 nägra
812 1235 44 21 ord.
875 1233 43 22 Vid

84 1264 68 21 denna
168 1264 101 27 landtdag
284 1265 64 22 hafva
367 1265 70 21 blifvit
452 1265 129 22 framstälda
595 1265 81 26 förslag
690 1264 33 21 till
739 1263 179 28 genomgripande

83 1293 149 27 förändringar
246 1294 7 20 i
269 1293 95 22 bankens
386 1294 139 27 reglemente,
548 1293 102 22 särskildt
665 1293 132 22 beträffande
812 1291 106 22 bankfull-

83 1321 237 28 mäktiginstitutionen,
346 1324 66 19 sättet
436 1323 36 20 för
498 1323 157 21 ledamöternes
670 1322 8 21 i
694 1321 132 22 direktionen
841 1319 76 22 tillsät-

83 1350 71 26 tande,
180 1351 39 20 och
245 1351 91 21 rörande
359 1351 151 27 skyldigheten
524 1351 33 21 för
573 1351 146 22 direktionens
733 1350 138 21 medlemmar
886 1349 33 20 att

83 1381 91 19 närvara
199 1379 35 21 vid
259 1379 145 27 fullmäktiges
419 1379 183 22 sammanträden.
633 1379 50 22 Med
698 1379 106 27 synnerlig
818 1376 101 23 tillfreds-

83 1407 94 22 ställelse
193 1407 39 22 har
245 1408 37 27 jag
297 1410 120 24 annoterat,
434 1410 35 19 att
485 1410 79 19 tvänne
579 1408 24 21 af
616 1408 63 21 dessa
694 1407 79 27 förslag
787 1406 64 21 hafva
865 1411 54 15 vun-

84 1436 31 21 nit
131 1436 88 21 odeladt
238 1437 156 26 godkännande
418 1437 41 21 hos
478 1436 173 22 bankutskottet.
682 1436 63 21 Hvad
759 1433 102 24 beträffar
876 1433 42 22 för-

85 1464 67 27 slaget
178 1471 34 15 om
238 1471 26 15 en
288 1465 117 22 förändrad
431 1465 149 27 organisation
595 1465 24 21 af
632 1465 140 26 fullmäktige,
788 1463 24 22 så
826 1463 43 21 kan
882 1462 37 27 jag

84 1493 115 26 ingalunda
214 1499 57 20 anse,
297 1496 33 19 att
350 1494 36 21 det
400 1500 29 15 nu
444 1493 123 28 framlagda
581 1493 69 22 skulle
665 1500 52 15 vara
733 1493 35 21 det
782 1492 54 21 allra
852 1492 67 25 bästa,

84 1527 45 15 som
144 1521 72 22 kunde
231 1522 160 27 ifrågakomma.
421 1522 43 27 Jag
483 1523 127 21 förutsätter
625 1524 32 19 att
673 1523 36 20 det
724 1521 54 22 skall
792 1521 87 21 komma
894 1525 26 16 en

84 1549 38 26 tid,
139 1550 27 21 dä
182 1556 49 15 man
247 1551 56 21 inser
318 1550 96 22 fördelen
429 1551 52 21 utaf
495 1553 32 19 att
543 1551 126 22 ständernas
684 1549 134 27 fullmäktige
828 1549 47 21 teke
886 1549 34 20 ut-
