1111 1773
225 129 40 22 846
486 130 16 18 R.
515 134 15 14 0.
542 130 16 18 A.
571 130 47 18 1885.
642 130 21 18 30
676 130 47 22 April.

197 199 37 25 got
248 196 114 22 understöd
376 196 32 22 för
427 192 183 36 Fredrikshamn—
619 192 90 36 Kouvola
727 198 69 22 banan
807 197 51 22 eller
869 197 69 22 hvilka
949 197 65 22 andra

197 226 66 22 banor
278 232 45 16 som
339 225 59 27 helst,
414 226 47 22 med
476 226 108 28 undantag
599 226 22 22 af
634 228 31 20 ett
675 233 39 21 par
724 226 81 22 mindre
815 225 73 27 banor,
900 232 33 15 om
944 226 70 22 hvilka

198 254 36 22 det
255 254 54 22 varit
331 254 64 27 fräga,
418 254 104 28 nämligen
546 255 94 27 anslaget
662 255 33 21 för
716 255 93 27 Wiborg,
827 261 44 15 som
887 256 81 26 uppgär
982 254 32 22 till

198 285 31 19 ett
248 282 150 27 jemförelsevis
420 283 116 27 obetydligt
558 283 84 28 belopp,
666 284 38 21 och
723 290 26 15 en
766 283 62 26 bana,
844 289 45 15 som
903 283 111 21 framdeles

197 310 146 26 förekommer,
359 311 40 21 den
414 312 31 21 till
460 312 124 26 Jakobstad,
601 312 37 22 der
652 312 104 22 särskilda
771 312 180 26 omständigheter
962 311 53 22 före-

197 339 91 26 komma,
311 339 75 27 hvilka,
410 346 33 16 om
466 340 114 27 någonting
602 340 53 22 skall
678 341 85 21 komma
780 340 32 21 till
827 340 68 26 stånd,
911 340 104 27 berättiga

198 368 69 22 denna
281 368 56 22 bana
351 368 31 21 till
397 368 120 22 erhällande
532 369 22 21 af
567 369 126 21 subvention
708 376 29 14 nu
751 371 80 25 genast.

267 396 32 22 Hr
308 396 197 28 Pippingsköld:
518 397 94 22 Oaktadt
622 398 69 21 tidens
702 397 72 27 allvar,
785 397 88 22 oaktadt
881 396 133 28 möjligheten

198 425 22 22 af
240 427 58 19 stora
321 425 84 27 utgifter
427 426 33 21 för
478 426 77 26 landet,
579 428 68 20 större
662 428 27 20 än
704 426 55 22 hvad
774 432 49 15 man
838 425 32 21 för
885 425 130 22 närvarande

199 454 41 22 kan
255 454 100 26 beräkna,
370 455 23 21 sä
408 454 86 22 hindrar
508 455 54 21 intet
577 455 114 21 ständerna
706 457 33 19 att
753 454 128 22 understöda
897 454 51 22 eller
963 453 52 22 afslä

200 483 25 22 de
247 482 92 28 begärda
361 483 180 22 subventionerna.
573 484 45 21 Här
640 483 66 27 gäller
725 484 24 27 ju
771 483 46 22 icke
837 485 32 19 att
883 483 69 22 lemna
966 482 47 22 dei

198 511 60 28 fråga
275 511 91 22 varande
382 511 81 22 medlen
478 512 45 21 från
538 512 277 25 kommunikationstonden,
831 513 51 20 utan
897 511 39 22 här
950 511 66 26 gäller

200 539 55 22 blott
277 540 123 21 ständernas
419 540 173 22 rekomendation
607 541 39 21 hos
660 541 109 27 styrelsen.
801 540 105 27 Styrelsen
922 546 49 21 eger
985 545 31 16 se-

200 568 41 22 dan
263 568 46 22 fritt
331 571 31 18 att
376 568 76 23 förfara
467 569 52 22 efter
534 569 108 27 möjlighet
658 569 38 22 och
712 569 59 22 bästa
786 569 69 27 insigt,
871 569 40 21 oeh
925 568 53 21 intet
992 570 25 19 är

200 596 103 23 förloradt
318 603 33 16 om
367 597 19 21 vi
401 597 38 22 här
454 598 136 27 understödja
605 600 31 19 ett
650 598 7 21 i
673 599 31 26 sig
716 597 48 28 sjelf
773 597 52 28 godt
835 597 82 27 förslag.
944 596 72 23 Skulle

201 625 88 27 derföre,
312 626 68 21 såsom
403 626 25 21 hr
449 626 65 27 Spåre
530 626 38 21 här
583 626 113 27 föreslagit,
713 633 25 15 en
753 626 87 27 lämplig
854 626 77 21 bibana
946 625 70 22 kunna

201 654 162 26 åstadkommas,
386 654 78 22 hvilket
486 657 24 19 är
527 655 111 27 oafgjordt,
661 655 87 22 emedan
771 655 49 26 inga
834 654 182 22 förundersöknin-

201 688 38 21 gar
261 683 62 21 hafva
344 683 62 26 skett,
426 684 22 21 så
464 685 24 20 är
502 683 36 22 det
552 683 51 22 visst
618 683 46 22 skäl
679 685 32 20 att
726 683 85 22 förorda
826 689 25 15 en
867 683 65 22 sådan
946 684 70 25 utväg,

186 725 4 6 »
200 710 112 28 förmånlig
327 711 32 22 för
373 711 169 27 Fredrikshamn,
557 712 74 23 ehuru,
647 719 48 14 man
704 713 47 20 kan
772 712 107 21 föreställa
889 712 37 26 sig,
937 711 80 22 Kotka-

201 739 79 22 boarne
302 740 45 21 icke
370 746 49 15 vore
435 741 82 26 mycket
532 741 117 21 smickrade
664 741 22 21 af
700 743 30 19 att
746 741 20 22 få
782 740 6 21 i
803 740 32 21 sin
851 742 104 19 närmaste
970 741 47 19 när-

201 767 37 22 het
253 775 25 14 en
294 768 135 22 konkurrent.
459 769 48 21 Men
522 769 27 21 då
563 769 46 22 icke
624 769 39 22 här
678 769 41 22 kan
735 769 89 27 afgöras,
841 775 34 15 om
890 775 25 15 en
930 768 87 21 subven-

202 796 44 22 tion
269 796 24 31 af
305 797 89 26 200,000
410 797 59 22 mark
484 803 49 16 vore
547 797 114 28 tillräcklig
675 797 33 22 för
722 798 69 21 denna
806 803 34 15 om
856 797 39 21 ock
911 797 61 21 korta
986 796 30 21 bi-

202 824 61 27 bana,
283 826 24 21 så
321 825 42 22 kan
377 825 125 22 härutinnan
517 826 45 21 icke
577 828 66 19 annat
656 828 27 19 än
699 833 26 15 en
741 826 80 22 önskan
836 825 77 22 uttalas
929 825 38 22 och
982 824 35 21 vill

200 854 36 27 jag
251 853 6 21 i
273 853 96 22 afseende
384 855 12 20 å
413 854 67 21 denna
494 855 79 21 önskan
589 861 64 20 gerna
668 855 72 21 förena
754 855 43 26 mig
812 854 47 21 med
874 854 25 21 hr
913 853 71 28 Späre.

271 883 32 21 Hr
327 882 138 22 Meshelin:
480 883 40 27 Jag
535 883 39 21 har
589 883 75 27 begärt
678 883 61 22 ordet
754 883 75 22 endast
844 883 47 21 med
906 881 112 27 anledning

202 911 23 22 af
244 911 25 22 hr
288 917 40 15 von
346 911 95 22 Alfthans
456 914 82 19 senaste
554 912 114 22 uttalande.
698 912 41 27 Jag
753 912 42 21 kan
811 911 104 27 nämligen
929 910 32 22 för
976 910 42 22 min

202 940 35 21 del
259 940 86 21 alldeles
367 940 45 22 icke
436 940 46 22 dela
504 940 40 22 den
565 940 135 28 uppfattning
722 943 31 19 att
773 946 55 20 man,
844 940 48 21 med
907 938 111 27 anledning

202 968 62 22 deraf
281 970 32 19 att
328 968 132 27 möjligheten
476 968 20 22 af
510 970 31 20 ett
555 969 47 27 krig
617 970 45 20 står
676 969 32 21 för
723 970 83 25 dörren,
822 975 28 15 nu
865 968 65 22 borde
945 967 75 22 under-

202 996 45 22 låta
269 998 32 20 att
323 996 47 28 ingå
392 997 7 21 i
414 1003 26 15 en
454 997 65 21 sådan
534 997 133 27 omsorgsfull
682 998 97 27 pröfning
795 996 22 22 af
829 996 141 28 föreliggande
985 996 35 21 be-

203 1025 112 25 tänkande,
338 1031 44 16 som
401 1026 67 21 under
482 1026 66 21 andra
561 1026 147 30 förhållanden
722 1025 69 23 skulle
806 1032 39 20 ega
859 1031 52 15 rum.
941 1024 40 27 Jag
996 1026 24 19 är

202 1053 49 22 fullt
273 1053 121 27 öfvertygad
417 1054 71 22 derom
511 1056 31 19 att
561 1054 36 22 det
614 1054 61 22 bästa
690 1056 65 20 sättet
770 1056 33 20 att
818 1053 105 23 behandla
937 1052 83 22 landets

203 1082 107 22 allmänna
327 1082 175 27 angelägenheter
514 1083 8 20 i
536 1083 132 21 närvarande
682 1083 101 21 situation
799 1082 39 22 och
853 1082 6 21 i
875 1081 99 22 händelse
989 1082 31 20 ett

203 1110 47 27 krig
272 1110 102 28 utbryter,
398 1113 24 19 är
440 1113 32 19 att
487 1111 46 21 med
548 1113 79 19 största
642 1112 85 26 möjliga
742 1111 51 27 lugn
807 1110 88 27 fullfölja
911 1109 109 23 enahanda

203 1138 135 22 sträfvanden
355 1145 45 15 som
415 1139 66 22 under
495 1139 69 27 vanlig
579 1139 94 22 fredstid.
704 1140 39 22 Om
759 1140 24 21 så
799 1139 100 27 olyckligt
913 1138 61 27 ginge
988 1139 33 20 att

203 1167 37 22 det
262 1167 99 21 befarade
382 1167 69 27 kriget
469 1168 90 26 utbröte,
575 1168 68 22 skulle
657 1168 187 26 verkställigheten
859 1166 21 23 af
895 1168 71 26 mångt
981 1166 39 22 och

203 1195 90 28 mycket,
315 1202 46 15 som
382 1202 29 15 nu
426 1196 92 22 befinnes
533 1196 121 27 önskvärdt,
670 1196 31 22 till
716 1196 51 28 följd
783 1196 22 22 af
817 1196 108 21 bristande
940 1195 82 27 tillgån-

202 1229 39 22 gar
263 1223 64 23 blifva
342 1224 126 28 uppskjutet,
484 1231 47 15 men
546 1224 36 22 det
596 1225 68 22 blefve
679 1225 45 22 icke
739 1224 130 27 öfvergifvet.
899 1223 44 22 Och
958 1224 7 20 i
980 1223 42 22 alla

203 1252 37 22 fall
263 1255 24 19 är
309 1252 36 22 det
366 1253 98 27 riktigast
485 1255 31 19 att
534 1253 83 22 landets
632 1254 86 21 ständer
733 1254 32 21 för
781 1252 130 22 närvarande
926 1254 52 20 utan
992 1250 30 23 af-

203 1280 80 22 vikelse
305 1280 46 22 från
373 1281 69 27 vanlig
465 1282 88 27 ordning
572 1282 54 21 fatta
640 1282 70 22 beslut
724 1282 7 21 i
746 1282 27 22 de
788 1280 77 28 frågor,
881 1281 7 21 i
902 1280 72 22 hvilka
988 1282 34 19 ut-

204 1309 86 22 skotten
305 1309 78 22 lemnat
397 1310 46 21 sina
458 1310 153 22 betänkanden.
642 1310 54 24 (Bra.
727 1310 60 27 Bra).

273 1338 33 22 Hr
321 1338 91 26 Spåre:
428 1338 40 27 Jag
483 1338 38 22 har
536 1338 67 22 blifvit
617 1338 143 22 förekommen
777 1338 22 22 af
813 1338 40 21 den
865 1339 83 20 senaste
958 1336 64 22 ärade

204 1366 94 28 talaren,
316 1366 26 22 hr
361 1366 109 22 Mechelin.
499 1367 40 27 Jag
560 1367 42 21 kan
624 1367 47 22 icke
690 1367 48 22 dela
751 1367 28 21 hr
794 1372 40 16 von
849 1366 98 22 Alfthans
962 1365 60 27 åsigt,

204 1396 33 20 att
259 1401 49 16 man
330 1395 7 21 i
359 1394 39 22 och
420 1395 32 22 för
474 1395 134 28 möjligheten
632 1395 22 22 af
674 1398 30 19 ett
719 1396 47 27 krig
781 1400 30 16 nu
825 1394 67 22 skulle
907 1394 116 22 åsidosätta

204 1422 43 22 alla
262 1424 26 21 de
302 1424 105 26 åtgärder,
422 1430 46 15 som
482 1424 32 21 för
528 1423 147 27 utvecklingen
689 1424 23 22 af
724 1424 85 22 landets
818 1422 205 22 kommunikationer

204 1456 51 16 vore
278 1452 22 21 af
320 1452 74 22 nöden.
424 1452 40 22 Vid
487 1454 31 20 ett
539 1452 76 22 sådant
630 1452 81 22 tillfälle
726 1459 46 15 som
788 1452 64 26 detta,
869 1451 26 22 då
910 1450 114 22 ständerna

204 1480 37 20 äro
264 1479 132 27 församlade,
419 1480 89 22 förutses
531 1481 34 21 vid
579 1480 96 22 besluten
691 1480 134 28 naturligtvis
840 1480 75 21 endast
929 1478 95 22 normala

203 1507 154 24 förhållanden.
386 1508 99 23 Inträffar
503 1509 52 27 krig,
571 1510 24 21 så
611 1511 23 19 är
650 1509 35 22 det
700 1510 33 21 väl
747 1508 99 28 sjeffallet
861 1510 32 19 att
908 1508 59 21 detta
982 1506 41 22 kan

203 1535 111 23 föranleda
328 1537 103 22 särskilda
446 1538 216 27 undantagsåtgärder
676 1538 70 22 hvilka
762 1536 100 30 möjligen
877 1536 71 21 kunna
962 1535 62 22 fram-
