1114 1770
257 124 40 21 762
524 125 15 19 R.
551 130 16 14 0.
580 126 16 18 A.
609 125 46 20 1885.
675 126 21 19 20
709 126 47 23 April.

296 192 56 22 Frih.
375 193 113 28 Palmén,
512 195 24 20 E.
560 194 31 27 G.,
614 195 98 21 anmälde
726 195 129 21 reservation
878 197 44 19 mot
936 195 25 21 R.
976 201 20 16 o.
1011 195 36 22 A:s

227 226 28 15 nu
271 220 79 23 fattade
364 221 74 22 beslut.

295 306 119 27 Föredrogs
436 307 105 22 allmänna
564 308 202 22 besvärsutskottets
788 308 118 27 bordlagda
924 308 76 27 förslag
1015 308 32 21 till

226 335 200 28 sammanjemkning
448 336 22 21 af
490 337 100 21 ständens
612 337 120 27 skiljaktiga
755 337 68 22 beslut
846 337 34 20 vid
894 336 153 27 behandlingen

226 362 23 21 af
261 363 115 22 utskottets
390 364 133 22 betänkande
538 371 34 15 n:o
589 365 13 21 2
617 365 7 20 i
640 365 112 28 anledning
766 365 22 22 af
802 367 30 20 ett
847 365 33 21 till
894 365 153 27 presteständet

225 391 86 26 ingifvet
326 392 208 27 petitionsmemorial
550 400 34 15 om
597 393 131 22 inrättandet
738 393 23 22 af
769 395 31 20 ett
811 393 63 22 finskt
885 393 162 28 normallyceum

225 419 7 21 i
247 419 137 27 Helsingfors.

295 448 67 22 Ordet
375 448 102 28 begärdes
492 450 22 21 af

294 476 26 21 hr
335 477 116 28 Ramsay,
466 484 45 16 som
526 480 94 26 yttrade:
637 479 33 21 Dä
686 479 106 21 allmänna
802 478 200 22 besvärsutskottets
1012 478 35 22 be-

225 504 107 22 tänkande
355 512 33 14 n:o
410 507 19 25 2,
450 507 6 20 i
471 506 113 28 anledning
599 507 22 22 af
634 507 62 21 väckt
711 508 90 26 petition
816 514 34 14 om
865 507 160 27 normallyceets
1040 507 8 21 i

225 532 130 23 Tavastehus
370 534 153 28 öfverflyttning
535 536 31 21 till
578 535 138 27 Helsingfors,
727 536 89 25 förevar,
826 535 120 22 förkastade
956 536 24 20 R.
992 542 19 14 o.
1021 536 24 20 A.

225 561 41 21 den
287 562 6 20 i
309 562 113 22 utskottets
438 564 134 22 betänkande
587 564 120 27 föreslagna
722 564 154 22 slutklämmen.
907 564 33 21 Dä
955 563 92 22 emeller-

224 589 32 21 tid
279 590 25 21 de
327 590 35 22 vid
384 591 99 22 debatten
500 592 125 22 framhällna
640 593 46 21 skäl
702 593 32 21 till
750 593 58 21 detta
823 592 70 22 beslut
907 592 140 22 hufvudsakli-

224 621 47 23 gast
290 619 62 21 rörde
367 620 30 26 sig
411 620 61 27 kring
490 621 26 21 de
531 621 137 22 ekonomiska
682 620 154 27 förhällanden,
852 627 45 15 som
912 621 70 21 kunde
997 627 50 15 vara

223 646 140 28 förknippade
385 649 47 21 med
454 649 40 21 den
516 649 118 27 föreslagna
658 649 188 28 öfverflyttningen,
870 650 38 20 och
931 650 61 21 dessa
1006 649 41 21 för-

223 674 115 23 hällanden
353 677 30 21 uti
398 677 39 21 den
453 684 28 14 ou
496 678 21 21 af
530 678 106 22 utskottet
646 678 7 21 i
663 678 218 22 öfverensstämmelse
892 678 46 21 med
949 678 98 26 borgare-

223 704 96 21 ständets
341 704 77 28 förslag
440 706 140 22 formulerade
600 706 107 27 slutkläm,
723 709 37 19 äro
776 706 146 26 observerade,
937 706 40 22 och
991 706 56 27 förty

223 731 106 23 klämmen
344 733 46 21 icke
405 740 57 16 mera
477 734 41 22 kan
533 734 110 23 föranleda
658 736 69 26 nägon
743 735 103 27 väsentlig
861 734 125 28 motsägelse
999 734 48 21 med

223 759 99 23 afseende
336 762 14 20 &
364 762 26 21 de
404 762 216 28 hufvudsynpunkter,
636 764 71 21 hvilka
722 765 71 20 senast
808 763 127 26 framhöllos,
946 764 24 20 sä
980 762 66 22 skulle

221 788 36 27 jag
277 790 107 21 vördsamt
398 790 82 27 föreslä,
496 794 32 18 att
542 792 56 27 högl.
614 792 25 22 R.
656 799 18 14 o.
691 793 25 20 A.
732 792 49 21 ville
796 794 77 24 antaga
889 792 113 20 utskottets
1018 797 28 15 nu

223 816 143 28 föreliggande
380 819 78 27 förslag
474 820 31 20 till
520 821 204 26 sammanjemkning
738 821 7 20 i
760 820 80 26 frägan.

292 846 56 21 Frih.
368 853 39 15 von
422 848 78 22 Born:
516 848 40 26 Jag
571 849 69 21 skulle
655 849 7 21 i
678 851 88 19 motsats
782 848 31 21 till
829 848 40 22 den
885 850 83 20 senaste
983 848 63 21 ärade

222 873 83 22 talaren
319 874 83 27 föreslä,
418 879 32 18 att
464 876 25 21 R.
505 883 18 15 o.
540 878 25 20 A.
582 878 72 20 enkelt
669 877 47 21 ville
731 877 101 21 vidblifva
846 877 36 20 sitt
898 883 25 14 en
938 877 54 26 gäng
1007 876 40 21 fat-

222 901 60 22 tade.
294 902 76 23 beslut.
400 904 40 27 Jag
461 905 80 21 känner
563 905 43 27 mig
628 905 45 22 icke
696 905 70 27 hugad
786 907 33 19 att
833 906 27 26 gå
874 905 21 21 in
910 905 6 20 i
932 905 65 26 några
1012 904 35 21 de-

222 929 102 27 taljerade
348 933 94 26 motiver,
461 933 27 22 dä
501 933 73 26 frägan
590 934 57 21 förut
661 933 67 22 blifvit
743 935 23 20 sä
782 933 106 27 grundligt
902 933 38 21 här
955 932 92 22 behand-

222 957 42 27 lad,
280 961 51 20 utan
346 960 38 21 ber
395 961 37 27 jag
447 961 55 22 blott
516 964 32 19 att
562 962 21 21 fä
598 962 86 27 antyda,
700 965 32 18 att
746 963 7 20 i
768 961 37 22 fall
820 962 26 21 de
861 964 33 19 tre
909 961 67 26 öfriga
990 962 57 20 stän-

223 986 40 21 den
286 988 112 26 godkänna
420 991 234 26 sammanjemkningen,
677 991 24 21 sä
723 991 41 21 blir
784 990 24 27 ju
824 990 58 21 detta
897 989 22 22 af
932 990 23 21 sä
970 990 77 25 mänga

222 1015 127 23 omhuldade
364 1017 114 23 skötebarn
494 1019 52 21 dock
562 1019 7 21 i
584 1019 54 21 form
654 1019 22 21 af
690 1019 90 27 petition
795 1018 116 21 framburet
925 1017 33 22 till
972 1018 26 21 H.
1011 1017 34 26 M.,

222 1045 52 20 utan
289 1046 32 19 att
336 1045 23 21 R.
376 1052 18 15 o.
410 1047 25 20 A.
452 1047 84 21 dermed
552 1047 109 22 förbundit
676 1048 32 21 sin
724 1047 137 26 delaktighet.

291 1072 57 23 Frih.
371 1074 23 21 af
414 1075 134 27 Schult&n,
571 1075 29 22 M.
624 1076 42 21 W.:
690 1076 40 27 Jag
752 1082 64 15 anser
830 1075 65 22 också
908 1075 33 21 för
956 1075 42 20 min
1013 1073 34 22 del

222 1102 32 19 att
270 1101 65 26 nägot
349 1105 47 24 nytt
410 1103 47 22 skäl
472 1103 46 22 icke
533 1104 39 21 har
587 1104 129 27 tillkommit,
732 1105 28 26 pä
774 1103 69 28 grund
858 1103 74 22 hvaraf
945 1103 24 21 R.
986 1109 19 14 o.
1021 1103 25 20 A.

221 1128 70 22 skulle
305 1129 53 22 böra
372 1131 73 28 frängä
460 1132 36 21 sitt
510 1132 58 22 förut
582 1132 81 22 fattade
679 1133 75 21 beslut.
782 1132 42 21 Det
839 1132 43 21 kan
894 1131 24 28 ju
932 1137 51 16 vara
997 1137 50 20 gan-

221 1156 40 22 ska
283 1158 86 27 möjligt,
393 1160 104 22 måhända
518 1160 61 22 äfven
602 1161 98 27 önskligt,
718 1163 32 19 att
766 1161 125 26 regeringen
906 1162 60 24 tager
980 1159 67 21 under

222 1186 139 28 ompröfning,
387 1188 103 22 huruvida
512 1189 40 22 den
574 1189 24 22 af
617 1189 142 27 petitionären
783 1189 93 21 önskade
898 1187 149 27 förändringen

221 1213 40 22 bör
283 1214 43 27 ske,
348 1222 48 15 men
418 1219 32 19 att
471 1217 24 21 R.
519 1223 19 16 o.
562 1218 24 21 A.
612 1217 68 22 skulle
696 1219 52 26 göra
764 1217 33 27 sig
811 1217 33 21 till
860 1223 26 15 en
900 1217 147 26 skiljedomare

222 1242 91 22 emellan
327 1243 149 29 skolstyrelsen
491 1246 13 21 å
518 1252 40 15 ena
572 1246 60 21 sidan
648 1247 38 20 och
701 1245 241 28 pedagogieprofessorn
956 1245 40 21 och
1012 1251 36 14 an-

222 1270 39 22 dra
283 1271 186 24 skolauktoriteter
490 1275 13 20 &
521 1274 40 21 den
576 1275 73 26 andra,
665 1275 71 21 dertill
751 1280 63 21 synes
829 1274 42 26 mig
886 1273 46 22 icke
947 1273 101 26 föreligga

221 1305 60 16 mera
295 1300 111 28 anledning
422 1308 34 20 nu,
472 1304 26 19 än
513 1303 27 21 dä
556 1303 115 21 ständerna
685 1305 73 19 senast
773 1302 55 22 hade
842 1301 75 27 frägan
932 1301 66 22 under
1013 1301 34 21 be-

221 1327 109 28 handling.

291 1356 32 22 Hr
345 1364 40 15 von
408 1358 190 28 Christierson,
622 1359 24 22 G.
670 1359 38 21 M.:
726 1359 42 27 Jag
783 1358 39 22 ber
836 1360 33 20 att
883 1358 21 21 få
918 1357 129 22 understöda

221 1384 108 22 allmänna
350 1386 201 23 besvärsutskottets
574 1386 302 28 sammanjemkningsförslag,
894 1386 27 22 dä
936 1386 36 22 det
987 1391 61 22 synes

221 1418 51 16 vara
294 1414 62 26 högst
377 1415 98 27 önskligt,
497 1418 32 19 att
552 1416 36 21 det
605 1416 55 26 högl.
676 1416 87 22 ständet
779 1416 70 20 kunde
864 1415 122 26 sammangä
1000 1413 49 22 med

222 1440 27 21 de
263 1443 33 20 tre
311 1442 67 27 öfriga
392 1444 90 21 ständen
496 1444 7 21 i
518 1444 40 22 den
573 1444 137 22 förevarande
725 1444 83 27 frägan.

291 1470 32 21 Hr
344 1471 118 28 Ramsay:
484 1472 40 27 Jag
544 1472 35 22 vill
594 1475 109 24 gentemot
718 1472 48 22 frih.
778 1472 28 22 af
819 1471 101 23 Schulten
935 1470 63 22 hafva
1013 1476 35 15 an-

221 1498 77 26 märkt,
321 1501 32 19 att
374 1500 56 26 högl.
452 1500 24 22 R.
492 1507 18 15 o.
527 1502 24 20 A.
567 1500 114 27 ingalunda
695 1501 42 21 blir
754 1506 28 16 en
796 1500 148 27 skiljedomare
960 1498 89 22 emellan

221 1526 237 28 pedagogieprofessorn
480 1530 38 21 och
540 1529 209 28 skolöfverstyrelsen
776 1535 76 21 genom
875 1530 33 20 att
926 1530 76 24 antaga
1017 1529 32 19 ut-
