1109 1748
367 134 15 19 R.
395 139 15 14 0.
423 134 15 19 A.
450 134 47 19 1885.
521 134 19 19 14
553 134 47 23 April.
824 134 41 21 699

73 205 68 20 större
164 205 25 18 än
209 202 164 21 statsbanornas.
403 203 33 21 Dä
450 204 70 20 staten
535 202 32 21 till
585 203 54 21 1883
655 201 51 28 bygt
721 201 96 27 omkring
832 201 63 26 2,300

73 231 117 24 kilometer,
206 232 22 20 sä
244 233 36 19 äro
296 231 26 20 de
337 231 95 21 enskilda
446 231 105 22 banornas
567 231 63 27 längd
646 231 63 26 4,100
724 229 116 22 kilometer.
868 229 29 22 Af

74 260 61 21 dessa
156 260 62 25 4,100
241 259 110 21 kilometer
373 261 37 19 äro
429 259 28 27 3/,
474 259 138 27 bredspäriga
626 259 76 21 liksom
718 260 80 20 statens
814 258 37 21 och
867 258 28 27 1/,

74 288 129 27 smalspärig,
226 288 22 21 af
269 287 55 22 olika
346 287 132 28 spärvidder;
502 288 39 21 och
565 287 64 22 likväl
648 287 61 22 kosta
725 287 61 22 dessa
800 286 96 23 enskilda

72 317 122 27 jernvägars
221 316 117 26 utförande,
364 316 138 27 smalspåriga
525 316 39 21 och
589 315 137 28 bredspäriga
751 315 143 26 tillsammans,

75 345 82 28 mycket
180 345 79 21 mindre
282 347 25 18 än
330 347 79 19 statens
429 345 120 26 jernvägar,
573 345 133 26 understiger
728 344 115 22 kostnaden
862 343 34 22 för

76 374 59 21 dessa
151 374 47 21 med
213 373 55 27 goda
284 373 26 21 30
324 373 33 28 ?/,.
381 373 67 21 Häraf
462 379 62 22 synes
539 373 83 22 således
637 373 47 21 med
700 372 82 21 hvilken
794 372 102 22 hushälls-

75 402 95 26 aktighet
186 402 38 21 den
240 401 93 22 enskilda
348 401 224 22 affärsverksamheten
588 401 42 22 kan
646 401 68 22 utföra
729 401 112 27 jernvägar
856 400 40 22 och

75 430 67 21 tillika
164 430 20 21 fä
207 431 26 26 pä
256 430 46 21 dem
326 437 24 14 en
366 430 41 26 god
422 432 68 24 ränta,
506 433 22 24 ty
544 430 40 21 alla
601 431 61 20 dessa
678 429 94 22 enskilda
784 430 113 26 jernvägar

74 459 68 25 hafva,
161 459 65 26 enligt
244 459 53 21 1882
313 459 34 20 ärs
361 459 141 26 redogörelse,
518 458 60 27 gifvit
593 465 25 15 en
634 459 42 26 god
690 458 97 21 inkomst.
818 457 78 22 Medel-

74 487 119 22 inkomsten
208 487 32 21 för
256 487 40 21 alla
312 487 93 21 enskilda
418 487 112 27 jernvägar
540 487 7 21 i
558 487 85 27 Sverige
654 487 86 27 belöper
750 487 32 27 sig
792 485 104 27 nämligen

75 516 32 21 till
123 516 56 22 öfver
194 518 13 19 4
222 516 27 27 "/,
265 516 38 20 och
318 516 31 20 till
364 522 58 15 mera
438 518 26 18 än
480 516 32 21 för
528 516 195 26 statsjernvägarne.
751 515 75 21 Tillika
840 515 56 21 visar

75 545 146 27 redogörelsen
244 546 32 19 att
298 544 31 21 för
348 544 26 21 de
391 544 95 22 enskilda
498 545 142 26 jernvägarna
655 544 143 21 inkomsterna
813 543 84 22 relativt

76 573 60 21 ökats
159 580 57 14 mera
238 576 26 18 än
287 572 32 22 för
341 575 85 19 statens.
457 573 66 21 Detta
546 573 83 21 bevisar
649 572 81 22 således
744 573 64 21 redan
824 574 31 19 att
870 571 26 22 de

76 602 94 20 enskilda
189 602 138 26 jernvägarne
349 601 62 21 hafva
432 601 82 21 kunnat
537 602 78 26 byggas
631 602 23 20 sä
669 607 47 21 pass
731 600 69 26 billigt
814 602 32 19 att
861 600 36 21 det

76 632 24 18 är
122 630 37 20 allt
178 630 45 21 skäl
239 632 31 19 att
285 632 32 19 tro
334 632 31 19 att
380 630 60 20 äfven
457 630 39 21 här
511 636 25 15 en
552 630 125 26 smalspärig
693 630 53 20 bana
761 630 41 20 kan
818 628 79 27 byggas

77 658 47 21 vida
138 658 94 27 billigare
248 661 25 18 än
288 658 55 21 hvad
358 659 49 20 våra
422 658 120 27 ingeniörer
557 658 107 22 föreställa
680 658 36 26 sig.
740 658 26 21 10
781 658 27 28 %/,
823 657 74 26 bespa-

76 686 46 26 ring
144 686 70 22 kunde
235 686 101 27 svärligen
359 686 153 27 ifrägakomma
530 689 32 19 att
578 689 59 24 tagas
653 687 6 20 i
675 686 145 26 betraktande,
835 686 7 21 i
856 684 42 22 för-

76 715 62 26 ening
162 715 46 21 med
230 715 80 21 ändrad
332 715 104 27 spårvidd,
460 722 48 14 men
532 716 26 20 dä
581 715 35 21 det
631 715 67 26 gäller
713 716 26 20 30
754 714 13 22 å
782 716 27 20 40
824 714 33 27 ?/,,
873 714 25 21 sä

76 749 61 21 synes
152 744 42 26 mig
209 746 31 18 att
256 744 35 21 det
305 750 49 15 vore
370 743 56 27 dålig
441 744 135 26 hushållning
592 746 31 18 att
636 744 46 21 icke
692 743 121 27 allvarligen
823 742 72 22 reflek-

76 774 46 18 tera
144 772 63 26 öfver,
232 778 32 15 om
287 772 45 22 icke
355 772 210 27 byggnadssystemet
581 772 38 21 bör
634 772 115 26 förändras,
765 772 27 21 dä
807 778 48 14 man
870 771 28 27 pä

76 799 88 22 förhand
187 803 33 19 vet
242 802 32 20 att
296 800 93 22 rörelsen
412 801 27 26 pä
457 800 163 27 Kuopio-banan
636 800 40 22 blir
692 801 80 27 mycket
787 800 59 26 liten;
863 800 35 20 mä

76 834 48 15 man
140 829 61 21 tacka
216 829 47 21 Gud
279 836 33 14 om
328 828 206 22 trafikkostnaderna
548 829 64 21 blifva
622 829 104 21 betäckta.
750 829 39 21 Om
801 834 25 16 en
836 827 62 22 smal-

76 857 70 27 spärig
166 857 88 27 jernväg
273 858 85 21 anlades
373 858 6 20 i
395 858 40 21 den
450 858 93 26 riktning
558 864 45 15 som
619 864 28 15 nu
663 857 96 27 antagits,
774 856 68 23 skulle
858 856 40 22 den

76 885 48 22 med
147 885 27 22 all
196 886 132 21 sannolikhet
350 886 54 27 gifva
426 887 69 26 någon
514 889 62 18 ränta
592 887 39 20 och
647 887 125 20 åtminstone
788 885 67 22 skulle
872 885 26 27 '/;

76 913 23 22 af
112 914 252 27 anläggningskostnaden
379 915 65 21 blifva
463 915 133 26 inbesparad,
613 915 83 21 hvilken
713 915 25 26 1/3
754 915 64 21 sedan
829 913 69 22 kunde

76 943 106 21 användas
206 944 26 26 pä
254 943 61 21 bästa
337 946 42 19 sätt
401 943 33 21 för
446 943 174 27 jernbanenätets
637 943 131 27 utvidgande.
799 942 49 22 Man
864 942 34 22 mä

76 970 68 28 bygga
160 972 120 20 stambanor
296 972 48 21 med
359 972 51 21 eller
425 974 49 19 utan
491 978 85 20 grenar;
594 979 47 14 men
657 972 31 21 för
699 972 41 26 mig
751 972 37 21 har
799 972 35 20 det
844 970 54 22 varit

76 1005 27 15 en
118 1000 129 21 samvetssak
263 1002 31 19 att
308 1000 111 22 framhälla
434 1000 70 26 vigten
520 1000 22 22 af
556 1007 25 15 en
596 1000 206 28 systemförändring,
816 999 38 22 och
862 999 37 27 jag

78 1027 137 22 öfverlemnar
236 1030 22 20 ät
281 1029 35 21 det
338 1029 54 26 högl.
416 1029 86 21 ståndet
524 1031 32 19 att
579 1029 114 27 behörigen
716 1029 113 27 uppskatta
848 1028 52 21 eller

78 1056 137 22 underskatta
238 1057 39 21 den
292 1058 111 26 utredning
416 1057 36 27 jag
467 1057 75 21 härom
558 1058 81 20 kunnat
654 1057 126 21 införskaffa.
810 1056 40 27 Jag
864 1057 35 20 vä-

76 1090 38 21 gar
137 1087 33 19 tro
193 1088 31 18 att
242 1086 72 26 frägan
333 1088 23 18 är
372 1086 21 21 af
408 1086 39 21 den
463 1086 45 27 vigt
523 1088 32 19 att
570 1086 123 27 ytterligare
708 1086 110 26 utredning
833 1084 67 22 borde

76 1112 138 28 införskaffas,
234 1113 157 27 fullständigare
406 1116 27 20 än
449 1114 41 22 den
506 1121 45 15 som
566 1114 32 22 för
614 1115 36 21 det
664 1114 129 22 närvarande
808 1114 44 21 stär
867 1112 33 22 till

76 1141 60 26 buds,
160 1143 103 20 anseende
283 1143 36 26 jag
341 1142 32 22 för
393 1143 39 21 den
448 1143 56 21 skull
520 1145 31 19 att
567 1142 121 22 utförandet
703 1142 21 22 af
737 1142 163 27 Kuopio-banan

77 1169 65 21 borde
158 1171 122 27 uppskjutas
296 1171 42 21 tills
354 1178 26 14 en
394 1171 114 27 tillräcklig
523 1172 113 26 utredning
651 1172 6 20 i
674 1172 67 21 denna
751 1170 59 27 fråga
820 1170 81 21 kunnat

77 1198 96 22 erhållas.
205 1200 37 20 Att
266 1200 95 21 använda
384 1200 26 21 16
426 1200 98 26 miljoner
539 1200 66 26 mark,
622 1200 37 21 der
674 1206 48 15 man
736 1200 71 21 kunde
822 1198 32 22 slå
868 1198 32 27 sig

77 1229 23 18 ut
115 1227 48 21 med
180 1228 25 20 10
221 1228 12 20 å
250 1229 22 19 11
292 1228 37 21 och
345 1228 67 21 tillika
426 1228 64 22 hafva
505 1235 26 15 en
540 1228 87 27 jernväg
638 1235 45 15 som
694 1228 129 26 fullständigt
833 1226 68 22 skulle

77 1256 105 20 motsvara
198 1256 96 21 behofvet
309 1256 7 21 i
330 1256 93 28 längliga
438 1256 56 22 tider
509 1263 61 21 synes
586 1257 42 27 mig
643 1256 148 27 märkvärdigt.
821 1256 33 21 En
868 1256 34 20 sä-

78 1283 40 21 dan
140 1284 124 27 smalspärig
283 1285 87 27 jernväg
385 1285 70 21 kunde
470 1285 35 21 väl
521 1285 60 22 äfven
596 1286 118 21 utsträckas
729 1285 71 27 längre
815 1285 85 24 norrut;

77 1318 48 14 man
148 1313 34 21 mä
200 1313 68 21 erinra
283 1313 31 27 sig
330 1314 39 21 den
384 1314 92 21 nämnda
492 1314 27 21 43
535 1314 36 20 mil
586 1314 64 27 länga
664 1314 136 26 smalspäriga
813 1313 89 26 jernväg

76 1340 6 20 i
98 1340 71 27 Norge
184 1347 44 15 som
244 1344 24 18 är
283 1341 121 27 tillräckligt
419 1342 91 26 begväm
524 1342 33 21 för
572 1344 147 24 norrmännen,
735 1348 46 15 men
795 1347 45 15 som
850 1340 51 21 kan-

76 1368 37 22 ske
128 1369 67 22 skulle
211 1376 61 21 synas
287 1376 50 15 vara
360 1370 127 27 otillräcklig
510 1370 32 22 för
558 1377 34 15 oss
607 1370 39 22 här
660 1370 7 22 i
682 1370 94 22 Finland.
804 1368 98 23 Särdeles

77 1396 65 22 fäster
160 1404 48 15 man
226 1399 31 26 sig
272 1399 33 20 vid
321 1399 165 27 omlastningens
502 1399 136 27 svärigheter.
670 1399 157 26 Omlastningen
843 1399 23 19 är
881 1396 23 22 af

76 1426 24 21 sä
115 1425 60 28 ringa
189 1426 129 27 betydenhet
333 1429 32 19 att
380 1433 34 15 om
429 1434 49 15 man
495 1434 26 15 en
536 1428 56 26 gäng
606 1427 89 22 inrättat
710 1428 30 27 sig
752 1427 32 21 för
795 1426 47 26 den,
854 1425 48 22 med

76 1454 55 26 goda
155 1455 121 21 mekaniska
298 1455 125 27 hjelpmedel
445 1456 120 22 kostnaden
587 1456 33 21 för
638 1456 139 21 omlastandet
795 1455 42 21 kan
852 1453 50 22 ned-

77 1483 84 26 tryckas
184 1483 32 21 till
235 1483 27 28 1/,
281 1484 61 27 penni
358 1490 38 21 per
418 1486 94 19 centner.
543 1484 83 21 Sådana
642 1484 120 22 mekaniska
776 1481 127 30 hjelpmedel

77 1511 33 20 stä
132 1513 32 18 att
186 1512 85 21 studera
292 1512 81 21 mindre
395 1512 6 21 i
425 1512 93 27 Sverige,
542 1518 47 15 men
605 1513 48 21 bäst
667 1513 7 21 i
689 1512 121 22 Frankrike.
841 1511 11 21 I
867 1511 37 21 det

77 1544 74 15 senare
170 1539 72 22 landet
257 1540 38 21 har
310 1540 22 21 af
346 1540 39 21 den
401 1541 83 21 celebre
500 1541 122 26 ingeniören
636 1541 117 28 Freycinet,
769 1546 87 16 numera
871 1540 32 19 ut-
