1109 1764
251 129 41 22 688
516 131 15 19 R.
544 136 15 14 6.
572 131 16 19 A.
601 131 46 20 1885:
671 131 20 19 14
703 132 47 23 April.

221 198 158 28 banprojektets
394 199 117 23 försvarare
526 200 120 27 säkerligen
661 200 46 22 icke
718 200 66 22 finnes
795 207 26 15 en
832 200 54 22 enda
896 200 21 22 af
926 201 40 22 den
976 200 68 22 lands-

222 229 45 20 orts
289 230 174 25 representanter,
483 235 46 15 som
544 229 75 27 frågan
634 231 95 19 närmast
743 228 74 28 gäller.
846 229 40 27 Jag
901 229 36 21 vill
952 229 92 28 åberopa

221 255 60 22 detta
302 256 80 22 faktum
404 258 31 20 att
457 257 63 27 ingen
542 257 142 27 savolaksare,
708 258 94 21 hvarken
817 258 6 20 i
838 264 87 20 pressen
933 251 63 37 eller,
1010 256 34 24 så-

221 284 45 21 vidt
285 284 36 27 jag
343 284 38 22 har
403 286 42 27 mig
466 286 86 26 bekant,
575 286 7 20 i
601 286 104 27 offentligt
727 286 36 26 tal,
785 286 95 21 förordat
895 293 25 15 en
936 287 108 27 tvågrenig

220 312 62 22 bana.
312 313 64 21 Detta
391 314 38 21 har
443 314 62 22 väckt
520 314 188 27 uppmärksamhet
723 315 39 21 hos
777 314 83 22 landets
875 314 114 22 allmänhet
1004 315 39 21 och

220 346 49 16 man
291 340 39 22 har
349 342 46 26 gått
409 343 23 21 så
446 342 59 28 långt
520 345 32 19 att
567 349 49 15 man
631 345 53 25 sagt,
701 345 32 20 att
747 343 150 22 savolaksarne
912 343 45 22 icke
972 343 70 27 sjelfve

219 368 67 23 förstå
308 369 32 22 sin
362 376 52 21 egen
436 371 44 21 sak.
510 371 40 27 Jag
573 371 116 27 medgifver
711 374 32 19 att
765 372 28 21 då
808 378 48 14 man
872 372 34 20 vill
921 372 80 21 skänka
1016 378 26 14 en

219 397 96 23 landsort
337 400 75 21 tvenne
431 400 113 26 jernvägar
560 400 52 22 eller
627 400 32 21 för
671 400 114 27 jernvägar
803 401 23 20 åt
841 400 103 22 hvardera
959 400 25 22 de
999 400 43 21 håll

220 426 31 22 dit
271 426 90 22 trafiken
382 428 65 26 leder,
470 429 23 21 så
516 428 39 21 bör
573 428 69 22 denna
657 428 96 22 landsort
768 428 49 22 med
831 428 131 22 tacksamhet
977 430 65 20 emot-

219 456 50 25 taga
285 456 67 21 denna
367 456 118 28 uppoffring
499 457 23 21 af
535 456 145 27 fosterlandet,
697 464 47 14 men
757 457 38 27 jag
812 459 45 19 tror
872 458 12 20 å
900 457 65 22 andra
982 457 59 21 sidan

219 485 32 19 att
273 484 61 27 ingen
351 485 7 20 i
373 484 108 28 Savolaks,
496 486 55 20 huru
566 486 52 26 högt
633 486 42 20 han
690 488 27 19 än
733 487 33 20 må
782 485 71 21 skatta
868 486 30 20 sin
914 485 126 27 fosterbygd,

218 511 39 22 har
279 514 53 20 trott
353 515 32 19 att
407 514 101 22 Savolaks
530 514 43 21 kan
595 516 52 24 göra
662 514 89 27 räkning
766 515 29 26 på
810 520 26 15 en
851 513 117 28 uppoffring
983 514 21 21 af
1017 515 23 20 så

217 542 78 26 många
310 541 101 27 miljoner,
427 542 26 22 då
468 543 66 21 andra
549 542 121 22 landsorter
685 544 66 20 sakna
767 543 26 21 de
808 542 164 27 nödvändigaste
984 542 56 27 jern-

217 571 70 24 vägar.
318 570 40 27 Jag
377 572 44 20 tror
436 572 32 20 att
483 571 45 21 deri
542 570 176 28 hufvudgrunden
733 571 54 21 skall
803 570 67 22 finnas
886 571 31 21 till
933 573 31 19 att
978 570 62 28 ingen

216 596 55 23 ifrån
287 598 57 22 detta
359 598 101 28 landskap
475 600 126 21 understödt
619 600 59 21 detta
693 599 124 28 tvågreniga
831 599 131 27 banprojekt.
990 600 50 21 Men

214 625 37 28 jag
273 628 45 20 tror
340 627 70 22 vidare
433 630 31 20 att
486 628 36 22 det
543 628 62 22 äfven
627 628 68 22 finnes
710 635 26 15 en
751 634 70 16 annan
836 628 74 26 grund.
940 628 63 26 Ingen
1019 628 22 21 af

216 654 55 28 dem,
293 661 46 16 som
360 656 127 22 åtminstone
508 658 28 26 på
558 663 75 15 senare
656 657 31 21 tid
709 657 54 21 talat
785 657 33 21 för
834 657 69 21 denna
918 656 121 28 tvågreniga

215 682 62 28 bana,
300 684 38 22 har
360 687 69 19 ansett
451 686 35 21 det
508 685 64 21 blifva
595 685 81 27 möjligt
695 687 33 20 att
742 685 69 27 bygga
826 685 67 27 bägge
908 686 27 26 på
950 686 87 26 engång.

215 711 100 23 Tvärtom
337 715 61 24 säger
419 714 52 21 hvar
492 714 40 21 och
551 720 36 15 en:
605 714 36 21 det
656 716 24 19 är
694 720 29 15 nu
737 714 48 21 icke
800 713 60 27 fråga
874 720 34 15 om
924 715 32 20 att
970 713 68 28 bygga

215 739 72 23 vidare
309 743 26 19 än
358 742 40 21 den
420 748 39 16 ena
481 748 86 21 grenen,
590 744 51 20 utan
660 742 53 22 först
727 742 66 22 sedan
807 742 8 21 i
830 748 26 15 en
871 742 91 27 aflägsen
977 742 61 21 fram-

214 768 38 27 tid,
269 769 26 21 då
310 769 98 23 behofvet
423 770 59 22 deraf
495 771 42 21 kan
552 772 83 26 uppstå,
651 771 54 21 skall
721 771 40 21 den
777 770 67 22 andra
858 771 85 21 komma
955 770 7 21 i
973 770 63 27 fråga.

214 796 31 22 Ur
265 798 130 22 savolaksisk
409 800 105 26 synpunkt
529 801 34 19 ter
577 799 32 27 sig
623 799 74 27 frågan
713 799 117 22 emellertid
846 799 97 21 sålunda:
960 798 77 28 bygges

215 825 40 21 den
279 832 38 15 ena
336 833 85 21 grenen,
436 829 24 20 så
474 828 45 21 står
534 828 103 21 Savolaks
653 828 32 21 för
701 834 26 15 en
742 828 51 26 lång
807 827 85 21 framtid
907 827 94 27 fjettradt
1015 828 23 20 åt

214 855 32 20 ett
266 854 22 22 af
306 855 25 21 de
345 855 50 25 håll,
411 856 31 21 dit
457 856 47 22 dess
518 856 126 22 samfärdsel
659 856 120 27 naturligen
795 856 44 27 går.
870 856 50 21 Man
934 858 35 19 vet
984 856 54 21 huru

212 883 85 27 mycket
318 884 77 21 handel
414 885 39 21 och
468 884 62 22 trafik
546 886 37 20 äro
599 884 106 22 beroende
720 885 22 21 af
755 884 111 22 tradition.
896 884 28 21 Af
938 884 99 27 gammalt

212 911 39 26 går
274 911 106 23 Savolaks
403 913 76 21 handel
500 914 24 20 åt
543 913 31 21 S:t
589 913 85 27 P:burg,
691 913 40 22 och
746 914 42 21 den
804 913 48 21 vida
867 914 78 25 vägnar
959 914 77 20 största

212 940 127 21 merkantila
360 941 160 22 verksamheten
542 942 39 26 gär
601 943 27 25 pä
643 942 32 22 S:t
689 942 86 26 P:burg,
793 942 36 20 det
844 943 24 19 är
882 941 70 21 derför
966 943 70 19 natur-

212 966 39 28 ligt
273 970 32 20 att
327 975 34 15 om
384 970 39 21 den
442 976 39 16 ena
495 970 23 22 af
532 970 61 22 dessa
608 976 77 21 grenar
699 970 69 22 skulle
783 970 86 27 byggas,
886 969 105 22 Savolaks'
1006 969 30 21 in-

212 997 67 21 tresse
301 997 67 21 skulle
391 998 56 27 ligga
464 998 31 22 uti
510 1000 32 20 att
557 998 21 22 fä
594 998 69 22 denna
677 998 56 22 bana
749 998 59 22 öfver
823 998 103 21 Puumala
940 998 39 21 och
994 998 42 20 Wi-

211 1023 60 29 borg.
302 1026 49 21 Men
373 1026 68 22 skulle
463 1027 67 21 denna
553 1027 57 21 bana
632 1026 64 22 blifva
718 1027 63 27 bygd,
804 1032 50 16 vore
873 1026 100 22 Savolaks
990 1026 46 21 med

211 1052 32 22 sin
266 1053 63 22 trafik
351 1054 32 22 för
405 1054 62 28 länga
489 1056 55 21 tider
565 1055 98 27 fjettradt
681 1056 34 21 vid
731 1057 80 24 östern,
827 1055 39 21 och
878 1055 37 27 jag
929 1054 107 22 bekänner

211 1083 32 20 att
265 1082 80 22 kanske
364 1083 45 27 just
427 1084 36 21 det
477 1086 32 19 att
524 1084 102 21 Savolaks
641 1085 92 20 tröttnat
748 1084 76 26 härpä,
840 1084 90 20 tröttnat
944 1084 32 20 att
990 1082 46 22 icke

210 1110 49 26 sjelf
279 1110 20 22 få
320 1111 8 21 i
350 1112 70 26 någon
441 1112 40 22 den
495 1112 94 27 ringaste
604 1113 49 21 män
668 1112 119 22 bestämma
801 1112 63 20 hvart
879 1112 47 21 dess
940 1111 96 21 handels-

209 1138 116 22 relationer
346 1140 71 22 kunna
439 1140 145 28 förmänligast
606 1140 65 27 ledas,
694 1141 40 21 har
753 1140 7 21 i
776 1140 77 27 högsta
867 1140 52 26 grad
934 1140 55 26 gjort
1004 1141 31 20 att

210 1166 69 22 denna
301 1169 58 21 östra
373 1174 52 21 gren
441 1168 69 22 blifvit
524 1169 125 27 impopulär.
677 1169 104 22 Savolaks
795 1168 78 22 önskar
890 1170 32 20 att
939 1168 21 22 fä
976 1168 58 21 kom-

208 1195 133 23 munikation
362 1197 49 21 med
425 1197 83 22 landets
523 1197 134 27 hufvudstad,
679 1198 50 21 med
742 1197 85 22 landets
842 1196 138 27 vinterhamn,
996 1196 39 22 och

209 1222 102 24 Savolaks
331 1225 78 22 önskar
432 1225 86 22 framför
540 1226 39 21 allt
601 1228 32 19 att
655 1226 48 27 sjelf
725 1226 22 22 fä
772 1226 118 21 bestämma
912 1226 22 21 ät
955 1224 80 23 hvilket

207 1251 45 22 håll
274 1253 36 22 det
331 1254 54 21 skall
408 1254 45 22 föra
474 1254 32 22 sin
524 1255 84 26 handel,
623 1254 47 22 från
685 1255 81 21 hvilket
782 1254 44 21 håll
842 1254 35 21 det
891 1253 144 27 förmänligast

208 1280 55 22 skall
285 1283 50 26 taga
356 1282 47 22 sina
424 1289 68 20 varor,
515 1284 23 21 ät
560 1283 81 22 hvilket
662 1283 44 22 häll
726 1283 36 22 det
778 1282 54 22 skall
848 1282 76 22 afsätta
940 1283 35 20 det
990 1282 45 21 lilla

208 1309 36 22 det
266 1309 39 22 har
327 1312 33 20 att
375 1311 83 22 afsätta.
487 1312 43 21 Det
544 1313 25 20 är
583 1312 28 26 pä
626 1311 69 22 denna
709 1311 76 28 grund,
801 1317 47 15 som
864 1311 68 21 denna
947 1310 88 21 central-

206 1337 57 22 bana
277 1341 25 19 är
316 1339 24 21 sä
354 1339 91 27 populär
458 1340 7 21 i
481 1340 108 21 Savolaks.
614 1340 41 27 Jag
669 1340 36 21 vill
720 1340 47 21 icke
783 1339 71 22 lemna
869 1339 91 22 onämnd
974 1338 60 22 äfven

207 1365 40 22 den
269 1367 56 27 åsigt
346 1374 46 15 som
414 1368 122 22 frambåller
559 1370 32 20 att
611 1369 36 21 det
663 1368 44 22 deri
722 1368 69 27 ligger
806 1374 27 15 en
848 1367 140 27 förhoppning
1002 1368 32 20 att

206 1399 26 16 en
255 1395 135 27 Kotkabana,
412 1397 27 21 då
455 1397 39 21 den
509 1397 96 22 kommer
619 1397 33 21 till
667 1397 69 26 stånd,
752 1396 63 22 äfven
829 1396 55 21 skall
899 1395 87 27 bidraga
1001 1395 33 21 till

205 1424 34 19 att
261 1423 101 23 Savolaks
384 1425 33 21 får
439 1431 26 16 en
486 1425 89 22 utförsel
597 1426 23 21 åt
640 1427 76 20 vester.
747 1425 86 27 Lägger
852 1431 49 15 man
916 1424 42 21 alla
972 1424 62 21 dessa

205 1450 47 22 skäl
271 1452 96 28 tillhopa,
382 1455 47 20 tror
441 1453 36 28 jag
491 1460 50 15 man
555 1453 129 22 åtminstone
699 1453 47 22 icke
761 1453 56 22 skall
832 1453 84 21 förebrå
932 1452 101 22 Savolaks

205 1480 33 20 att
252 1479 47 23 icke
314 1481 61 22 hafva
390 1482 70 27 någon
474 1483 112 21 medveten
601 1481 63 28 afsigt
678 1482 48 22 med
741 1483 34 21 att
791 1481 67 22 önska
872 1481 75 22 endast
962 1487 26 15 en
998 1486 36 15 en-

204 1508 75 31 grenig
301 1509 60 22 bana.
391 1510 102 22 Kommer
514 1510 73 22 härtill
609 1512 33 20 att
665 1510 42 22 alla
725 1511 26 21 de
767 1509 119 22 statistiska
901 1509 40 22 och
956 1509 77 21 ekono-

203 1536 70 23 miska
287 1537 148 29 beräkningar,
451 1545 45 16 som
511 1539 69 22 blifvit
594 1539 81 27 gjorda,
691 1539 69 22 utvisa
776 1539 33 21 att
824 1544 26 16 en
866 1537 100 28 engrenig
978 1537 54 22 bana
