1109 1761
254 115 42 23 632
524 115 52 20 8.8;
581 116 18 19 4.
604 115 89 21 21085250
703 116 51 23 April.
760 120 4 10 :

226 185 61 21 orätt
306 186 40 26 'väp
368 185 121 27 uppkomna
511 190 51 17 vare
574 185 42 27 sig
637 185 107 22 förmåner
766 184 52 22 eller
830 184 90 22 :bördor.
941 184 49 26 Jag
1004 185 48 21 tror

227 212 54 22 dock
303 215 38 19 att
356 213 75 23 tråden
453 213 33 22 för
498 214 44 21 så:
554 213 112 28 vidlyftiga
686 212 185 28 undersökningar
884 212 82 28 knappt
979 212 74 27 kunde

225 240 69 28 följas,
306 241 24 27 ja
344 243 32 20 att
391 241 27 22 de
432 242 7 21 i
454 242 27 21 de
496 241 55 23 allra
564 241 62 23 flesta:
641 242 39 22 fall
692 241 104 23 stannade
810 242 30 27 pä
852 240 72 24 halfva
938 242 83 25 vägen.
1013 236 10 37 ,

295 270 33 21 Då
350 276 28 15 nu
390 270 70 22 dessa.
482 269 130 23 rästhällens
634 270 107 22 förmäner
754 269 141 28 :uppkommit
909 270 35 26 pä
954 269 24 21 sä
993 268 60 23 olika.

226 299 43 20 sätt
292 297 39 22 och
346 297 102 22 tilldelats
461 297 7 22 i
476 299 32 20 så
522 298 59 21 olika
595 299 49 21 män
659 298 41 21 och
715 298 27 22 då
756 298 63 27 ingen
834 297 114 27 utredning
962 296 66 22 bakåt
1042 297 8 21 i

225 325 59 22 tiden
294 321 7 40 '
306 325 73 22 härvid
401 326 41 22 Kan
464 326 38 27 fås,
525 327 28 21 dä
576 327 73 21 vidare
671 327 62 21 dessa
754 327 107 21 förmåner
875 325 67 23 under
956 331 27 18 en
998 326 54 30 nära

226 354 43 21 200
289 353 46 28 årig
355 354 51 22 häfd
428 355 74 21 vunnit
520 355 180 26 egendomshelgd
722 355 40 22 och
784 355 76 26 :stadga
881 356 58 20 samt
950 352 100 27 slutligen

225 383 32 20 ett
270 382 103 22 kontrakt
385 383 47 22 ieke
446 383 66 22 borde
527 383 73 21 kunna
614 382 92 28 ensidigt
719 383 80 28 brytas,
814 383 73 27 tyckes
894 382 41 23 det
944 381 48 27 mig,
1002 387 47 16 som

226 416 35 16 om
276 409 39 23 det
328 410 76 28 högsta
418 411 102 22 rättvisan
535 411 76 22 härvid
626 411 71 22 kunde
711 411 73 22 fordra
798 416 59 17 vore:
873 412 33 21 att
919 408 132 24 rusthällens

226 445 54 21 egna
302 439 39 22 och
358 442 190 24 -augmentsräntor
570 439 100 28 indroges
692 439 32 22 till
740 440 36 21 det
790 439 78 27 belopp
880 445 48 16 som
942 438 108 24 beräknas

226 468 107 21 motsvara
346 467 216 28 rustningsbesvärets
571 467 133 28 fullgörande
720 468 23 21 in
751 470 89 23 natura;
858 466 133 27 billighetens
1002 466 46 22 der-

226 491 58 38 emot,
294 497 43 24 'att
348 496 72 21 denna
441 496 126 27 indragning
588 497 22 27 ej
632 496 121 22 Ofverskred
768 495 202 28 vakansafgifternas
984 501 64 15 nuva-

225 523 66 22 rande
306 524 84 27 belopp,
404 531 45 15 som
466 525 26 21 dä
507 523 181 24 öfverensstämde
703 525 49 21 med
768 525 54 21 1877
836 523 146 24 ärs:ständers
992 525 56 20 utta-

225 552 64 21 lande
310 552 30 29 då
362 553 68 21 denna
451 553 106 27 reglering
578 553 140 26 ifrågasattes.
759 553 100 22 Komiten
881 552 39 22 har
944 551 103 26 deremot,

225 580 67 30 enligt
313 581 43 22 min
377 582 71 26 tanke,
470 581 113 21 uraktlätit
596 583 34 20 att
644 581 54 21 fästa
713 582 37 20 det
765 581 114 26 tillbörliga
890 579 101 24 afseende
1006 579 41 22 den

225 608 64 22 bordt
304 609 34 28 vid
352 608 96 28 vilkoret;
464 611 32 19 att
510 609 56 22 intet
580 610 91 26 verkligt
685 610 84 26 intrång
783 609 8 21 i
806 608 114 23 bestående
930 608 117 26 förmögen-

224 636 200 28 hetsförhällauden,
436 632 8 38 -
447 638 35 21 vid
503 638 140 27 regleringen,
665 638 56 27 finge:
743 638 43 22 ske.-:
805 637 143 27 Regeringen
967 636 82 22 uttalar

226 665 106 22 dessutom
355 665 6 21 i
383 666 158 27 propositionen
565 672 35 16 om
614 665 110 23 införande
739 666 23 22 af
775 666 78 21 allmän
869 664 117 28 värnepligt
1001 666 47 24 ,att

225 692 253 29 rustningsskyldigheten
500 694 7 21 i
528 694 45 22 alla
590 694 136 22 hänseenden
739 694 83 27 antagit
836 692 172 29 egenskapen
979 688 29 37 af
1020 698 27 16 en

225 721 126 27 fastigheten
366 722 115 27 ätföljande
496 722 40 22 och
551 724 29 26 pä
590 723 190 27 egendomsvärdet
793 722 107 22 verkande
913 721 134 27 grundskatt.

225 749 61 22 Alla
298 749 107 28 offentliga
422 751 147 27 myndigheter
581 751 129 22 betraktade
726 751 73 26 likaså,
815 750 34 21 vid
864 750 136 26 värderingar
1014 749 34 21 för

224 777 105 28 belåning,
352 779 126 22 rasthällens
500 779 181 27 skattskyldighet
695 779 67 22 sådan
778 779 40 22 den
832 778 101 27 gestaltat
948 778 31 26 sig
994 777 53 22 efter

226 806 57 23 1810
294 806 39 22 och
349 807 53 22 1811
418 808 74 21 såsom
502 807 42 22 fast
559 807 44 22 och
614 807 69 27 stabil,
699 808 55 21 huru
769 807 84 22 mycket
868 806 80 22 mindre
962 806 42 21 kan
1020 805 29 22 dä

224 833 83 23 fordras
329 836 32 20 att
379 835 40 22 den
431 835 98 22 enskilde
543 834 36 23 vid
593 836 43 27 köp
651 836 23 21 af
686 835 90 22 rusthäll
807 837 66 20 kunnat
886 834 114 23 förutsätta
1014 835 34 20 att

224 863 24 20 sä
270 862 46 22 icke
332 869 44 15 var:
406 863 130 27 Regeringen
551 863 68 22 borde
634 864 84 22 derföre
731 864 74 27 tyckes
820 863 48 27 mig,
884 863 122 26 respektera
1020 861 28 22 de

223 890 125 27 rättigheter
363 897 45 15 som
423 897 75 21 genom
514 892 48 22 dess
577 898 54 21 egna
645 892 131 27 ätgöranden
791 890 138 28 uppkommit.

293 918 45 22 Den
350 920 76 26 nädiga
438 920 160 27 propositionen
606 920 96 22 deremot
710 921 39 21 har
758 920 59 22 säväl
827 919 37 23 vid
873 918 175 27 nästföregäende

223 952 46 16 som
285 947 69 22 denna
368 947 102 28 landtdag
485 948 55 22 velat
554 948 138 22 äterförsätta
708 948 116 22 rusthällen
838 948 8 22 i
860 946 111 24 enahanda
981 946 66 22 skatt-

223 974 263 28 skyldighetsförhällande
507 982 45 16 som
575 976 33 22 för
623 978 43 20 200
679 978 25 20 &r
718 977 96 25 tillbaka,
830 976 7 22 i
849 976 40 22 det
903 976 41 21 den
959 975 89 23 föreslär

223 1008 26 16 en
269 1001 122 29 fullständig
404 1004 125 28 indragning
544 1005 23 21 af
580 1005 129 22 rusthällens
724 1005 58 22 såväl
797 1011 55 21 egna
866 1010 46 16 som
927 1005 120 25 augments-

223 1033 79 19 räntor.
332 1032 166 22 Statsutskottet
506 1033 44 26 har
565 1034 54 21 dock
634 1034 95 21 hvarken
743 1034 35 21 vid
794 1033 69 22 denna.
878 1032 52 22 eller.
944 1032 35 21 vid
992 1031 54 22 före-

222 1060 82 26 gäende
319 1060 101 27 landtdag
435 1061 81 21 kunnat
530 1062 114 26 godkänna
659 1062 69 22 denna
739 1061 130 28 ytterlighet,
880 1062 51 20 utan
941 1060 106 26 utgäende

222 1087 46 22 från
291 1094 80 16 samma
392 1089 74 27 grand,
488 1095 46 16 som
557 1090 101 26 komiten,
682 1089 256 28 rusthällsprestationens.
954 1088 94 22 faktiska

221 1116 98 25 kostnad,
342 1116 39 22 har
403 1118 104 21 utskottet
528 1118 97 22 förordat
642 1118 214 22 rusthällsräntornas
870 1117 126 26 indragning
1011 1122 36 16 en-

221 1144 49 22 dast
284 1144 32 21 till
330 1145 24 21 så
368 1147 46 19 stor
429 1146 40 26 del,
484 1152 45 16 som
544 1146 248 27 rusthållsprestationen
807 1146 89 22 faktiskt
909 1145 78 23 kostat.

288 1172 166 23 Statsutskottet
475 1174 39 21 har
532 1174 90 21 likasom
645 1175 94 20 komitén
752 1174 57 22 :dock
824 1174 112 22 uraktlåtit
951 1175 32 19 att
992 1174 55 25 taga

220 1199 84 28 härisyn
318 1195 38 38 "till
374 1201 44 22 den
440 1201 105 28 vibbning
561 1202 327 27 i'förmögenhetsförhällamden
903 1207 45 16 som
963 1200 84 27 bhärige-

219 1234 50 16 nom
285 1229 94 26 uppstår.
410 1230 73 21 Såsom
496 1230 38 27 jag
548 1230 65 22 fattat
626 1231 126 21 ständernas
767 1230 111 22 uttalande
892 1229 36 22 vid
944 1231 55 20 1877
1010 1230 36 21 års

218 1256 103 27 landtdag
342 1269 28 4 —
394 1258 41 21 kan
458 1258 58 22 detta
533 1259 49 21 ieke
597 1259 132 22 annorlunda
743 1259 78 26 tolkas,
837 1261 27 19 än
880 1259 40 24 att,
934 1257 32 22 för
976 1258 70 21 sävidt

220 1285 40 21 den
282 1285 23 21 af
326 1285 47 22 dem
396 1285 112 23 förordade
526 1287 133 27 regleringen
681 1287 71 22 kunde
775 1287 67 22 hällas
857 1287 58 22 inom
930 1288 117 24 gränserna

218 1313 22 21 af
254 1313 128 22 rusthällens
398 1315 120 22 nuvarande
534 1315 148 27 vakansafgift,
698 1316 36 21 det
749 1315 37 21 vill
800 1317 58 24 säga,
874 1315 46 22 icke
932 1313 112 27 öfverstiga

218 1341 123 31 densamma
364 1342 39 21 och
422 1343 120 27 derigenom
562 1344 148 21 åstadkomma
727 1343 107 27 rubbning
852 1343 9 22 i
867 1342 122 23 bestående
1003 1342 42 21 för-

217 1370 278 27 mögerihetsförhällanden,
518 1377 26 16 en
566 1372 67 21 sådan
656 1372 158 27 undersökning
836 1371 68 22 skulle
919 1370 125 23 verkställas

217 1397 39 22 och
280 1398 32 21 till
334 1399 125 22 ständernas
477 1400 98 26 pröfning
595 1400 39 21 och
654 1400 114 26 afgörande
787 1400 130 26 hänskjutas.
948 1399 41 21 Det
1004 1398 41 22 blir

217 1425 83 22 derföre
322 1426 110 22 stridande
446 1428 58 21 säväl
519 1430 46 19 mot
578 1428 200 26 följdriktighetens,
792 1428 115 21 rättvisans
922 1426 40 22 och
977 1426 67 28 billig-

216 1452 75 22 hetens
306 1454 96 22 eriklaste
417 1455 119 28 fordringar
550 1458 34 19 att
599 1456 109 21 utsträcka
718 1456 141 21 reduktionen
873 1455 84 22 utöfver
966 1454 78 22 vakan-

215 1486 53 27 sens
279 1481 225 29 belopp;'isynnerhiet
518 1484 28 21 dä
561 1490 49 15 man
625 1484 104 21 betänker
738 1485 33 20 att
781 1483 109 27 samtidigt
899 1489 49 16 som
954 1484 92 21 rotorna

215 1508 78 23 befrias
315 1509 46 22 från
376 1511 40 22 :sin
432 1512 139 27 vakansafgift
584 1512 118 22 rusthällen
719 1511 131 23 fortfarande
865 1512 85 22 komme
965 1512 33 20 att
1012 1517 34 16 er-
