1109 1767
379 128 15 18 R.
407 132 14 14 0.
434 128 15 18 A.
463 128 47 19 1685.
533 128 22 18 28
567 128 48 22 April.
839 128 39 22 763

88 196 90 21 skottets
200 202 28 14 nu
250 195 141 27 föreliggande
413 196 63 26 kläm,
500 196 27 21 dä
542 196 25 26 ju
582 195 219 27 skolöfverstyrelsens
817 196 50 26 chef,
882 196 26 21 hr

88 223 101 27 Lindelöf,
212 224 35 21 vid
269 227 82 18 senaste
369 224 73 21 debatt
456 224 7 21 i
478 224 89 22 ärendet
581 224 183 26 hufvudsakligast
778 225 68 21 såsom
861 224 46 21 skäl

88 252 32 22 för
142 254 31 20 att
195 252 46 22 icke
262 252 84 26 vidtaga
367 252 75 26 ätgärd
463 253 8 21 i
492 253 66 21 saken
575 252 130 26 framstälde,
721 254 32 20 att
767 252 141 22 kostnaderna

88 280 68 22 blefve
178 282 68 20 större
261 282 26 20 än
303 281 102 21 utskottet
421 280 26 22 dä
462 281 76 21 trodde
554 281 31 26 sig
600 281 72 21 kunna
687 281 85 21 komma
787 280 32 22 till
832 286 75 21 genom

88 309 121 26 beräkning.
239 309 42 21 Det
295 311 24 19 är
333 309 81 21 säledes
435 309 46 22 icke
496 316 27 15 en
538 309 164 27 skiljedomstols
718 309 120 27 myndighet
853 309 55 21 stän-

88 338 36 22 det
143 344 28 15 nu
193 338 82 21 komme
292 338 37 20 att
351 337 70 22 utöfva
443 344 75 20 genom
542 338 119 26 antagande
683 338 23 21 af
717 337 113 23 utskottets
845 337 61 22 kläm.

88 366 40 27 Jag
143 366 36 22 vill
194 366 69 21 derför
273 366 120 27 ytterligare
409 366 107 22 vördsamt
526 366 84 26 föreslä,
621 368 32 19 att
663 366 85 22 ständet
758 367 65 21 mätte
832 368 76 24 antaga

88 395 114 21 utskottets
217 401 28 14 nu
259 394 140 27 föreliggande
414 394 297 27 sammanjemkningsförslag.

156 423 33 21 Då
211 422 143 22 diskussionen
375 422 88 22 härmed
485 422 132 26 afstannade,
633 422 154 22 öfverlemnade
801 423 25 21 hr
840 422 68 22 landt-

89 451 132 22 marskalken
236 451 31 21 till
282 451 25 21 R.
323 458 18 15 o.
357 452 37 21 A:s
408 451 131 22 besvarande
554 458 26 15 en
596 452 23 21 sä
634 451 91 27 lydande
740 451 138 28 proposition:

156 481 53 25 Den,
237 486 45 15 som
308 480 121 26 godkänner
451 480 108 21 allmänna
580 480 203 21 besvärsutskottets
806 485 102 16 samman-

86 508 203 28 jemkningsförslag,
305 510 68 19 röstar
385 508 32 27 ja;

158 538 72 20 vinner
245 537 40 26 nej,
301 537 101 21 vidhäller
416 537 24 21 R.
457 543 19 15 o.
492 537 26 21 A.
534 537 38 21 sitt
582 537 56 21 förut
648 537 7 20 i
666 537 64 21 saken
741 537 78 22 fattade
829 536 78 25 beslut;

157 565 83 22 hvilken
263 565 122 22 besvarades
408 565 48 22 med
478 566 27 21 27
526 565 23 27 ja
568 565 39 22 och
622 566 27 20 26
665 565 40 27 nej,
721 565 32 21 till
770 565 50 27 följd
835 564 75 22 hvaraf

88 594 25 21 R.
130 600 18 15 o.
164 595 25 20 A.
205 594 54 21 hade
275 593 92 28 godkänt
382 594 36 21 det
432 593 144 28 föreliggande
591 593 317 28 sammanjemkningsförslaget.

158 679 119 26 Föredrogs
292 679 106 21 allmänna
413 679 206 21 besvärsutskottets
630 679 134 21 betänkande
775 685 34 14 n:o
825 679 24 20 11
861 677 49 21 med

90 708 113 27 anledning
218 708 23 21 af
254 710 31 19 ett
299 708 56 20 inom
370 707 158 26 presteständet
543 708 64 21 väckt
625 707 182 27 petitionsförslag
830 713 34 14 om
879 706 31 21 lö-

89 736 147 27 neförhöjning
250 736 33 21 för
298 736 68 21 lärare
382 736 39 21 och
436 735 130 27 tjenstemän
582 736 35 21 vid
636 736 53 26 kejs.
713 736 130 21 Alexanders
865 735 45 20 uni-

89 765 116 21 versitetet.

158 793 67 21 Ordet
240 793 103 26 begärdes
358 792 22 21 af

156 821 27 22 hr
197 821 22 22 af
232 821 177 25 Frosterus,
426 827 46 15 som
487 821 96 27 yttrade:
607 821 31 21 De
657 821 53 26 skäl,
727 827 44 15 som
787 821 22 21 af
822 820 85 27 petitio-

89 851 66 20 nären
171 850 39 21 och
225 850 104 21 utskottet
343 849 127 22 framhällits
485 850 34 21 för
534 856 27 15 en
576 849 121 27 förhöjning
719 850 22 21 af
760 850 95 21 lärarnes
871 848 39 21 och

89 878 180 27 tjenstemännens
283 878 35 21 vid
333 879 147 20 universitetet
495 878 164 26 löneförmäner,
684 885 62 20 synas
768 878 43 27 mig
833 877 23 22 sä
878 879 32 18 ta-

90 907 68 25 lande,
175 908 32 20 att
218 907 38 26 jag
270 907 33 20 för
318 907 42 21 min
376 907 33 21 del
424 907 7 20 i
445 907 44 21 allo
504 907 69 21 måste
587 907 75 21 förena
677 907 43 26 mig
734 907 5 20 i
756 905 118 22 denna-del
889 905 23 21 af

89 935 118 22 utskottets
222 935 85 26 förslag,
324 935 55 22 helst
393 935 41 21 den
449 935 122 27 föreslagna
581 935 149 27 förhöjningen
739 935 46 21 icke
796 941 61 21 synes
867 934 43 26 mig

90 963 79 27 obillig,
185 970 47 15 men
249 964 27 21 dä
290 964 105 21 utskottet
409 964 70 21 tillika
493 964 117 26 föreslagit,
627 966 47 24 ,,att
684 964 70 21 lärare
769 963 39 22 och
823 963 87 26 tjenste-

89 994 55 24 män,
161 999 45 14 som
221 993 34 20 vid
271 993 40 20 den
327 992 64 26 älder,
408 992 27 21 dä
450 993 43 20 han
509 995 24 18 är
548 992 226 27 pensionsberättigad,
797 995 60 23 tager
879 990 31 21 af-

90 1021 58 26 sked,
165 1021 66 21 måtte
245 1020 22 21 få
281 1021 149 26 tillgodonjuta
445 1021 43 21 alla
503 1021 27 21 de
544 1021 59 21 löne-
618 1021 40 21 och
673 1020 170 27 hyresförmäner
865 1025 46 15 som

90 1049 79 21 honom
184 1049 66 22 under
265 1049 102 27 tjenstens
382 1049 116 22 utöfvande
513 1049 142 25 tillkommit*,
675 1049 24 21 sä
713 1049 42 21 kan
767 1049 38 26 jag
819 1049 6 20 i
841 1049 71 20 denna

90 1078 34 21 del
139 1078 47 21 icke
201 1078 112 21 instämma
327 1078 7 21 i
349 1079 116 20 utskottets
480 1078 88 27 förslag.
593 1078 32 21 De
640 1077 23 22 af
672 1078 105 21 utskottet
791 1077 121 26 föreslagna

90 1106 234 27 pensionsförmänerna
338 1113 62 20 synas
415 1107 42 26 mig
472 1107 48 21 icke
535 1106 34 21 stä
583 1107 8 20 i
606 1107 94 26 ringaste
715 1106 95 21 harmoni
825 1105 49 21 med
884 1105 26 20 de

90 1135 111 26 principer,
217 1141 45 15 som
277 1135 8 20 i
299 1135 115 21 allmänhet
428 1135 58 27 gjort
501 1135 32 27 sig
547 1135 99 27 gällande
661 1135 35 21 vid
711 1133 169 23 bestämmandet
890 1133 24 20 af

90 1163 200 27 pensionsbeloppet
313 1163 34 22 för
370 1163 47 22 från
446 1163 95 27 tjensten
570 1163 104 27 afgäende
703 1164 133 26 tjenstemän.
874 1161 38 22 Uti

90 1192 233 25 petitionsmemorialet
338 1192 39 21 har
391 1192 144 26 petitionären
550 1192 71 21 säsom
643 1193 49 20 stöd
713 1192 34 21 för
769 1192 32 21 sin
822 1190 90 27 petition

90 1219 66 22 bland
171 1223 66 18 annat
252 1220 103 27 åberopat
369 1223 32 18 att
416 1221 64 21 lönen
495 1221 34 21 för
544 1223 32 18 ett
591 1220 133 22 hofrättsräd
741 1221 6 20 i
757 1220 99 26 Wiborgs
866 1218 46 21 hof-

90 1249 45 20 rätt
149 1250 64 25 utgör
229 1249 76 25 10,600
319 1249 67 26 mark,
402 1249 35 21 vid
452 1249 67 21 Wasa
534 1249 41 21 och
589 1244 48 26 Äbo
648 1249 104 22 hofrätter
764 1249 77 25 10,000
852 1247 61 22 mark

91 1277 40 21 och
145 1277 34 21 för
194 1283 26 15 en
235 1277 277 22 referendariesekreterare
534 1278 8 20 i
564 1280 89 19 senaten
677 1277 76 26 10,000
774 1277 67 20 mark.
871 1275 43 21 Det

92 1311 61 21 synes
169 1305 90 22 sålunda
273 1312 45 15 som
334 1313 34 14 om
383 1307 155 26 petitionärens
554 1306 63 27 afsigt
637 1306 69 21 skulle
727 1306 61 25 varit,
811 1307 33 19 att
865 1309 49 21 pro-

90 1334 120 22 fessorerne
225 1335 7 20 i
248 1335 97 21 afseende
361 1335 12 21 &
388 1335 57 21 löne-
461 1336 41 20 och
517 1334 208 28 pensionsförmäner
735 1334 68 21 blefve
814 1332 101 22 likstälda

92 1363 48 21 med
162 1363 63 21 dessa
246 1364 132 26 tjenstemän.
408 1363 83 22 Genom
514 1364 41 20 den
576 1363 121 27 föreslagna
719 1361 196 27 löneförhöjningen

91 1391 70 21 blefve
177 1392 60 20 detta
251 1392 64 21 också
329 1392 7 21 i
351 1392 98 21 afseende
466 1392 13 21 &
494 1391 187 22 löneförmänerna
695 1391 65 26 fallet,
783 1396 48 16 men
846 1388 68 22 skulle

91 1420 116 26 pensionen
222 1420 129 22 bestämmas
365 1420 34 21 till
414 1420 36 22 det
465 1420 85 27 belopp,
568 1426 45 15 som
628 1420 107 21 utskottet
757 1418 114 26 föreslagit,
895 1417 19 21 d.

91 1454 19 15 v.
127 1454 15 15 s.
158 1451 34 19 att
206 1449 35 20 vid
256 1448 169 22 bestämmandet
440 1449 23 21 af
478 1449 124 21 densamma
616 1448 47 22 icke
686 1448 75 22 endast
783 1448 58 20 löne-
863 1448 53 19 utan

92 1476 62 22 äfven
168 1476 199 28 hyresförmänerna
382 1477 65 21 borde
470 1479 62 25 tagas
547 1478 7 20 i
569 1477 125 27 beräkning,
717 1476 24 22 sä
761 1476 85 20 komme
867 1480 49 21 pro-

91 1504 121 22 fessorerne
227 1506 32 20 att
274 1506 7 20 i
296 1506 59 20 detta
370 1505 100 21 afseende
487 1506 67 21 blifva
576 1505 105 27 betydligt
703 1506 70 20 bättre
796 1504 71 21 stälda
889 1504 27 19 än

92 1532 59 22 såväl
166 1534 133 21 hofrättsräd
321 1540 45 15 som
388 1533 289 22 referendariesekreterare.
708 1534 33 20 En
763 1531 154 23 referendarie-
