1114 1770
222 135 49 37 808
496 141 16 20 R.
524 146 16 15 0.
552 142 16 19 A.
581 141 47 20 1886.
651 141 21 21 27
683 142 49 24 April,

195 208 38 26 jag
247 207 84 23 märkte
346 214 42 22 nog
410 211 32 19 att
457 210 27 21 hr
498 216 42 16 von
555 210 90 22 Alfthan
660 211 84 27 syftade
759 210 28 28 pä
801 211 44 26 mig
860 221 26 5 —
902 210 48 22 lade
966 211 39 21 ord
1018 211 11 22 i

197 242 92 16 munnen
305 236 28 27 pä
348 236 74 28 sjelfva
443 238 83 27 jorden.
557 240 89 21 Liksom
659 240 37 26 jag
711 240 89 21 anslutit
815 240 43 26 mig
872 239 34 21 till
921 246 106 15 samman-

195 264 225 28 jemkningsförslaget
435 267 40 21 och
490 268 111 21 vördsamt
616 268 102 22 hemstält
733 274 34 16 om
783 268 49 21 dess
847 268 127 26 antagande,
988 268 41 22 ber

195 294 38 26 jag
249 296 32 18 att
297 294 65 21 ocksä
376 294 22 22 fä
412 295 89 23 förorda
515 296 105 28 förslaget
637 297 33 21 till
685 296 126 27 förordning
827 302 33 16 om
876 297 151 27 upphörandet

199 322 23 21 af
236 322 195 27 vakansafgifterna
453 324 47 22 frän
522 326 101 20 roterade
639 326 99 21 hemman
754 325 40 22 och
809 325 161 27 bätsmanshäll,
986 326 42 21 och

197 353 62 24 tager
279 351 37 27 jag
339 351 33 21 för
394 352 70 28 gifvet,
488 355 32 20 att
543 354 61 22 detta
624 354 81 27 förslag
719 354 98 22 kommer
832 356 33 19 att
880 354 24 20 af
917 354 37 22 det
968 354 59 28 högl.

198 379 87 21 ståndet
307 381 96 26 antagas.
440 383 141 21 Annorlunda
602 389 64 15 anser
686 383 38 27 jag
747 384 33 20 att
797 382 87 22 ståndet
898 382 46 22 icke
960 389 69 21 gerna

197 407 44 22 kan
255 407 28 27 gå
297 408 22 21 in
334 408 28 27 på
377 410 189 28 rusthållsfrågans
585 412 85 26 lösning
684 411 28 27 på
727 413 44 20 sätt
786 411 107 21 utskottet
908 411 117 27 föreslagit,

198 438 27 19 än
248 436 48 22 med
319 437 37 21 det
378 438 68 21 vilkor
461 442 33 19 att
508 440 104 27 förslaget
626 440 34 21 till
674 440 153 26 förordningen
844 440 108 27 angående
967 442 60 19 rote-

198 465 52 21 rade
266 465 100 22 hemman
390 467 40 21 och
452 467 183 22 båtsmanshållen
651 468 65 22 också
732 469 77 21 blifver
824 469 40 26 lag.
895 468 62 21 Hvad
973 469 55 20 slut-

198 493 57 27 ligen
270 493 104 22 beträffar
388 495 117 23 utskottets
522 497 158 27 framställning
695 503 34 16 om
746 503 26 16 en
786 497 134 26 underdånig
935 497 91 26 petition

197 522 34 21 till
246 522 27 21 H.
289 522 39 21 M:t
351 525 33 20 att
406 523 21 22 få
442 525 33 21 till
490 527 62 20 nästa
566 525 105 28 landtdag
685 525 107 28 förelagdt
808 527 32 20 ett
854 525 80 27 förslag
949 525 33 22 till
997 531 28 21 ny

195 551 110 26 jordskatt
319 551 53 22 eller
387 559 27 20 ny
430 553 58 22 skatt
503 554 28 27 på
544 554 154 27 jordegendom
714 555 41 21 och
770 561 71 14 annan
856 554 147 27 förmögenhet
1017 554 9 21 i

198 581 27 20 st.
240 579 15 22 f.
271 580 26 21 de
311 580 49 21 från
375 583 99 21 roterade
490 583 99 22 hemman
605 583 40 21 och
661 583 155 22 båtsmanshåll
832 583 76 21 hittills
918 583 109 27 utgående

197 608 91 21 vakans-
311 609 40 21 och
375 611 251 28 passevolansafgifterna
648 618 28 15 m.
694 618 34 20 m.,
745 612 24 21 sä
784 611 43 22 kan
840 611 38 28 jag
892 611 47 22 icke
954 611 72 22 deruti

197 637 120 21 instämma.
348 638 42 21 Det
414 641 25 20 är
461 640 34 21 väl
511 643 53 25 sant,
581 642 33 19 att
630 641 26 21 de
672 641 100 21 roterade
787 640 127 21 hemmanen
930 640 98 22 lofvades

198 665 99 22 befrielse
325 666 47 21 frän
401 668 112 25 vakansen,
548 669 90 22 säframt
668 675 25 16 en
722 669 88 22 dermed
835 669 107 27 jemförlig
966 669 60 21 skatt

198 693 69 22 skulle
282 694 74 22 kunna
377 697 79 26 ställas,
480 704 48 15 men
544 698 27 21 dä
586 698 142 21 statsverkets
744 698 102 27 ställning
860 698 56 21 visat
932 698 31 27 sig
977 697 50 22 icke

197 728 52 15 vara
264 723 7 21 i
286 723 67 22 behof
372 725 23 21 af
414 725 68 28 nägra
496 726 104 21 förökade
615 727 117 21 inkomster
748 727 23 21 af
782 726 187 27 jordbeskattning
985 725 41 22 och

197 751 28 21 dä
240 751 116 22 ständerna
370 753 34 22 för
418 755 94 21 militära
526 755 66 21 behof
606 755 66 21 redan
688 756 84 21 anvisat
788 755 68 21 andra
872 755 119 27 tillgångar,
1000 754 25 21 så

197 785 51 16 vore
263 780 146 23 vidhällandet
432 783 23 21 af
474 784 59 21 detta
547 784 97 27 yrkande
659 786 32 19 ett
704 783 132 28 frängäende
852 783 22 22 af
888 784 40 21 den
942 783 82 27 princip

195 808 37 27 jag
246 809 35 21 vid
296 809 86 27 frägans
397 811 127 28 föregäende
540 813 130 26 behandling
685 813 67 21 redan
766 812 120 22 framhällit
901 812 69 21 säsom
978 811 49 28 gäl-

197 837 63 22 lande
275 838 8 21 i
298 838 26 21 de
349 839 62 22 fiesta
434 841 155 26 kulturländer,
606 843 33 19 att
651 841 165 26 jordskatterna
831 841 53 21 böra
899 840 127 27 upphäfvas,

197 871 49 15 men
261 866 46 21 icke
322 866 95 28 förökas,
433 871 27 19 än
475 869 81 21 mindre
571 876 43 20 nya
629 869 108 28 päläggas.

266 894 32 21 Hr
313 901 42 15 von
377 896 149 28 Knorring,
552 898 84 27 Eugen:
667 898 41 27 Jag
730 898 40 22 ber
792 897 23 21 få
830 898 74 21 förena
919 897 42 27 mig
975 896 52 22 med

197 922 26 21 hr
248 922 72 22 Taube
344 924 40 22 och
405 932 34 15 om
454 926 82 27 möjligt
552 928 57 20 ännu
625 927 98 21 starkare
739 927 87 25 betona,
842 928 32 20 att
887 926 37 27 jag
939 925 86 21 bifaller

197 951 33 21 till
245 952 41 20 den
301 952 123 28 föreslagna
438 954 154 28 förmedlingen
608 956 76 20 endast
698 956 50 21 med
763 955 38 21 det
816 955 70 21 vilkor
900 956 34 20 att
941 956 86 19 roteva-

197 980 81 21 kansen
293 981 49 21 med
357 982 118 22 detsamma
491 984 64 21 ocksä
570 984 98 22 kommer
682 986 33 20 att
730 983 127 28 upphäfvas.

267 1008 32 22 Hr
314 1010 202 24 Nordenskiöld:
548 1012 166 22 Statsutskottet
738 1012 128 22 framhåller
888 1012 28 26 pä
938 1017 47 21 pag.
1011 1012 16 21 5

198 1036 39 22 och
263 1038 12 20 6
298 1038 23 21 af
341 1039 37 21 sitt
400 1040 134 22 betänkande
556 1043 32 19 ett
606 1041 107 27 ogillande
728 1042 24 21 af
765 1042 43 20 den
822 1040 158 28 grundprincip,
996 1039 29 27 pä

196 1066 87 21 hvilken
298 1066 41 22 den
361 1068 49 21 näd.
426 1075 59 21 prop.
501 1069 75 27 hvilar,
596 1070 107 27 nämligen
718 1072 33 20 att
766 1070 28 21 de
809 1069 120 21 rusthällen
943 1069 7 21 i
966 1068 59 21 tiden

196 1094 89 27 tillagda
309 1096 138 22 förmånerna
471 1098 52 21 böra
538 1104 62 16 anses
615 1098 64 22 hafva
691 1099 69 27 jemnt
776 1099 121 20 motsvarat
912 1098 41 20 den
968 1098 59 20 rust-

195 1123 191 28 ningsskyldighet,
410 1132 46 16 som
478 1127 108 21 desamma
606 1126 68 28 åtagit
699 1128 38 26 sig.
768 1127 68 21 Detta
851 1126 175 22 statsutskottets

196 1152 107 26 ogillande
319 1153 59 21 delar
390 1154 38 27 jag
442 1156 7 20 i
465 1155 41 21 allo
522 1155 39 21 och
574 1155 38 27 jag
626 1156 43 21 kan
683 1156 47 22 icke
745 1157 69 20 annat
829 1157 27 19 än
871 1154 57 22 finna
936 1156 33 19 att
979 1154 48 21 det-

195 1186 83 16 samma
293 1182 25 20 är
333 1182 34 21 väl
382 1184 134 21 motiveradt.
546 1184 128 22 Emellertid
689 1191 62 20 synes
768 1184 37 21 det
821 1184 43 26 mig
879 1185 33 19 att
919 1183 107 21 utskottet

195 1208 86 22 förfarit
295 1210 162 28 inkonsegvent,
476 1212 28 21 då
518 1212 36 21 det
568 1213 7 20 i
591 1219 75 15 senare
681 1219 63 15 mom.
762 1212 24 21 af
800 1212 12 27 $
827 1216 13 16 3
856 1213 7 20 i
878 1212 151 25 författnings-

195 1237 104 27 förslaget
314 1238 91 22 föreslär
421 1243 32 18 att
468 1241 55 27 ,Der
539 1243 31 19 ett
585 1241 103 22 rusthälls
704 1243 64 20 ränta
778 1239 192 23 sammanräknadt
977 1239 49 22 icke

195 1265 83 27 uppgär
293 1267 33 20 till
343 1268 27 20 79
385 1268 150 26 rubelskatter,
551 1269 101 28 indrages
667 1271 75 20 endast
758 1270 38 21 det
811 1268 215 22 förhandenvarande

194 1294 119 27 beloppet".
344 1296 33 21 En
402 1297 53 27 följd
470 1297 64 22 häraf
547 1298 69 21 blefve
632 1300 33 19 att
680 1299 43 21 alla
738 1297 101 26 rusthäll,
855 1297 83 21 hvilkas
954 1292 73 40 rubel-

195 1323 84 21 skatter
301 1325 39 19 äro
362 1325 83 22 mindre
470 1328 27 19 än
513 1327 33 24 79,
561 1327 115 21 framdeles
691 1327 87 21 komme
794 1328 34 19 att
843 1327 87 25 erlägga
944 1325 59 21 skatt
1018 1330 9 15 i

194 1352 128 26 proportion
348 1356 57 18 emot
424 1354 26 22 de
466 1354 118 22 rusthällen
600 1355 71 22 äsatta
685 1355 131 22 rubeltalen.
846 1354 30 22 Af
888 1354 94 21 tabellen
997 1352 29 27 pä

193 1385 49 21 pag.
259 1381 13 21 3
287 1381 7 21 i
309 1382 173 22 statsutskottets
498 1383 136 22 betänkande
650 1390 61 21 synes
726 1386 34 19 att
776 1383 90 27 ungefär
882 1382 27 28 1/,
925 1382 23 21 af
960 1382 66 32 samt-

193 1408 44 26 liga
262 1409 93 22 rusthäll
380 1410 68 22 skulle
470 1412 86 21 komma
577 1412 69 22 under
661 1412 70 22 denna
745 1412 107 26 kategori,
869 1411 21 21 d.
905 1417 19 14 v.
940 1416 24 20 s.,
980 1410 47 21 ifall

194 1438 174 22 statsutskottets
383 1439 81 28 förslag
479 1440 41 21 blir
535 1442 95 25 antaget,
646 1440 68 22 skulle
730 1441 27 28 1/,
774 1440 24 22 af
812 1440 50 21 hela
876 1439 83 21 antalet
969 1440 57 20 rust-

193 1464 45 22 håll
253 1466 117 22 framdeles
384 1468 86 22 komma
484 1471 32 19 att
532 1470 86 26 erlägga
632 1469 59 22 skatt
705 1468 195 28 proportionerligt
915 1469 57 20 emot
980 1468 47 20 sina

194 1493 101 22 rubeltal.
326 1495 166 23 Statsutskottet
516 1498 40 21 har
582 1498 82 21 således
686 1498 7 21 i
716 1498 72 22 denna
808 1497 34 21 del
857 1496 170 27 uppenbarligen

195 1522 54 21 varit
263 1523 163 28 inkonsegvent.
455 1526 41 27 Jag
510 1528 46 20 tror
571 1528 33 20 att
620 1527 175 21 statsutskottets
811 1524 137 23 betänkande
957 1524 69 22 skulle

193 1551 86 27 mycket
301 1554 82 25 vunnit,
409 1560 35 15 om
468 1555 106 21 utskottet
599 1555 57 21 hade
679 1555 100 22 förordat
794 1554 154 22 nedsättandet
963 1553 23 21 af
999 1559 27 15 en
