1114 1773
253 141 41 23 830
517 143 16 20 R.
545 148 16 15 0.
573 143 16 20 A.
602 143 47 20 1885.
673 143 20 19 27
705 143 47 23 April.

291 211 120 28 Föredrogs
435 213 172 21 statsutskottets
631 213 136 21 betänkande
791 218 35 15 n:o
845 213 12 20 7
873 212 7 21 i
895 211 112 28 anledning
1022 211 24 22 af

225 240 40 22 den
280 240 35 21 vid
340 241 55 21 1882
419 240 35 22 års
472 241 102 27 landtdag
588 241 103 22 nedsatta
705 240 288 27 ständerhusdelegationens
1007 240 37 22 be-

223 269 89 21 rättelse
327 269 40 21 och
381 268 8 22 i
404 269 151 28 sammanhang
570 270 88 21 dermed
673 269 170 28 presteståndets
859 269 7 21 i
881 269 42 26 dag
937 269 106 21 ankomna

223 297 197 28 protokollsutdrag
442 298 48 21 med
512 298 126 27 inbjudning
660 299 33 21 till
708 299 26 20 R.
750 304 19 15 o.
784 298 26 21 A.
825 299 34 20 att
872 297 75 22 förena
961 297 32 27 sig
1008 304 34 15 om

223 325 167 28 presteståndets
405 326 70 22 beslut
497 328 32 20 att
543 326 76 28 frågan
634 333 35 15 om
683 326 134 27 uppförande
832 325 23 22 af
869 328 32 20 ett
915 326 127 22 ständerhus

221 355 48 21 icke
285 354 69 22 skulle
367 354 22 22 få
404 355 33 22 vid
453 355 68 22 denna
534 355 105 28 landtdag
653 355 92 22 förfalla.

291 382 68 22 Ordet
373 383 102 27 begärdes
489 384 74 21 härvid
579 384 23 21 af

291 411 48 22 frih.
354 411 82 28 Boije,
453 419 45 15 som
512 413 96 27 yttrade:
638 413 65 21 Emot
719 411 171 23 statsutskottets
905 412 136 21 betänkande

222 439 8 22 i
245 440 114 27 anledning
382 440 23 21 af
419 441 40 21 den
473 441 35 21 vid
524 442 54 21 1882
594 441 35 22 års
644 441 104 27 landtdag
762 441 100 21 nedsatta
877 441 164 21 ständerhusde-

221 468 132 27 legationens
368 469 113 22 berättelse
497 470 40 21 och
552 470 48 21 dess
616 470 73 21 dervid
707 469 80 28 afgifna
802 469 81 26 förslag
897 470 34 20 att
945 469 34 22 för
987 475 53 21 upp-

221 496 90 23 förande
325 497 24 21 af
362 499 32 20 ett
409 498 125 21 ständerhus
555 498 86 22 utöfver
656 498 139 21 härförinnan
811 498 102 27 anslagna
929 498 112 26 1,200,000

221 526 62 21 mark
298 527 32 20 ett
344 527 122 26 ytterligare
481 527 73 27 anslag
569 527 24 21 af
607 527 112 26 1,300,000
734 527 62 21 mark
811 526 66 21 måtte
892 526 94 27 beviljas,
1001 527 40 20 har

219 554 38 27 jag
271 555 86 26 nedlagt
371 555 43 21 min
429 556 135 21 reservation.
594 555 41 28 Jag
649 555 41 22 har
704 555 57 28 gjort
776 555 37 22 det
827 555 82 22 mindre
923 555 34 21 för
971 555 70 21 ansla-

219 585 48 25 gets
282 583 84 27 belopp,
391 583 24 22 sä
431 584 52 27 högt
498 585 35 20 det
548 584 66 21 också
629 586 31 24 är,
676 586 27 19 än
718 584 90 21 emedan
823 583 160 22 statsutskottet
997 583 43 22 till

220 611 70 27 styrkt
304 611 60 22 bifall
388 612 32 21 till
435 613 36 21 det
486 612 79 27 förslag
581 613 279 26 ständerhusdelegationen
875 612 40 21 har
929 612 62 27 gjort,
1007 614 33 19 att

219 640 7 21 i
242 640 37 21 det
293 640 106 22 blifvande
414 641 148 22 ständerhuset
576 641 106 27 inrymma
697 647 25 16 en
737 641 59 22 lokal
811 641 34 21 för
860 641 25 20 R.
901 646 18 16 o.
935 642 24 20 A.
977 653 24 3 —
1013 647 26 15 en

219 668 83 27 ätgärd,
317 669 87 21 hvartill
419 669 146 28 delegationen
581 670 69 27 aldrig
664 670 24 21 af
700 670 25 21 R.
742 676 18 15 o.
776 670 26 21 A.
818 669 39 21 har
872 669 41 22 fätt
928 669 65 27 nägot
1003 669 36 22 be-

218 698 149 27 myndigande.
395 698 25 21 R.
443 705 19 15 o.
485 699 24 20 A.
525 705 50 20 eger
590 699 32 21 uti
637 699 137 21 riddarhuset
789 704 27 15 en
831 698 88 27 lämplig
933 698 57 21 lokal
1006 698 33 21 för

219 726 47 21 sina
281 727 170 21 sammanträden
473 727 66 22 under
563 727 162 27 landtdagarne,
741 727 39 22 och
793 727 38 26 jag
845 733 63 15 anser
923 728 32 19 att
970 727 69 20 denna

219 754 63 28 loka],
299 755 24 21 sä
338 755 60 27 länge
413 755 38 22 vär
472 755 92 28 fyrdelta
578 756 171 26 representation
764 756 109 26 existerar,
889 757 24 19 är
928 756 41 20 den
984 755 55 21 enda

218 790 46 14 som
279 784 25 21 R.
320 790 19 15 0.
364 784 25 21 A.
414 784 95 22 kommer
526 786 32 20 att
573 784 92 22 behöfva
679 784 104 28 begagna.
813 784 75 21 Denna
902 784 31 21 sal
948 784 91 21 bevarar

217 812 67 21 redan
299 812 32 22 för
346 812 77 28 mänga
437 814 84 20 minnen
540 813 33 21 för
589 815 32 19 att
636 814 24 20 R.
678 820 19 15 o.
713 814 26 21 A.
755 813 68 21 skulle
839 812 115 27 öfvergifva
969 812 69 22 denna

217 840 33 22 sin
275 847 52 21 egen
351 841 60 27 härd,
436 848 34 15 om
491 842 37 27 jag
543 842 24 21 sä
582 842 35 21 mä
631 844 58 25 säga.
719 842 41 26 Jag
775 841 66 27 yrkar
855 841 71 21 derför
941 840 28 27 pä
983 843 32 19 att
1030 842 7 20 i

217 869 36 22 det
268 869 71 22 beslut
354 876 45 15 som
414 870 25 22 R.
454 876 19 16 o.
488 870 25 22 A.
528 870 97 22 kommer
640 872 33 20 att
687 870 62 27 fatta,
764 870 143 27 uttryckligen
921 870 66 21 mätte
1003 872 33 19 ut-

216 898 56 21 talas
287 900 33 19 att
334 899 24 20 R.
375 905 19 15 o.
409 899 25 21 A.
449 899 46 22 icke
510 899 102 22 behöfver
626 899 71 27 nägon
712 899 58 22 lokal
785 899 7 20 i
808 899 36 21 det
859 899 105 21 blifvande
980 900 57 19 stän-

217 926 108 22 derhuset.

286 955 58 22 Frih.
359 955 23 22 af
396 955 137 27 Schulten,
551 957 29 20 M.
603 957 41 20 W.
674 956 25 21 R.
715 963 19 14 o.
750 957 25 20 A.
791 956 82 26 nödgas
887 957 58 26 yttra
959 955 31 27 sig
1006 955 30 21 öf-

216 989 37 16 ver
269 983 41 22 den
324 984 144 27 föreliggande
486 985 76 26 frägan
576 985 7 21 i
599 986 32 20 ett
646 985 45 20 helt
705 985 133 21 annorlunda
853 984 108 21 förberedt
976 984 59 21 skick

215 1013 28 20 än
259 1012 86 22 ständet
367 1013 68 21 skulle
454 1013 81 22 önskat.
565 1013 52 21 Fem
633 1013 23 21 af
669 1013 36 21 det
720 1013 96 22 utskotts
830 1013 143 25 medlemmar,
990 1019 45 14 som

215 1040 118 22 behandlat
347 1041 80 27 frägan,
443 1042 63 21 hafva
520 1042 48 21 med
584 1041 174 22 förekommande
774 1041 184 27 tillmötesgäende
973 1041 62 27 skyn-

215 1069 38 21 dat
267 1071 34 20 att
312 1070 113 27 godkänna
439 1071 45 20 sina
499 1076 53 21 egna
567 1070 132 27 &tgöranden
715 1071 39 20 och
770 1070 107 27 tillstyrka
892 1069 60 22 bifall
967 1069 32 22 till
1009 1069 26 22 de

213 1097 82 28 förslag
309 1099 27 20 de
350 1098 28 27 pä
392 1099 69 26 grund
476 1099 23 21 af
512 1099 63 21 dessa
590 1099 132 26 ätgöranden
738 1099 88 26 afgifvit.
856 1098 39 21 Till
911 1098 62 21 dessa
982 1098 53 21 fems

213 1125 111 28 yrkanden
347 1127 64 21 hafva
435 1133 36 16 sex
493 1127 67 22 andra
585 1127 89 22 anslutit
695 1128 38 27 sig.
771 1127 34 21 En
827 1133 68 20 grupp
911 1126 23 21 af
947 1128 32 19 tre
995 1126 40 22 och

213 1156 78 19 tvenne
306 1155 97 22 enskilda
416 1157 132 20 reservanter
562 1155 66 22 hafva
642 1155 82 28 afgifvit
739 1155 113 22 afvikande
860 1155 115 26 meningar.
991 1155 44 21 Un-

213 1183 38 21 der
267 1183 80 24 sädana
370 1183 147 22 förhällanden
540 1185 93 20 förlorar
657 1184 117 22 utskottets
793 1184 136 21 betänkande
942 1183 34 22 för
990 1184 43 26 mig

213 1211 41 21 den
269 1212 45 27 vigt
329 1212 39 21 och
384 1212 36 22 det
434 1213 65 21 värde
511 1213 37 26 jag
562 1213 53 26 eljes
631 1213 68 21 skulle
713 1213 58 21 fästa
785 1213 36 20 vid
836 1214 32 19 ett
883 1212 93 21 utskotts
991 1214 42 25 ytt-

212 1240 74 21 rande.
315 1241 41 26 Jag
371 1241 78 21 skådar
471 1247 87 16 snarare
580 1242 7 20 i
603 1241 118 22 detsamma
735 1241 78 22 endast
827 1242 32 20 ett
873 1241 60 21 antal
947 1241 86 20 minori-

212 1270 69 19 teters
303 1269 125 22 uttalanden
448 1270 39 21 och
511 1270 35 21 vid
561 1269 62 22 sidan
637 1270 24 21 af
674 1270 47 21 dem
737 1276 26 15 en
779 1275 80 21 grupps
873 1269 160 22 förtroendevo-

210 1298 48 20 tum
273 1297 23 21 ät
311 1298 32 26 sig
358 1298 53 27 sjelf.
441 1298 48 21 Men
505 1305 33 14 om
553 1298 66 21 också
633 1299 144 26 beredningen
793 1297 90 22 sålunda
897 1299 24 20 är
932 1297 49 27 föga
990 1297 43 20 till-

210 1325 172 27 fredsställande,
408 1328 24 19 är
447 1327 36 22 det
497 1327 54 21 dock
566 1327 64 26 ingen
645 1327 108 27 svärighet
769 1328 34 19 att
817 1327 59 20 bilda
890 1327 32 26 sig
937 1332 26 15 en
978 1325 55 27 äsigt

210 1354 8 21 i
233 1354 82 27 frägan,
331 1356 23 25 ty
369 1355 123 22 densamma
505 1355 74 21 tillhör
593 1355 82 22 antalet
689 1355 24 22 af
726 1356 55 25 dem,
798 1361 45 15 som
859 1357 37 19 äro
912 1354 24 21 sä
945 1354 34 21 väl
990 1354 43 21 för-

210 1382 95 23 beredda
319 1389 76 21 genom
420 1384 119 21 diskussion
560 1384 8 20 i
592 1383 165 28 offentligheten,
774 1385 33 20 att
822 1383 79 21 enhvar
916 1383 39 21 bör
970 1382 63 22 hafva

209 1411 83 22 kunnat
307 1413 73 20 derom
396 1413 62 20 vinna
473 1418 25 15 en
513 1412 147 27 öfvertygelse.

280 1440 32 22 Dä
327 1441 25 21 R.
368 1447 19 15 o.
403 1441 25 21 A.
444 1441 115 21 behandlar
580 1441 75 27 frägan
671 1447 34 15 om
720 1440 158 26 ständerhuset,
893 1440 40 21 bör
948 1439 85 22 ständet

209 1468 68 27 enligt
291 1470 43 20 min
349 1470 84 26 mening
447 1476 29 14 nu
491 1470 38 20 och
545 1469 72 22 städse
632 1469 51 27 utgä
698 1470 47 21 frän
761 1469 141 27 synpunkten,
918 1470 33 20 att
961 1468 36 21 det
1007 1470 25 19 är

208 1502 27 15 en
250 1497 8 20 i
273 1498 42 26 hög
340 1498 53 26 grad
416 1498 104 21 önskvärd
543 1498 38 21 sak
604 1499 33 20 att
652 1500 31 19 ett
698 1499 133 26 gemensamt
846 1497 128 21 ständerhus
989 1496 42 22 kan

209 1524 166 28 ästadkommas,
391 1532 50 16 vare
455 1526 31 27 sig
501 1526 68 22 säsom
585 1532 26 16 en
626 1526 211 27 byggnadskomplex
853 1526 52 21 eller
920 1525 69 21 säsom
1005 1531 26 15 en

209 1553 94 28 enhetlig
328 1555 104 26 byggnad,
457 1561 48 15 men
523 1556 6 20 i
545 1555 44 21 alla
603 1554 38 22 fall
656 1557 31 19 ett
701 1556 134 26 gemensamt
850 1554 134 26 ständerhus,
999 1554 32 21 uti
