1109 1761
232 115 41 23 586
501 117 16 19 R.
529 122 16 15 0.
557 118 16 18 A.
586 118 47 19 1885.
657 118 22 19 30
691 119 48 19 Mars.

271 185 32 22 Hr
325 185 100 26 Antell,
440 187 93 21 Kasten:
549 187 42 27 Jag
606 187 79 22 önskar
699 187 7 21 i
721 187 120 22 hufvudsak
856 188 113 27 uppskjuta
984 189 49 22 mitt

201 213 100 28 yttrande
323 214 31 21 uti
375 214 144 28 föreliggande
541 215 60 27 fråga
623 215 44 22 tills
690 216 60 21 detta
773 215 42 22 kan
838 216 38 21 ske
896 216 34 22 vid
946 216 86 27 plenum

201 241 118 27 plenorum,
334 242 87 22 hvarom
434 243 37 27 jag
487 245 93 20 emotser
595 246 33 19 att
643 243 71 22 beslut
728 244 98 21 kommer
841 246 32 20 att
887 244 69 22 fattas.
982 245 56 22 Men.

203 269 27 22 då
251 276 26 15 en
299 271 52 21 ärad
366 271 74 27 talare,
453 272 67 26 jemte
535 273 32 20 ett
582 273 100 26 yttrande
697 272 7 21 i
719 272 116 27 anledning
849 273 91 22 allenast
954 273 24 22 af
990 274 42 21 den

201 298 77 21 väckta
299 298 74 27 frågan
393 306 34 15 om
442 300 86 26 plenum
543 300 119 27 plenorum,
679 300 54 22 dock
748 300 48 22 icke
811 300 115 22 underlåtit
941 303 33 19 att
988 301 7 21 i
1010 301 30 21 få.

202 326 39 21 ord
255 326 56 21 rikta
326 333 26 15 en
367 328 139 28 anmärkning
521 330 58 20 emot
594 335 27 15 en
636 329 139 26 reservation,
790 329 91 26 hvilken,
898 330 69 21 såsom
978 329 53 22 tala-

201 360 38 15 ren
256 354 91 28 yttrade,
363 355 42 22 han
419 356 119 28 beklagade
553 358 33 20 att
601 358 78 20 tvenne
694 357 139 22 medlemmar
848 358 7 20 i
870 358 84 21 ständet
969 358 61 21 äfven

201 382 160 28 undertecknat,
383 385 24 21 så
429 385 38 22 ber
487 386 38 26 jag
547 385 20 22 få
590 385 163 27 tillkännagifva
768 386 7 20 i
790 386 43 21 lika
848 386 86 21 korthet
950 388 31 19 att
993 386 38 27 jag

201 410 87 22 alldeles
311 414 24 19 är
356 418 49 16 ense
421 414 48 20 med
485 414 69 21 denna
568 414 138 22 reservation.
736 414 11 21 I
763 414 60 27 fråga
837 420 35 16 om
887 414 84 27 plenum
986 414 45 27 ple-

201 444 75 16 norum
292 440 39 21 och
346 441 40 21 den
402 441 101 22 inverkan
518 442 152 27 inbjudningen
685 443 75 21 härom
776 442 67 22 borde
858 449 39 20 ega
911 444 27 26 på
949 442 83 22 diskus-

201 467 72 22 sionen
297 468 34 22 vid
349 469 59 22 detta
422 470 89 27 tillfälle,
527 470 38 22 ber
577 471 38 27 jag
631 470 33 22 för
678 471 43 21 min
738 470 34 22 del
787 470 21 22 få
823 470 159 28 tillkännagifva
997 473 33 20 att

197 495 38 27 jag
249 498 25 19 är
288 496 47 22 fullt
350 497 147 23 tillfredsstäld
511 499 48 21 med
574 499 27 21 hr
612 499 66 22 baron
689 499 40 22 och
739 499 207 22 landtmarskalkens
956 499 73 22 derom

200 524 96 22 uttalade
310 525 61 27 åsigt.

269 558 33 22 Då
323 559 63 27 ingen
408 560 71 22 vidare
499 561 80 21 anmält
597 562 32 26 sig
644 561 33 21 till
693 562 73 21 ordets
782 561 122 22 erhållande
919 562 112 26 angående
1051 581 3 1 .

199 585 151 27 lagutskottets
360 588 143 27 föreliggande
514 589 141 27 betänkande,
667 589 107 28 öfvergick
785 589 90 26 ståndet,
887 590 27 26 på
924 589 26 21 hr
959 589 69 22 landt-

199 615 144 22 marskalkens
366 616 84 27 förslag,
473 617 33 22 till
527 617 74 28 frågan
621 624 35 15 om
674 618 169 27 presteståndets
857 617 123 28 inbjudning
995 617 33 22 till

198 641 147 30 lagförslagets
359 644 161 28 handläggande
535 646 34 21 vid
585 646 86 27 plenum
687 646 117 27 plenorum.

267 677 80 22 Härom
362 679 85 27 yttrade

267 711 46 22 frih.
336 713 101 26 Wrede,
460 714 24 21 R.
508 714 35 21 A.:
561 714 34 21 Då
610 714 139 22 förevarande
765 714 60 27 fråga
840 714 111 27 onekligen
966 716 24 20 är
1005 714 23 22 af

197 740 46 21 stor
257 739 44 28 vigt
316 741 39 21 och
371 741 132 28 synnerligen
519 742 56 22 olika
590 743 80 27 åsigter
683 743 45 21 deri
739 742 64 23 hafva
813 743 56 27 gjort
879 743 32 26 sig
921 742 103 27 gällande,

197 768 24 21 så
243 767 68 22 finner
333 769 64 22 också
417 770 36 27 jag
475 773 32 19 att
529 771 37 21 det
588 777 51 16 vore
655 771 117 22 önskvärdt
787 772 32 20 att
833 771 146 22 åstadkomma
994 773 32 20 ett

197 796 176 28 meningsutbyte,
397 798 6 21 i
427 799 80 22 hvilket
529 799 165 22 medlemmarne
717 799 22 22 af
760 799 43 22 alla
817 799 46 27 fyra
878 799 62 22 stånd
954 799 70 22 kunde

197 823 91 28 deltaga,
313 826 39 21 och
375 826 38 22 ber
431 827 38 27 jag
491 827 70 22 derför
578 827 22 22 få
614 828 107 27 tillstyrka
736 827 60 22 bifall
811 827 32 22 till
858 827 167 27 presteståndets

196 851 131 29 inbjudning,
350 855 40 21 och
413 855 36 22 det
471 857 24 20 så
518 856 84 27 mycket
624 856 67 21 hellre
713 863 46 15 som
773 856 37 27 jag
825 855 60 27 lifligt
901 856 77 21 önskar
992 857 33 20 att

196 881 70 26 någon
288 881 83 28 lösning
393 884 27 26 på
435 883 69 22 denna
519 884 123 22 brännande
657 884 61 27 fråga
732 884 69 22 måtte
816 884 79 26 vinnas,
911 890 33 15 om
960 884 65 22 också

197 908 69 22 denna
288 910 82 27 lösning
392 911 47 22 icke
461 912 67 22 skulle
549 912 130 28 fullkomligt
703 912 188 22 öfverensstämma
906 912 47 21 med
968 912 57 22 hvad

193 936 37 28 jag
249 944 62 15 anser
325 944 50 16 vara
390 942 77 19 rättast
483 940 38 22 och
536 940 127 27 lämpligast.
693 941 72 21 Jemte
781 941 36 21 det
829 941 36 26 jag
880 940 88 22 sålunda
982 940 42 21 till-

195 965 84 27 styrker
301 966 58 22 bifall
382 967 33 21 till
437 970 168 25 presteståndets
628 969 130 27 inbjudning,
782 968 79 22 tillåter
880 968 37 28 jag
935 968 42 28 mig
992 970 32 20 att

194 992 119 28 hemställa,
337 995 104 23 huruvida
455 997 47 21 icke
517 997 60 21 detta
591 996 121 28 föreslagna
727 998 86 26 plenum
827 997 111 27 plenorum
954 997 71 21 kunde

195 1020 67 24 hållas
277 1023 65 21 redan
358 1030 34 15 om
408 1025 81 27 onsdag
504 1025 51 21 eller
569 1026 7 20 i
592 1026 154 26 öfvermorgon.

264 1056 32 22 Hr
318 1057 194 23 landtmarskalken
536 1059 121 27 hänvisade,
673 1060 49 21 med
737 1059 115 27 anledning
867 1059 22 21 af
902 1058 46 22 frih.
964 1058 60 22 Wre-

194 1084 37 21 des
253 1084 155 29 framställning
431 1093 33 15 om
487 1087 58 22 tiden
565 1088 33 21 för
613 1088 86 27 plenum
714 1088 119 27 plenorum,
849 1083 32 25 till
896 1087 126 21 bestämnin-

193 1118 66 21 garne
273 1113 8 21 i
296 1114 27 21 47
339 1114 11 27 $
365 1115 23 21 af
402 1115 23 21 L.
442 1115 32 27 O.,
490 1116 65 27 enligt
570 1116 85 22 hvilken
671 1117 36 21 det
722 1117 131 20 tillkommer
867 1116 26 21 hr
908 1116 115 21 landtmar-

192 1140 89 23 skalken
304 1143 39 20 och
366 1143 121 22 talmännen
511 1146 31 19 att
565 1145 182 21 öfverenskomma
771 1151 35 14 om
827 1144 32 22 tid
875 1144 38 21 och
928 1149 47 16 rum
990 1143 34 22 för

192 1169 101 22 ständens
308 1176 157 21 gemensamma
480 1172 189 27 öfverläggningar,
685 1173 90 21 hvarom
791 1172 141 22 ordföranden
948 1172 6 20 i
969 1172 51 26 kejs.

191 1199 88 20 senaten
302 1198 60 22 äfven
385 1199 66 22 borde
476 1201 145 26 underrättas;
637 1202 40 20 och
692 1201 79 21 trodde
787 1200 25 22 hr
826 1200 197 22 landtmarskalken

191 1226 33 30 att
246 1226 42 22 alla
311 1227 60 21 dessa
395 1228 39 21 och
457 1228 66 27 öfriga
545 1229 155 21 förberedande
715 1229 102 27 ätgärder
831 1229 105 27 knappast
950 1228 72 22 kunde

190 1258 57 17 inom
264 1254 39 22 den
319 1255 22 21 af
355 1255 47 22 frih.
418 1256 77 22 Wrede
511 1257 119 27 föreslagna
645 1258 58 21 tiden
719 1258 104 26 vidtagas.

259 1288 32 21 Hr
314 1289 99 26 Antell,
436 1290 89 22 Kasten:
545 1291 42 27 Jag
605 1292 79 21 önskar
699 1292 77 20 endast
791 1293 32 19 att
837 1292 25 21 R.
879 1297 18 15 o.
914 1291 25 21 A.
955 1292 69 20 måtte

188 1315 131 50 Tilmötssä
341 1317 26 22 de
386 1318 67 27 öfriga
467 1320 89 20 ständen
571 1326 77 20 genom
664 1321 33 20 att
712 1322 79 24 antaga
805 1319 168 27 presteständets
988 1318 32 21 in-

201 1350 96 22 judning.

258 1373 57 21 Frih.
339 1380 41 15 von
402 1374 81 22 Born:
499 1376 41 26 Jag
554 1376 39 21 ber
608 1376 21 21 fä
644 1376 34 21 till
693 1376 42 21 alla
752 1375 60 22 delar
827 1376 73 21 förena
915 1375 43 27 mig
971 1375 52 21 med

189 1400 41 20 den
253 1402 23 20 af
294 1402 47 21 frih.
358 1402 77 22 Wrede
450 1404 75 26 gjorda
539 1404 128 22 hemställan
682 1404 135 22 beträffande
831 1404 59 21 tiden
905 1403 39 22 och
961 1404 60 20 detta

188 1428 49 21 med
252 1429 28 21 all
296 1431 86 26 respekt
396 1431 33 21 för
444 1432 27 20 47
486 1432 33 27 &n
534 1432 7 21 i
557 1432 24 21 L.
598 1432 25 22 O.

257 1457 70 22 Sedan
351 1459 146 22 diskussionen
520 1466 33 15 om
579 1460 40 21 den
642 1460 22 21 af
677 1460 160 27 presteständet
851 1460 123 21 framstälda
989 1459 31 21 in-

187 1483 130 27 bjudningen
332 1486 89 22 härmed
436 1487 112 27 afstannat,
565 1488 158 22 öfverlemnade
738 1489 27 20 hr
780 1487 200 32 landtmarskalken
986 1487 34 21 till

207 1528 5 5 »
228 1519 18 15 0.
263 1513 37 22 A:s
313 1513 132 24 besvarande
456 1522 26 15 en
492 1516 90 22 sålunda
592 1516 129 23 formulerad
733 1516 285 27 omröstningsproposition:
