1111 1767
372 132 14 18 R.
400 136 14 14 0.
427 132 16 18 A.
455 132 46 19 1885.
524 132 20 18 27
557 132 46 22 April.
827 133 40 21 841

151 200 31 22 Hr
196 200 196 28 Pippingsköld:
418 200 72 22 Sävidt
503 201 36 26 jag
554 200 63 22 fattat
630 200 24 22 R.
672 206 18 16 o.
707 200 35 22 A:s
757 200 75 27 beslut,
843 202 24 20 sä
875 203 23 19 är

82 230 37 21 det
143 228 22 22 af
186 228 97 26 innehäll,
306 231 32 19 att
359 229 25 21 R.
405 235 18 15 o.
440 229 25 21 A.
480 229 45 21 helt
540 228 76 22 enkelt.
632 231 44 19 rätt
690 229 40 21 och
744 229 51 21 slätt
810 228 89 27 anslagit

83 258 113 26 1,500,000
210 257 60 21 mark
285 257 32 21 för
331 257 131 27 uppförande
476 257 22 22 af
512 260 31 19 ett
557 258 125 21 ständerhus
698 258 32 20 för
745 258 26 21 de
781 260 32 19 tre
823 257 76 22 ofrälse

83 286 96 26 ständen,
194 284 84 23 hvarför
292 286 25 21 R.
333 293 18 15 o.
368 287 24 20 A.
408 292 29 15 nu
452 286 53 22 intet
520 286 86 21 beslutit
620 286 6 20 i
643 286 39 22 den
698 286 98 27 riktning,
815 285 84 23 hvartill

84 314 155 28 presteständet
261 314 90 27 inbjudit
372 315 24 21 R.
413 321 19 15 o.
448 315 24 21 A.
503 315 99 21 Tvärtom
618 314 35 22 vill
666 315 36 26 jag
718 314 31 22 för
764 315 42 21 min
821 314 34 22 del
870 314 29 22 af-

83 343 72 28 styrka
171 343 126 26 antagandet
313 343 22 21 af
348 344 35 20 det
397 343 129 27 högvördiga
541 344 165 26 presteständets
722 342 127 29 inbjudning.

151 371 56 22 Frih.
223 371 100 27 Wrede,
338 372 24 21 R.
378 372 32 26 A,,
426 372 39 21 och
481 372 25 21 hr
521 378 39 15 von
576 372 138 26 Knorring,
726 372 24 20 A.
761 372 31 25 L.,
803 372 97 21 biträdde

84 400 26 22 hr
125 400 160 27 Pippingskölds
299 400 83 27 förslag.

83 457 52 22 TN
152 429 9 20 I
186 428 91 27 enlighet
301 429 86 21 härmed
410 429 123 27 uppstäldes
550 428 298 27 omröstningspropositionen
867 429 33 21 sä-

93 463 64 15 unda:

152 485 52 26 Den,
220 491 44 16 som
279 485 82 22 bifaller
375 486 166 27 presteständets
555 485 129 28 inbjudning,
700 488 69 19 röstar
780 486 31 27 ja;

153 514 71 21 vinner
239 514 40 27 nej,
294 515 63 21 afsläs
372 514 156 27 inbjudoingen.

152 543 74 21 Denna
249 543 130 27 proposition
403 543 127 22 besvarades
555 543 47 22 med
626 543 92 26 afgjordt
741 543 40 27 nej,
803 543 32 21 till
851 542 49 27 följd

85 571 73 22 hvaraf
171 571 165 26 presteständets
351 571 123 27 inbjudning
489 571 7 21 i
511 572 72 27 frägan
602 578 37 15 var
654 571 22 22 af
689 572 24 21 R.
729 578 17 15 o.
763 572 24 21 A.
803 571 78 27 afböjd.

153 599 68 22 Sedan
236 600 197 27 ständerhusfrägan
449 600 87 22 härmed
552 600 67 21 blifvit
633 600 167 27 slutbehandlad,
817 599 70 22 anhöll

153 627 47 32 frih.
215 635 40 14 von
269 629 75 24 Born,
360 631 32 19 att
406 628 21 22 fä
442 629 32 21 till
482 629 129 27 protokollet
621 629 133 26 antecknadt,
763 629 36 21 det
806 628 41 21 han
856 627 45 22 icke

86 658 87 24 deltagit
195 657 6 20 i
224 657 58 22 detta
304 658 87 21 ärendes
412 657 129 27 behandling
557 657 36 22 och
611 658 26 21 de
652 657 146 26 försiggängna
813 656 90 22 voterin-

85 693 66 21 garna
174 684 21 21 af
214 685 51 26 skäl,
281 692 45 15 som
342 686 64 21 redan
422 686 34 21 vid
471 689 83 19 senaste
570 686 155 21 sammanträde
739 685 68 22 blifvit
821 684 81 22 utförli-

85 721 40 21 gen
140 713 129 24 framhällna.

156 831 110 21 Allmänna
288 829 202 22 besvärsutskottets
512 829 77 26 förslag
614 829 32 21 till
669 828 200 27 sammanjemkning
885 827 21 22 af

86 860 101 22 ständens
204 859 63 21 delvis
283 857 119 28 skiljaktiga
417 857 70 22 beslut
502 857 7 21 i
524 857 72 27 frägan
612 864 34 15 om
662 857 116 21 ordnandet
793 856 22 22 af
831 856 74 22 under-

87 889 108 26 visningen
216 887 7 22 i
244 887 117 27 gymnastik
376 886 35 21 vid
426 886 83 21 landets
524 886 97 21 läroverk
636 886 108 26 föredrogs
759 885 39 22 och
813 885 92 27 godkän-

90 917 36 22 des
141 919 51 19 utan
207 915 143 27 anmärkning.

159 1030 118 27 Föredrogs
290 1030 39 21 och
344 1029 113 22 bordlades
473 1030 32 21 till
520 1031 61 20 nästa
595 1029 96 27 plenum:

158 1059 47 21 näd.
229 1065 59 20 prop.
307 1065 34 14 n:o
365 1059 33 26 39,
413 1058 49 21 med
477 1058 121 21 alternativt
612 1057 78 28 förslag
704 1057 129 22 beträffande
848 1055 61 23 straff

89 1088 33 22 för
137 1087 55 22 vissa
206 1087 58 21 brott
279 1089 57 19 emot
350 1087 97 26 gällande
462 1086 163 27 tullförfattning
640 1093 26 15 m.
683 1092 26 16 m.

158 1111 48 35 näd.
218 1122 62 43 pu
295 1122 34 15 n:o
345 1116 34 26 40,
402 1115 110 27 angäende
525 1115 106 22 lättnader
645 1115 7 21 i
667 1115 153 27 värnepligtens
835 1113 74 27 fullgö-

91 1145 66 22 rande
171 1144 33 21 för
233 1144 51 21 finske
299 1143 144 27 medborgare,
459 1150 46 15 som
520 1144 63 21 vistas
598 1144 7 21 i
620 1143 110 28 Ryssland,

157 1173 212 26 jernvägsutskottets
391 1172 135 22 betänkande
543 1179 34 14 n:o
596 1173 13 21 3
623 1173 6 20 i
645 1172 112 27 anledning
772 1171 22 22 af
806 1170 103 23 särskilda

90 1201 33 22 till
138 1201 112 27 höglofliga
265 1201 88 22 stånden
368 1201 120 21 inlemnade
503 1201 112 27 petitioner
629 1201 108 27 angående
748 1199 160 28 jernvägsbygg-

92 1229 67 23 nader
174 1229 38 22 och
228 1229 220 27 kanalanläggningar,
464 1232 56 19 samt

161 1257 104 22 allmänna
280 1258 202 21 besvärsutskottets
497 1257 132 22 betänkande
644 1264 35 15 n:o
696 1258 26 21 13
737 1257 47 22 med
799 1255 111 27 anledning

92 1287 23 22 af
135 1288 32 20 ett
189 1286 57 21 inom
263 1286 155 22 bondeständet
433 1286 64 22 väckt
511 1286 178 27 petitionsförslag
704 1285 106 28 angäende
824 1284 87 27 spräket

92 1315 7 21 i
114 1315 103 21 särskilda
231 1314 32 21 till
277 1315 111 21 kommuns
403 1314 130 28 behandling
547 1315 86 21 afsedda
648 1315 125 25 skrifvelser;
789 1315 56 20 samt

161 1342 32 22 till
207 1342 66 22 första
288 1343 84 27 plenum
388 1343 53 21 efter
455 1343 125 27 torsdagens

161 1371 213 22 ekonomiutskottets
388 1372 136 21 betänkande
538 1378 34 15 n:o
587 1372 13 21 5
615 1372 7 20 i
638 1371 113 27 anledning
765 1370 22 22 af
794 1370 48 21 nåd.
851 1374 59 26 prop.

92 1400 145 22 innefattande
251 1400 78 27 förslag
344 1400 32 21 till
390 1400 149 27 förordningar
553 1400 109 26 angäende
676 1400 93 21 vilkoren
783 1398 32 22 för
830 1398 18 26 ej
860 1403 51 16 min-

93 1429 37 21 dre
154 1428 134 27 tillverkning
312 1428 40 22 och
368 1428 138 27 destillering,
521 1430 27 20 än
562 1428 128 27 försäljning,
706 1428 85 26 forsling
805 1426 40 22 och
860 1432 52 21 upp-

92 1457 35 27 lag
142 1456 21 22 af
177 1456 88 22 bränvin
280 1459 55 19 samt
350 1456 66 22 andra
430 1456 84 22 brända
528 1456 51 22 eller
594 1456 134 22 destillerade
742 1454 149 29 spritdrycker,

161 1485 169 22 statsutskottets
353 1485 137 22 betänkande
512 1492 34 14 n:o
565 1486 24 20 11
605 1484 8 22 i
628 1484 112 28 anledning
754 1484 21 21 af
789 1483 46 22 nåd.
853 1489 58 21 prop.

93 1519 34 16 om
151 1513 112 22 anvisande
288 1513 22 22 af
327 1513 69 22 medel
411 1513 32 21 till
458 1513 135 22 bestridande
608 1513 22 21 af
643 1513 142 23 kostnaderua
799 1512 32 22 för
846 1511 67 22 finska

93 1541 105 22 militären
213 1542 66 22 under
295 1543 50 20 åren
363 1542 148 26 1886—1888,
526 1543 55 20 samt
