1109 1756
373 109 138 27 1.64.1808
529 109 22 22 30
563 109 47 19 Mars.
842 111 41 28 577

82 177 44 27 liga
140 179 58 20 emot
212 177 79 21 hvarje;
301 177 123 27 lagbunden
439 178 195 26 samhällsordning
651 177 40 21 och
706 177 29 22 all
744 178 126 23 civilisation
880 178 31 21 öf-

82 211 38 16 ver
134 205 98 22 hufvud*.
285 205 20 21 Min
321 204 28 27 pä
364 205 110 27 ätskilliga
489 206 35 21 ärs
540 206 75 21 arbete
630 206 8 20 i
652 205 52 22 flere
719 206 116 21 utländska
844 206 66 26 fabri-

82 234 40 21 ker
136 233 110 27 grundade
261 233 128 27 erfarenhet,
405 234 113 27 bestyrker
534 234 34 22 till
582 234 44 21 alla
644 234 60 21 delar
720 234 60 22 detta
794 234 41 22 den
845 234 65 22 ärade

82 264 150 22 reservantens
246 262 118 26 uttalande,
380 268 49 15 men
444 262 75 22 dervid
534 262 69 22 mäste
616 262 38 27 jag
668 264 54 25 göra
737 262 41 22 den
788 262 76 28 frägan
875 269 35 21 om

82 290 47 22 icke
144 290 160 22 samhället.
270 286 39 36 till
318 290 69 27 ifräga
395 291 95 21 varande
498 290 186 22 missförhällande
700 291 39 21 bär
750 297 26 15 en
786 293 46 20 stor
840 291 68 22 skuld.

82 319 42 26 Jag
138 320 77 21 tvekar
228 318 48 22 icke
291 320 33 20 att
338 318 94 27 afgjordt
444 319 96 27 jakande
555 319 93 21 besvara
662 319 81 27 frägan,
759 321 23 25 ty
798 320 37 22 det
847 326 63 21 synes

82 347 44 27 mig
140 349 34 20 att
188 353 50 15 man
252 346 47 22 icke
314 349 64 25 egnat
400 348 105 27 tillbörlig
521 347 193 27 uppmärksamhet
729 348 23 21 ät
767 348 36 22 det
818 348 91 22 smänin-

82 382 49 20 gom
147 375 97 27 stigande
259 375 110 27 missnöjet
383 375 40 21 hos
438 376 26 21 de
480 376 118 22 arbetande
614 376 117 26 klasserna,
746 378 53 20 utan
814 377 48 21 lätit
872 376 38 27 det

82 404 64 21 vinna
168 404 63 26 riklig
253 403 76 27 näring
351 404 68 21 under
434 404 86 27 trycket
535 405 23 21 af
574 404 210 27 missförhällanden,
799 411 46 15 som
859 411 51 15 man

82 432 49 21 med
153 432 42 26 god
210 432 51 26 vilja
283 432 89 25 kunnat,
388 438 34 15 om
437 433 48 21 icke
500 433 46 21 helt
562 433 40 21 och
617 432 68 21 hället
700 433 100 26 aflägsna,
816 433 24 21 sä
854 433 55 21 dock

82 460 34 21 till
130 460 106 27 väsentlig
250 460 54 26 grad
318 460 90 21 minska.
424 461 45 21 När
482 461 38 27 jag
535 461 40 21 här
590 461 82 21 uttalar
682 461 69 21 denna
762 461 146 27 öfvertygelse,

82 487 26 22 sä
122 488 50 22 sker
190 488 36 21 det
241 488 48 21 med
304 487 49 22 fullt
367 489 142 22 medvetande
524 489 24 22 af
561 490 26 21 de
603 489 138 27 svårigheter,
753 496 46 16 som
809 490 48 21 med
868 489 41 22 den

83 517 79 21 sociala
183 516 87 27 frägans
291 517 84 29 lösning
398 519 37 20 äro
458 517 149 28 förknippade.
637 518 69 21 Dessa
722 518 132 27 svärigheter
868 516 40 23 har

80 545 38 27 jag
132 551 56 21 noga
210 545 104 26 öfverlagt
336 545 40 21 och
399 545 46 22 ofta
467 546 119 21 framhällit
607 546 34 21 för
656 546 48 21 dem
722 553 46 15 som
783 547 43 21 lida
840 546 68 22 under

83 573 63 22 dessa
160 573 211 22 missförhällandens
393 575 68 26 tryck,
477 581 49 15 men
539 575 38 26 jag
591 575 41 20 har
650 575 107 21 derunder
772 575 88 21 kommit
875 575 33 26 till

84 602 40 21 den
139 601 57 22 fasta
211 602 153 27 öfvertygelsen
380 604 34 19 att
428 603 126 22 samhällets
569 603 130 27 gestaltning
714 603 68 22 skulle
790 609 52 15 vara
852 609 56 20 myc-

83 629 38 22 ket
135 637 60 14 mera
209 630 83 27 dräglig
306 630 34 21 för
355 631 41 21 den
411 631 119 22 arbetande
545 632 93 23 klassen,
656 638 34 15 om
706 630 68 23 denna
784 632 58 21 klass
852 629 55 24 hade

82 657 42 22 fått
146 659 87 27 deltaga
248 659 7 20 i
270 659 120 26 skapandet
404 659 23 22 af
440 660 26 21 de
482 660 68 27 lagar,
570 660 78 21 hvaraf
662 660 40 21 den
718 660 78 21 sociala
811 659 96 22 ställnin-

82 693 41 20 gen
138 689 24 19 är
176 687 113 21 beroende.

151 715 45 21 Min
211 715 99 27 ställning
326 715 69 22 säsom
412 716 129 21 ordförande
556 717 34 21 för
605 717 83 21 landets
704 718 80 20 största
799 717 108 20 arbetare-

82 743 148 26 korporation:
246 744 134 26 Helsingfors
395 745 205 26 arbetareförening,
618 747 68 19 sätter
700 746 43 26 mig
758 745 7 21 i
780 745 84 22 tillfälle
874 746 33 19 att

81 771 99 22 försäkra
194 773 34 20 att
242 772 41 21 den
297 772 48 21 nåd.
360 779 62 20 prop.
445 773 81 23 helsats
542 773 48 22 med
609 773 185 22 tillfredsställelse
810 773 23 22 af
845 773 61 21 arbe-

82 801 68 25 tarne,
172 800 73 22 hvilka
266 801 46 20 deri
334 803 42 19 sett
398 807 27 15 en
439 802 56 26 gärd
510 802 24 21 af
546 802 90 21 rättvisa
655 802 39 21 och
709 802 87 26 politisk
810 801 96 22 klokhet.

82 828 66 23 Detta
170 827 173 28 äskädningssätt
357 829 62 22 torde
434 830 63 21 äfven
519 837 53 14 vara
586 830 130 27 fullkomligt
731 830 81 27 riktigt,
827 831 23 26 ty
865 829 42 22 den

81 856 121 27 föreslagna
224 857 174 27 utsträckningen
420 858 24 21 af
456 858 42 21 den
521 859 102 26 politiska
645 860 117 20 rösträtten
781 859 55 20 skall
850 857 56 28 gifva

82 884 52 22 vära
156 885 99 22 arbetare
278 885 82 22 tillfälle
376 888 33 19 att
424 889 54 24 göra
493 887 33 21 sin
544 889 46 22 röst
604 887 56 21 hörd
674 887 8 21 i
696 886 210 27 folkrepresentatio-

81 919 42 15 nen
138 913 40 21 och
193 913 122 27 derigenom
330 916 53 25 göra
398 915 48 21 dem
462 915 130 22 solidariska
606 915 49 22 med
670 915 82 22 landets
768 915 68 27 öfriga
848 915 58 21 med-

81 941 97 27 borgare.

150 969 42 21 Vid
204 970 144 26 jemförandet
363 971 23 21 af
399 972 119 21 utskottets
530 972 136 21 betänkande
677 972 48 21 med
735 972 41 21 den
786 971 48 21 näd.
845 977 60 21 prop.

81 997 39 21 har
133 998 37 26 jag
192 998 90 22 kommit
297 999 32 21 till
346 999 36 21 det
405 1000 93 22 resultat
512 1002 34 19 att
561 1000 41 21 den
617 1000 133 22 sistnämnda
764 1006 50 21 eger
830 1001 37 20 ett
876 1000 30 21 af-

81 1026 72 28 gjordt
174 1026 108 22 företräde
304 1028 89 21 framför
408 1028 120 22 utskottets
542 1028 86 27 förslag.
659 1028 122 22 Utskottets
796 1028 111 26 pluralitet

80 1056 71 25 yttrar
166 1056 32 20 att
213 1055 41 21 den
269 1058 97 24 ,stannat
380 1056 36 22 vid
431 1058 33 20 att
487 1056 80 22 föreslå
582 1057 37 21 det
633 1057 74 27 hvarje
722 1057 77 26 belopp
814 1056 24 22 af
849 1056 57 27 fyra-

80 1083 86 21 hundra
180 1084 61 20 mark
257 1084 49 26 utaf,
317 1084 95 22 inkomst
426 1085 87 22 utöfver
528 1085 132 21 ättahundra
675 1086 61 20 mark
750 1085 75 25 skulle,
841 1084 65 26 likväl

80 1112 49 20 med
144 1112 148 21 nedannämda
307 1112 148 28 begränsning,
472 1114 99 21 medföra
586 1120 26 15 en
627 1114 63 21 röst".
719 1113 70 22 Häraf
802 1119 61 21 synes
874 1115 32 20 att

80 1146 84 14 samma
178 1139 171 29 inkomstbelopp
365 1142 84 21 utöfver
464 1142 44 21 800
523 1142 62 21 mark
599 1142 8 21 i
622 1142 43 21 alla
680 1142 71 21 städer
766 1142 68 21 skulle
848 1142 58 21 med-

80 1168 48 21 föra
150 1167 66 23 ökadt
237 1169 115 27 inflytande
368 1169 13 21 å
395 1170 63 21 valet.
490 1171 68 21 Detta
579 1170 103 22 framstår
697 1170 18 27 ej
730 1170 33 21 för
778 1170 42 27 mig
835 1170 71 21 såsom

79 1196 49 21 fullt
150 1197 92 26 rättvist,
259 1198 88 21 emedan
370 1198 231 22 lefnadskostnaderna
616 1200 7 20 i
639 1199 26 21 de
680 1199 57 21 olika
752 1199 101 21 städerna
868 1200 37 19 äro

80 1224 24 22 sä.
126 1224 58 22 olika
206 1227 33 19 att
254 1226 26 21 de
294 1232 76 20 genom
394 1227 118 21 skattörets
532 1227 161 21 bestämmande
708 1227 32 21 till
756 1227 57 21 olika
827 1226 78 27 belopp

79 1255 99 25 nogsamt
192 1254 62 20 torde
270 1254 45 21 tåla
329 1255 35 21 vid
380 1261 26 15 en
421 1255 132 27 nivellering,
572 1255 68 22 sådan
655 1256 41 21 den
711 1255 47 21 nåd.
774 1262 61 20 prop.
851 1255 55 27 före-

80 1281 69 27 slagit.
179 1281 76 27 Någon
276 1282 48 22 fara
338 1283 23 21 af
374 1283 26 21 de
423 1283 132 22 förändrade
577 1284 148 21 förhållanden
740 1290 45 15 som
801 1284 40 20 den
856 1281 49 23 nåd.

78 1315 73 21 prop:s
166 1310 137 27 upphöjande
318 1311 33 21 till
365 1311 35 27 lag
416 1312 70 21 skulle
501 1312 73 21 kunna
591 1312 103 26 medföra,
710 1312 67 21 borde
791 1312 47 21 icke
852 1316 54 21 upp-

78 1338 40 25 stå,
142 1340 22 24 ty
179 1338 28 21 då
222 1338 36 22 det
280 1340 78 20 minsta
380 1340 78 26 belopp
474 1346 48 16 som
536 1340 34 22 får
588 1343 110 19 motsvara
712 1342 32 20 ett
758 1340 96 22 skattöre
869 1344 37 22 gé-

78 1372 50 15 nom
150 1366 151 28 förordningen
316 1368 24 21 af
360 1368 41 21 den
418 1369 26 21 15
466 1369 95 27 Augusti
578 1369 54 22 1883
652 1371 24 19 är
691 1369 109 21 faststäldt
815 1367 33 22 till
863 1367 42 26 200

78 1394 68 26 mark,
170 1394 24 22 sä
208 1396 38 21 äro
262 1396 26 21 de
304 1398 69 20 större
396 1396 205 27 förmögenheterna
618 1397 158 21 tillförsäkrade
792 1398 32 20 ett
838 1395 68 22 domi-

78 1423 95 25 nerande
187 1423 115 27 inflytande
317 1424 7 21 i
339 1425 68 21 valen.

146 1451 44 21 Det
211 1458 63 20 synes
296 1452 107 22 mähända
418 1454 146 26 egendomligt
579 1454 35 21 att
624 1454 37 26 jag
675 1454 47 21 icke
737 1454 33 21 till
785 1452 121 27 antagande

76 1479 112 27 föreslagit
203 1480 41 21 den
259 1481 23 20 af
295 1481 26 20 hr
336 1481 121 21 Johansson
472 1488 30 15 m.
518 1482 21 21 fl.
555 1482 173 21 undertecknade
739 1481 165 28 reservationen.

77 1507 76 25 Denna
167 1507 41 22 har
223 1510 52 21 utan
297 1509 73 26 tyifvel
386 1511 32 20 ett
432 1509 8 21 i
454 1509 46 28 hög
514 1510 55 27 grad
587 1509 156 22 demokratiskt
758 1509 110 28 utseende,
883 1510 23 25 ty
