1114 1750
243 140 41 23 894
510 140 16 20 R.
538 145 15 15 o.
566 139 15 19 A.
594 139 46 21 1885.
663 139 21 19 30
696 138 47 24 April.

218 198 35 22 vid
263 198 75 22 sädant
353 198 129 22 förhällande
492 199 48 27 föga
550 199 114 27 hugnerikt
674 200 31 20 att
715 199 77 27 begära
802 204 26 16 en
843 198 136 28 proposition,
995 196 37 22 der

217 229 196 25 representanterne
423 227 33 22 för
466 228 25 21 de
502 229 54 20 mest
566 227 56 22 olika
632 228 78 26 äsigter
720 228 70 21 kunna
800 226 72 22 förena
886 226 32 27 sig
930 226 8 21 i
952 232 79 16 samma

217 256 94 26 begäran
326 256 39 21 och
381 256 36 22 der
432 263 26 15 en
473 256 130 28 proposition
618 256 42 22 kan
675 256 109 22 utarbetas
794 256 6 20 i
810 255 125 27 fullkomligt
945 254 87 27 stridiga

217 284 123 26 riktningar.
370 284 42 22 Det
434 291 94 15 kommer
550 284 38 27 till,
612 287 32 19 att
662 291 48 15 man
726 285 7 21 i
748 285 68 21 denna
830 284 58 27 fråga
904 288 38 17 nar
956 284 76 26 många

219 313 66 21 andra
301 313 177 27 omständigheter
494 315 32 19 att
540 315 50 25 taga
605 313 6 21 i
626 313 145 22 betraktande.
795 313 27 21 Sä
838 318 48 22 pass
901 312 83 28 mycket
994 312 39 20 har

218 341 67 21 händt
299 342 67 21 under
382 342 25 21 de
422 344 82 20 senaste
518 342 58 24 åren,
592 343 32 20 att
639 347 47 17 man
702 342 42 22 kan
757 342 66 21 förstå
838 343 32 20 att
881 342 35 20 det
926 340 106 22 motstånd

219 371 44 20 mot
277 369 67 22 finska
359 370 95 28 spräkets
469 370 118 22 insättande
602 370 6 22 i
624 370 47 22 dess
686 371 76 27 lagliga
776 372 49 24 rätt,
844 370 80 22 hvilket
938 370 24 21 sä
972 369 61 27 länge

217 398 88 22 söndrat
321 399 45 21 värt
381 398 49 28 folk,
445 399 47 21 icke
506 401 24 19 är
544 400 28 26 pä
587 401 39 25 väg
641 401 32 20 att
688 399 107 26 afmattas;
818 400 97 25 tvärtom,
931 404 48 16 man
994 398 39 21 har

218 426 59 22 bevis
292 428 27 26 pä
334 429 32 20 att
376 428 66 21 under
458 428 39 21 den
512 428 62 21 korta
589 428 58 21 tiden
658 428 89 21 emellan
758 428 36 21 tvä
803 427 126 26 landtdagar
939 426 94 28 plötsligt

218 455 81 22 kunnat
313 457 77 26 uppstä
405 462 25 15 en
446 455 126 28 fullkomligt
586 463 28 20 ny
630 456 102 27 tolkning,
748 462 44 15 som
803 455 77 22 vänder
890 461 42 22 upp
943 455 39 22 och
992 454 40 22 ned

219 485 28 26 pä
265 484 37 21 allt
316 484 56 22 hvad
386 484 50 22 flere
450 484 125 27 föregäende
590 485 158 22 ständermöten
763 484 92 22 beslutit.
878 483 49 22 Man
938 483 39 22 har
987 483 45 22 skäl

218 514 33 19 att
272 512 77 22 bakom
371 513 37 22 allt
430 515 58 20 detta
506 520 23 15 se
550 513 45 22 helt
610 515 64 20 annat
689 515 27 20 än
730 514 89 21 intresse
834 513 32 21 för
880 512 100 27 spräkens
995 511 38 22 lik-

218 541 113 27 ställighet.
361 541 49 22 Man
432 548 34 16 ser
488 542 58 21 detta
567 543 66 20 redan
656 543 22 21 af
695 543 39 21 den
750 541 186 27 omständigheten,
960 543 31 19 att
1006 541 27 26 pä

218 569 50 22 flere
283 569 42 23 håll
342 569 102 29 offentligt
460 571 92 27 uttalats,
572 572 33 20 att
621 571 40 22 100
676 571 51 22 eller
742 571 41 22 200
798 571 34 21 års
847 569 122 22 betänketid
984 575 49 15 vore

219 598 33 22 för
267 598 69 22 denna
350 598 76 22 reform
441 599 96 27 behöflig,
554 612 25 3 —
588 600 37 27 jag
640 600 80 21 erinrar
736 600 41 26 mig
792 599 45 21 icke
852 598 131 22 hvilketdera
998 598 35 21 det

219 633 43 21 var,
278 634 47 15 men
340 627 126 23 åtminstone
481 630 30 20 ett
526 628 68 22 sekels
609 628 31 22 tid
654 628 39 22 har
708 635 48 15 man
770 628 70 26 vädjat
851 627 31 21 till
892 628 69 20 såsom
970 626 63 27 nödig

219 655 146 23 beredelsetid.
395 657 33 21 Då
450 657 25 21 hr
496 664 40 14 von
552 657 86 21 Alfthan
661 664 47 21 nyss
730 656 108 26 förklarat,
862 658 31 19 att
907 656 47 22 hela
969 656 64 21 saken

219 684 69 22 skulle
302 685 82 27 reglera
399 685 31 27 sig
444 686 52 26 sjelf,
512 692 33 15 om
554 686 140 22 händelserna
702 686 54 27 finge
767 684 61 22 hafva
838 685 31 21 sin
879 685 60 27 gång,
955 684 79 22 tillåter

217 712 37 28 jag
282 713 43 27 mig
353 713 61 22 hafva
444 720 26 16 en
498 721 69 15 annan
591 714 60 28 åsigt.
690 715 41 27 Jag
754 720 62 16 anser
846 714 35 21 det
909 713 45 21 icke
983 719 52 15 vara

219 741 82 28 möjligt
323 744 31 20 att
376 742 73 22 härvid
471 742 37 22 lita
528 744 28 26 på
578 745 32 19 att
632 743 40 22 den
690 745 58 20 store
762 744 106 20 mästaren
882 742 57 22 tiden
954 742 23 21 så
992 741 42 21 fort

220 770 54 21 skall
289 772 52 25 göra
356 773 47 19 rent
417 771 46 22 hus.
493 772 29 27 Ty
538 772 36 21 det
588 772 81 21 händer
684 772 43 22 ofta
742 773 32 20 att
789 771 69 27 gamle
872 771 26 26 gå
912 770 55 27 bort,
982 772 52 20 utan

219 800 33 19 att
267 798 114 28 efterföljas
396 799 22 22 af
430 800 66 22 andra
510 800 48 22 med
573 807 81 15 samma
668 801 55 27 goda
737 800 50 27 vilja
802 806 47 16 men
864 801 67 20 större
941 799 94 26 förmåga

219 828 32 20 att
265 829 91 25 spränga
370 828 52 27 berg
436 829 39 21 och
490 829 60 27 bryta
565 836 27 21 ny
607 831 40 25 väg
661 830 32 20 för
708 829 67 21 finska
789 828 91 28 språket.
904 828 42 21 Det
956 830 23 19 är
989 827 46 21 icke

219 856 68 21 under
301 856 79 22 sådana
394 856 151 28 förhållanden,
562 858 26 21 då
603 864 27 15 en
644 860 45 20 stor
704 858 34 22 del
753 857 22 22 af
787 857 82 21 landets
884 856 91 28 ungdom
985 855 50 23 stäl-

219 883 32 22 ler
265 884 32 27 sig
311 884 90 28 fientligt
416 888 44 19 mot
474 885 87 28 finskan,
584 893 46 15 som
646 893 47 15 man
709 886 41 22 kan
765 886 39 21 lita
818 886 27 27 på
860 887 31 20 att
908 885 65 22 saken
983 886 51 20 utan

219 912 74 22 vidare
314 914 38 26 går
367 913 23 22 af
402 914 32 27 sig
448 914 51 27 sjelf.
528 915 42 21 Det
585 915 96 21 kommer
695 915 38 26 till,
756 916 32 20 att
804 914 81 27 dagliga
900 913 135 26 anledningar

219 940 33 22 till
267 947 38 15 oro
321 942 39 21 och
374 942 106 28 missämja
494 943 136 27 förekomma,
646 944 27 22 då
684 944 35 21 det
733 945 15 20 t.
765 950 18 14 o.
800 949 26 15 m.
842 943 42 21 kan
898 942 89 25 inträffa,
1003 942 32 20 att

219 976 26 14 en
261 969 130 23 embetsman
406 970 32 22 får
453 978 25 15 en
493 972 86 27 varning
594 972 32 21 för
641 974 32 20 att
687 972 41 22 han
744 973 64 25 vågar
818 971 72 21 skicka
900 970 67 22 finska
978 970 57 22 dom-

220 998 79 22 böcker
313 998 32 22 till
360 1006 26 14 en
401 999 85 27 hofrätt,
508 1001 64 26 vågar
586 1000 113 28 beledsaga
714 1001 61 21 dessa
790 1000 121 28 lagenligen
926 1000 27 26 på
967 998 68 22 finska

220 1026 80 22 skrifna
315 1028 106 26 protokoll
436 1029 48 21 med
499 1031 30 19 ett
544 1029 82 21 vehikel
641 1030 27 26 på
683 1028 73 28 finska,
780 1028 52 22 eller
846 1030 39 20 när
900 1028 35 21 det
949 1028 41 21 kan
1005 1027 30 21 in-

219 1054 68 28 träffa,
311 1058 33 19 att
366 1062 25 16 en
414 1057 128 22 embetsman
565 1058 41 21 blir
626 1058 98 27 pliktfäld
745 1058 33 21 för
793 1059 32 20 att
839 1057 42 21 han
897 1056 31 21 till
943 1062 26 16 en
984 1055 51 22 eller

219 1090 70 15 annan
312 1084 201 29 centralmyndighet
534 1087 64 26 vågar
620 1086 78 22 skrifva
720 1087 26 27 på
769 1086 37 22 sitt
820 1085 68 23 finska
903 1084 132 22 modersmål.

219 1112 42 21 Vid
283 1113 75 21 sådant
380 1112 130 24 förhållande
530 1114 42 22 kan
594 1121 49 15 man
658 1115 130 27 sannerligen
804 1114 46 22 icke
864 1114 44 21 låta
922 1113 38 22 allt
974 1114 26 26 gå
1015 1112 22 22 af

220 1140 32 27 sig
266 1140 53 28 sjelf,
334 1143 50 20 utan
400 1142 36 22 det
451 1145 23 19 är
488 1142 109 28 högeligen
608 1143 128 28 nödvändigt
746 1145 32 20 att
788 1143 76 22 sådant
874 1141 162 23 administrativt

221 1169 104 32 godtycke
347 1171 48 21 med
418 1171 35 22 det
467 1171 66 22 första
548 1173 66 20 måtte
628 1172 78 27 stäfjas,
723 1173 38 21 och
778 1172 36 21 det
828 1172 34 21 må
877 1171 33 22 väl
924 1171 62 27 ingen
1000 1170 35 21 be-

221 1197 74 28 strida,
311 1200 33 20 att
358 1199 37 22 det
409 1199 67 28 ligger
489 1200 56 22 inom
560 1200 113 29 styrelsens
688 1203 44 20 rätt
746 1202 32 21 att
788 1200 97 27 förbjuda
895 1199 66 28 dylikt
970 1199 67 28 sjelfs-

221 1225 55 22 våld.
307 1227 50 21 Man
379 1229 61 26 säger
462 1230 32 20 att
514 1229 24 22 så
559 1229 63 28 länge
639 1229 35 27 lag
688 1229 72 27 finnes,
783 1229 55 22 skall
854 1229 39 21 den
908 1227 127 26 efterlefvas;

221 1260 49 15 man
286 1255 36 21 vill
336 1256 106 22 måhända
456 1257 56 22 hålla
527 1259 28 26 på
570 1258 68 21 denna
652 1257 32 22 sin
699 1258 102 27 tolkning,
817 1258 32 21 att
864 1257 73 22 endast
946 1256 91 23 svenska

221 1284 24 20 är
266 1283 82 22 tillåten
371 1285 33 21 vid
422 1285 146 23 domstolarne.
598 1287 40 26 Jag
659 1287 38 21 ber
719 1287 53 21 dock
790 1287 33 20 att
837 1285 21 22 få
873 1285 68 22 erinra
956 1285 80 25 derom,

221 1312 32 31 att
267 1318 26 14 en
309 1312 65 22 sådan
389 1313 96 28 tolkning
501 1314 67 22 skulle
582 1317 52 25 göra
649 1317 51 20 nära
710 1321 41 21 nog
761 1314 49 22 hela
820 1314 82 22 landets
912 1313 125 22 domarekår

221 1339 32 21 till
268 1340 127 28 lagbrytare,
411 1342 7 21 i
433 1342 36 22 det
483 1342 41 22 alla
539 1343 25 22 de
580 1344 92 26 domare,
688 1350 45 15 som
748 1343 76 21 hittills
839 1342 83 27 utgifvit
935 1342 45 22 sina
990 1347 48 21 pro-

221 1368 68 22 tokoll
311 1370 27 26 på
360 1369 73 28 finska,
456 1370 72 28 begått
550 1372 98 27 lagbrott.
677 1372 125 27 Isynnerhet
824 1371 67 22 skulle
910 1371 58 21 detta
982 1368 56 29 gälla

223 1396 47 21 dem
285 1403 45 15 som
347 1398 53 22 efter
416 1400 54 21 1858
485 1406 47 15 men
547 1400 45 22 före
608 1401 54 21 1863
678 1401 56 27 gjort
748 1401 47 25 det;
818 1400 20 21 vi
853 1401 48 20 veta
912 1399 30 27 ju,
965 1400 32 20 att
1012 1404 26 15 en

221 1424 52 27 högt
289 1426 64 22 aktad
370 1426 85 23 domare
470 1428 60 27 länge
544 1428 84 28 utgifvit
643 1430 79 21 sådana
736 1430 27 27 på
779 1430 48 26 eget
842 1428 72 28 bevåg.
940 1428 49 21 Men
1005 1432 33 16 om

222 1452 62 34 detta
301 1454 38 22 allt
353 1454 104 24 förklaras
472 1456 32 22 för
518 1457 92 27 lagbrott
626 1458 38 21 och
679 1458 7 20 i
700 1458 133 27 konseqvens
848 1456 86 22 dermed
948 1456 92 27 regerin-

222 1487 45 27 gen
278 1482 47 22 icke
340 1490 38 15 ens
399 1484 67 22 under
487 1488 105 20 närmaste
615 1485 85 23 framtid
714 1486 53 22 skall
783 1486 72 21 kunna
869 1485 62 27 stäfja
946 1485 26 21 de
986 1486 55 20 mest

222 1510 101 22 skriande
332 1512 213 29 missförhållandena,
560 1514 61 28 följer
630 1521 48 15 man
688 1514 33 22 för
728 1515 55 22 visso
794 1514 46 22 icke
849 1514 40 22 den
897 1514 69 27 gamla
973 1513 68 22 sunda

222 1538 66 28 regel,
308 1545 46 17 som
369 1540 42 23 kan
426 1541 55 23 läsas
496 1542 7 22 i
517 1542 71 28 hvarje
604 1543 78 22 edition
697 1544 23 21 af
734 1544 55 22 1734
804 1544 34 21 års
853 1543 41 29 lag,
916 1546 32 20 att
962 1545 28 22 all
1005 1546 36 27 lag
