1111 1723
359 144 16 19 R.
387 148 16 15 6.
415 144 16 19 A.
443 144 47 20 1885.
515 144 20 19 23
548 144 47 23 April.
826 144 40 22 797

64 212 73 23 skiöld
158 212 130 27 framhållits,
312 215 32 20 att
366 213 37 22 det
425 213 64 22 också
512 213 7 21 i
539 213 69 22 denna
622 211 104 28 jäfsfråga
739 214 25 19 är
779 214 32 20 tre
825 212 69 27 stånd,

65 247 48 16 som
129 243 36 20 äro
181 240 121 27 afgörande,
318 242 26 27 på
359 243 44 20 sätt
417 241 8 22 i
440 241 27 22 de
481 241 78 28 frågor,
575 247 46 16 som
632 240 52 22 falla
694 240 67 22 under
771 240 123 22 ständernas

65 275 158 22 gemensamma
236 269 132 28 kompetens.
393 270 66 22 Detta
474 272 24 20 är
513 276 26 15 en
554 269 61 27 åsigt,
631 275 46 16 som
690 270 38 27 jag
736 269 47 22 icke
793 269 27 28 på
830 269 65 27 något

67 300 44 20 sätt
129 298 67 27 gillar,
213 298 104 27 knappast
331 298 72 22 fattar.
433 299 43 22 Det
491 301 24 19 är
530 298 87 22 alldeles
633 297 126 28 uppenbart,
775 300 31 20 att
821 297 35 22 det
871 300 24 19 är

63 327 79 22 endast
164 326 36 22 det
222 333 39 15 ena
276 327 51 21 eller
344 327 67 22 andra
425 327 93 26 ståndet,
533 333 46 16 som
594 327 6 21 i
616 329 23 25 ty
654 326 36 22 fall
706 326 69 22 allena
789 326 65 28 afgör,
870 329 23 25 ty

66 355 160 22 statsutskottet
245 355 89 22 likasom
351 356 67 21 andra
433 356 84 21 utskott
531 357 163 20 sammansättes
709 355 46 21 icke
770 361 75 21 genom
860 361 34 22 ge-

66 386 105 20 mensamt
193 383 33 22 val
249 384 21 21 af
291 384 26 21 de
338 384 47 27 fyra
406 384 90 22 stånden
518 384 8 21 i
547 390 26 15 en
595 384 117 26 kammare,
730 385 51 20 utan
795 383 99 23 tillsättes

67 412 111 26 ståndsvis,
198 412 39 21 och
255 413 41 20 kan
314 413 36 21 det
364 412 57 28 förty
435 413 68 26 aldrig
518 413 85 21 komma
618 412 7 21 i
640 413 60 26 fråga
715 412 67 21 under
796 413 37 21 vår
848 415 46 19 när-

65 441 94 22 varande
174 441 172 27 representation,
363 443 32 20 att
409 441 68 27 öfriga
492 441 63 22 stånd
570 441 68 22 skulle
654 441 70 21 tillåta
738 441 32 26 sig
780 443 31 20 att
821 440 73 28 pröfva

65 471 34 20 ett
118 469 33 27 jäf
170 469 7 22 i
192 472 32 19 ett
239 472 64 19 annat
318 470 68 21 stånd.
416 470 11 21 I
443 470 60 21 detta
518 469 98 22 afseende
631 472 62 24 tager
705 469 36 27 jag
756 470 43 27 mig
813 469 81 22 således

66 497 91 23 friheten
173 501 33 19 att
220 505 50 14 vara
285 498 22 22 af
321 505 25 15 en
361 498 128 27 fullkomligt
505 501 88 19 motsatt
609 497 134 28 uppfattning
757 498 76 27 jemväl
846 498 49 21 med

67 526 42 22 den
128 527 63 21 ärade
206 527 73 25 talare,
295 527 26 21 hr
336 527 155 28 Montgomery,
507 533 46 16 som
568 529 71 20 ansett
655 526 96 27 lämpligt
767 529 31 19 att
813 526 59 23 äfven
887 527 7 20 i

65 555 71 22 denna
151 555 59 28 fråga
225 555 61 27 lägga
300 555 37 22 sitt
352 558 66 25 tunga
433 556 40 21 ord
487 556 7 21 i
509 555 120 27 vägskälen.
657 555 83 26 Frågan
755 555 56 22 har
794 551 12 36 i
822 555 72 27 sjelfva

66 584 75 21 verket
162 584 7 21 i
192 584 68 21 denna
282 584 156 27 omständighet
460 584 32 22 sin
511 584 143 27 brännpunkt.
684 583 75 22 Svaret
777 584 64 27 derpå
856 583 39 22 har

67 618 28 15 nu
114 612 69 27 gifvits
202 613 46 20 utaf
261 612 46 22 frih.
324 613 157 27 Langenskiöld
497 613 39 22 och
552 613 26 21 hr
592 612 112 22 Hackman
720 611 31 22 till
766 612 80 22 förmån
862 611 33 23 för

65 640 172 22 statsutskottets
252 641 125 22 förfarande.
403 641 51 22 Man
469 641 33 22 får
517 641 34 22 väl
565 641 35 24 lof,
618 641 26 21 då
661 641 35 21 det
711 641 66 26 gäller
792 643 31 19 att
836 641 59 22 tolka

65 669 106 27 grundlag
186 669 6 21 i
207 669 79 22 sådana
308 669 147 28 församlingar
470 676 46 16 som
532 671 50 20 våra
597 669 133 26 landtdagar,
745 671 33 20 att
792 669 56 22 finna
863 669 32 28 sig

66 697 37 22 vid
118 698 35 21 det
169 701 53 18 mest
238 698 120 27 ojuridiska,
373 711 29 3 —
417 699 36 21 det
469 699 40 21 har
522 699 36 26 jag
572 698 122 22 erfarenhet
710 697 26 27 af,
745 704 47 15 men
804 705 48 14 vare
863 698 31 27 sig

65 728 34 19 att
115 733 48 14 man
179 733 27 14 nu
222 727 69 21 tolkar
307 727 68 21 denna
390 727 60 27 fråga
466 727 55 22 huru
536 733 45 16 som
596 727 63 25 helst,
676 727 23 20 så
715 728 23 19 är
754 727 36 21 det
805 733 25 15 en
842 726 53 23 brist

65 755 29 26 på
109 755 64 27 égard
188 755 46 21 från
250 756 169 21 statsutskottets
439 755 48 23 sida
503 758 32 19 att
549 755 85 22 komma
650 755 48 21 med
714 762 25 14 en
755 755 64 22 sådan
834 755 61 22 skrif-

65 783 58 22 velse
146 784 32 21 till
192 784 83 22 landets
290 784 66 22 första
371 785 68 21 stånd.
470 785 70 21 Bland
555 784 66 22 andra
637 784 92 26 talesätt,
745 790 45 16 som
806 784 38 22 här
858 790 36 16 an-

65 812 84 26 vändts,
165 812 72 21 tillhör
252 813 36 21 det
304 814 41 26 mig
360 815 31 19 att
407 813 61 21 äfven
485 813 32 21 till
532 813 127 21 bemötande
676 815 92 24 upptaga
783 812 25 22 hr
825 812 70 22 Mont-

64 846 99 22 gomerys
179 847 33 15 om
228 841 139 22 obstruktion.
393 842 66 21 Detta
474 842 100 27 yttrande
589 841 63 27 gälde
670 841 119 27 visserligen
800 843 94 20 närmast

65 868 47 22 frih.
128 869 83 22 Wrede,
228 876 45 15 som
288 871 22 20 så
326 873 31 18 att
371 873 52 24 säga
438 871 68 26 gjorts
522 870 32 21 till
569 871 40 20 den
626 870 74 21 mörka
716 871 55 25 fond,
788 872 44 19 mot
842 870 52 21 hvil-

65 897 42 22 ken
128 898 37 27 jag
179 898 67 21 blifvit
262 899 44 21 helt
321 899 45 26 ljus,
383 905 46 15 men
445 899 37 26 jag
497 899 38 21 ber
551 902 31 18 att
596 899 22 21 få
633 899 6 20 i
656 899 40 21 den
711 901 66 24 vägen
793 898 99 27 förklara,

65 928 34 19 att
120 926 112 27 föreligger
251 927 37 21 här
303 928 69 26 någon
387 927 143 27 obstruktion,
546 928 23 21 så
585 934 40 20 nog
641 927 55 22 skall
708 927 37 27 jag
759 929 50 25 taga
825 927 69 22 brors-

65 954 69 22 lotten
149 956 27 26 på
191 955 47 27 mig.
270 956 66 26 Dock,
351 956 46 21 icke
412 956 102 21 behöfves
529 956 39 21 här
584 955 144 26 obstruktion;
745 956 37 27 jag
797 956 40 21 kan
853 955 42 22 för-

63 983 66 22 säkra
151 986 32 19 att
202 984 38 21 här
255 984 65 21 finnes
336 985 66 21 andra
417 985 71 21 medel
503 985 7 21 i
526 985 59 21 detta
600 984 63 22 stånd
679 987 31 18 att
725 984 20 21 få
761 984 133 22 ständerhus-

64 1011 75 28 frågan
162 1014 32 19 att
211 1012 50 21 falla
276 1013 32 20 för
320 1013 68 21 denna
403 1014 62 26 gång,
482 1013 40 22 och
537 1013 32 21 för
584 1013 67 21 alltid.
669 1019 33 15 om
719 1019 47 15 man
781 1013 42 21 vill.
853 1013 41 27 Jag

64 1039 146 23 tillbakavisar
228 1041 71 21 derför
318 1042 48 21 med
379 1042 134 27 indignation
529 1041 159 28 beskyllningen
704 1047 34 16 om
753 1041 140 22 obstruktion.

65 1081 28 3 —
116 1069 45 22 Här
183 1070 39 21 har
244 1069 63 22 talats
330 1076 34 15 om
387 1070 87 27 politisk
496 1070 95 21 klokhet.
622 1071 42 20 Det
682 1076 38 15 var
737 1069 46 22 frih.
799 1070 96 27 Langen-

64 1097 81 22 skiölds
168 1098 90 27 slagord.
288 1098 40 27 Jag
350 1099 39 21 har
406 1099 24 21 så
445 1099 46 21 ofta
505 1099 50 21 hört
570 1105 33 15 om
620 1099 70 21 denna
705 1098 93 26 klokhet,
815 1101 31 19 att
860 1099 35 26 jag

65 1125 40 22 har
126 1128 91 20 tröttnat
239 1127 78 22 dervid.
347 1127 112 22 Utskottet
482 1127 40 22 har
543 1127 45 22 helt
606 1127 72 21 enkelt
693 1127 155 27 missuppfattat
863 1127 32 22 sin

64 1154 101 27 ställning
180 1155 32 21 till
229 1155 57 22 detta
302 1156 61 21 stånd
379 1156 38 21 och
433 1156 33 21 till
479 1156 73 27 hvarje
564 1156 62 21 stånd
638 1155 143 22 öfverhufvud.
803 1156 92 21 Stånden

64 1184 39 20 äro
126 1183 120 22 utskottens
270 1184 125 27 principaler
416 1184 7 21 i
445 1184 74 27 frågor
541 1191 45 14 som
602 1184 87 21 tillhöra
704 1184 123 22 ständernas
842 1190 54 15 sam-

63 1210 58 23 fälda
135 1211 131 28 kompetens,
283 1213 38 21 och
336 1213 109 21 utskotten
461 1215 38 20 äro
516 1213 124 21 ständernas
656 1213 89 26 tjenare;
762 1213 7 20 i
784 1213 25 21 de
818 1213 76 26 frågor,

63 1239 40 22 der
127 1242 31 19 ett
182 1241 62 20 stånd
268 1243 81 20 ensamt
371 1243 25 20 är
417 1241 133 28 kompetent,
572 1243 24 20 är
612 1241 133 27 naturligtvis
761 1241 58 22 detta
833 1241 63 22 stånd

64 1268 104 27 principal
189 1269 7 20 i
211 1269 131 22 förhållande
356 1270 33 21 till
406 1270 32 21 sin
453 1270 90 27 tjenare.
574 1269 40 22 Om
630 1276 49 15 man
694 1271 60 24 tager
769 1270 80 27 hänsyn
864 1269 32 22 till

63 1296 68 27 detta,
147 1297 41 21 kan
204 1304 48 15 man
267 1298 46 21 icke
328 1297 63 27 finna,
407 1300 33 20 att
455 1299 167 25 statsutskottet,
639 1299 55 20 huru
709 1300 26 19 än
748 1298 62 27 lagen
820 1298 75 26 tolkas,

66 1324 40 23 har
125 1325 88 22 handlat
228 1326 112 22 skickfullt.
371 1327 46 21 Här
432 1327 40 21 har
489 1327 22 22 af
524 1327 25 21 hr
564 1327 149 27 Montgomery
728 1327 62 21 talats
805 1333 34 15 om
855 1326 40 22 den

66 1353 95 28 aktning,
184 1355 60 21 detta
266 1355 62 21 stånd
350 1355 122 27 antagligen
496 1356 62 27 hyser
577 1355 33 22 för
625 1357 77 20 tvänne
718 1354 105 23 friherrar.
854 1355 42 21 Det

65 1383 26 20 är
112 1382 47 22 icke
182 1382 68 23 denna
273 1383 93 28 aktning,
389 1390 46 15 som
450 1384 56 22 skall
522 1384 72 27 afgöra
610 1384 70 21 denna
695 1383 58 28 fråga
768 1383 39 22 och
822 1383 74 27 andra,

66 1413 52 19 utan
140 1411 45 22 helt
202 1412 72 21 enkelt
289 1412 40 22 den
345 1412 94 27 aktning,
455 1419 48 15 som
519 1413 85 21 ståndet
618 1412 41 22 bör
673 1412 53 28 hysa
740 1412 33 22 för
786 1412 32 26 sig
833 1412 63 26 sjelft.

65 1439 59 27 (Bra,
140 1439 48 22 bra!
205 1440 96 22 Enstaka
316 1441 121 27 hyssjning).

136 1468 32 21 Hr
190 1468 142 23 Hackman:
355 1470 40 26 Jag
411 1470 35 20 vill
462 1470 77 21 endast
554 1470 48 20 med
618 1470 66 26 några
700 1470 36 21 ord
752 1469 26 21 be
793 1468 46 22 frih.
857 1475 40 15 von

65 1496 59 21 Born
147 1503 34 15 om
205 1498 73 21 ursäkt
300 1498 33 21 för
354 1500 32 19 att
405 1498 38 27 jag
465 1498 159 27 missuppfattat
648 1498 78 21 honom
741 1497 30 21 uti
786 1498 110 21 utskottet.

65 1524 62 21 Dock
149 1525 36 21 vill
206 1526 37 26 jag
265 1528 57 19 rätta
344 1526 53 21 hans
421 1526 72 22 minne
515 1527 7 20 i
546 1526 34 22 det
596 1526 136 26 hänseendet,
748 1528 31 19 att
795 1526 41 21 han
851 1526 47 21 icke

65 1551 88 28 frågade
169 1554 111 27 utskottet,
296 1554 103 22 huruvida
414 1555 72 27 någon
502 1555 49 21 ville
565 1554 53 22 höra
634 1554 53 22 hans
701 1555 134 25 reservation,
847 1556 51 20 utan

805 1594 19 16 51
