1111 1756
222 119 42 22 516
490 121 16 19 R
519 124 15 16 &
547 121 16 19 A.
576 120 46 20 1888.
646 120 22 20 23
680 120 48 20 Mars.

196 188 40 22 och
250 186 81 24 hvilket
344 189 41 22 öde
399 188 92 23 förestår
505 189 49 22 dem
570 190 43 21 då?
640 189 43 27 Jag
697 188 62 23 anför
773 188 57 23 blott
843 190 32 20 ett
888 189 138 27 upprörande

196 216 95 28 exempel
312 216 65 23 bland
399 218 77 26 många
494 218 74 22 andra.
598 218 34 22 En
647 218 84 27 patient
744 216 110 24 hemtades
868 216 32 22 till
915 216 111 28 Fagernäs

195 244 46 22 helt
262 245 40 22 och
320 245 66 23 hället
400 246 69 22 smidd
483 246 8 21 i
503 246 56 28 jern,
574 248 16 20 t.
607 252 19 16 o.
642 252 28 16 m.
686 246 7 22 i
707 246 101 27 halsjern.
836 245 51 22 Man
902 245 74 28 tycker
989 247 37 20 att

196 273 38 22 det
254 275 26 20 är
300 274 79 28 rysligt,
401 280 49 16 men
472 274 54 22 hans
547 274 67 28 familj
637 274 56 22 hade
713 275 48 21 icke
783 274 69 26 nägon
868 280 68 16 annan
951 275 70 25 utväg.

193 301 50 22 Han
258 301 35 23 led
311 302 23 22 af
346 302 106 28 periodisk
467 303 58 22 mani
539 303 41 22 och
594 305 40 20 när
649 303 60 22 detta
723 302 140 23 manikaliska
877 302 95 22 tillstånd
985 302 39 27 pä-

194 330 58 26 kom,
275 336 51 16 voro
348 330 42 23 alla
409 338 104 21 personer
528 331 7 21 i
550 332 53 22 hans
625 332 77 22 närhet
716 332 7 21 i
738 331 86 22 lifsfara.
853 330 47 23 Hus
919 330 39 23 och
973 330 51 22 hem

194 358 58 22 hade
272 358 42 23 han
336 359 81 23 kunnat
439 360 83 22 bränna
543 366 43 22 upp
609 360 41 22 och
671 360 33 22 sin
726 360 66 27 familj
815 360 55 22 hade
884 359 42 22 han
941 359 82 22 kunnat

195 387 81 22 mörda.
306 387 47 23 Den
374 388 55 22 hade
451 388 73 22 derför
542 388 62 28 ingen
620 395 71 15 annan
705 391 67 25 utväg
786 390 28 20 än
828 390 33 20 att
875 388 28 27 pä
918 388 59 21 detta
990 387 35 22 vis

194 416 53 26 göra
268 415 79 22 honom
369 416 102 28 oskadlig.
501 417 69 22 Dessa
592 417 65 22 anfall
679 416 22 23 af
714 417 57 22 mani
786 416 130 22 förekommo
930 416 39 21 hos
984 416 41 22 ho-

194 449 50 16 nom
260 444 76 22 endast
350 451 25 16 en
391 445 52 22 eller
456 451 40 21 par
510 445 80 28 gänger
605 451 35 16 om
655 446 54 26 äret,
724 445 107 22 mähända
845 445 19 26 ej
880 451 37 15 ens
931 445 24 20 sä
970 444 51 26 ofta,

194 477 50 16 men
266 472 32 25 de,
321 479 44 16 som
387 473 18 27 ej
421 473 71 22 kunde
507 474 92 22 bedöma
612 476 40 20 när
667 475 32 21 ett
713 474 78 22 sädant
804 473 64 22 anfall
882 479 38 16 var
933 473 32 21 att
979 472 43 22 för-

194 502 71 26 vänta,
281 502 67 21 mäste
362 501 57 22 hällä
433 502 80 22 honom
527 501 105 28 fängslad.
661 503 32 21 Pä
708 503 109 26 Fagernäs
831 502 95 21 deremot
939 503 25 20 är
977 501 46 22 han

195 535 26 15 en
236 529 84 28 mycket
335 530 94 27 omtyckt
443 531 100 22 arbetare
557 531 40 22 och
612 531 118 22 behandlas
745 531 23 22 af
780 530 104 26 fackmän,
894 536 45 16 som
949 529 75 22 kunna

194 556 93 24 bedöma
308 560 39 20 när
368 561 31 20 ett
420 559 77 22 sådant
519 559 97 22 tillstånd
634 559 23 22 af
670 560 57 21 mani
741 559 97 22 inträder
852 558 40 23 och
906 560 37 20 äro
957 558 8 21 i
980 557 42 22 till-

194 585 51 22 fälle
260 588 32 20 att
306 587 85 27 vidtaga
405 587 78 28 nödiga
497 588 107 27 ätgärder,
620 587 34 22 för
669 590 32 20 att
716 590 77 25 stänga
806 587 22 22 in
842 587 85 26 honom,
940 586 28 22 dä
977 586 45 22 han

194 613 104 29 deremot,
320 621 34 16 om
376 615 42 22 han
442 616 89 22 skrifves
554 618 24 20 ut
592 616 47 22 frän
654 617 109 26 Fagernäs
778 617 70 20 säsom
862 615 96 22 kroniskt
973 615 49 27 sjuk

194 642 40 22 och
256 643 47 22 icke
324 643 71 28 botad,
418 644 33 22 fär
465 644 90 27 bojorna
569 645 96 22 tillbaka.
696 645 62 22 Huru
772 645 90 26 mängen
878 646 24 19 är
917 644 36 21 det
966 643 56 27 icke,

194 677 46 16 som
262 672 66 22 redan
349 673 39 21 har
409 673 70 22 blifvit
500 673 77 22 bastad
596 673 40 22 och
651 673 92 28 bunden,
758 673 67 22 insatt
838 673 33 21 uti
886 672 79 22 källare
980 672 41 22 och

194 699 88 23 kättor?
310 701 50 22 Men
379 701 37 28 jag
435 701 69 22 skulle
519 704 51 25 säga
584 704 34 20 att
632 702 27 22 de
673 704 73 20 värsta
760 702 48 21 icke
823 703 38 20 äro
876 701 33 26 de,
924 707 45 16 som
983 701 40 22 ba-

193 729 45 21 stas
260 729 52 22 eller
334 729 80 28 bindas,
437 733 52 19 utan
512 732 37 20 äro
564 731 8 21 i
586 730 120 27 familjerna
728 731 40 22 och
786 730 152 21 kommunerna
952 729 70 22 under

194 757 52 21 vård
269 757 23 22 af
304 764 106 21 personer,
433 765 46 15 som
494 759 47 21 icke
555 759 63 22 hafva
632 759 94 28 begrepp
742 765 35 16 om
792 759 55 21 huru
862 765 25 15 en
902 757 118 27 sinnessjuk

194 785 54 22 skall
263 785 123 24 behandlas.
416 787 43 22 Det
474 787 82 22 händer
570 790 15 19 t.
602 794 20 15 o.
638 794 27 15 m.
680 788 32 21 uti
728 787 100 28 upplysta
842 786 89 27 familjer
945 787 33 20 att
992 787 31 21 de

194 815 55 20 trott
264 814 32 27 sig
310 814 71 23 kunna
395 815 112 28 korrigera
522 822 25 15 en
563 816 52 22 dåre
630 816 40 22 och
685 816 73 22 härtill
773 815 93 22 användt
880 814 142 22 förebräelser

194 842 39 21 och
248 842 88 28 bannor,
352 850 48 15 men
415 850 51 15 man
482 844 64 22 tänke
561 844 32 27 sig
608 845 31 21 uti
655 844 184 27 allmogeklassen,
849 844 28 26 pä
887 843 79 22 hvilket
975 845 47 20 sätt

193 876 48 16 man
257 871 39 22 här
306 871 119 28 korrigerar
435 873 46 21 sina
492 873 73 26 dårar;
578 873 37 22 det
624 875 25 20 är
663 873 49 22 med
722 873 59 27 hugg
791 872 39 22 och
840 871 51 28 slag.
909 872 32 21 En
952 871 67 22 sådan

192 904 46 16 arm
254 899 52 22 dåre
320 902 24 19 är
358 902 68 20 utsatt
440 901 33 21 för
487 907 39 21 spe
540 901 38 22 och
595 901 129 28 begabbelse
739 901 40 22 och
795 903 39 19 när
850 900 42 21 han
906 899 114 22 kommer
1004 895 21 39 i

192 926 219 30 irritationstillständ,
426 929 51 27 vilja
491 929 27 22 de
528 929 110 28 korrigera
647 930 79 21 honom
736 929 106 27 vanligast
851 928 166 28 handgripligen.

192 954 51 22 Man
254 956 42 22 kan
304 956 46 22 icke
357 957 62 21 kasta
428 960 47 19 sten
486 959 28 25 pä
524 958 54 26 dem,
590 964 46 16 som
647 960 52 26 göra
710 959 43 25 det,
763 958 89 21 emedan
868 957 26 21 de
909 957 44 21 icke
968 958 53 20 veta

191 982 80 28 bättre;
283 985 26 21 de
318 984 66 23 förstä
393 985 47 22 icke
451 986 40 22 den
499 988 59 20 stora
565 986 84 22 skilnad
657 993 50 15 man
714 986 41 22 bör
761 988 54 25 göra
821 986 35 21 vid
863 984 155 28 behandlingen

190 1011 24 21 af
226 1018 27 16 en
273 1013 57 27 däre,
346 1020 25 15 en
386 1014 125 27 sinnessjuk,
527 1015 39 21 och
582 1015 67 21 andra
664 1014 56 22 blott
734 1014 94 26 illvillige
843 1014 40 21 och
898 1013 61 22 deras
973 1015 46 20 sätt

191 1041 33 20 att
241 1040 111 28 korrigera
373 1042 124 22 framkallar
520 1043 27 21 dä
562 1043 45 22 ofta
622 1044 27 21 de
664 1043 148 28 ohyggligaste
826 1048 80 15 scener.
935 1042 43 21 Det
992 1043 29 20 är

190 1067 34 22 för
245 1069 47 22 icke
317 1070 62 27 länge
400 1071 66 21 sedan
488 1072 20 20 vi
531 1072 51 26 sägo
600 1072 8 21 i
624 1072 136 26 tidningarrie
776 1073 32 19 ett
823 1070 43 27 fall,
882 1070 27 22 dä
924 1076 25 16 en
965 1070 54 22 däre

189 1096 70 22 blifvit
273 1098 75 27 piskad
362 1098 57 28 ihjäl.
449 1100 86 22 Straffet
549 1100 62 22 faller
625 1100 135 27 naturligtvis
775 1100 28 27 pä
819 1099 53 25 dem,
888 1104 44 16 som
942 1098 78 27 begätt.

190 1124 71 28 dådet,
276 1132 49 16 men
340 1127 26 21 de
381 1129 37 20 äro
434 1128 72 21 härför
520 1128 46 22 icke
582 1130 24 20 sä
620 1128 114 22 straffbara
748 1134 47 16 som
810 1134 49 15 man
870 1126 66 22 skulle
946 1126 72 28 tycka,

189 1154 90 22 emedan
302 1155 26 21 de
349 1155 62 22 hafva
433 1156 57 28 gjort
509 1156 36 22 det
559 1156 7 22 i
582 1157 40 21 den
637 1159 49 19 tron
702 1158 32 20 att
749 1157 66 21 dären
830 1155 23 22 af
866 1154 94 23 envishet
975 1155 41 21 och

188 1183 102 27 stygghet
310 1184 18 26 ej
351 1186 38 24 gör
404 1186 67 20 annat
485 1187 28 19 än
533 1185 57 22 ondt.
622 1185 59 22 Skall
697 1185 61 22 detta
773 1184 38 22 allt
826 1184 96 22 lemnas?
949 1183 67 22 Skola

187 1209 44 23 alla
254 1211 61 22 dessa
331 1212 93 22 tusental
438 1213 99 21 kroniskt
550 1213 62 27 sjuka
626 1213 81 22 lemnas
722 1213 65 22 totalt
802 1214 51 20 utan
868 1212 63 22 vård?
960 1212 11 21 I
984 1212 34 21 in-

187 1239 121 27 rättningar
331 1240 34 22 för
385 1241 66 22 akuta
465 1241 72 22 kunna
554 1242 26 21 de
594 1242 47 22 icke
657 1248 59 16 mera
730 1241 75 23 hållas.
835 1242 33 20 De
882 1241 71 21 kunna
967 1240 51 23 icke

186 1266 86 24 skickas
287 1268 32 21 till
334 1269 62 22 dessa
410 1270 76 27 asyler,
502 1270 64 22 innan
582 1270 26 22 de
623 1272 37 20 äro
675 1270 130 26 fullkomligt
820 1269 100 27 obotliga,
935 1269 26 21 de
970 1270 45 20 må-

187 1296 33 21 ste
242 1296 83 22 således
344 1297 83 23 skickas
449 1298 56 22 hem.
536 1299 34 21 Då
591 1305 29 15 nu
642 1298 73 22 landet
737 1299 41 21 har
795 1298 57 27 gjort
870 1297 105 27 verkligen
991 1298 25 21 så

186 1324 86 27 mycket
287 1325 33 22 för
342 1326 26 21 de
383 1326 66 22 akuta
463 1327 68 27 sjuke,
547 1329 24 19 är
586 1327 38 21 det
638 1327 28 21 då
680 1327 47 22 icke
741 1327 34 21 tid
790 1328 33 20 att
836 1328 53 24 göra
903 1326 65 26 något
981 1325 37 23 för

186 1352 27 21 de
227 1352 115 24 kroniska?
356 1354 123 23 Utskottets
495 1355 134 22 betänkande
644 1355 72 22 vidrör
730 1356 28 21 de
774 1354 33 22 till.
823 1355 41 21 120
879 1354 67 22 ökade
960 1354 58 26 plat-

186 1386 64 16 serna
266 1383 14 21 å
298 1382 108 28 Fagernäs
421 1384 28 26 på
463 1385 33 20 ett
509 1385 50 25 sätt,
575 1390 46 15 som
636 1384 63 26 ingen
714 1384 43 21 kan
773 1383 72 27 förstå,
862 1383 27 21 då
903 1382 36 22 det
953 1384 65 25 säges

185 1410 33 20 att
239 1411 108 21 anstalten
369 1411 33 22 väl
417 1411 47 22 icke
479 1412 69 22 blifvit
562 1412 119 22 försämrad
696 1418 79 21 genom
790 1414 33 19 att
836 1412 29 21 20
879 1411 80 27 platser
973 1411 43 21 till-

184 1436 98 23 kommit.
312 1439 41 27 Jag
374 1439 33 22 får
422 1440 170 28 upplysningsvis
608 1442 52 26 säga
674 1442 34 20 att
724 1441 26 21 de
766 1440 83 22 utöfver
864 1440 26 21 de
906 1440 40 21 100
960 1439 58 28 plat-

184 1470 63 16 serne.
270 1466 110 23 tillkomne
395 1470 38 20 äro
448 1468 175 27 hufvudsakligen
638 1468 106 27 behöfliga
761 1468 22 22 af
797 1468 41 22 den
853 1467 118 28 anledning,
982 1469 34 20 att

184 1493 28 21 då
228 1500 26 15 en
270 1495 156 28 dårinrättning
440 1497 81 27 årligen
536 1498 68 21 måste
619 1503 111 22 repareras
745 1496 41 22 och
797 1501 139 22 uppsnyggas,
947 1497 70 20 måste

184 1523 107 26 utrymme
314 1529 36 21 ges
373 1523 34 22 för
427 1525 42 22 den
484 1525 38 27 tid,
538 1525 122 22 hvarunder
674 1525 147 26 inrättningen
836 1530 119 20 evacueras,
974 1524 42 21 och
