1114 1773
224 127 49 37 842
494 133 16 19 R
522 138 16 14 e
550 133 16 18 A.
578 133 46 19 1885.
646 133 22 19 30
680 133 48 23 April.

260 200 112 32 allmänna
394 200 200 24 besvärsutskottets
608 201 134 23 betänkande
758 208 33 15 n:o
808 202 26 21 14
849 201 7 21 i
871 200 112 28 anledning
998 200 23 22 af

199 228 103 22 särskilda
316 229 57 21 inom
388 231 84 25 preste-,
488 229 98 28 borgare-
602 230 39 22 och
658 230 158 22 bondeständen
824 230 76 22 väckta
910 230 110 27 petitions-

198 256 79 28 förslag
291 263 34 16 om
340 257 89 23 förökad
442 258 126 22 läkarevärd
582 260 28 26 pä
625 258 129 23 landsorten.

267 370 70 22 Sedan
359 371 25 22 R.
402 378 19 15 o.
441 372 33 27 A,
493 372 7 21 i
522 372 93 27 enlighet
634 372 49 22 med
698 372 22 22 af
732 372 48 22 frih.
795 371 61 27 Boije
872 372 72 22 derom
958 371 62 28 gjord

198 398 154 28 framställning
373 399 82 29 bifallit,
478 402 32 20 att
530 401 123 27 ytterligare
672 407 26 15 en
712 400 114 28 suppleant
840 399 56 28 finge
910 400 7 22 i
933 402 86 20 statsut-

198 427 81 22 skottet
302 427 87 29 inväljas
410 431 55 20 samt
486 429 26 21 hr
526 429 194 22 landtmarskalken
736 430 116 27 uppmanat
868 428 94 22 ständets
977 428 43 22 val-

199 457 48 20 män
263 459 32 19 att
309 457 49 22 med
372 457 37 22 det
422 457 66 22 första
503 458 114 22 verkställa
632 458 62 27 valet,

266 485 74 22 afslöts
354 485 84 28 plenum
453 486 28 22 kl.
497 487 39 27 '/,1
553 487 28 27 pä
596 489 80 20 natten.

814 525 23 18 In
849 525 66 18 fidem:

764 554 22 21 J.
803 555 27 20 F.
848 554 102 28 Aminoff.

375 747 107 30 Torsdagen
497 748 34 23 den
547 748 27 23 30
590 748 50 29 April
656 748 78 23 klockan
752 748 12 24 6
780 755 18 16 e.
814 754 23 17 m.

265 804 32 21 Hr
320 805 192 22 landtmarskalken
534 805 124 22 meddelade
680 807 31 20 att
732 805 100 28 polletter
856 805 108 21 äterstälts
985 804 33 21 för

195 833 71 27 adliga
275 829 81 36 ätterna
368 839 33 16 n:o
412 834 26 21 42
453 833 142 28 Järnefelt,
611 834 23 21 af
647 834 25 21 hr
686 833 148 28 Järnefelt,
849 833 96 26 Fredrik,
955 833 62 27 gods-

195 867 70 21 egare,
289 868 35 15 n:o
350 863 40 20 177
413 862 145 26 Edelheim,
581 862 23 22 af
624 863 26 20 hr
668 863 150 27 Edelheim,
843 862 67 21 Frans
925 862 92 26 Edvard,

194 890 150 28 civilingeniör,
370 891 39 21 och
431 898 33 15 n:o
481 892 39 21 197
535 891 194 27 Björkenheim,
744 892 23 21 af
780 891 26 21 hr
820 891 197 27 Björkenheim,

195 918 49 22 Carl
268 920 53 21 Axel
336 919 95 27 Fredrik,
451 920 133 27 bruksegare,
607 922 55 20 samt
684 922 32 19 att
730 920 77 27 pollett
822 920 46 21 äter
882 920 88 26 uttagits
985 919 33 21 för

194 947 117 22 sistnämda
325 950 32 19 ätt
372 948 23 21 af
407 948 26 21 hr
447 948 195 28 Björkenheim,
657 948 66 22 Adolf
736 949 93 26 Edvard,
846 948 135 27 bruksegare.

263 1032 110 22 Protokoll
396 1032 57 22 öfver
474 1033 94 21 ständets
590 1033 36 21 vid
647 1035 83 20 senaste
750 1033 86 28 plenum
852 1033 82 21 fattade
948 1032 69 22 beslut

191 1060 126 27 justerades.

262 1146 57 22 Frän
342 1146 139 22 medständen
504 1147 54 21 hade
584 1148 88 20 anländt
694 1148 105 21 särskilda
814 1146 202 28 protokollsutdrag,

192 1174 73 22 hvilka
279 1174 123 28 föredrogos
418 1176 39 21 och
472 1176 57 21 lades
543 1176 33 21 till
591 1176 159 27 handlingarna.

259 1260 58 21 Frän
332 1260 24 21 R.
381 1266 20 15 o.
416 1260 37 22 A:s
468 1260 82 22 valmän
564 1261 56 21 hade
633 1261 118 21 ankommit
766 1262 32 20 ett
812 1260 203 27 protokollsutdrag,

189 1288 151 22 innehållande
362 1290 32 20 att
415 1289 33 21 tili
469 1290 111 26 suppleant
602 1290 7 20 i
631 1290 162 21 statsutskottet
815 1289 70 21 blifvit
899 1289 77 21 utsedd
990 1288 27 21 hr

190 1316 210 28 Nordenskiöld,
423 1317 53 22 efter
496 1318 92 27 lottning
606 1318 49 22 med
669 1318 26 21 hr
710 1318 106 25 Lindelöf,
832 1317 85 22 hvilken
932 1316 85 22 erhållit

189 1345 44 22 lika
248 1346 78 27 många
340 1347 75 25 röster,
426 1352 45 15 som
484 1346 26 21 hr
525 1346 162 27 Nordenskiöld,
703 1349 55 19 samt
774 1348 34 20 att
822 1346 132 26 valmännen,
970 1352 46 14 som

189 1373 47 22 haft
251 1375 33 27 sig
298 1374 80 22 bekant
392 1376 33 20 att
439 1375 25 21 hr
478 1375 154 27 Björkenheim,
645 1375 22 22 C.
676 1375 32 27 F.,
716 1375 46 22 före
772 1375 60 21 detta
838 1375 86 27 plenum
932 1374 84 21 komme

190 1404 32 19 att
237 1403 118 22 återlemna
377 1403 32 21 sin
431 1403 80 27 pollett,
526 1404 34 21 till
574 1404 112 26 suppleant
700 1404 8 21 i
723 1404 109 21 allmänna
846 1402 170 22 besvärsutskot-

189 1432 32 20 tet
236 1431 8 21 i
260 1432 79 22 dennes
354 1432 62 21 ställe
430 1432 65 21 invalt
510 1432 25 22 hr
549 1438 42 16 von
606 1432 178 27 Willebrand,
799 1432 25 21 R.
840 1432 24 21 F.

260 1516 57 22 Utan
333 1517 118 21 diskussion
475 1518 146 22 remitterades
636 1518 32 20 till
683 1518 143 27 lagutskottet
841 1517 27 21 de
882 1516 36 22 vid
933 1517 83 20 senaste

189 1546 159 20 sammanträde
362 1546 33 20 till
410 1546 112 22 ständerna
537 1546 155 22 öfverlemnade
707 1547 48 21 nåd.
773 1552 95 21 prop:ne.
