<?xml version="1.0" encoding="UTF-8"?>
<alto xmlns="http://www.loc.gov/standards/alto/ns-v3#" xmlns:xlink="http://www.w3.org/1999/xlink" xmlns:xsi="http://www.w3.org/2001/XMLSchema-instance" xsi:schemaLocation="http://www.loc.gov/standards/alto/ns-v3# http://www.loc.gov/alto/v3/alto-3-0.xsd">
	<Description>
		<MeasurementUnit>pixel</MeasurementUnit>
		<sourceImageInformation>
			<fileName>/tmp/tess_sks4yszp_input.PNG</fileName>
		</sourceImageInformation>
		<OCRProcessing ID="OCR_0">
			<ocrProcessingStep>
				<processingSoftware>
					<softwareName>tesseract 5.3.4</softwareName>
				</processingSoftware>
			</ocrProcessingStep>
		</OCRProcessing>
	</Description>
	<Layout>
		<Page WIDTH="1111" HEIGHT="1709" PHYSICAL_IMG_NR="0" ID="page_0">
			<PrintSpace HPOS="0" VPOS="0" WIDTH="1111" HEIGHT="1709">
				<ComposedBlock ID="cblock_0" HPOS="364" VPOS="136" WIDTH="499" HEIGHT="22">
					<TextBlock ID="block_0" HPOS="364" VPOS="136" WIDTH="499" HEIGHT="22">
						<TextLine ID="line_0" HPOS="364" VPOS="136" WIDTH="499" HEIGHT="22">
							<String ID="string_0" HPOS="364" VPOS="136" WIDTH="15" HEIGHT="18" WC="0.90" CONTENT="R."/><SP WIDTH="13" VPOS="136" HPOS="379"/>
							<String ID="string_1" HPOS="392" VPOS="141" WIDTH="15" HEIGHT="14" WC="0.87" CONTENT="o."/><SP WIDTH="12" VPOS="141" HPOS="407"/>
							<String ID="string_2" HPOS="419" VPOS="136" WIDTH="16" HEIGHT="18" WC="0.94" CONTENT="A."/><SP WIDTH="12" VPOS="136" HPOS="435"/>
							<String ID="string_3" HPOS="447" VPOS="136" WIDTH="46" HEIGHT="19" WC="0.94" CONTENT="1885."/><SP WIDTH="24" VPOS="136" HPOS="493"/>
							<String ID="string_4" HPOS="517" VPOS="136" WIDTH="22" HEIGHT="18" WC="0.87" CONTENT="30"/><SP WIDTH="13" VPOS="136" HPOS="539"/>
							<String ID="string_5" HPOS="552" VPOS="136" WIDTH="46" HEIGHT="22" WC="0.95" CONTENT="April."/><SP WIDTH="226" VPOS="136" HPOS="598"/>
							<String ID="string_6" HPOS="824" VPOS="136" WIDTH="39" HEIGHT="22" WC="0.96" CONTENT="881"/>
						</TextLine>
					</TextBlock>
				</ComposedBlock>
				<ComposedBlock ID="cblock_1" HPOS="77" VPOS="198" WIDTH="827" HEIGHT="1372">
					<TextBlock ID="block_1" HPOS="77" VPOS="198" WIDTH="827" HEIGHT="1372">
						<TextLine ID="line_1" HPOS="77" VPOS="198" WIDTH="814" HEIGHT="28">
							<String ID="string_7" HPOS="77" VPOS="202" WIDTH="40" HEIGHT="20" WC="0.96" CONTENT="den"/><SP WIDTH="15" VPOS="202" HPOS="117"/>
							<String ID="string_8" HPOS="132" VPOS="202" WIDTH="70" HEIGHT="19" WC="0.96" CONTENT="satsen"/><SP WIDTH="25" VPOS="202" HPOS="202"/>
							<String ID="string_9" HPOS="227" VPOS="201" WIDTH="31" HEIGHT="19" WC="0.95" CONTENT="att"/><SP WIDTH="24" VPOS="201" HPOS="258"/>
							<String ID="string_10" HPOS="282" VPOS="199" WIDTH="82" HEIGHT="21" WC="0.95" CONTENT="finskan"/><SP WIDTH="18" VPOS="199" HPOS="364"/>
							<String ID="string_11" HPOS="382" VPOS="201" WIDTH="25" HEIGHT="19" WC="0.96" CONTENT="är"/><SP WIDTH="15" VPOS="201" HPOS="407"/>
							<String ID="string_12" HPOS="422" VPOS="201" WIDTH="31" HEIGHT="19" WC="0.96" CONTENT="ett"/><SP WIDTH="15" VPOS="201" HPOS="453"/>
							<String ID="string_13" HPOS="468" VPOS="199" WIDTH="130" HEIGHT="21" WC="0.94" CONTENT="främmande"/><SP WIDTH="17" VPOS="199" HPOS="598"/>
							<String ID="string_14" HPOS="615" VPOS="198" WIDTH="64" HEIGHT="28" WC="0.96" CONTENT="språk"/><SP WIDTH="15" VPOS="198" HPOS="679"/>
							<String ID="string_15" HPOS="694" VPOS="199" WIDTH="7" HEIGHT="21" WC="0.95" CONTENT="i"/><SP WIDTH="15" VPOS="199" HPOS="701"/>
							<String ID="string_16" HPOS="716" VPOS="198" WIDTH="95" HEIGHT="26" WC="0.93" CONTENT="Finland,"/><SP WIDTH="16" VPOS="198" HPOS="811"/>
							<String ID="string_17" HPOS="827" VPOS="198" WIDTH="64" HEIGHT="21" WC="0.93" CONTENT="fram-"/>
						</TextLine>
						<TextLine ID="line_2" HPOS="77" VPOS="226" WIDTH="814" HEIGHT="30">
							<String ID="string_18" HPOS="77" VPOS="228" WIDTH="38" HEIGHT="28" WC="0.96" CONTENT="går"/><SP WIDTH="15" VPOS="228" HPOS="115"/>
							<String ID="string_19" HPOS="130" VPOS="228" WIDTH="68" HEIGHT="21" WC="0.96" CONTENT="såsom"/><SP WIDTH="16" VPOS="228" HPOS="198"/>
							<String ID="string_20" HPOS="214" VPOS="234" WIDTH="26" HEIGHT="16" WC="0.95" CONTENT="en"/><SP WIDTH="15" VPOS="234" HPOS="240"/>
							<String ID="string_21" HPOS="255" VPOS="228" WIDTH="86" HEIGHT="21" WC="0.95" CONTENT="alldeles"/><SP WIDTH="15" VPOS="228" HPOS="341"/>
							<String ID="string_22" HPOS="356" VPOS="228" WIDTH="125" HEIGHT="27" WC="0.96" CONTENT="nödvändig,"/><SP WIDTH="18" VPOS="228" HPOS="481"/>
							<String ID="string_23" HPOS="499" VPOS="228" WIDTH="121" HEIGHT="26" WC="0.96" CONTENT="oundviklig"/><SP WIDTH="15" VPOS="228" HPOS="620"/>
							<String ID="string_24" HPOS="635" VPOS="227" WIDTH="53" HEIGHT="27" WC="0.96" CONTENT="följd"/><SP WIDTH="15" VPOS="227" HPOS="688"/>
							<String ID="string_25" HPOS="703" VPOS="228" WIDTH="23" HEIGHT="20" WC="0.95" CONTENT="af"/><SP WIDTH="13" VPOS="228" HPOS="726"/>
							<String ID="string_26" HPOS="739" VPOS="227" WIDTH="41" HEIGHT="21" WC="0.96" CONTENT="den"/><SP WIDTH="15" VPOS="227" HPOS="780"/>
							<String ID="string_27" HPOS="795" VPOS="226" WIDTH="96" HEIGHT="27" WC="0.96" CONTENT="tolkning"/>
						</TextLine>
						<TextLine ID="line_3" HPOS="77" VPOS="254" WIDTH="814" HEIGHT="30">
							<String ID="string_28" HPOS="77" VPOS="258" WIDTH="26" HEIGHT="20" WC="0.91" CONTENT="de"/><SP WIDTH="15" VPOS="258" HPOS="103"/>
							<String ID="string_29" HPOS="118" VPOS="257" WIDTH="60" HEIGHT="27" WC="0.90" CONTENT="gifvit"/><SP WIDTH="14" VPOS="257" HPOS="178"/>
							<String ID="string_30" HPOS="192" VPOS="257" WIDTH="24" HEIGHT="21" WC="0.88" CONTENT="R."/><SP WIDTH="16" VPOS="257" HPOS="216"/>
							<String ID="string_31" HPOS="232" VPOS="257" WIDTH="24" HEIGHT="21" WC="0.90" CONTENT="B."/><SP WIDTH="30" VPOS="257" HPOS="256"/>
							<String ID="string_32" HPOS="286" VPOS="256" WIDTH="39" HEIGHT="22" WC="0.96" CONTENT="Om"/><SP WIDTH="15" VPOS="256" HPOS="325"/>
							<String ID="string_33" HPOS="340" VPOS="263" WIDTH="49" HEIGHT="15" WC="0.96" CONTENT="man"/><SP WIDTH="15" VPOS="263" HPOS="389"/>
							<String ID="string_34" HPOS="404" VPOS="262" WIDTH="27" HEIGHT="16" WC="0.96" CONTENT="en"/><SP WIDTH="14" VPOS="262" HPOS="431"/>
							<String ID="string_35" HPOS="445" VPOS="256" WIDTH="56" HEIGHT="28" WC="0.96" CONTENT="gång"/><SP WIDTH="16" VPOS="256" HPOS="501"/>
							<String ID="string_36" HPOS="517" VPOS="258" WIDTH="67" HEIGHT="25" WC="0.96" CONTENT="säger,"/><SP WIDTH="16" VPOS="258" HPOS="584"/>
							<String ID="string_37" HPOS="600" VPOS="258" WIDTH="33" HEIGHT="20" WC="0.93" CONTENT="att"/><SP WIDTH="15" VPOS="258" HPOS="633"/>
							<String ID="string_38" HPOS="648" VPOS="256" WIDTH="133" HEIGHT="27" WC="0.92" CONTENT="stadgandet,"/><SP WIDTH="17" VPOS="256" HPOS="781"/>
							<String ID="string_39" HPOS="798" VPOS="256" WIDTH="32" HEIGHT="20" WC="0.96" CONTENT="att"/><SP WIDTH="14" VPOS="256" HPOS="830"/>
							<String ID="string_40" HPOS="844" VPOS="254" WIDTH="47" HEIGHT="22" WC="0.95" CONTENT="icke"/>
						</TextLine>
						<TextLine ID="line_4" HPOS="77" VPOS="283" WIDTH="815" HEIGHT="29">
							<String ID="string_41" HPOS="77" VPOS="286" WIDTH="131" HEIGHT="21" WC="0.96" CONTENT="främmande"/><SP WIDTH="26" VPOS="286" HPOS="208"/>
							<String ID="string_42" HPOS="234" VPOS="284" WIDTH="63" HEIGHT="28" WC="0.96" CONTENT="språk"/><SP WIDTH="19" VPOS="284" HPOS="297"/>
							<String ID="string_43" HPOS="316" VPOS="284" WIDTH="34" HEIGHT="22" WC="0.96" CONTENT="må"/><SP WIDTH="15" VPOS="284" HPOS="350"/>
							<String ID="string_44" HPOS="365" VPOS="285" WIDTH="6" HEIGHT="21" WC="0.96" CONTENT="i"/><SP WIDTH="16" VPOS="285" HPOS="371"/>
							<String ID="string_45" HPOS="387" VPOS="285" WIDTH="50" HEIGHT="22" WC="0.96" CONTENT="dom"/><SP WIDTH="15" VPOS="285" HPOS="437"/>
							<String ID="string_46" HPOS="452" VPOS="285" WIDTH="86" HEIGHT="27" WC="0.96" CONTENT="brukas,"/><SP WIDTH="16" VPOS="285" HPOS="538"/>
							<String ID="string_47" HPOS="554" VPOS="285" WIDTH="95" HEIGHT="25" WC="0.96" CONTENT="innebär,"/><SP WIDTH="16" VPOS="285" HPOS="649"/>
							<String ID="string_48" HPOS="665" VPOS="286" WIDTH="33" HEIGHT="19" WC="0.96" CONTENT="att"/><SP WIDTH="14" VPOS="286" HPOS="698"/>
							<String ID="string_49" HPOS="712" VPOS="284" WIDTH="76" HEIGHT="22" WC="0.96" CONTENT="endast"/><SP WIDTH="15" VPOS="284" HPOS="788"/>
							<String ID="string_50" HPOS="803" VPOS="283" WIDTH="89" HEIGHT="22" WC="0.96" CONTENT="svenska"/>
						</TextLine>
						<TextLine ID="line_5" HPOS="78" VPOS="312" WIDTH="811" HEIGHT="30">
							<String ID="string_51" HPOS="78" VPOS="315" WIDTH="87" HEIGHT="27" WC="0.96" CONTENT="språket"/><SP WIDTH="23" VPOS="315" HPOS="165"/>
							<String ID="string_52" HPOS="188" VPOS="313" WIDTH="32" HEIGHT="22" WC="0.96" CONTENT="får"/><SP WIDTH="25" VPOS="313" HPOS="220"/>
							<String ID="string_53" HPOS="245" VPOS="315" WIDTH="7" HEIGHT="20" WC="0.96" CONTENT="i"/><SP WIDTH="15" VPOS="315" HPOS="252"/>
							<String ID="string_54" HPOS="267" VPOS="314" WIDTH="48" HEIGHT="21" WC="0.96" CONTENT="dom"/><SP WIDTH="15" VPOS="314" HPOS="315"/>
							<String ID="string_55" HPOS="330" VPOS="314" WIDTH="7" HEIGHT="21" WC="0.96" CONTENT="i"/><SP WIDTH="15" VPOS="314" HPOS="337"/>
							<String ID="string_56" HPOS="352" VPOS="313" WIDTH="90" HEIGHT="22" WC="0.96" CONTENT="Finland"/><SP WIDTH="15" VPOS="313" HPOS="442"/>
							<String ID="string_57" HPOS="457" VPOS="314" WIDTH="86" HEIGHT="25" WC="0.96" CONTENT="brukas,"/><SP WIDTH="15" VPOS="314" HPOS="543"/>
							<String ID="string_58" HPOS="558" VPOS="314" WIDTH="39" HEIGHT="21" WC="0.96" CONTENT="har"/><SP WIDTH="15" VPOS="314" HPOS="597"/>
							<String ID="string_59" HPOS="612" VPOS="320" WIDTH="49" HEIGHT="15" WC="0.95" CONTENT="man"/><SP WIDTH="13" VPOS="320" HPOS="661"/>
							<String ID="string_60" HPOS="674" VPOS="313" WIDTH="24" HEIGHT="27" WC="0.93" CONTENT="ju"/><SP WIDTH="15" VPOS="313" HPOS="698"/>
							<String ID="string_61" HPOS="713" VPOS="313" WIDTH="103" HEIGHT="27" WC="0.91" CONTENT="klarligen"/><SP WIDTH="14" VPOS="313" HPOS="816"/>
							<String ID="string_62" HPOS="830" VPOS="312" WIDTH="59" HEIGHT="21" WC="0.92" CONTENT="inbe-"/>
						</TextLine>
						<TextLine ID="line_6" HPOS="78" VPOS="340" WIDTH="814" HEIGHT="31">
							<String ID="string_63" HPOS="78" VPOS="344" WIDTH="63" HEIGHT="27" WC="0.96" CONTENT="gripit"/><SP WIDTH="15" VPOS="344" HPOS="141"/>
							<String ID="string_64" HPOS="156" VPOS="343" WIDTH="36" HEIGHT="21" WC="0.96" CONTENT="det"/><SP WIDTH="14" VPOS="343" HPOS="192"/>
							<String ID="string_65" HPOS="206" VPOS="342" WIDTH="68" HEIGHT="21" WC="0.96" CONTENT="finska"/><SP WIDTH="23" VPOS="342" HPOS="274"/>
							<String ID="string_66" HPOS="297" VPOS="343" WIDTH="85" HEIGHT="26" WC="0.96" CONTENT="språket"/><SP WIDTH="18" VPOS="343" HPOS="382"/>
							<String ID="string_67" HPOS="400" VPOS="343" WIDTH="67" HEIGHT="20" WC="0.96" CONTENT="under"/><SP WIDTH="14" VPOS="343" HPOS="467"/>
							<String ID="string_68" HPOS="481" VPOS="343" WIDTH="101" HEIGHT="21" WC="0.93" CONTENT="rubriken"/><SP WIDTH="15" VPOS="343" HPOS="582"/>
							<String ID="string_69" HPOS="597" VPOS="342" WIDTH="144" HEIGHT="27" WC="0.91" CONTENT=",främmande"/><SP WIDTH="16" VPOS="342" HPOS="741"/>
							<String ID="string_70" HPOS="757" VPOS="341" WIDTH="78" HEIGHT="27" WC="0.10" CONTENT="språk&quot;"/><SP WIDTH="17" VPOS="341" HPOS="835"/>
							<String ID="string_71" HPOS="852" VPOS="340" WIDTH="40" HEIGHT="22" WC="0.96" CONTENT="och"/>
						</TextLine>
						<TextLine ID="line_7" HPOS="79" VPOS="370" WIDTH="815" HEIGHT="27">
							<String ID="string_72" HPOS="79" VPOS="371" WIDTH="62" HEIGHT="23" WC="0.96" CONTENT="alltså"/><SP WIDTH="24" VPOS="371" HPOS="141"/>
							<String ID="string_73" HPOS="165" VPOS="371" WIDTH="109" HEIGHT="26" WC="0.94" CONTENT="förklarat,"/><SP WIDTH="25" VPOS="371" HPOS="274"/>
							<String ID="string_74" HPOS="299" VPOS="373" WIDTH="32" HEIGHT="19" WC="0.93" CONTENT="att"/><SP WIDTH="22" VPOS="373" HPOS="331"/>
							<String ID="string_75" HPOS="353" VPOS="371" WIDTH="81" HEIGHT="21" WC="0.96" CONTENT="finskan"/><SP WIDTH="16" VPOS="371" HPOS="434"/>
							<String ID="string_76" HPOS="450" VPOS="373" WIDTH="24" HEIGHT="19" WC="0.96" CONTENT="är"/><SP WIDTH="15" VPOS="373" HPOS="474"/>
							<String ID="string_77" HPOS="489" VPOS="373" WIDTH="31" HEIGHT="20" WC="0.96" CONTENT="ett"/><SP WIDTH="14" VPOS="373" HPOS="520"/>
							<String ID="string_78" HPOS="534" VPOS="371" WIDTH="132" HEIGHT="21" WC="0.92" CONTENT="främmande"/><SP WIDTH="16" VPOS="371" HPOS="666"/>
							<String ID="string_79" HPOS="682" VPOS="370" WIDTH="69" HEIGHT="27" WC="0.96" CONTENT="språk."/><SP WIDTH="29" VPOS="370" HPOS="751"/>
							<String ID="string_80" HPOS="780" VPOS="370" WIDTH="31" HEIGHT="21" WC="0.94" CONTENT="Ur"/><SP WIDTH="15" VPOS="370" HPOS="811"/>
							<String ID="string_81" HPOS="826" VPOS="370" WIDTH="68" HEIGHT="21" WC="0.94" CONTENT="denna"/>
						</TextLine>
						<TextLine ID="line_8" HPOS="79" VPOS="399" WIDTH="815" HEIGHT="28">
							<String ID="string_82" HPOS="79" VPOS="401" WIDTH="58" HEIGHT="26" WC="0.90" CONTENT="logik"/><SP WIDTH="14" VPOS="401" HPOS="137"/>
							<String ID="string_83" HPOS="151" VPOS="401" WIDTH="41" HEIGHT="20" WC="0.96" CONTENT="kan"/><SP WIDTH="13" VPOS="401" HPOS="192"/>
							<String ID="string_84" HPOS="205" VPOS="400" WIDTH="36" HEIGHT="27" WC="0.93" CONTENT="jag"/><SP WIDTH="15" VPOS="400" HPOS="241"/>
							<String ID="string_85" HPOS="256" VPOS="399" WIDTH="127" HEIGHT="22" WC="0.92" CONTENT="ätminstone"/><SP WIDTH="15" VPOS="399" HPOS="383"/>
							<String ID="string_86" HPOS="398" VPOS="400" WIDTH="47" HEIGHT="21" WC="0.92" CONTENT="icke"/><SP WIDTH="14" VPOS="400" HPOS="445"/>
							<String ID="string_87" HPOS="459" VPOS="399" WIDTH="57" HEIGHT="22" WC="0.93" CONTENT="finna"/><SP WIDTH="18" VPOS="399" HPOS="516"/>
							<String ID="string_88" HPOS="534" VPOS="399" WIDTH="69" HEIGHT="28" WC="0.92" CONTENT="nägon"/><SP WIDTH="16" VPOS="399" HPOS="603"/>
							<String ID="string_89" HPOS="619" VPOS="399" WIDTH="87" HEIGHT="27" WC="0.92" CONTENT="utgäng."/><SP WIDTH="30" VPOS="399" HPOS="706"/>
							<String ID="string_90" HPOS="736" VPOS="399" WIDTH="75" HEIGHT="26" WC="0.92" CONTENT="Alltsä,"/><SP WIDTH="16" VPOS="399" HPOS="811"/>
							<String ID="string_91" HPOS="827" VPOS="404" WIDTH="67" HEIGHT="16" WC="0.93" CONTENT="reser-"/>
						</TextLine>
						<TextLine ID="line_9" HPOS="79" VPOS="427" WIDTH="814" HEIGHT="28">
							<String ID="string_92" HPOS="79" VPOS="431" WIDTH="111" HEIGHT="20" WC="0.92" CONTENT="vanternes"/><SP WIDTH="15" VPOS="431" HPOS="190"/>
							<String ID="string_93" HPOS="205" VPOS="428" WIDTH="132" HEIGHT="27" WC="0.93" CONTENT="lagtolkning"/><SP WIDTH="17" VPOS="428" HPOS="337"/>
							<String ID="string_94" HPOS="354" VPOS="428" WIDTH="89" HEIGHT="21" WC="0.95" CONTENT="innebär"/><SP WIDTH="15" VPOS="428" HPOS="443"/>
							<String ID="string_95" HPOS="458" VPOS="429" WIDTH="6" HEIGHT="20" WC="0.93" CONTENT="i"/><SP WIDTH="16" VPOS="429" HPOS="464"/>
							<String ID="string_96" HPOS="480" VPOS="429" WIDTH="74" HEIGHT="26" WC="0.89" CONTENT="sjelfva"/><SP WIDTH="14" VPOS="429" HPOS="554"/>
							<String ID="string_97" HPOS="568" VPOS="428" WIDTH="81" HEIGHT="25" WC="0.93" CONTENT="verket,"/><SP WIDTH="15" VPOS="428" HPOS="649"/>
							<String ID="string_98" HPOS="664" VPOS="427" WIDTH="81" HEIGHT="22" WC="0.92" CONTENT="kanske"/><SP WIDTH="14" VPOS="427" HPOS="745"/>
							<String ID="string_99" HPOS="759" VPOS="429" WIDTH="58" HEIGHT="20" WC="0.96" CONTENT="emot"/><SP WIDTH="14" VPOS="429" HPOS="817"/>
							<String ID="string_100" HPOS="831" VPOS="427" WIDTH="62" HEIGHT="21" WC="0.96" CONTENT="deras"/>
						</TextLine>
						<TextLine ID="line_10" HPOS="80" VPOS="455" WIDTH="814" HEIGHT="30">
							<String ID="string_101" HPOS="80" VPOS="464" WIDTH="53" HEIGHT="21" WC="0.96" CONTENT="egen"/><SP WIDTH="14" VPOS="464" HPOS="133"/>
							<String ID="string_102" HPOS="147" VPOS="457" WIDTH="55" HEIGHT="28" WC="0.96" CONTENT="vilja,"/><SP WIDTH="25" VPOS="457" HPOS="202"/>
							<String ID="string_103" HPOS="227" VPOS="459" WIDTH="32" HEIGHT="19" WC="0.96" CONTENT="att"/><SP WIDTH="24" VPOS="459" HPOS="259"/>
							<String ID="string_104" HPOS="283" VPOS="457" WIDTH="35" HEIGHT="21" WC="0.95" CONTENT="det"/><SP WIDTH="22" VPOS="457" HPOS="318"/>
							<String ID="string_105" HPOS="340" VPOS="456" WIDTH="67" HEIGHT="22" WC="0.93" CONTENT="finska"/><SP WIDTH="23" VPOS="456" HPOS="407"/>
							<String ID="string_106" HPOS="430" VPOS="457" WIDTH="87" HEIGHT="26" WC="0.91" CONTENT="spräket"/><SP WIDTH="14" VPOS="457" HPOS="517"/>
							<String ID="string_107" HPOS="531" VPOS="457" WIDTH="92" HEIGHT="27" WC="0.93" CONTENT="lagligen"/><SP WIDTH="15" VPOS="457" HPOS="623"/>
							<String ID="string_108" HPOS="638" VPOS="457" WIDTH="6" HEIGHT="20" WC="0.96" CONTENT="i"/><SP WIDTH="16" VPOS="457" HPOS="644"/>
							<String ID="string_109" HPOS="660" VPOS="457" WIDTH="72" HEIGHT="20" WC="0.96" CONTENT="landet"/><SP WIDTH="15" VPOS="457" HPOS="732"/>
							<String ID="string_110" HPOS="747" VPOS="457" WIDTH="23" HEIGHT="20" WC="0.97" CONTENT="är"/><SP WIDTH="15" VPOS="457" HPOS="770"/>
							<String ID="string_111" HPOS="785" VPOS="458" WIDTH="31" HEIGHT="19" WC="0.93" CONTENT="ett"/><SP WIDTH="14" VPOS="458" HPOS="816"/>
							<String ID="string_112" HPOS="830" VPOS="455" WIDTH="64" HEIGHT="21" WC="0.91" CONTENT="främ-"/>
						</TextLine>
						<TextLine ID="line_11" HPOS="80" VPOS="483" WIDTH="812" HEIGHT="30">
							<String ID="string_113" HPOS="80" VPOS="487" WIDTH="76" HEIGHT="21" WC="0.93" CONTENT="mande"/><SP WIDTH="15" VPOS="487" HPOS="156"/>
							<String ID="string_114" HPOS="171" VPOS="483" WIDTH="69" HEIGHT="30" WC="0.91" CONTENT="spräk,"/><SP WIDTH="17" VPOS="483" HPOS="240"/>
							<String ID="string_115" HPOS="257" VPOS="485" WIDTH="87" HEIGHT="22" WC="0.93" CONTENT="oaktadt"/><SP WIDTH="23" VPOS="485" HPOS="344"/>
							<String ID="string_116" HPOS="367" VPOS="485" WIDTH="36" HEIGHT="22" WC="0.93" CONTENT="det"/><SP WIDTH="15" VPOS="485" HPOS="403"/>
							<String ID="string_117" HPOS="418" VPOS="486" WIDTH="55" HEIGHT="21" WC="0.92" CONTENT="talas"/><SP WIDTH="16" VPOS="486" HPOS="473"/>
							<String ID="string_118" HPOS="489" VPOS="485" WIDTH="22" HEIGHT="22" WC="0.93" CONTENT="af"/><SP WIDTH="14" VPOS="485" HPOS="511"/>
							<String ID="string_119" HPOS="525" VPOS="485" WIDTH="92" HEIGHT="22" WC="0.92" CONTENT="flertalet"/><SP WIDTH="15" VPOS="485" HPOS="617"/>
							<String ID="string_120" HPOS="632" VPOS="485" WIDTH="22" HEIGHT="21" WC="0.93" CONTENT="af"/><SP WIDTH="14" VPOS="485" HPOS="654"/>
							<String ID="string_121" HPOS="668" VPOS="485" WIDTH="83" HEIGHT="21" WC="0.93" CONTENT="landets"/><SP WIDTH="15" VPOS="485" HPOS="751"/>
							<String ID="string_122" HPOS="766" VPOS="484" WIDTH="126" HEIGHT="26" WC="0.92" CONTENT="befolkning."/>
						</TextLine>
						<TextLine ID="line_12" HPOS="80" VPOS="514" WIDTH="814" HEIGHT="28">
							<String ID="string_123" HPOS="80" VPOS="515" WIDTH="41" HEIGHT="27" WC="0.92" CONTENT="Jag"/><SP WIDTH="24" VPOS="515" HPOS="121"/>
							<String ID="string_124" HPOS="145" VPOS="515" WIDTH="117" HEIGHT="21" WC="0.86" CONTENT="ber&#39;ännu"/><SP WIDTH="25" VPOS="515" HPOS="262"/>
							<String ID="string_125" HPOS="287" VPOS="514" WIDTH="21" HEIGHT="21" WC="0.96" CONTENT="få"/><SP WIDTH="22" VPOS="514" HPOS="308"/>
							<String ID="string_126" HPOS="330" VPOS="514" WIDTH="69" HEIGHT="21" WC="0.95" CONTENT="erinra"/><SP WIDTH="22" VPOS="514" HPOS="399"/>
							<String ID="string_127" HPOS="421" VPOS="521" WIDTH="34" HEIGHT="14" WC="0.95" CONTENT="om"/><SP WIDTH="15" VPOS="521" HPOS="455"/>
							<String ID="string_128" HPOS="470" VPOS="521" WIDTH="26" HEIGHT="14" WC="0.93" CONTENT="en"/><SP WIDTH="16" VPOS="521" HPOS="496"/>
							<String ID="string_129" HPOS="512" VPOS="514" WIDTH="162" HEIGHT="27" WC="0.91" CONTENT="omständighet."/><SP WIDTH="30" VPOS="514" HPOS="674"/>
							<String ID="string_130" HPOS="704" VPOS="514" WIDTH="43" HEIGHT="21" WC="0.80" CONTENT="Hrr"/><SP WIDTH="14" VPOS="514" HPOS="747"/>
							<String ID="string_131" HPOS="761" VPOS="514" WIDTH="133" HEIGHT="21" WC="0.92" CONTENT="reservanter"/>
						</TextLine>
						<TextLine ID="line_13" HPOS="81" VPOS="541" WIDTH="811" HEIGHT="28">
							<String ID="string_132" HPOS="81" VPOS="544" WIDTH="53" HEIGHT="21" WC="0.93" CONTENT="söka"/><SP WIDTH="14" VPOS="544" HPOS="134"/>
							<String ID="string_133" HPOS="148" VPOS="543" WIDTH="76" HEIGHT="22" WC="0.90" CONTENT="mildra"/><SP WIDTH="15" VPOS="543" HPOS="224"/>
							<String ID="string_134" HPOS="239" VPOS="543" WIDTH="182" HEIGHT="26" WC="0.92" CONTENT="konsegvenserna"/><SP WIDTH="16" VPOS="543" HPOS="421"/>
							<String ID="string_135" HPOS="437" VPOS="543" WIDTH="23" HEIGHT="21" WC="0.96" CONTENT="af"/><SP WIDTH="13" VPOS="543" HPOS="460"/>
							<String ID="string_136" HPOS="473" VPOS="543" WIDTH="70" HEIGHT="21" WC="0.96" CONTENT="denna"/><SP WIDTH="15" VPOS="543" HPOS="543"/>
							<String ID="string_137" HPOS="558" VPOS="543" WIDTH="31" HEIGHT="21" WC="0.93" CONTENT="sin"/><SP WIDTH="16" VPOS="543" HPOS="589"/>
							<String ID="string_138" HPOS="605" VPOS="543" WIDTH="96" HEIGHT="26" WC="0.92" CONTENT="tolkning"/><SP WIDTH="15" VPOS="543" HPOS="701"/>
							<String ID="string_139" HPOS="716" VPOS="542" WIDTH="47" HEIGHT="21" WC="0.96" CONTENT="med"/><SP WIDTH="11" VPOS="542" HPOS="763"/>
							<String ID="string_140" HPOS="774" VPOS="543" WIDTH="33" HEIGHT="20" WC="0.96" CONTENT="att"/><SP WIDTH="9" VPOS="543" HPOS="807"/>
							<String ID="string_141" HPOS="816" VPOS="541" WIDTH="27" HEIGHT="27" WC="0.96" CONTENT="pä"/><SP WIDTH="11" VPOS="541" HPOS="843"/>
							<String ID="string_142" HPOS="854" VPOS="541" WIDTH="38" HEIGHT="21" WC="0.96" CONTENT="sid."/>
						</TextLine>
						<TextLine ID="line_14" HPOS="83" VPOS="570" WIDTH="812" HEIGHT="29">
							<String ID="string_143" HPOS="83" VPOS="573" WIDTH="25" HEIGHT="20" WC="0.92" CONTENT="17"/><SP WIDTH="17" VPOS="573" HPOS="108"/>
							<String ID="string_144" HPOS="125" VPOS="574" WIDTH="56" HEIGHT="25" WC="0.96" CONTENT="säga,"/><SP WIDTH="26" VPOS="574" HPOS="181"/>
							<String ID="string_145" HPOS="207" VPOS="573" WIDTH="32" HEIGHT="19" WC="0.95" CONTENT="att"/><SP WIDTH="25" VPOS="573" HPOS="239"/>
							<String ID="string_146" HPOS="264" VPOS="571" WIDTH="55" HEIGHT="22" WC="0.75" CONTENT="1863"/><SP WIDTH="16" VPOS="571" HPOS="319"/>
							<String ID="string_147" HPOS="335" VPOS="571" WIDTH="34" HEIGHT="21" WC="0.93" CONTENT="års"/><SP WIDTH="15" VPOS="571" HPOS="369"/>
							<String ID="string_148" HPOS="384" VPOS="571" WIDTH="199" HEIGHT="28" WC="0.91" CONTENT="spräkförordnings"/><SP WIDTH="15" VPOS="571" HPOS="583"/>
							<String ID="string_149" HPOS="598" VPOS="571" WIDTH="106" HEIGHT="22" WC="0.96" CONTENT="bindande"/><SP WIDTH="15" VPOS="571" HPOS="704"/>
							<String ID="string_150" HPOS="719" VPOS="571" WIDTH="57" HEIGHT="20" WC="0.93" CONTENT="kraft"/><SP WIDTH="13" VPOS="571" HPOS="776"/>
							<String ID="string_151" HPOS="789" VPOS="571" WIDTH="47" HEIGHT="21" WC="0.96" CONTENT="icke"/><SP WIDTH="15" VPOS="571" HPOS="836"/>
							<String ID="string_152" HPOS="851" VPOS="570" WIDTH="44" HEIGHT="21" WC="0.96" CONTENT="kan"/>
						</TextLine>
						<TextLine ID="line_15" HPOS="79" VPOS="599" WIDTH="815" HEIGHT="28">
							<String ID="string_153" HPOS="79" VPOS="601" WIDTH="75" HEIGHT="26" WC="0.91" CONTENT="jäfvas."/><SP WIDTH="23" VPOS="601" HPOS="154"/>
							<String ID="string_154" HPOS="177" VPOS="600" WIDTH="49" HEIGHT="21" WC="0.93" CONTENT="Men"/><SP WIDTH="14" VPOS="600" HPOS="226"/>
							<String ID="string_155" HPOS="240" VPOS="600" WIDTH="47" HEIGHT="21" WC="0.92" CONTENT="häri"/><SP WIDTH="15" VPOS="600" HPOS="287"/>
							<String ID="string_156" HPOS="302" VPOS="600" WIDTH="66" HEIGHT="27" WC="0.96" CONTENT="ligger"/><SP WIDTH="15" VPOS="600" HPOS="368"/>
							<String ID="string_157" HPOS="383" VPOS="607" WIDTH="25" HEIGHT="14" WC="0.93" CONTENT="en"/><SP WIDTH="16" VPOS="607" HPOS="408"/>
							<String ID="string_158" HPOS="424" VPOS="600" WIDTH="164" HEIGHT="27" WC="0.90" CONTENT="inkonsegvens;"/><SP WIDTH="9" VPOS="600" HPOS="588"/>
							<String ID="string_159" HPOS="597" VPOS="601" WIDTH="6" HEIGHT="20" WC="0.93" CONTENT="i"/><SP WIDTH="9" VPOS="601" HPOS="603"/>
							<String ID="string_160" HPOS="612" VPOS="600" WIDTH="76" HEIGHT="26" WC="0.92" CONTENT="sjelfva"/><SP WIDTH="7" VPOS="600" HPOS="688"/>
							<String ID="string_161" HPOS="695" VPOS="600" WIDTH="73" HEIGHT="21" WC="0.96" CONTENT="verket"/><SP WIDTH="8" VPOS="600" HPOS="768"/>
							<String ID="string_162" HPOS="776" VPOS="599" WIDTH="41" HEIGHT="21" WC="0.96" CONTENT="kan"/><SP WIDTH="9" VPOS="599" HPOS="817"/>
							<String ID="string_163" HPOS="826" VPOS="599" WIDTH="68" HEIGHT="20" WC="0.96" CONTENT="denna"/>
						</TextLine>
						<TextLine ID="line_16" HPOS="82" VPOS="627" WIDTH="812" HEIGHT="28">
							<String ID="string_164" HPOS="82" VPOS="629" WIDTH="105" HEIGHT="21" WC="0.96" CONTENT="bindande"/><SP WIDTH="15" VPOS="629" HPOS="187"/>
							<String ID="string_165" HPOS="202" VPOS="629" WIDTH="57" HEIGHT="20" WC="0.96" CONTENT="kraft"/><SP WIDTH="16" VPOS="629" HPOS="259"/>
							<String ID="string_166" HPOS="275" VPOS="629" WIDTH="65" HEIGHT="26" WC="0.93" CONTENT="enligt"/><SP WIDTH="9" VPOS="629" HPOS="340"/>
							<String ID="string_167" HPOS="349" VPOS="631" WIDTH="171" HEIGHT="19" WC="0.91" CONTENT="reservanternes"/><SP WIDTH="10" VPOS="631" HPOS="520"/>
							<String ID="string_168" HPOS="530" VPOS="629" WIDTH="178" HEIGHT="26" WC="0.93" CONTENT="förutsättningar"/><SP WIDTH="8" VPOS="629" HPOS="708"/>
							<String ID="string_169" HPOS="716" VPOS="628" WIDTH="75" HEIGHT="27" WC="0.91" CONTENT="jäfvas."/><SP WIDTH="23" VPOS="628" HPOS="791"/>
							<String ID="string_170" HPOS="814" VPOS="627" WIDTH="30" HEIGHT="27" WC="0.96" CONTENT="Ty"/><SP WIDTH="16" VPOS="627" HPOS="844"/>
							<String ID="string_171" HPOS="860" VPOS="633" WIDTH="34" HEIGHT="15" WC="0.96" CONTENT="om"/>
						</TextLine>
						<TextLine ID="line_17" HPOS="83" VPOS="655" WIDTH="812" HEIGHT="29">
							<String ID="string_172" HPOS="83" VPOS="664" WIDTH="26" HEIGHT="15" WC="0.93" CONTENT="en"/><SP WIDTH="15" VPOS="664" HPOS="109"/>
							<String ID="string_173" HPOS="124" VPOS="657" WIDTH="55" HEIGHT="27" WC="0.92" CONTENT="gäng"/><SP WIDTH="15" VPOS="657" HPOS="179"/>
							<String ID="string_174" HPOS="194" VPOS="657" WIDTH="36" HEIGHT="21" WC="0.96" CONTENT="det"/><SP WIDTH="24" VPOS="657" HPOS="230"/>
							<String ID="string_175" HPOS="254" VPOS="657" WIDTH="68" HEIGHT="21" WC="0.93" CONTENT="finska"/><SP WIDTH="22" VPOS="657" HPOS="322"/>
							<String ID="string_176" HPOS="344" VPOS="657" WIDTH="86" HEIGHT="26" WC="0.92" CONTENT="spräket"/><SP WIDTH="14" VPOS="657" HPOS="430"/>
							<String ID="string_177" HPOS="444" VPOS="657" WIDTH="47" HEIGHT="22" WC="0.92" CONTENT="icke"/><SP WIDTH="15" VPOS="657" HPOS="491"/>
							<String ID="string_178" HPOS="506" VPOS="657" WIDTH="33" HEIGHT="22" WC="0.92" CONTENT="fär"/><SP WIDTH="15" VPOS="657" HPOS="539"/>
							<String ID="string_179" HPOS="554" VPOS="657" WIDTH="91" HEIGHT="27" WC="0.87" CONTENT="lagligen"/><SP WIDTH="15" VPOS="657" HPOS="645"/>
							<String ID="string_180" HPOS="660" VPOS="658" WIDTH="7" HEIGHT="20" WC="0.93" CONTENT="i"/><SP WIDTH="15" VPOS="658" HPOS="667"/>
							<String ID="string_181" HPOS="682" VPOS="657" WIDTH="74" HEIGHT="21" WC="0.92" CONTENT="domar"/><SP WIDTH="14" VPOS="657" HPOS="756"/>
							<String ID="string_182" HPOS="770" VPOS="656" WIDTH="85" HEIGHT="25" WC="0.92" CONTENT="brukas,"/><SP WIDTH="17" VPOS="656" HPOS="855"/>
							<String ID="string_183" HPOS="872" VPOS="655" WIDTH="23" HEIGHT="21" WC="0.97" CONTENT="sä"/>
						</TextLine>
						<TextLine ID="line_18" HPOS="83" VPOS="684" WIDTH="813" HEIGHT="31">
							<String ID="string_184" HPOS="83" VPOS="688" WIDTH="24" HEIGHT="27" WC="0.96" CONTENT="är"/><SP WIDTH="16" VPOS="688" HPOS="107"/>
							<String ID="string_185" HPOS="123" VPOS="686" WIDTH="35" HEIGHT="21" WC="0.96" CONTENT="det"/><SP WIDTH="13" VPOS="686" HPOS="158"/>
							<String ID="string_186" HPOS="171" VPOS="686" WIDTH="63" HEIGHT="26" WC="0.96" CONTENT="klart,"/><SP WIDTH="16" VPOS="686" HPOS="234"/>
							<String ID="string_187" HPOS="250" VPOS="688" WIDTH="32" HEIGHT="19" WC="0.96" CONTENT="att"/><SP WIDTH="20" VPOS="688" HPOS="282"/>
							<String ID="string_188" HPOS="302" VPOS="686" WIDTH="40" HEIGHT="21" WC="0.93" CONTENT="den"/><SP WIDTH="15" VPOS="686" HPOS="342"/>
							<String ID="string_189" HPOS="357" VPOS="686" WIDTH="169" HEIGHT="21" WC="0.89" CONTENT="administrativa"/><SP WIDTH="14" VPOS="686" HPOS="526"/>
							<String ID="string_190" HPOS="540" VPOS="685" WIDTH="131" HEIGHT="28" WC="0.89" CONTENT="författning,"/><SP WIDTH="16" VPOS="685" HPOS="671"/>
							<String ID="string_191" HPOS="687" VPOS="685" WIDTH="136" HEIGHT="27" WC="0.93" CONTENT="hvarigenom"/><SP WIDTH="15" VPOS="685" HPOS="823"/>
							<String ID="string_192" HPOS="838" VPOS="684" WIDTH="36" HEIGHT="21" WC="0.96" CONTENT="det"/><SP WIDTH="14" VPOS="684" HPOS="874"/>
							<String ID="string_193" HPOS="888" VPOS="684" WIDTH="8" HEIGHT="21" WC="0.96" CONTENT="i"/>
						</TextLine>
						<TextLine ID="line_19" HPOS="83" VPOS="713" WIDTH="813" HEIGHT="28">
							<String ID="string_194" HPOS="83" VPOS="715" WIDTH="56" HEIGHT="21" WC="0.95" CONTENT="vissa"/><SP WIDTH="14" VPOS="715" HPOS="139"/>
							<String ID="string_195" HPOS="153" VPOS="714" WIDTH="37" HEIGHT="21" WC="0.93" CONTENT="fall"/><SP WIDTH="15" VPOS="714" HPOS="190"/>
							<String ID="string_196" HPOS="205" VPOS="715" WIDTH="92" HEIGHT="26" WC="0.93" CONTENT="stadgas,"/><SP WIDTH="21" VPOS="715" HPOS="297"/>
							<String ID="string_197" HPOS="318" VPOS="716" WIDTH="32" HEIGHT="19" WC="0.96" CONTENT="att"/><SP WIDTH="14" VPOS="716" HPOS="350"/>
							<String ID="string_198" HPOS="364" VPOS="714" WIDTH="69" HEIGHT="21" WC="0.93" CONTENT="finska"/><SP WIDTH="15" VPOS="714" HPOS="433"/>
							<String ID="string_199" HPOS="448" VPOS="715" WIDTH="126" HEIGHT="26" WC="0.92" CONTENT="handlingar"/><SP WIDTH="14" VPOS="715" HPOS="574"/>
							<String ID="string_200" HPOS="588" VPOS="715" WIDTH="69" HEIGHT="20" WC="0.92" CONTENT="skulle"/><SP WIDTH="15" VPOS="715" HPOS="657"/>
							<String ID="string_201" HPOS="672" VPOS="714" WIDTH="21" HEIGHT="21" WC="0.92" CONTENT="fä"/><SP WIDTH="15" VPOS="714" HPOS="693"/>
							<String ID="string_202" HPOS="708" VPOS="714" WIDTH="31" HEIGHT="21" WC="0.93" CONTENT="till"/><SP WIDTH="16" VPOS="714" HPOS="739"/>
							<String ID="string_203" HPOS="755" VPOS="713" WIDTH="93" HEIGHT="22" WC="0.93" CONTENT="enskilde"/><SP WIDTH="15" VPOS="713" HPOS="848"/>
							<String ID="string_204" HPOS="863" VPOS="714" WIDTH="33" HEIGHT="19" WC="0.93" CONTENT="ut-"/>
						</TextLine>
						<TextLine ID="line_20" HPOS="83" VPOS="741" WIDTH="814" HEIGHT="29">
							<String ID="string_205" HPOS="83" VPOS="743" WIDTH="74" HEIGHT="27" WC="0.92" CONTENT="gifvas,"/><SP WIDTH="16" VPOS="743" HPOS="157"/>
							<String ID="string_206" HPOS="173" VPOS="749" WIDTH="37" HEIGHT="15" WC="0.96" CONTENT="var"/><SP WIDTH="14" VPOS="749" HPOS="210"/>
							<String ID="string_207" HPOS="224" VPOS="743" WIDTH="28" HEIGHT="26" WC="0.93" CONTENT="pä"/><SP WIDTH="15" VPOS="743" HPOS="252"/>
							<String ID="string_208" HPOS="267" VPOS="743" WIDTH="86" HEIGHT="26" WC="0.92" CONTENT="olagligt"/><SP WIDTH="15" VPOS="743" HPOS="353"/>
							<String ID="string_209" HPOS="368" VPOS="745" WIDTH="43" HEIGHT="19" WC="0.93" CONTENT="sätt"/><SP WIDTH="15" VPOS="745" HPOS="411"/>
							<String ID="string_210" HPOS="426" VPOS="743" WIDTH="138" HEIGHT="21" WC="0.91" CONTENT="tillkommen."/><SP WIDTH="30" VPOS="743" HPOS="564"/>
							<String ID="string_211" HPOS="594" VPOS="743" WIDTH="33" HEIGHT="21" WC="0.93" CONTENT="En"/><SP WIDTH="16" VPOS="743" HPOS="627"/>
							<String ID="string_212" HPOS="643" VPOS="743" WIDTH="66" HEIGHT="21" WC="0.92" CONTENT="sädan"/><SP WIDTH="15" VPOS="743" HPOS="709"/>
							<String ID="string_213" HPOS="724" VPOS="743" WIDTH="33" HEIGHT="26" WC="0.96" CONTENT="lag"/><SP WIDTH="15" VPOS="743" HPOS="757"/>
							<String ID="string_214" HPOS="772" VPOS="742" WIDTH="54" HEIGHT="21" WC="0.93" CONTENT="hade"/><SP WIDTH="15" VPOS="742" HPOS="826"/>
							<String ID="string_215" HPOS="841" VPOS="741" WIDTH="56" HEIGHT="21" WC="0.90" CONTENT="blott"/>
						</TextLine>
						<TextLine ID="line_21" HPOS="84" VPOS="769" WIDTH="812" HEIGHT="24">
							<String ID="string_216" HPOS="84" VPOS="772" WIDTH="48" HEIGHT="21" WC="0.93" CONTENT="med"/><SP WIDTH="15" VPOS="772" HPOS="132"/>
							<String ID="string_217" HPOS="147" VPOS="771" WIDTH="55" HEIGHT="22" WC="0.92" CONTENT="bäda"/><SP WIDTH="14" VPOS="771" HPOS="202"/>
							<String ID="string_218" HPOS="216" VPOS="771" WIDTH="175" HEIGHT="22" WC="0.89" CONTENT="statsmakternas"/><SP WIDTH="19" VPOS="771" HPOS="391"/>
							<String ID="string_219" HPOS="410" VPOS="772" WIDTH="126" HEIGHT="21" WC="0.89" CONTENT="samverkan"/><SP WIDTH="15" VPOS="772" HPOS="536"/>
							<String ID="string_220" HPOS="551" VPOS="772" WIDTH="49" HEIGHT="21" WC="0.96" CONTENT="bort"/><SP WIDTH="14" VPOS="772" HPOS="600"/>
							<String ID="string_221" HPOS="614" VPOS="772" WIDTH="87" HEIGHT="21" WC="0.96" CONTENT="komma"/><SP WIDTH="15" VPOS="772" HPOS="701"/>
							<String ID="string_222" HPOS="716" VPOS="771" WIDTH="32" HEIGHT="22" WC="0.93" CONTENT="till"/><SP WIDTH="15" VPOS="771" HPOS="748"/>
							<String ID="string_223" HPOS="763" VPOS="770" WIDTH="68" HEIGHT="22" WC="0.90" CONTENT="ständ."/><SP WIDTH="30" VPOS="770" HPOS="831"/>
							<String ID="string_224" HPOS="861" VPOS="769" WIDTH="35" HEIGHT="21" WC="0.96" CONTENT="Nu"/>
						</TextLine>
						<TextLine ID="line_22" HPOS="85" VPOS="798" WIDTH="812" HEIGHT="29">
							<String ID="string_225" HPOS="85" VPOS="803" WIDTH="61" HEIGHT="24" WC="0.88" CONTENT="säges"/><SP WIDTH="23" VPOS="803" HPOS="146"/>
							<String ID="string_226" HPOS="169" VPOS="800" WIDTH="128" HEIGHT="27" WC="0.88" CONTENT="visserligen,"/><SP WIDTH="23" VPOS="800" HPOS="297"/>
							<String ID="string_227" HPOS="320" VPOS="801" WIDTH="32" HEIGHT="20" WC="0.95" CONTENT="att"/><SP WIDTH="19" VPOS="801" HPOS="352"/>
							<String ID="string_228" HPOS="371" VPOS="806" WIDTH="34" HEIGHT="15" WC="0.96" CONTENT="om"/><SP WIDTH="16" VPOS="806" HPOS="405"/>
							<String ID="string_229" HPOS="421" VPOS="807" WIDTH="25" HEIGHT="14" WC="0.93" CONTENT="en"/><SP WIDTH="17" VPOS="807" HPOS="446"/>
							<String ID="string_230" HPOS="463" VPOS="801" WIDTH="155" HEIGHT="20" WC="0.92" CONTENT="administrativ"/><SP WIDTH="15" VPOS="801" HPOS="618"/>
							<String ID="string_231" HPOS="633" VPOS="800" WIDTH="126" HEIGHT="27" WC="0.88" CONTENT="författning"/><SP WIDTH="15" VPOS="800" HPOS="759"/>
							<String ID="string_232" HPOS="774" VPOS="798" WIDTH="123" HEIGHT="23" WC="0.92" CONTENT="tillkommit"/>
						</TextLine>
						<TextLine ID="line_23" HPOS="85" VPOS="827" WIDTH="812" HEIGHT="29">
							<String ID="string_233" HPOS="85" VPOS="829" WIDTH="27" HEIGHT="27" WC="0.92" CONTENT="pä"/><SP WIDTH="15" VPOS="829" HPOS="112"/>
							<String ID="string_234" HPOS="127" VPOS="829" WIDTH="85" HEIGHT="27" WC="0.92" CONTENT="olagligt"/><SP WIDTH="16" VPOS="829" HPOS="212"/>
							<String ID="string_235" HPOS="228" VPOS="830" WIDTH="48" HEIGHT="24" WC="0.96" CONTENT="sätt,"/><SP WIDTH="16" VPOS="830" HPOS="276"/>
							<String ID="string_236" HPOS="292" VPOS="829" WIDTH="40" HEIGHT="20" WC="0.96" CONTENT="den"/><SP WIDTH="16" VPOS="829" HPOS="332"/>
							<String ID="string_237" HPOS="348" VPOS="829" WIDTH="53" HEIGHT="20" WC="0.96" CONTENT="dock"/><SP WIDTH="16" VPOS="829" HPOS="401"/>
							<String ID="string_238" HPOS="417" VPOS="829" WIDTH="41" HEIGHT="20" WC="0.93" CONTENT="kan"/><SP WIDTH="16" VPOS="829" HPOS="458"/>
							<String ID="string_239" HPOS="474" VPOS="829" WIDTH="63" HEIGHT="21" WC="0.90" CONTENT="hafva"/><SP WIDTH="14" VPOS="829" HPOS="537"/>
							<String ID="string_240" HPOS="551" VPOS="829" WIDTH="104" HEIGHT="27" WC="0.91" CONTENT="giltighet."/><SP WIDTH="19" VPOS="829" HPOS="655"/>
							<String ID="string_241" HPOS="674" VPOS="829" WIDTH="49" HEIGHT="21" WC="0.96" CONTENT="Men"/><SP WIDTH="15" VPOS="829" HPOS="723"/>
							<String ID="string_242" HPOS="738" VPOS="829" WIDTH="40" HEIGHT="20" WC="0.96" CONTENT="den"/><SP WIDTH="13" VPOS="829" HPOS="778"/>
							<String ID="string_243" HPOS="791" VPOS="827" WIDTH="106" HEIGHT="28" WC="0.96" CONTENT="juridiska"/>
						</TextLine>
						<TextLine ID="line_24" HPOS="85" VPOS="856" WIDTH="811" HEIGHT="29">
							<String ID="string_244" HPOS="85" VPOS="859" WIDTH="108" HEIGHT="20" WC="0.91" CONTENT="lärdomen"/><SP WIDTH="16" VPOS="859" HPOS="193"/>
							<String ID="string_245" HPOS="209" VPOS="858" WIDTH="39" HEIGHT="21" WC="0.93" CONTENT="har"/><SP WIDTH="15" VPOS="858" HPOS="248"/>
							<String ID="string_246" HPOS="263" VPOS="857" WIDTH="94" HEIGHT="27" WC="0.92" CONTENT="äterigen"/><SP WIDTH="14" VPOS="857" HPOS="357"/>
							<String ID="string_247" HPOS="371" VPOS="858" WIDTH="82" HEIGHT="27" WC="0.93" CONTENT="lyckats"/><SP WIDTH="16" VPOS="858" HPOS="453"/>
							<String ID="string_248" HPOS="469" VPOS="859" WIDTH="99" HEIGHT="26" WC="0.92" CONTENT="uppdaga"/><SP WIDTH="15" VPOS="859" HPOS="568"/>
							<String ID="string_249" HPOS="583" VPOS="860" WIDTH="31" HEIGHT="19" WC="0.93" CONTENT="ett"/><SP WIDTH="15" VPOS="860" HPOS="614"/>
							<String ID="string_250" HPOS="629" VPOS="858" WIDTH="116" HEIGHT="26" WC="0.92" CONTENT="blindskär,"/><SP WIDTH="14" VPOS="858" HPOS="745"/>
							<String ID="string_251" HPOS="759" VPOS="856" WIDTH="81" HEIGHT="27" WC="0.93" CONTENT="hvarpä"/><SP WIDTH="15" VPOS="856" HPOS="840"/>
							<String ID="string_252" HPOS="855" VPOS="856" WIDTH="41" HEIGHT="21" WC="0.96" CONTENT="den"/>
						</TextLine>
						<TextLine ID="line_25" HPOS="85" VPOS="886" WIDTH="812" HEIGHT="27">
							<String ID="string_253" HPOS="85" VPOS="887" WIDTH="107" HEIGHT="26" WC="0.92" CONTENT="naturliga"/><SP WIDTH="23" VPOS="887" HPOS="192"/>
							<String ID="string_254" HPOS="215" VPOS="887" WIDTH="102" HEIGHT="20" WC="0.92" CONTENT="rättvisan"/><SP WIDTH="22" VPOS="887" HPOS="317"/>
							<String ID="string_255" HPOS="339" VPOS="886" WIDTH="42" HEIGHT="21" WC="0.91" CONTENT="kan"/><SP WIDTH="22" VPOS="886" HPOS="381"/>
							<String ID="string_256" HPOS="403" VPOS="887" WIDTH="44" HEIGHT="20" WC="0.91" CONTENT="lida"/><SP WIDTH="15" VPOS="887" HPOS="447"/>
							<String ID="string_257" HPOS="462" VPOS="887" WIDTH="143" HEIGHT="26" WC="0.92" CONTENT="skeppsbrott."/><SP WIDTH="30" VPOS="887" HPOS="605"/>
							<String ID="string_258" HPOS="635" VPOS="887" WIDTH="42" HEIGHT="21" WC="0.96" CONTENT="Det"/><SP WIDTH="15" VPOS="887" HPOS="677"/>
							<String ID="string_259" HPOS="692" VPOS="887" WIDTH="39" HEIGHT="20" WC="0.93" CONTENT="har"/><SP WIDTH="14" VPOS="887" HPOS="731"/>
							<String ID="string_260" HPOS="745" VPOS="886" WIDTH="103" HEIGHT="26" WC="0.93" CONTENT="nemligen"/><SP WIDTH="14" VPOS="886" HPOS="848"/>
							<String ID="string_261" HPOS="862" VPOS="891" WIDTH="35" HEIGHT="20" WC="0.93" CONTENT="yr-"/>
						</TextLine>
						<TextLine ID="line_26" HPOS="85" VPOS="913" WIDTH="812" HEIGHT="28">
							<String ID="string_262" HPOS="85" VPOS="915" WIDTH="49" HEIGHT="21" WC="0.95" CONTENT="kats"/><SP WIDTH="25" VPOS="915" HPOS="134"/>
							<String ID="string_263" HPOS="159" VPOS="915" WIDTH="38" HEIGHT="21" WC="0.91" CONTENT="och"/><SP WIDTH="25" VPOS="915" HPOS="197"/>
							<String ID="string_264" HPOS="222" VPOS="915" WIDTH="119" HEIGHT="26" WC="0.87" CONTENT="offentlisen"/><SP WIDTH="22" VPOS="915" HPOS="341"/>
							<String ID="string_265" HPOS="363" VPOS="914" WIDTH="118" HEIGHT="22" WC="0.92" CONTENT="framstälts"/><SP WIDTH="15" VPOS="914" HPOS="481"/>
							<String ID="string_266" HPOS="496" VPOS="915" WIDTH="61" HEIGHT="22" WC="0.92" CONTENT="äfven"/><SP WIDTH="15" VPOS="915" HPOS="557"/>
							<String ID="string_267" HPOS="572" VPOS="916" WIDTH="6" HEIGHT="20" WC="0.93" CONTENT="i"/><SP WIDTH="16" VPOS="916" HPOS="578"/>
							<String ID="string_268" HPOS="594" VPOS="915" WIDTH="48" HEIGHT="21" WC="0.93" CONTENT="värt"/><SP WIDTH="14" VPOS="915" HPOS="642"/>
							<String ID="string_269" HPOS="656" VPOS="915" WIDTH="57" HEIGHT="25" WC="0.96" CONTENT="land,"/><SP WIDTH="16" VPOS="915" HPOS="713"/>
							<String ID="string_270" HPOS="729" VPOS="916" WIDTH="30" HEIGHT="20" WC="0.97" CONTENT="att"/><SP WIDTH="16" VPOS="916" HPOS="759"/>
							<String ID="string_271" HPOS="775" VPOS="915" WIDTH="36" HEIGHT="20" WC="0.93" CONTENT="det"/><SP WIDTH="13" VPOS="915" HPOS="811"/>
							<String ID="string_272" HPOS="824" VPOS="913" WIDTH="73" HEIGHT="22" WC="0.92" CONTENT="til&#39;hör"/>
						</TextLine>
						<TextLine ID="line_27" HPOS="86" VPOS="943" WIDTH="811" HEIGHT="28">
							<String ID="string_273" HPOS="86" VPOS="944" WIDTH="91" HEIGHT="21" WC="0.95" CONTENT="domstol"/><SP WIDTH="24" VPOS="944" HPOS="177"/>
							<String ID="string_274" HPOS="201" VPOS="945" WIDTH="32" HEIGHT="20" WC="0.93" CONTENT="att"/><SP WIDTH="23" VPOS="945" HPOS="233"/>
							<String ID="string_275" HPOS="256" VPOS="943" WIDTH="76" HEIGHT="27" WC="0.92" CONTENT="pröfva"/><SP WIDTH="24" VPOS="943" HPOS="332"/>
							<String ID="string_276" HPOS="356" VPOS="943" WIDTH="40" HEIGHT="21" WC="0.92" CONTENT="den"/><SP WIDTH="24" VPOS="943" HPOS="396"/>
							<String ID="string_277" HPOS="420" VPOS="944" WIDTH="186" HEIGHT="27" WC="0.92" CONTENT="grundlagsenliga"/><SP WIDTH="14" VPOS="944" HPOS="606"/>
							<String ID="string_278" HPOS="620" VPOS="944" WIDTH="125" HEIGHT="27" WC="0.93" CONTENT="giltigheten"/><SP WIDTH="14" VPOS="944" HPOS="745"/>
							<String ID="string_279" HPOS="759" VPOS="943" WIDTH="23" HEIGHT="21" WC="0.93" CONTENT="af"/><SP WIDTH="13" VPOS="943" HPOS="782"/>
							<String ID="string_280" HPOS="795" VPOS="943" WIDTH="102" HEIGHT="21" WC="0.95" CONTENT="utkomna"/>
						</TextLine>
						<TextLine ID="line_28" HPOS="85" VPOS="970" WIDTH="812" HEIGHT="29">
							<String ID="string_281" HPOS="85" VPOS="973" WIDTH="155" HEIGHT="26" WC="0.89" CONTENT="förordningar."/><SP WIDTH="30" VPOS="973" HPOS="240"/>
							<String ID="string_282" HPOS="270" VPOS="971" WIDTH="39" HEIGHT="22" WC="0.96" CONTENT="Om"/><SP WIDTH="24" VPOS="971" HPOS="309"/>
							<String ID="string_283" HPOS="333" VPOS="978" WIDTH="48" HEIGHT="15" WC="0.96" CONTENT="man"/><SP WIDTH="15" VPOS="978" HPOS="381"/>
							<String ID="string_284" HPOS="396" VPOS="979" WIDTH="29" HEIGHT="14" WC="0.95" CONTENT="nu"/><SP WIDTH="15" VPOS="979" HPOS="425"/>
							<String ID="string_285" HPOS="440" VPOS="973" WIDTH="77" HEIGHT="20" WC="0.96" CONTENT="tänker"/><SP WIDTH="14" VPOS="973" HPOS="517"/>
							<String ID="string_286" HPOS="531" VPOS="973" WIDTH="31" HEIGHT="26" WC="0.96" CONTENT="sig"/><SP WIDTH="15" VPOS="973" HPOS="562"/>
							<String ID="string_287" HPOS="577" VPOS="973" WIDTH="65" HEIGHT="26" WC="0.96" CONTENT="detta,"/><SP WIDTH="16" VPOS="973" HPOS="642"/>
							<String ID="string_288" HPOS="658" VPOS="975" WIDTH="32" HEIGHT="19" WC="0.96" CONTENT="att"/><SP WIDTH="16" VPOS="975" HPOS="690"/>
							<String ID="string_289" HPOS="706" VPOS="973" WIDTH="35" HEIGHT="20" WC="0.97" CONTENT="det"/><SP WIDTH="14" VPOS="973" HPOS="741"/>
							<String ID="string_290" HPOS="755" VPOS="972" WIDTH="69" HEIGHT="21" WC="0.93" CONTENT="finska"/><SP WIDTH="14" VPOS="972" HPOS="824"/>
							<String ID="string_291" HPOS="838" VPOS="970" WIDTH="59" HEIGHT="27" WC="0.93" CONTENT="sprä-"/>
						</TextLine>
						<TextLine ID="line_29" HPOS="86" VPOS="999" WIDTH="812" HEIGHT="29">
							<String ID="string_292" HPOS="86" VPOS="1001" WIDTH="37" HEIGHT="21" WC="0.90" CONTENT="ket"/><SP WIDTH="24" VPOS="1001" HPOS="123"/>
							<String ID="string_293" HPOS="147" VPOS="1001" WIDTH="104" HEIGHT="21" WC="0.92" CONTENT="förklaras"/><SP WIDTH="23" VPOS="1001" HPOS="251"/>
							<String ID="string_294" HPOS="274" VPOS="1007" WIDTH="52" HEIGHT="14" WC="0.96" CONTENT="vara"/><SP WIDTH="24" VPOS="1007" HPOS="326"/>
							<String ID="string_295" HPOS="350" VPOS="1002" WIDTH="29" HEIGHT="19" WC="0.96" CONTENT="ett"/><SP WIDTH="22" VPOS="1002" HPOS="379"/>
							<String ID="string_296" HPOS="401" VPOS="1001" WIDTH="132" HEIGHT="21" WC="0.93" CONTENT="främmande"/><SP WIDTH="17" VPOS="1001" HPOS="533"/>
							<String ID="string_297" HPOS="550" VPOS="1001" WIDTH="63" HEIGHT="27" WC="0.92" CONTENT="spräk"/><SP WIDTH="15" VPOS="1001" HPOS="613"/>
							<String ID="string_298" HPOS="628" VPOS="1002" WIDTH="7" HEIGHT="20" WC="0.95" CONTENT="i"/><SP WIDTH="15" VPOS="1002" HPOS="635"/>
							<String ID="string_299" HPOS="650" VPOS="1001" WIDTH="96" HEIGHT="26" WC="0.96" CONTENT="Finland,"/><SP WIDTH="16" VPOS="1001" HPOS="746"/>
							<String ID="string_300" HPOS="762" VPOS="1002" WIDTH="31" HEIGHT="19" WC="0.93" CONTENT="att"/><SP WIDTH="16" VPOS="1002" HPOS="793"/>
							<String ID="string_301" HPOS="809" VPOS="999" WIDTH="89" HEIGHT="22" WC="0.92" CONTENT="sälunda"/>
						</TextLine>
						<TextLine ID="line_30" HPOS="88" VPOS="1029" WIDTH="808" HEIGHT="28">
							<String ID="string_302" HPOS="88" VPOS="1030" WIDTH="55" HEIGHT="21" WC="0.93" CONTENT="1863"/><SP WIDTH="15" VPOS="1030" HPOS="143"/>
							<String ID="string_303" HPOS="158" VPOS="1029" WIDTH="33" HEIGHT="21" WC="0.90" CONTENT="ärs"/><SP WIDTH="24" VPOS="1029" HPOS="191"/>
							<String ID="string_304" HPOS="215" VPOS="1029" WIDTH="126" HEIGHT="27" WC="0.91" CONTENT="författning"/><SP WIDTH="23" VPOS="1029" HPOS="341"/>
							<String ID="string_305" HPOS="364" VPOS="1029" WIDTH="107" HEIGHT="22" WC="0.92" CONTENT="förklaras"/><SP WIDTH="19" VPOS="1029" HPOS="471"/>
							<String ID="string_306" HPOS="490" VPOS="1036" WIDTH="52" HEIGHT="15" WC="0.96" CONTENT="vara"/><SP WIDTH="14" VPOS="1036" HPOS="542"/>
							<String ID="string_307" HPOS="556" VPOS="1030" WIDTH="28" HEIGHT="27" WC="0.93" CONTENT="pä"/><SP WIDTH="15" VPOS="1030" HPOS="584"/>
							<String ID="string_308" HPOS="599" VPOS="1030" WIDTH="89" HEIGHT="27" WC="0.93" CONTENT="olagligt"/><SP WIDTH="15" VPOS="1030" HPOS="688"/>
							<String ID="string_309" HPOS="703" VPOS="1031" WIDTH="42" HEIGHT="20" WC="0.93" CONTENT="sätt"/><SP WIDTH="14" VPOS="1031" HPOS="745"/>
							<String ID="string_310" HPOS="759" VPOS="1029" WIDTH="137" HEIGHT="25" WC="0.91" CONTENT="tillkommen,"/>
						</TextLine>
						<TextLine ID="line_31" HPOS="88" VPOS="1057" WIDTH="810" HEIGHT="28">
							<String ID="string_311" HPOS="88" VPOS="1059" WIDTH="89" HEIGHT="20" WC="0.93" CONTENT="likasom"/><SP WIDTH="15" VPOS="1059" HPOS="177"/>
							<String ID="string_312" HPOS="192" VPOS="1059" WIDTH="26" HEIGHT="20" WC="0.93" CONTENT="de"/><SP WIDTH="16" VPOS="1059" HPOS="218"/>
							<String ID="string_313" HPOS="234" VPOS="1058" WIDTH="68" HEIGHT="27" WC="0.92" CONTENT="öfriga"/><SP WIDTH="14" VPOS="1058" HPOS="302"/>
							<String ID="string_314" HPOS="316" VPOS="1057" WIDTH="156" HEIGHT="28" WC="0.92" CONTENT="författningar,"/><SP WIDTH="17" VPOS="1057" HPOS="472"/>
							<String ID="string_315" HPOS="489" VPOS="1065" WIDTH="44" HEIGHT="14" WC="0.96" CONTENT="som"/><SP WIDTH="18" VPOS="1065" HPOS="533"/>
							<String ID="string_316" HPOS="551" VPOS="1058" WIDTH="33" HEIGHT="21" WC="0.96" CONTENT="stä"/><SP WIDTH="14" VPOS="1058" HPOS="584"/>
							<String ID="string_317" HPOS="598" VPOS="1059" WIDTH="7" HEIGHT="20" WC="0.96" CONTENT="i"/><SP WIDTH="14" VPOS="1059" HPOS="605"/>
							<String ID="string_318" HPOS="619" VPOS="1058" WIDTH="151" HEIGHT="26" WC="0.96" CONTENT="sammanhang"/><SP WIDTH="15" VPOS="1058" HPOS="770"/>
							<String ID="string_319" HPOS="785" VPOS="1057" WIDTH="47" HEIGHT="21" WC="0.93" CONTENT="med"/><SP WIDTH="16" VPOS="1057" HPOS="832"/>
							<String ID="string_320" HPOS="848" VPOS="1057" WIDTH="50" HEIGHT="20" WC="0.93" CONTENT="den-"/>
						</TextLine>
						<TextLine ID="line_32" HPOS="88" VPOS="1085" WIDTH="810" HEIGHT="28">
							<String ID="string_321" HPOS="88" VPOS="1093" WIDTH="86" HEIGHT="20" WC="0.96" CONTENT="samma,"/><SP WIDTH="16" VPOS="1093" HPOS="174"/>
							<String ID="string_322" HPOS="190" VPOS="1087" WIDTH="22" HEIGHT="20" WC="0.93" CONTENT="sä"/><SP WIDTH="16" VPOS="1087" HPOS="212"/>
							<String ID="string_323" HPOS="228" VPOS="1089" WIDTH="80" HEIGHT="24" WC="0.97" CONTENT="öppnar"/><SP WIDTH="15" VPOS="1089" HPOS="308"/>
							<String ID="string_324" HPOS="323" VPOS="1093" WIDTH="47" HEIGHT="14" WC="0.96" CONTENT="man"/><SP WIDTH="15" VPOS="1093" HPOS="370"/>
							<String ID="string_325" HPOS="385" VPOS="1087" WIDTH="34" HEIGHT="20" WC="0.93" CONTENT="för"/><SP WIDTH="14" VPOS="1087" HPOS="419"/>
							<String ID="string_326" HPOS="433" VPOS="1087" WIDTH="85" HEIGHT="21" WC="0.96" CONTENT="landets"/><SP WIDTH="14" VPOS="1087" HPOS="518"/>
							<String ID="string_327" HPOS="532" VPOS="1087" WIDTH="70" HEIGHT="21" WC="0.93" CONTENT="finska"/><SP WIDTH="14" VPOS="1087" HPOS="602"/>
							<String ID="string_328" HPOS="616" VPOS="1087" WIDTH="123" HEIGHT="26" WC="0.96" CONTENT="befolkning"/><SP WIDTH="15" VPOS="1087" HPOS="739"/>
							<String ID="string_329" HPOS="754" VPOS="1087" WIDTH="35" HEIGHT="20" WC="0.93" CONTENT="det"/><SP WIDTH="10" VPOS="1087" HPOS="789"/>
							<String ID="string_330" HPOS="799" VPOS="1085" WIDTH="99" HEIGHT="28" WC="0.92" CONTENT="perspek-"/>
						</TextLine>
						<TextLine ID="line_33" HPOS="88" VPOS="1114" WIDTH="812" HEIGHT="28">
							<String ID="string_331" HPOS="88" VPOS="1116" WIDTH="36" HEIGHT="25" WC="0.93" CONTENT="tiv,"/><SP WIDTH="17" VPOS="1116" HPOS="124"/>
							<String ID="string_332" HPOS="141" VPOS="1117" WIDTH="31" HEIGHT="20" WC="0.96" CONTENT="att"/><SP WIDTH="14" VPOS="1117" HPOS="172"/>
							<String ID="string_333" HPOS="186" VPOS="1116" WIDTH="42" HEIGHT="20" WC="0.95" CONTENT="alla"/><SP WIDTH="22" VPOS="1116" HPOS="228"/>
							<String ID="string_334" HPOS="250" VPOS="1115" WIDTH="25" HEIGHT="21" WC="0.93" CONTENT="de"/><SP WIDTH="22" VPOS="1115" HPOS="275"/>
							<String ID="string_335" HPOS="297" VPOS="1115" WIDTH="152" HEIGHT="26" WC="0.93" CONTENT="förordningar,"/><SP WIDTH="16" VPOS="1115" HPOS="449"/>
							<String ID="string_336" HPOS="465" VPOS="1122" WIDTH="76" HEIGHT="20" WC="0.93" CONTENT="genom"/><SP WIDTH="15" VPOS="1122" HPOS="541"/>
							<String ID="string_337" HPOS="556" VPOS="1116" WIDTH="72" HEIGHT="21" WC="0.93" CONTENT="hvilka"/><SP WIDTH="14" VPOS="1116" HPOS="628"/>
							<String ID="string_338" HPOS="642" VPOS="1116" WIDTH="69" HEIGHT="21" WC="0.93" CONTENT="denna"/><SP WIDTH="15" VPOS="1116" HPOS="711"/>
							<String ID="string_339" HPOS="726" VPOS="1115" WIDTH="120" HEIGHT="26" WC="0.88" CONTENT="befolkning"/><SP WIDTH="14" VPOS="1115" HPOS="846"/>
							<String ID="string_340" HPOS="860" VPOS="1114" WIDTH="40" HEIGHT="20" WC="0.96" CONTENT="allt"/>
						</TextLine>
						<TextLine ID="line_34" HPOS="88" VPOS="1142" WIDTH="810" HEIGHT="29">
							<String ID="string_341" HPOS="88" VPOS="1145" WIDTH="65" HEIGHT="20" WC="0.96" CONTENT="sedan"/><SP WIDTH="25" VPOS="1145" HPOS="153"/>
							<String ID="string_342" HPOS="178" VPOS="1145" WIDTH="26" HEIGHT="20" WC="0.96" CONTENT="20"/><SP WIDTH="25" VPOS="1145" HPOS="204"/>
							<String ID="string_343" HPOS="229" VPOS="1143" WIDTH="23" HEIGHT="22" WC="0.91" CONTENT="är"/><SP WIDTH="22" VPOS="1143" HPOS="252"/>
							<String ID="string_344" HPOS="274" VPOS="1143" WIDTH="89" HEIGHT="22" WC="0.96" CONTENT="tillbaka"/><SP WIDTH="22" VPOS="1143" HPOS="363"/>
							<String ID="string_345" HPOS="385" VPOS="1143" WIDTH="39" HEIGHT="21" WC="0.93" CONTENT="har"/><SP WIDTH="15" VPOS="1143" HPOS="424"/>
							<String ID="string_346" HPOS="439" VPOS="1145" WIDTH="54" HEIGHT="20" WC="0.96" CONTENT="trott"/><SP WIDTH="16" VPOS="1145" HPOS="493"/>
							<String ID="string_347" HPOS="509" VPOS="1145" WIDTH="45" HEIGHT="20" WC="0.93" CONTENT="sina"/><SP WIDTH="15" VPOS="1145" HPOS="554"/>
							<String ID="string_348" HPOS="569" VPOS="1145" WIDTH="129" HEIGHT="26" WC="0.96" CONTENT="önskningar"/><SP WIDTH="14" VPOS="1145" HPOS="698"/>
							<String ID="string_349" HPOS="712" VPOS="1144" WIDTH="7" HEIGHT="21" WC="0.93" CONTENT="i"/><SP WIDTH="15" VPOS="1144" HPOS="719"/>
							<String ID="string_350" HPOS="734" VPOS="1143" WIDTH="96" HEIGHT="21" WC="0.93" CONTENT="afseende"/><SP WIDTH="16" VPOS="1143" HPOS="830"/>
							<String ID="string_351" HPOS="846" VPOS="1142" WIDTH="12" HEIGHT="21" WC="0.92" CONTENT="å"/><SP WIDTH="14" VPOS="1142" HPOS="858"/>
							<String ID="string_352" HPOS="872" VPOS="1142" WIDTH="26" HEIGHT="21" WC="0.96" CONTENT="de"/>
						</TextLine>
						<TextLine ID="line_35" HPOS="88" VPOS="1171" WIDTH="810" HEIGHT="28">
							<String ID="string_353" HPOS="88" VPOS="1173" WIDTH="106" HEIGHT="26" WC="0.92" CONTENT="spräkliga"/><SP WIDTH="15" VPOS="1173" HPOS="194"/>
							<String ID="string_354" HPOS="209" VPOS="1172" WIDTH="161" HEIGHT="21" WC="0.92" CONTENT="förhällandena"/><SP WIDTH="13" VPOS="1172" HPOS="370"/>
							<String ID="string_355" HPOS="383" VPOS="1179" WIDTH="52" HEIGHT="14" WC="0.93" CONTENT="vara"/><SP WIDTH="16" VPOS="1179" HPOS="435"/>
							<String ID="string_356" HPOS="451" VPOS="1172" WIDTH="127" HEIGHT="22" WC="0.91" CONTENT="ätminstone"/><SP WIDTH="16" VPOS="1172" HPOS="578"/>
							<String ID="string_357" HPOS="594" VPOS="1173" WIDTH="7" HEIGHT="20" WC="0.93" CONTENT="i"/><SP WIDTH="14" VPOS="1173" HPOS="601"/>
							<String ID="string_358" HPOS="615" VPOS="1173" WIDTH="104" HEIGHT="26" WC="0.93" CONTENT="väsentlig"/><SP WIDTH="15" VPOS="1173" HPOS="719"/>
							<String ID="string_359" HPOS="734" VPOS="1172" WIDTH="47" HEIGHT="21" WC="0.93" CONTENT="män"/><SP WIDTH="10" VPOS="1172" HPOS="781"/>
							<String ID="string_360" HPOS="791" VPOS="1171" WIDTH="107" HEIGHT="27" WC="0.92" CONTENT="uppfylda,"/>
						</TextLine>
						<TextLine ID="line_36" HPOS="87" VPOS="1200" WIDTH="812" HEIGHT="27">
							<String ID="string_361" HPOS="87" VPOS="1204" WIDTH="32" HEIGHT="19" WC="0.96" CONTENT="att"/><SP WIDTH="15" VPOS="1204" HPOS="119"/>
							<String ID="string_362" HPOS="134" VPOS="1201" WIDTH="42" HEIGHT="21" WC="0.96" CONTENT="alla"/><SP WIDTH="14" VPOS="1201" HPOS="176"/>
							<String ID="string_363" HPOS="190" VPOS="1201" WIDTH="62" HEIGHT="21" WC="0.93" CONTENT="dessa"/><SP WIDTH="23" VPOS="1201" HPOS="252"/>
							<String ID="string_364" HPOS="275" VPOS="1201" WIDTH="148" HEIGHT="26" WC="0.91" CONTENT="förordningar"/><SP WIDTH="14" VPOS="1201" HPOS="423"/>
							<String ID="string_365" HPOS="437" VPOS="1201" WIDTH="8" HEIGHT="20" WC="0.93" CONTENT="i"/><SP WIDTH="16" VPOS="1201" HPOS="445"/>
							<String ID="string_366" HPOS="461" VPOS="1201" WIDTH="74" HEIGHT="26" WC="0.89" CONTENT="sjelfva"/><SP WIDTH="14" VPOS="1201" HPOS="535"/>
							<String ID="string_367" HPOS="549" VPOS="1201" WIDTH="74" HEIGHT="22" WC="0.93" CONTENT="verket"/><SP WIDTH="15" VPOS="1201" HPOS="623"/>
							<String ID="string_368" HPOS="638" VPOS="1203" WIDTH="37" HEIGHT="19" WC="0.92" CONTENT="äro"/><SP WIDTH="16" VPOS="1203" HPOS="675"/>
							<String ID="string_369" HPOS="691" VPOS="1201" WIDTH="84" HEIGHT="25" WC="0.92" CONTENT="sädana,"/><SP WIDTH="16" VPOS="1201" HPOS="775"/>
							<String ID="string_370" HPOS="791" VPOS="1202" WIDTH="32" HEIGHT="23" WC="0.97" CONTENT="att"/><SP WIDTH="15" VPOS="1202" HPOS="823"/>
							<String ID="string_371" HPOS="838" VPOS="1200" WIDTH="61" HEIGHT="21" WC="0.96" CONTENT="deras"/>
						</TextLine>
						<TextLine ID="line_37" HPOS="86" VPOS="1229" WIDTH="812" HEIGHT="28">
							<String ID="string_372" HPOS="86" VPOS="1230" WIDTH="98" HEIGHT="27" WC="0.90" CONTENT="giltighet"/><SP WIDTH="14" VPOS="1230" HPOS="184"/>
							<String ID="string_373" HPOS="198" VPOS="1229" WIDTH="106" HEIGHT="21" WC="0.90" CONTENT="mähända"/><SP WIDTH="14" VPOS="1229" HPOS="304"/>
							<String ID="string_374" HPOS="318" VPOS="1229" WIDTH="42" HEIGHT="21" WC="0.96" CONTENT="kan"/><SP WIDTH="14" VPOS="1229" HPOS="360"/>
							<String ID="string_375" HPOS="374" VPOS="1229" WIDTH="24" HEIGHT="21" WC="0.93" CONTENT="af"/><SP WIDTH="13" VPOS="1229" HPOS="398"/>
							<String ID="string_376" HPOS="411" VPOS="1229" WIDTH="86" HEIGHT="22" WC="0.92" CONTENT="hvilken"/><SP WIDTH="16" VPOS="1229" HPOS="497"/>
							<String ID="string_377" HPOS="513" VPOS="1230" WIDTH="90" HEIGHT="21" WC="0.96" CONTENT="domstol"/><SP WIDTH="16" VPOS="1230" HPOS="603"/>
							<String ID="string_378" HPOS="619" VPOS="1236" WIDTH="45" HEIGHT="15" WC="0.96" CONTENT="som"/><SP WIDTH="16" VPOS="1236" HPOS="664"/>
							<String ID="string_379" HPOS="680" VPOS="1230" WIDTH="55" HEIGHT="21" WC="0.93" CONTENT="helst"/><SP WIDTH="9" VPOS="1230" HPOS="735"/>
							<String ID="string_380" HPOS="744" VPOS="1229" WIDTH="154" HEIGHT="21" WC="0.88" CONTENT="underkännas."/>
						</TextLine>
						<TextLine ID="line_38" HPOS="87" VPOS="1256" WIDTH="813" HEIGHT="23">
							<String ID="string_381" HPOS="87" VPOS="1259" WIDTH="62" HEIGHT="20" WC="0.96" CONTENT="Hvad"/><SP WIDTH="15" VPOS="1259" HPOS="149"/>
							<String ID="string_382" HPOS="164" VPOS="1260" WIDTH="23" HEIGHT="19" WC="0.96" CONTENT="är"/><SP WIDTH="15" VPOS="1260" HPOS="187"/>
							<String ID="string_383" HPOS="202" VPOS="1258" WIDTH="35" HEIGHT="21" WC="0.92" CONTENT="det"/><SP WIDTH="22" VPOS="1258" HPOS="237"/>
							<String ID="string_384" HPOS="259" VPOS="1257" WIDTH="63" HEIGHT="22" WC="0.95" CONTENT="alltså"/><SP WIDTH="15" VPOS="1257" HPOS="322"/>
							<String ID="string_385" HPOS="337" VPOS="1264" WIDTH="44" HEIGHT="15" WC="0.92" CONTENT="som"/><SP WIDTH="14" VPOS="1264" HPOS="381"/>
							<String ID="string_386" HPOS="395" VPOS="1258" WIDTH="197" HEIGHT="21" WC="0.92" CONTENT="undertecknarene"/><SP WIDTH="17" VPOS="1258" HPOS="592"/>
							<String ID="string_387" HPOS="609" VPOS="1259" WIDTH="23" HEIGHT="20" WC="0.93" CONTENT="af"/><SP WIDTH="12" VPOS="1259" HPOS="632"/>
							<String ID="string_388" HPOS="644" VPOS="1258" WIDTH="157" HEIGHT="21" WC="0.96" CONTENT="reservationen"/><SP WIDTH="14" VPOS="1258" HPOS="801"/>
							<String ID="string_389" HPOS="815" VPOS="1263" WIDTH="33" HEIGHT="15" WC="0.92" CONTENT="n:o"/><SP WIDTH="18" VPOS="1263" HPOS="848"/>
							<String ID="string_390" HPOS="866" VPOS="1257" WIDTH="10" HEIGHT="20" WC="0.92" CONTENT="1"/><SP WIDTH="16" VPOS="1257" HPOS="876"/>
							<String ID="string_391" HPOS="892" VPOS="1256" WIDTH="8" HEIGHT="21" WC="0.95" CONTENT="i"/>
						</TextLine>
						<TextLine ID="line_39" HPOS="87" VPOS="1285" WIDTH="811" HEIGHT="29">
							<String ID="string_392" HPOS="87" VPOS="1287" WIDTH="74" HEIGHT="27" WC="0.90" CONTENT="sjelfva"/><SP WIDTH="15" VPOS="1287" HPOS="161"/>
							<String ID="string_393" HPOS="176" VPOS="1286" WIDTH="72" HEIGHT="21" WC="0.93" CONTENT="verket"/><SP WIDTH="15" VPOS="1286" HPOS="248"/>
							<String ID="string_394" HPOS="263" VPOS="1287" WIDTH="78" HEIGHT="26" WC="0.92" CONTENT="begära"/><SP WIDTH="15" VPOS="1287" HPOS="341"/>
							<String ID="string_395" HPOS="356" VPOS="1286" WIDTH="47" HEIGHT="21" WC="0.92" CONTENT="utaf"/><SP WIDTH="13" VPOS="1286" HPOS="403"/>
							<String ID="string_396" HPOS="416" VPOS="1287" WIDTH="164" HEIGHT="26" WC="0.92" CONTENT="bondeständet,"/><SP WIDTH="16" VPOS="1287" HPOS="580"/>
							<String ID="string_397" HPOS="596" VPOS="1287" WIDTH="23" HEIGHT="21" WC="0.93" CONTENT="af"/><SP WIDTH="13" VPOS="1287" HPOS="619"/>
							<String ID="string_398" HPOS="632" VPOS="1287" WIDTH="84" HEIGHT="21" WC="0.93" CONTENT="landets"/><SP WIDTH="14" VPOS="1287" HPOS="716"/>
							<String ID="string_399" HPOS="730" VPOS="1286" WIDTH="69" HEIGHT="21" WC="0.93" CONTENT="finska"/><SP WIDTH="14" VPOS="1286" HPOS="799"/>
							<String ID="string_400" HPOS="813" VPOS="1285" WIDTH="85" HEIGHT="22" WC="0.93" CONTENT="talande"/>
						</TextLine>
						<TextLine ID="line_40" HPOS="87" VPOS="1314" WIDTH="814" HEIGHT="28">
							<String ID="string_401" HPOS="87" VPOS="1315" WIDTH="127" HEIGHT="26" WC="0.92" CONTENT="befolkning,"/><SP WIDTH="25" VPOS="1315" HPOS="214"/>
							<String ID="string_402" HPOS="239" VPOS="1321" WIDTH="76" HEIGHT="20" WC="0.96" CONTENT="genom"/><SP WIDTH="25" VPOS="1321" HPOS="315"/>
							<String ID="string_403" HPOS="340" VPOS="1315" WIDTH="39" HEIGHT="21" WC="0.93" CONTENT="den"/><SP WIDTH="22" VPOS="1315" HPOS="379"/>
							<String ID="string_404" HPOS="401" VPOS="1315" WIDTH="89" HEIGHT="27" WC="0.92" CONTENT="tydning"/><SP WIDTH="16" VPOS="1315" HPOS="490"/>
							<String ID="string_405" HPOS="506" VPOS="1316" WIDTH="26" HEIGHT="20" WC="0.92" CONTENT="de"/><SP WIDTH="15" VPOS="1316" HPOS="532"/>
							<String ID="string_406" HPOS="547" VPOS="1316" WIDTH="55" HEIGHT="26" WC="0.91" CONTENT="gifva"/><SP WIDTH="14" VPOS="1316" HPOS="602"/>
							<String ID="string_407" HPOS="616" VPOS="1316" WIDTH="25" HEIGHT="20" WC="0.93" CONTENT="R."/><SP WIDTH="16" VPOS="1316" HPOS="641"/>
							<String ID="string_408" HPOS="657" VPOS="1315" WIDTH="35" HEIGHT="21" WC="0.93" CONTENT="B.?"/><SP WIDTH="29" VPOS="1315" HPOS="692"/>
							<String ID="string_409" HPOS="721" VPOS="1315" WIDTH="32" HEIGHT="21" WC="0.93" CONTENT="De"/><SP WIDTH="14" VPOS="1315" HPOS="753"/>
							<String ID="string_410" HPOS="767" VPOS="1315" WIDTH="84" HEIGHT="26" WC="0.91" CONTENT="begära,"/><SP WIDTH="16" VPOS="1315" HPOS="851"/>
							<String ID="string_411" HPOS="867" VPOS="1314" WIDTH="34" HEIGHT="20" WC="0.96" CONTENT="att"/>
						</TextLine>
						<TextLine ID="line_41" HPOS="87" VPOS="1341" WIDTH="814" HEIGHT="30">
							<String ID="string_412" HPOS="87" VPOS="1344" WIDTH="41" HEIGHT="21" WC="0.94" CONTENT="den"/><SP WIDTH="15" VPOS="1344" HPOS="128"/>
							<String ID="string_413" HPOS="143" VPOS="1343" WIDTH="69" HEIGHT="22" WC="0.92" CONTENT="finska"/><SP WIDTH="24" VPOS="1343" HPOS="212"/>
							<String ID="string_414" HPOS="236" VPOS="1343" WIDTH="84" HEIGHT="22" WC="0.92" CONTENT="talande"/><SP WIDTH="25" VPOS="1343" HPOS="320"/>
							<String ID="string_415" HPOS="345" VPOS="1343" WIDTH="151" HEIGHT="28" WC="0.95" CONTENT="befolkningen"/><SP WIDTH="18" VPOS="1343" HPOS="496"/>
							<String ID="string_416" HPOS="514" VPOS="1344" WIDTH="54" HEIGHT="21" WC="0.96" CONTENT="skall"/><SP WIDTH="16" VPOS="1344" HPOS="568"/>
							<String ID="string_417" HPOS="584" VPOS="1344" WIDTH="24" HEIGHT="21" WC="0.96" CONTENT="sä"/><SP WIDTH="14" VPOS="1344" HPOS="608"/>
							<String ID="string_418" HPOS="622" VPOS="1346" WIDTH="32" HEIGHT="19" WC="0.93" CONTENT="att"/><SP WIDTH="15" VPOS="1346" HPOS="654"/>
							<String ID="string_419" HPOS="669" VPOS="1345" WIDTH="51" HEIGHT="25" WC="0.93" CONTENT="säga"/><SP WIDTH="15" VPOS="1345" HPOS="720"/>
							<String ID="string_420" HPOS="735" VPOS="1343" WIDTH="118" HEIGHT="27" WC="0.93" CONTENT="expatriera"/><SP WIDTH="15" VPOS="1343" HPOS="853"/>
							<String ID="string_421" HPOS="868" VPOS="1341" WIDTH="33" HEIGHT="26" WC="0.96" CONTENT="sig"/>
						</TextLine>
						<TextLine ID="line_42" HPOS="88" VPOS="1370" WIDTH="813" HEIGHT="29">
							<String ID="string_422" HPOS="88" VPOS="1373" WIDTH="52" HEIGHT="26" WC="0.92" CONTENT="sjelf,"/><SP WIDTH="16" VPOS="1373" HPOS="140"/>
							<String ID="string_423" HPOS="156" VPOS="1374" WIDTH="32" HEIGHT="19" WC="0.96" CONTENT="att"/><SP WIDTH="15" VPOS="1374" HPOS="188"/>
							<String ID="string_424" HPOS="203" VPOS="1372" WIDTH="39" HEIGHT="21" WC="0.97" CONTENT="den"/><SP WIDTH="16" VPOS="1372" HPOS="242"/>
							<String ID="string_425" HPOS="258" VPOS="1372" WIDTH="54" HEIGHT="21" WC="0.93" CONTENT="skall"/><SP WIDTH="14" VPOS="1372" HPOS="312"/>
							<String ID="string_426" HPOS="326" VPOS="1372" WIDTH="95" HEIGHT="21" WC="0.93" CONTENT="förklara"/><SP WIDTH="14" VPOS="1372" HPOS="421"/>
							<String ID="string_427" HPOS="435" VPOS="1372" WIDTH="32" HEIGHT="27" WC="0.96" CONTENT="sig"/><SP WIDTH="15" VPOS="1372" HPOS="467"/>
							<String ID="string_428" HPOS="482" VPOS="1373" WIDTH="7" HEIGHT="20" WC="0.93" CONTENT="i"/><SP WIDTH="16" VPOS="1373" HPOS="489"/>
							<String ID="string_429" HPOS="505" VPOS="1372" WIDTH="103" HEIGHT="27" WC="0.93" CONTENT="spräkligt"/><SP WIDTH="14" VPOS="1372" HPOS="608"/>
							<String ID="string_430" HPOS="622" VPOS="1373" WIDTH="98" HEIGHT="20" WC="0.93" CONTENT="afseende"/><SP WIDTH="8" VPOS="1373" HPOS="720"/>
							<String ID="string_431" HPOS="728" VPOS="1372" WIDTH="87" HEIGHT="21" WC="0.88" CONTENT="rättslös"/><SP WIDTH="10" VPOS="1372" HPOS="815"/>
							<String ID="string_432" HPOS="825" VPOS="1371" WIDTH="7" HEIGHT="20" WC="0.96" CONTENT="i"/><SP WIDTH="9" VPOS="1371" HPOS="832"/>
							<String ID="string_433" HPOS="841" VPOS="1370" WIDTH="60" HEIGHT="21" WC="0.96" CONTENT="detta"/>
						</TextLine>
						<TextLine ID="line_43" HPOS="88" VPOS="1399" WIDTH="812" HEIGHT="29">
							<String ID="string_434" HPOS="88" VPOS="1401" WIDTH="55" HEIGHT="26" WC="0.95" CONTENT="land,"/><SP WIDTH="17" VPOS="1401" HPOS="143"/>
							<String ID="string_435" HPOS="160" VPOS="1401" WIDTH="37" HEIGHT="21" WC="0.96" CONTENT="och"/><SP WIDTH="17" VPOS="1401" HPOS="197"/>
							<String ID="string_436" HPOS="214" VPOS="1401" WIDTH="99" HEIGHT="26" WC="0.96" CONTENT="erkänna,"/><SP WIDTH="16" VPOS="1401" HPOS="313"/>
							<String ID="string_437" HPOS="329" VPOS="1402" WIDTH="32" HEIGHT="19" WC="0.97" CONTENT="att"/><SP WIDTH="14" VPOS="1402" HPOS="361"/>
							<String ID="string_438" HPOS="375" VPOS="1400" WIDTH="43" HEIGHT="21" WC="0.96" CONTENT="alla"/><SP WIDTH="15" VPOS="1400" HPOS="418"/>
							<String ID="string_439" HPOS="433" VPOS="1401" WIDTH="26" HEIGHT="20" WC="0.96" CONTENT="de"/><SP WIDTH="16" VPOS="1401" HPOS="459"/>
							<String ID="string_440" HPOS="475" VPOS="1401" WIDTH="133" HEIGHT="27" WC="0.95" CONTENT="rättigheter,"/><SP WIDTH="16" VPOS="1401" HPOS="608"/>
							<String ID="string_441" HPOS="624" VPOS="1407" WIDTH="45" HEIGHT="14" WC="0.96" CONTENT="som"/><SP WIDTH="16" VPOS="1407" HPOS="669"/>
							<String ID="string_442" HPOS="685" VPOS="1401" WIDTH="41" HEIGHT="21" WC="0.96" CONTENT="den"/><SP WIDTH="10" VPOS="1401" HPOS="726"/>
							<String ID="string_443" HPOS="736" VPOS="1401" WIDTH="21" HEIGHT="20" WC="0.93" CONTENT="af"/><SP WIDTH="9" VPOS="1401" HPOS="757"/>
							<String ID="string_444" HPOS="766" VPOS="1399" WIDTH="134" HEIGHT="22" WC="0.92" CONTENT="ädelsinnade"/>
						</TextLine>
						<TextLine ID="line_44" HPOS="87" VPOS="1428" WIDTH="815" HEIGHT="27">
							<String ID="string_445" HPOS="87" VPOS="1430" WIDTH="113" HEIGHT="21" WC="0.92" CONTENT="monarker"/><SP WIDTH="16" VPOS="1430" HPOS="200"/>
							<String ID="string_446" HPOS="216" VPOS="1429" WIDTH="39" HEIGHT="21" WC="0.93" CONTENT="och"/><SP WIDTH="15" VPOS="1429" HPOS="255"/>
							<String ID="string_447" HPOS="270" VPOS="1431" WIDTH="109" HEIGHT="24" WC="0.91" CONTENT="statsmän,"/><SP WIDTH="24" VPOS="1431" HPOS="379"/>
							<String ID="string_448" HPOS="403" VPOS="1430" WIDTH="113" HEIGHT="21" WC="0.92" CONTENT="ömmande"/><SP WIDTH="15" VPOS="1430" HPOS="516"/>
							<String ID="string_449" HPOS="531" VPOS="1430" WIDTH="33" HEIGHT="20" WC="0.96" CONTENT="för"/><SP WIDTH="16" VPOS="1430" HPOS="564"/>
							<String ID="string_450" HPOS="580" VPOS="1430" WIDTH="47" HEIGHT="20" WC="0.96" CONTENT="dess"/><SP WIDTH="15" VPOS="1430" HPOS="627"/>
							<String ID="string_451" HPOS="642" VPOS="1430" WIDTH="40" HEIGHT="24" WC="0.96" CONTENT="väl,"/><SP WIDTH="18" VPOS="1430" HPOS="682"/>
							<String ID="string_452" HPOS="700" VPOS="1430" WIDTH="63" HEIGHT="21" WC="0.96" CONTENT="sedan"/><SP WIDTH="16" VPOS="1430" HPOS="763"/>
							<String ID="string_453" HPOS="779" VPOS="1428" WIDTH="26" HEIGHT="22" WC="0.96" CONTENT="20"/><SP WIDTH="16" VPOS="1428" HPOS="805"/>
							<String ID="string_454" HPOS="821" VPOS="1428" WIDTH="23" HEIGHT="20" WC="0.92" CONTENT="är"/><SP WIDTH="14" VPOS="1428" HPOS="844"/>
							<String ID="string_455" HPOS="858" VPOS="1428" WIDTH="44" HEIGHT="26" WC="0.91" CONTENT="lyc-"/>
						</TextLine>
						<TextLine ID="line_45" HPOS="87" VPOS="1456" WIDTH="815" HEIGHT="29">
							<String ID="string_456" HPOS="87" VPOS="1458" WIDTH="48" HEIGHT="21" WC="0.93" CONTENT="kats"/><SP WIDTH="16" VPOS="1458" HPOS="135"/>
							<String ID="string_457" HPOS="151" VPOS="1457" WIDTH="85" HEIGHT="27" WC="0.90" CONTENT="erhälla,"/><SP WIDTH="26" VPOS="1457" HPOS="236"/>
							<String ID="string_458" HPOS="262" VPOS="1459" WIDTH="37" HEIGHT="20" WC="0.92" CONTENT="äro"/><SP WIDTH="18" VPOS="1459" HPOS="299"/>
							<String ID="string_459" HPOS="317" VPOS="1460" WIDTH="51" HEIGHT="18" WC="0.93" CONTENT="utan"/><SP WIDTH="14" VPOS="1460" HPOS="368"/>
							<String ID="string_460" HPOS="382" VPOS="1458" WIDTH="136" HEIGHT="27" WC="0.92" CONTENT="grundlaglig"/><SP WIDTH="14" VPOS="1458" HPOS="518"/>
							<String ID="string_461" HPOS="532" VPOS="1458" WIDTH="108" HEIGHT="26" WC="0.92" CONTENT="giltighet!"/><SP WIDTH="31" VPOS="1458" HPOS="640"/>
							<String ID="string_462" HPOS="671" VPOS="1458" WIDTH="39" HEIGHT="20" WC="0.96" CONTENT="Om"/><SP WIDTH="16" VPOS="1458" HPOS="710"/>
							<String ID="string_463" HPOS="726" VPOS="1458" WIDTH="35" HEIGHT="20" WC="0.96" CONTENT="det"/><SP WIDTH="16" VPOS="1458" HPOS="761"/>
							<String ID="string_464" HPOS="777" VPOS="1456" WIDTH="67" HEIGHT="22" WC="0.93" CONTENT="skulle"/><SP WIDTH="15" VPOS="1456" HPOS="844"/>
							<String ID="string_465" HPOS="859" VPOS="1456" WIDTH="43" HEIGHT="27" WC="0.91" CONTENT="lyc-"/>
						</TextLine>
						<TextLine ID="line_46" HPOS="87" VPOS="1484" WIDTH="816" HEIGHT="29">
							<String ID="string_466" HPOS="87" VPOS="1486" WIDTH="40" HEIGHT="21" WC="0.93" CONTENT="kas"/><SP WIDTH="16" VPOS="1486" HPOS="127"/>
							<String ID="string_467" HPOS="143" VPOS="1486" WIDTH="109" HEIGHT="26" WC="0.91" CONTENT="öfvertyga"/><SP WIDTH="14" VPOS="1486" HPOS="252"/>
							<String ID="string_468" HPOS="266" VPOS="1486" WIDTH="83" HEIGHT="21" WC="0.93" CONTENT="landets"/><SP WIDTH="15" VPOS="1486" HPOS="349"/>
							<String ID="string_469" HPOS="364" VPOS="1486" WIDTH="70" HEIGHT="20" WC="0.93" CONTENT="finska"/><SP WIDTH="15" VPOS="1486" HPOS="434"/>
							<String ID="string_470" HPOS="449" VPOS="1486" WIDTH="124" HEIGHT="27" WC="0.92" CONTENT="befolkning"/><SP WIDTH="15" VPOS="1486" HPOS="573"/>
							<String ID="string_471" HPOS="588" VPOS="1486" WIDTH="73" HEIGHT="21" WC="0.93" CONTENT="derom"/><SP WIDTH="15" VPOS="1486" HPOS="661"/>
							<String ID="string_472" HPOS="676" VPOS="1488" WIDTH="34" HEIGHT="19" WC="0.88" CONTENT="att"/><SP WIDTH="7" VPOS="1488" HPOS="710"/>
							<String ID="string_473" HPOS="717" VPOS="1486" WIDTH="68" HEIGHT="20" WC="0.88" CONTENT="sädan"/><SP WIDTH="11" VPOS="1486" HPOS="785"/>
							<String ID="string_474" HPOS="796" VPOS="1487" WIDTH="26" HEIGHT="18" WC="0.96" CONTENT="är"/><SP WIDTH="10" VPOS="1487" HPOS="822"/>
							<String ID="string_475" HPOS="832" VPOS="1484" WIDTH="71" HEIGHT="28" WC="0.96" CONTENT="lagen;"/>
						</TextLine>
						<TextLine ID="line_47" HPOS="87" VPOS="1512" WIDTH="817" HEIGHT="30">
							<String ID="string_476" HPOS="87" VPOS="1514" WIDTH="56" HEIGHT="22" WC="0.91" CONTENT="hvad"/><SP WIDTH="16" VPOS="1514" HPOS="143"/>
							<String ID="string_477" HPOS="159" VPOS="1514" WIDTH="73" HEIGHT="26" WC="0.96" CONTENT="skulle,"/><SP WIDTH="16" VPOS="1514" HPOS="232"/>
							<String ID="string_478" HPOS="248" VPOS="1515" WIDTH="56" HEIGHT="21" WC="0.93" CONTENT="mina"/><SP WIDTH="15" VPOS="1515" HPOS="304"/>
							<String ID="string_479" HPOS="319" VPOS="1514" WIDTH="79" HEIGHT="25" WC="0.92" CONTENT="herrar,"/><SP WIDTH="21" VPOS="1514" HPOS="398"/>
							<String ID="string_480" HPOS="419" VPOS="1514" WIDTH="66" HEIGHT="22" WC="0.92" CONTENT="blifva"/><SP WIDTH="16" VPOS="1514" HPOS="485"/>
							<String ID="string_481" HPOS="501" VPOS="1515" WIDTH="95" HEIGHT="27" WC="0.90" CONTENT="följden?"/><SP WIDTH="29" VPOS="1515" HPOS="596"/>
							<String ID="string_482" HPOS="625" VPOS="1515" WIDTH="33" HEIGHT="25" WC="0.96" CONTENT="Jo,"/><SP WIDTH="17" VPOS="1515" HPOS="658"/>
							<String ID="string_483" HPOS="675" VPOS="1516" WIDTH="33" HEIGHT="19" WC="0.96" CONTENT="att"/><SP WIDTH="14" VPOS="1516" HPOS="708"/>
							<String ID="string_484" HPOS="722" VPOS="1514" WIDTH="37" HEIGHT="21" WC="0.93" CONTENT="hos"/><SP WIDTH="15" VPOS="1514" HPOS="759"/>
							<String ID="string_485" HPOS="774" VPOS="1513" WIDTH="92" HEIGHT="21" WC="0.92" CONTENT="flertalet"/><SP WIDTH="16" VPOS="1513" HPOS="866"/>
							<String ID="string_486" HPOS="882" VPOS="1512" WIDTH="22" HEIGHT="22" WC="0.96" CONTENT="af"/>
						</TextLine>
						<TextLine ID="line_48" HPOS="87" VPOS="1541" WIDTH="816" HEIGHT="29">
							<String ID="string_487" HPOS="87" VPOS="1543" WIDTH="48" HEIGHT="21" WC="0.96" CONTENT="vårt"/><SP WIDTH="14" VPOS="1543" HPOS="135"/>
							<String ID="string_488" HPOS="149" VPOS="1543" WIDTH="44" HEIGHT="21" WC="0.93" CONTENT="folk"/><SP WIDTH="15" VPOS="1543" HPOS="193"/>
							<String ID="string_489" HPOS="208" VPOS="1543" WIDTH="114" HEIGHT="27" WC="0.93" CONTENT="aktningen"/><SP WIDTH="16" VPOS="1543" HPOS="322"/>
							<String ID="string_490" HPOS="338" VPOS="1543" WIDTH="38" HEIGHT="21" WC="0.93" CONTENT="och"/><SP WIDTH="16" VPOS="1543" HPOS="376"/>
							<String ID="string_491" HPOS="392" VPOS="1542" WIDTH="135" HEIGHT="22" WC="0.96" CONTENT="förtroendet"/><SP WIDTH="14" VPOS="1542" HPOS="527"/>
							<String ID="string_492" HPOS="541" VPOS="1542" WIDTH="33" HEIGHT="22" WC="0.96" CONTENT="för"/><SP WIDTH="16" VPOS="1542" HPOS="574"/>
							<String ID="string_493" HPOS="590" VPOS="1544" WIDTH="55" HEIGHT="20" WC="0.93" CONTENT="1734"/><SP WIDTH="15" VPOS="1544" HPOS="645"/>
							<String ID="string_494" HPOS="660" VPOS="1542" WIDTH="34" HEIGHT="22" WC="0.96" CONTENT="års"/><SP WIDTH="16" VPOS="1542" HPOS="694"/>
							<String ID="string_495" HPOS="710" VPOS="1543" WIDTH="34" HEIGHT="25" WC="0.96" CONTENT="lag"/><SP WIDTH="15" VPOS="1543" HPOS="744"/>
							<String ID="string_496" HPOS="759" VPOS="1542" WIDTH="66" HEIGHT="21" WC="0.66" CONTENT="skulle"/><SP WIDTH="8" VPOS="1542" HPOS="825"/>
							<String ID="string_497" HPOS="833" VPOS="1541" WIDTH="27" HEIGHT="27" WC="0.66" CONTENT="pä"/><SP WIDTH="11" VPOS="1541" HPOS="860"/>
							<String ID="string_498" HPOS="871" VPOS="1543" WIDTH="32" HEIGHT="19" WC="0.96" CONTENT="ett"/>
						</TextLine>
					</TextBlock>
				</ComposedBlock>
			</PrintSpace>
		</Page>
	</Layout>
</alto>
