1117 1773
226 124 42 19 580
533 122 86 18 Huhtik.
634 122 21 18 17
669 127 18 17 p.

194 176 40 27 jon
256 175 78 28 lägges
350 175 34 22 till
399 176 99 22 bankens
514 177 53 27 eget
582 176 86 28 kapital
683 176 50 22 icke
748 176 44 21 kan
808 174 69 23 kafva
891 177 33 20 ett
935 175 24 22 sä
969 181 49 22 syn-

197 205 100 27 nerligen
318 205 122 28 afgörande
460 206 124 27 inflytande
605 205 29 29 pä
654 205 168 23 affärsrörelsen
840 205 8 21 i
866 205 81 28 landet,
966 207 52 20 utan

197 236 32 20 att
250 234 73 22 denna
343 235 7 21 i
370 236 45 28 hög
435 236 56 28 grad
511 236 66 22 beror
597 236 26 21 af
636 236 28 21 de
680 241 101 17 resurser
795 235 224 29 bankförvaltningen

196 264 71 22 under
289 266 100 21 normala
412 265 154 23 förhällanden
590 265 36 22 för
646 265 65 22 svära
731 265 142 22 affärskriser
893 271 125 16 reserverar

196 300 82 22 genom
298 296 33 20 att
351 295 60 22 hälla
430 296 44 21 den
490 295 168 28 jemförelsevis
674 295 71 22 större
761 295 66 21 delen
843 295 26 22 af
881 295 48 22 sina
944 295 74 22 aktiva

196 324 118 28 placerade
329 325 8 21 i
353 325 118 22 utländska
486 325 224 29 tillgodohafvanden
725 325 42 22 och
783 325 70 22 andra
866 325 41 21 lätt
920 325 98 22 realiser-

197 354 54 22 bara
270 354 228 28 tilleodohafvanden.
530 356 44 27 Jag
590 355 40 22 vill
645 354 104 29 påminna
765 354 77 22 derom
857 357 34 19 att
905 355 71 21 under
990 361 28 15 en

197 384 51 28 läng
264 384 57 28 följd
337 385 26 21 af
375 384 24 22 är
414 385 87 22 banken
516 386 8 21 i
539 385 83 28 sjelfva
638 385 79 22 verket
732 384 25 23 sä
772 385 89 22 förfarit
875 386 33 20 att
918 385 43 21 den
971 385 48 21 haft

197 414 48 22 sina
261 414 119 22 utländska
395 415 119 28 tillgångar
530 415 118 28 placerade
662 415 48 21 dels
723 415 8 21 i
744 414 120 22 utländska
874 414 145 29 obligationer

197 444 48 22 dels
266 444 7 22 i
293 444 221 29 tillgodohafvanden
534 445 41 22 hos
594 445 120 22 utländska
730 444 89 23 ombud.
851 444 42 23 Om
909 444 28 23 dä
952 444 69 23 behof

197 474 100 28 uppstätt
312 474 35 22 för
363 475 87 22 banken
465 477 33 20 att
513 475 7 22 i
536 475 103 22 utlandet
655 475 102 22 använda
773 475 94 27 valutor,
884 475 24 22 sä
923 475 41 22 har
976 475 43 21 den

185 521 3 3 .
197 504 107 28 antingen
320 505 105 27 föryttrat
440 506 26 21 af
480 505 48 22 sina
544 505 148 28 obligationer
707 505 57 22 eller
779 505 88 22 anvisat
881 505 28 28 pä
919 505 48 21 sina
976 505 42 21 till-

197 534 188 27 godohafvanden
406 535 40 22 hos
467 535 119 22 ombuden.
618 535 162 22 Erfarenheten
799 535 41 21 har
859 534 66 23 ocksä
940 534 78 29 ädaga-

197 563 47 28 lagt
265 565 33 20 att
319 564 64 22 dessa
404 565 222 28 tilloodohafvanden
647 565 60 22 inom
726 565 51 22 kort
792 565 32 21 tid
840 565 85 22 kunnat
939 565 79 27 sjunka

198 593 51 22 med
264 593 54 22 flere
333 594 109 28 miljoner,
458 595 146 28 hvarigenom
620 595 99 22 bankens
733 594 119 29 tillgångar
865 595 90 28 krympt
968 595 50 26 ihop

198 623 85 28 ganska
304 624 126 29 väsentligt.
461 625 43 28 Jag
523 625 40 22 vill
581 625 50 22 icke
647 626 98 27 upptaga
761 625 62 21 tiden
839 625 50 21 med
905 626 32 20 att
952 624 67 22 inlåta

198 653 46 28 mig
262 653 28 28 på
309 659 27 16 en
352 654 140 28 redogörelse
508 655 7 22 i
531 655 81 26 siffror,
628 656 55 20 utan
698 655 40 21 vill
754 655 57 21 blott
827 654 86 29 påpeka
929 654 36 22 det
980 653 38 22 all-

198 684 81 21 männa
301 683 148 23 förhållandet
470 686 33 20 att
521 685 38 21 vid
578 685 69 22 slutet
666 685 27 21 af
709 686 89 20 senaste
817 684 24 22 år
860 684 99 22 bankens
976 683 42 22 till-

197 713 188 28 godohafvanden
407 715 7 20 i
437 714 119 22 utländska
580 715 147 28 obligationer
750 714 113 28 uppgingo
887 714 78 22 endast
985 713 33 22 till

200 745 93 24 190,000
316 743 41 22 och
378 744 50 21 hela
450 751 102 15 summan
571 745 148 27 obligationer
737 745 42 21 och
799 743 219 29 tillgodohafvanden

198 773 7 20 i
225 772 102 23 utlandet
346 773 33 22 till
397 777 25 18 15
438 774 109 28 miljoner,
563 774 87 22 hvilket
665 774 104 28 utgjorde
785 774 96 28 ungefär
895 773 85 22 hälften
996 773 25 22 af

197 802 101 23 bankens
317 803 220 28 tillgodohafvanden
556 804 70 28 några
644 804 25 21 år
688 804 149 21 derförinnan.
872 803 76 22 Skulle
968 803 50 22 ban-

197 832 44 21 ken
257 832 151 23 öfverhufvud
423 833 120 22 inskränka
559 834 35 21 sin
609 834 84 21 rörelse
709 834 60 21 inom
783 835 52 26 eget
847 833 51 22 land
909 833 41 22 och
961 833 57 22 hålla

197 863 60 20 stora
280 862 221 29 tillgodohafvanden
521 864 6 21 i
549 864 109 26 utlandet,
681 863 24 22 sä
726 863 73 22 skulle
818 863 43 22 den
879 863 140 28 nödvändiga

198 892 86 27 följden
305 893 70 21 blifva
397 893 49 27 den,
468 895 38 25 att,
529 893 28 22 då
578 894 28 22 de
626 894 119 22 utländska
769 893 111 22 ombuden
899 893 74 22 betala
991 899 28 15 en

197 922 91 28 mycket
310 922 37 28 låg
369 924 70 26 ränta,
461 924 99 21 bankens
583 923 70 29 årliga
671 924 60 21 vinst
749 923 68 22 också
835 923 72 22 skulle
925 923 94 27 krympa

197 951 52 28 ihop
265 952 42 22 och
323 952 92 22 sålunda
430 953 49 22 icke
493 953 74 22 lemna
581 953 89 22 tillfälle
684 953 34 22 till
731 953 140 28 betydligare
885 952 134 22 öfverskotts

197 981 159 23 öfverförande
379 982 34 22 till
435 983 100 22 bankens
558 983 141 22 vinstmedel.
738 983 34 21 En
796 982 83 22 dubbel
901 982 118 28 olägenhet

197 1011 73 21 skulle
290 1011 93 23 sålunda
398 1012 86 28 uppstå,
500 1012 12 22 å
528 1019 43 15 ena
587 1013 64 21 sidan
666 1015 34 19 att
716 1013 149 21 bankvinsten
880 1012 72 22 skulle
967 1012 51 28 hop-

197 1041 81 21 smälta
294 1043 58 20 samt
367 1042 13 21 å
393 1042 70 22 andra
476 1042 64 22 sidan
554 1044 33 20 att
601 1043 89 21 banken
703 1043 49 21 icke
766 1042 73 22 skulle
853 1042 75 22 kunna
942 1042 77 21 under-

197 1070 56 22 lätta
269 1071 240 23 affärsverksamheten
524 1073 8 21 i
548 1074 52 26 eget
616 1072 52 22 land
684 1072 41 22 och
739 1072 63 22 detta
815 1073 25 21 är
853 1072 51 21 med
915 1072 104 21 afseende

197 1100 13 22 å
224 1100 101 22 bankens
339 1102 88 28 uppgift
440 1102 72 28 något,
525 1108 48 16 som
585 1109 52 15 man
647 1102 122 28 ingalunda
780 1102 40 22 bör
830 1102 75 21 önska.
922 1101 10 21 I
941 1102 78 27 hvarje

197 1130 52 22 land
274 1130 71 22 finner
368 1138 51 15 man
442 1132 76 22 derför
542 1132 69 22 äfven
637 1134 33 20 att
696 1132 43 22 den
759 1132 96 21 ledande
875 1131 145 22 statsbanken

199 1160 55 21 eller
273 1160 50 27 den,
342 1167 48 15 som
408 1162 86 28 intager
513 1168 87 16 samma
618 1162 113 28 ställning,
751 1162 32 21 tid
802 1162 58 21 efter
877 1167 74 15 annan
966 1161 53 21 ökar

197 1190 38 21 sitt
251 1190 84 28 kapital
352 1191 35 21 för
402 1192 32 20 att
450 1192 61 21 detta
527 1191 69 22 måtte
613 1191 33 22 stå
662 1192 7 21 i
685 1191 128 28 någotslags
827 1190 193 29 proportionerligt

198 1219 139 23 förhållande
361 1220 34 22 till
418 1221 43 21 den
482 1222 102 27 stigande
606 1221 242 22 affärsverksamheten
866 1220 42 22 och
926 1220 33 21 till
978 1220 42 21 den

198 1249 145 22 ekonomiska
362 1251 163 28 utvecklingen.
557 1251 69 21 Detta
644 1251 41 21 har
703 1251 68 21 äfven
790 1250 59 22 varit
868 1250 63 22 fallet
949 1250 7 21 i
972 1249 48 22 vårt

197 1278 52 52 ra
269 1280 42 21 och
330 1280 77 27 mäste,
426 1280 72 22 sävidt
516 1281 41 28 jag
576 1281 44 21 kan
638 1281 67 27 finna,
725 1281 40 21 allt
785 1280 138 22 fortfarande
938 1279 23 22 sä
977 1279 42 22 för-

221 1309 55 22 ifva.

270 1339 51 22 Men
340 1346 36 15 om
395 1346 51 15 man
462 1346 30 16 nu
508 1340 51 22 med
576 1340 91 28 ledning
683 1340 26 22 af
722 1340 28 22 de
766 1346 105 19 summor,
887 1345 49 16 som
951 1338 69 22 under

197 1370 90 20 senaste
307 1369 131 22 decennium
456 1370 92 28 uttagits
567 1370 58 22 ifrän
647 1370 94 26 banken,
760 1370 109 27 granskar
885 1369 38 21 det
938 1369 82 27 kapital

197 1398 51 21 med
264 1398 87 22 hvilket
366 1399 88 22 banken
469 1401 109 27 opererat,
595 1400 87 21 säledes
697 1399 57 22 bäde
770 1399 52 21 dess
837 1398 127 29 grundfond
980 1398 40 22 och

197 1427 52 21 dess
265 1428 132 22 reservfond
413 1431 57 19 samt
484 1430 8 20 i
506 1430 130 21 densamma
650 1430 71 21 under
735 1429 48 21 äret
796 1428 143 22 innestäende
953 1428 67 22 vinst-

197 1457 81 27 medel,
301 1458 24 21 sä
345 1458 72 22 finner
435 1465 51 15 man
504 1460 33 20 att
557 1459 71 21 under
646 1465 29 15 en
693 1459 32 21 tid
744 1459 26 21 af
783 1458 96 28 ungefär
896 1460 86 19 15—16
998 1458 23 22 är

198 1486 101 22 bankens
315 1489 52 27 eget
383 1488 89 28 kapital,
489 1489 51 21 med
556 1489 86 21 hvilket
658 1489 43 21 den
717 1489 109 27 opererat,
844 1488 49 22 icke
907 1488 40 21 har
961 1488 60 28 stigit

197 1516 41 22 och
260 1517 62 22 detta
341 1518 70 22 under
430 1524 27 16 en
476 1518 31 22 tid
526 1519 26 21 af
566 1519 149 27 exceptionell
730 1518 131 28 utveckling
876 1518 7 21 i
898 1517 49 22 vårt
962 1518 58 21 land.
