1117 1773
220 131 43 19 410
520 129 89 18 Maalisk.
624 130 22 17 29
659 134 19 18 p.

190 182 49 22 icke
263 189 38 15 ens
326 183 114 28 föredrogs
464 184 35 21 till
522 184 86 27 slutligt
632 183 129 28 afgörande.
792 182 44 22 Vid
852 183 160 22 ständermötet

190 212 92 22 väcktes
305 212 48 23 åter
375 213 93 28 petition
491 213 32 22 uti
546 220 87 14 samma
656 213 59 28 syfte
735 213 26 21 af
774 212 165 23 universitetets
955 213 57 22 båda

190 244 185 26 representanter,
387 243 41 22 och
444 243 62 21 såväl
522 243 65 21 dessa
598 243 150 27 petitionärer,
759 249 49 15 som
818 243 115 26 utskottet,
945 243 65 22 fram-

190 272 66 27 höllo,
268 273 119 21 huruledes
401 273 104 28 samtliga
516 273 215 27 fackmyndigheter,
744 279 48 15 som
804 273 50 21 med
866 273 78 27 frågan
954 273 57 21 hade

189 302 57 28 tagit
269 303 132 27 befattning,
422 303 108 27 enhälligt
550 303 42 21 och
613 304 54 20 utan
683 302 256 28 meningsskiljaktighet
953 303 58 21 hade

190 332 117 28 föreslagit
327 332 42 22 den
389 332 84 28 åtgärd,
490 339 36 15 om
547 332 91 22 hvilken
655 339 50 15 man
721 339 31 15 nu
767 332 167 28 petitionerade.
965 332 45 22 Här

190 368 40 15 var
250 362 87 21 således
353 362 47 22 från
416 362 132 22 ständernas
563 362 49 22 sida
628 362 79 22 endast
722 362 63 28 fråga
803 368 35 16 om
854 364 33 20 att
902 362 62 28 gifva
978 364 33 19 ett

191 392 94 28 mäktigt
300 392 50 21 stöd
366 392 21 21 åt
403 398 27 16 en
446 392 150 28 uppfattning,
608 398 48 16 som
672 392 128 28 upprepade
811 392 84 28 gånger
905 392 42 22 och
958 394 53 20 utan

190 421 74 28 någon
288 422 255 28 meningsskiljaktighet
566 422 58 21 hade
644 422 61 28 gjort
720 422 35 28 sig
771 422 103 28 gällande
889 422 40 22 hos
945 424 65 20 samt-

190 451 45 28 liga
251 452 213 28 fackmyndigheter.

261 481 45 22 Det
321 488 30 15 nu
366 482 152 28 föreliggande
530 482 108 27 förslaget
648 482 41 21 har
699 488 28 15 en
737 482 48 21 helt
795 488 73 15 annan
879 482 130 21 förhistorie.

189 511 35 21 Då
247 511 84 28 frågan,
355 511 72 22 såsom
450 512 68 21 äfven
541 511 57 22 både
622 518 26 15 ur
666 511 122 28 petitionen
804 512 40 21 och
861 512 149 21 betänkandet

190 541 104 28 framgår,
310 541 150 22 behandlades
480 542 27 21 af
525 541 336 28 universitetsmyndigheterna,
877 542 79 27 gjorde
976 542 35 27 sig

189 571 121 27 ingalunda
329 577 28 16 en
373 572 96 27 enhällig
484 571 58 28 åsigt
557 571 105 28 gällande
677 571 139 22 beträffande
832 571 178 22 önskvärdheten

190 601 51 21 utaf
262 601 43 21 den
329 601 129 28 exegetiska
480 601 166 28 professionens
670 601 95 28 delning.
798 601 136 28 Visserligen
957 607 52 16 voro

189 631 104 27 samtliga
309 631 54 21 eller
379 631 131 22 åtminstone
526 632 54 21 nära
597 631 27 28 på
636 631 103 28 samtliga
750 631 126 22 konsistorii
887 631 122 22 ledamöter

189 666 53 15 ense
266 667 36 15 om
325 661 106 22 behofvet
454 661 50 22 utaf
526 661 107 22 förökade
654 661 159 21 lärarekrafter
834 661 37 21 vid
887 661 123 28 teologiska

190 690 131 27 fakulteten,
332 697 51 15 men
398 691 109 21 huruvida
523 691 62 21 detta
601 691 70 21 behof
684 691 127 28 lämpligast
826 691 41 21 och
879 691 49 22 bäst
938 691 71 21 skulle

189 720 130 27 tillgodoses
339 727 80 21 genom
440 721 136 21 inrättandet
594 721 26 21 af
634 727 28 15 en
678 721 60 27 dylik
755 721 108 21 ordinarie
880 721 128 27 profession,

189 749 77 22 derom
286 756 54 15 voro
362 750 110 29 åsigterna
492 751 40 21 allt
549 752 68 20 annat
632 752 29 19 än
677 751 152 27 enstämmiga.
861 751 43 21 Vid
921 750 88 28 frågans

190 779 71 22 första
276 780 135 28 behandling
426 781 108 21 stannade
551 781 109 27 förslaget
674 787 35 14 om
723 780 90 28 delning
823 781 26 21 af
857 780 152 28 professionen

189 809 32 21 uti
237 809 118 22 minoritet.
381 813 26 18 12
424 811 50 20 utaf
488 813 27 18 22
532 810 127 22 konsistorii
675 810 145 21 medlemmar
835 810 82 27 ansågo
928 811 33 20 att
972 810 37 21 det

189 839 94 22 afsedda
306 839 124 22 ändamålet
453 840 49 21 icke
522 840 28 28 på
566 842 32 19 ett
614 840 101 27 lämpligt
731 841 45 20 sätt
791 840 72 21 skulle
879 840 77 21 vinnas
973 846 35 21 ge-

188 875 52 15 nom
265 870 165 27 professionens
453 870 96 28 delning,
574 872 54 20 utan
651 870 72 21 bättre
746 869 73 22 skulle
842 869 63 22 ernäs
929 875 80 23 genom

188 898 137 22 inrättandet
347 900 51 21 utaf
418 900 163 28 lärareplatser,
607 900 94 21 afsedda
724 900 35 21 för
781 906 71 22 yngre
876 900 71 21 lärare
968 900 40 21 och

189 934 61 16 mera
267 929 35 21 för
318 929 43 22 den
376 930 96 27 primära
488 930 194 27 undervisningen,
699 930 145 27 hvarigenom
859 930 127 27 professorn
1002 930 6 20 i

189 959 106 27 exegetik
317 959 72 21 skulle
412 960 82 21 befrias
518 959 57 22 ifrån
594 960 73 21 denna
682 960 97 27 primära
795 959 158 27 undervisning
968 959 40 21 och

189 988 70 22 blifva
281 988 8 22 i
312 988 88 22 tillfälle
423 990 33 20 att
478 996 58 21 egna
559 990 34 27 sig
616 989 22 21 åt
660 989 34 21 sin
713 989 112 28 egentliga
841 989 168 27 vetenskapliga

188 1018 149 22 verksamhet.
362 1018 78 22 Denna
456 1019 144 28 uppfattning
610 1019 97 26 delades,
719 1025 49 15 som
777 1019 40 27 jag
828 1019 68 21 redan
906 1018 102 27 nämnde,

188 1048 26 21 af
234 1048 175 27 pluraraliteten,
430 1049 42 21 och
494 1049 75 21 ibland
593 1049 73 21 denna
688 1048 114 28 pluralitet
824 1048 35 22 mä
873 1048 40 28 jag
928 1049 80 21 nämna

188 1078 168 26 professorerna
379 1078 74 26 Cleve,
477 1078 110 28 Ahlqvist,
611 1078 126 22 dåvarande
760 1078 112 28 professor
896 1078 112 27 Forsman,

188 1113 93 15 numera
301 1110 89 19 senator
410 1108 186 27 Yrjö-Koskinen,
615 1108 132 26 Johansson,
763 1108 56 22 Rein
839 1108 41 22 och
899 1108 110 28 åtskilliga

188 1137 76 21 andra.
288 1136 35 22 De
338 1138 144 27 synpunkter,
494 1144 47 16 som
558 1138 77 21 dervid
649 1138 59 21 inom
725 1138 72 21 denna
808 1138 113 28 pluralitet
931 1138 79 27 gjorde

188 1166 35 28 sig
237 1166 112 28 gällande,
360 1173 53 15 voro
429 1168 34 26 de,
475 1169 33 20 att
524 1167 68 22 målet
607 1168 73 21 bättre
696 1167 72 22 skulle
784 1168 77 21 vinnas
877 1173 81 21 genom
973 1173 36 15 an-

188 1196 121 22 ställandet
329 1196 39 22 vid
388 1197 124 22 fakulteten
532 1198 52 21 utaf
598 1203 72 22 yngre
685 1197 164 21 lärarekrafter.
881 1196 45 22 När
941 1196 68 22 sedan

188 1226 51 21 hela
255 1226 79 28 frågan
349 1232 37 16 om
402 1227 138 21 föreslående
556 1228 26 20 af
595 1233 45 21 nya
654 1227 149 27 professioner
814 1226 195 22 slutbehandlades

189 1255 40 22 och
253 1256 38 21 det
315 1256 76 21 visade
414 1256 40 28 sig,
476 1258 32 20 att
532 1257 104 27 samtliga
660 1256 71 28 öfriga
752 1256 84 28 förslag
859 1256 57 22 hade
932 1256 78 21 vunnit

188 1286 121 26 majoritet,
331 1286 24 21 så
378 1286 96 21 ändrade
498 1286 37 22 två
556 1286 146 22 medlemmar
725 1286 48 22 sina
795 1288 53 20 vota
871 1286 138 21 beträffande

188 1315 154 27 professionen
366 1316 7 20 i
396 1316 104 28 exegetik
524 1316 101 26 emedan,
642 1316 28 21 då
693 1316 44 21 alla
753 1316 69 21 andra
838 1316 84 27 förslag
938 1315 71 21 skulle

188 1344 151 22 öfverlemnas
362 1345 33 21 till
419 1346 129 27 afgörande,
568 1346 68 21 äfven
652 1346 61 21 detta
729 1346 85 27 förslag
829 1352 36 15 om
881 1345 90 27 delning
986 1345 26 21 af

188 1374 43 21 den
255 1375 131 27 exegetiska
409 1376 153 27 professionen
585 1376 26 21 af
629 1376 51 21 dem
703 1375 80 28 ansågs
807 1375 53 21 böra
881 1375 55 27 följa
951 1374 57 22 med.

188 1403 45 22 När
249 1404 79 28 frågan
344 1404 150 22 behandlades
510 1406 26 20 af
549 1405 165 26 konsistorium,
726 1405 99 21 förefans
841 1404 93 22 sålunda
949 1404 59 28 inga-

187 1433 69 22 lunda
277 1434 179 28 enstämmighet,
474 1436 54 20 utan
548 1434 68 22 rådde
637 1436 97 20 tvärtom
754 1436 47 20 stor
816 1434 192 28 meningsolikhet.

260 1463 36 21 Nu
319 1464 66 27 säger
406 1464 109 22 utskottet
537 1464 28 28 pä
581 1464 63 22 sidan
662 1467 12 19 6
690 1464 7 22 i
712 1464 160 22 betänkandet:
907 1464 102 25 ,Samma

187 1492 76 27 motiv,
281 1499 49 16 som
351 1494 69 21 redan
436 1494 35 21 för
488 1494 84 22 femton
588 1494 24 21 år
628 1494 69 22 sedan
712 1494 116 21 bestämde
844 1493 164 22 universitetets

187 1522 159 22 konsistorium
361 1524 34 20 att
409 1524 119 22 hemställa
543 1530 37 16 om
596 1524 90 28 delning
701 1524 26 21 af
740 1524 154 28 professionen
909 1523 7 21 i
929 1523 81 22 biblisk
