1117 1773
223 134 42 20 524
533 132 85 18 Huhtik.
633 132 21 18 13
668 137 18 17 p.

192 186 87 22 suuden
301 185 271 28 ehkäisemistoimissaan,
595 186 136 22 huomaavat
755 185 108 23 olevansa
885 186 56 22 siinä
963 185 52 22 väli-

192 215 102 27 kädessä,
317 216 46 21 että
387 216 58 22 ehkä
468 217 113 21 saattavat
603 216 85 22 itsensä
709 215 122 29 syypääksi
846 216 170 28 rangaistavaan

191 245 125 28 yksityisen
336 246 118 28 vapauden
469 246 147 22 sortamiseen
630 246 48 22 tahi
693 246 52 22 sitte
761 247 114 21 osottavat
889 245 127 23 semmoista

192 274 121 22 velttoutta
335 276 195 28 menettelyssään,
550 276 56 28 joka
621 276 21 21 ei
657 276 131 22 ainoastaan
804 276 98 28 synnytä
916 276 100 27 ylenkat-

193 306 59 20 setta
274 305 60 22 lakia
355 306 25 27 ja
394 312 40 16 sen
449 306 111 28 käyttäjiä
576 306 105 27 kohtaan,
696 312 60 16 vaan
771 305 66 22 tekee
853 312 40 15 sen
907 306 108 21 tarkotus-

193 335 108 27 peränkin
329 336 174 21 saavuttamisen
533 336 194 26 mahdottomaksi,
753 335 70 28 johon
852 335 45 22 laki
922 335 91 28 pyrkii.*

193 364 104 22 Tältäkin
312 365 106 22 kannalta
432 366 39 21 siis
486 365 48 22 asia
549 365 126 22 mielestäni
690 365 94 28 kaipaisi
799 372 65 21 apua.
894 365 70 22 Mutta
980 371 36 15 en-

193 394 99 22 nenkuin
312 401 58 22 apua
389 395 96 22 voidaan
500 397 74 24 antaa,
590 401 29 15 on
634 395 86 28 tietysti
735 396 134 21 tunnettava
885 396 64 27 paha,
963 395 53 28 joka

193 430 29 16 on
241 424 140 28 poistettava.
413 425 59 22 Minä
486 425 126 28 puolestani
628 431 29 16 en
672 425 55 22 usko
743 426 48 21 että
807 425 96 27 hallitus,
918 426 35 27 jos
969 426 47 20 sää-

193 454 41 29 dyt
257 454 81 23 kerran
360 455 170 22 huomauttavat
552 455 50 22 sille
624 457 48 20 tätä
695 456 68 26 asiaa,
786 461 28 16 on
837 455 46 22 niin
898 457 117 24 neuvoton,

193 485 54 21 kuin
262 485 86 28 yleisen
363 485 234 22 valitusvaliokunnan
612 485 131 22 enemmistö
760 491 30 16 on
805 485 62 22 ollut.

264 515 93 22 Muuten
379 521 28 16 on
430 515 120 28 professori
573 515 108 22 Forsman
705 516 96 21 sanonut
820 515 61 28 juuri
901 521 46 20 sen,
963 514 53 22 mitä

194 544 115 22 minunkin
324 545 40 28 piti
379 545 157 22 vastalauseen
551 551 89 22 ponnen
656 545 145 28 loppuosasta
811 551 74 16 sanoa.
909 545 39 22 Jos
958 551 58 15 vaan

193 574 160 29 pyydettäisiin
373 575 150 22 tilastollisten
543 575 94 28 tietojen
658 575 157 27 hankkimista,
832 575 45 22 niin
892 575 61 21 tämä
968 574 48 22 olisi

194 604 125 22 mielestäni
334 605 67 22 kovin
417 605 134 22 vaillinaista
564 605 26 28 ja
604 605 164 28 puutteellista;
783 611 89 22 ponnen
881 605 135 28 jälkimäistä

193 634 78 28 puolta
295 634 20 22 ei
338 635 38 21 siis
395 635 34 22 ole
448 635 113 28 jätettävä
584 635 128 22 mitenkään
727 635 57 28 pois,
799 635 51 21 sillä
865 635 69 22 kuten
949 634 67 21 täällä

194 670 29 16 on
241 665 24 26 jo
285 665 96 26 sanottu,
397 665 21 21 ei
432 665 57 27 sillä,
505 666 48 21 että
568 665 129 28 pyydetään
712 665 170 28 toimenpiteitä,
898 664 118 22 tarkoiteta

194 694 131 21 muistuttaa
345 695 115 21 hallitusta
480 695 76 22 lakien
571 695 180 22 noudattamisen
767 695 160 21 tarkemmasta
942 694 74 21 valvo-

194 724 98 27 misesta,
315 724 51 21 sillä
387 725 136 21 tämmöinen
547 725 120 21 muistutus
691 731 28 15 on
741 725 133 27 sopimaton,
895 731 25 15 se
935 724 45 21 kun
996 724 20 21 ei

185 755 102 26 perustu
306 754 127 22 mihinkään
454 754 144 22 tosiasioihin.
629 754 27 22 Ei
676 755 124 27 myöskään
816 755 35 21 ole
867 754 93 28 ajateltu
976 753 40 22 eri-

193 783 218 23 koislainsäädäntöä
436 784 139 22 mustalaisia
600 784 104 27 kohtaan,
723 791 60 15 vaan
809 784 92 27 yleensä
925 783 91 22 toimen-

194 813 85 28 pidettä
302 813 105 27 sellaista,
429 815 69 26 johon
514 814 98 27 hallitus,
629 815 120 20 saatuansa
764 814 105 27 tarkkoja
884 813 132 22 tilastollisia

193 843 80 28 tietoja
293 843 163 28 mustalaisista,
473 844 72 21 näkee
564 844 81 21 olevan
660 845 67 26 syytä
742 844 89 27 ryhtyä.
848 856 29 3 —
893 843 81 22 Selvää
988 849 29 15 on

194 874 47 20 että
257 873 119 29 puolustan
391 873 130 23 mietintöön
536 874 98 28 liitettyä
649 874 169 22 vastalausetta.

194 938 54 16 ense
271 933 84 27 derom,
375 935 34 20 att
428 934 50 22 icke
493 934 41 21 allt
548 934 80 21 socialt
644 934 53 21 ondt
712 934 45 21 kan
773 934 64 21 botas
852 939 81 22 genom
948 933 68 28 lagar.

194 962 44 28 Jag
253 963 40 21 ber
308 963 69 21 likväl
393 963 22 22 fä
430 963 123 27 framhälla,
565 965 33 20 att
614 964 7 20 i
636 964 123 28 petitionen
775 964 75 27 säges:
867 963 85 26 ,denna
962 962 55 22 folk-

194 994 58 20 stam
268 993 80 22 fortfar
364 993 39 21 allt
418 994 60 21 ännu
492 994 51 21 med
560 993 38 21 sitt
614 993 121 28 sysslolösa
744 992 158 29 vagabond-lif
909 992 42 22 och
961 994 55 26 stry-

193 1022 41 22 ker
259 1022 160 28 väldgästande
442 1023 72 28 ikring
538 1022 49 22 frän
609 1023 61 21 trakt
692 1023 34 21 till
744 1023 68 21 trakt.
844 1022 50 22 Men
909 1022 49 22 icke
973 1028 44 22 nog

194 1052 92 22 dermed
310 1054 33 20 att
365 1052 118 28 zigenarne
504 1054 102 27 utpressa
622 1053 55 21 eller
691 1052 66 22 röfva
773 1052 23 22 ät
811 1052 34 28 sig
860 1052 41 22 allt
915 1052 59 21 hvad
990 1052 27 21 de

193 1081 77 22 kunna
293 1082 90 22 komma
405 1082 70 27 öfver,
492 1083 27 21 de
535 1082 102 22 medföra
653 1083 114 21 dessutom
783 1082 129 28 betänkliga
927 1081 68 23 vädor
1010 1082 8 21 i

194 1111 94 22 sanitärt
310 1112 133 26 hänseende,
465 1112 129 29 derigenom
617 1114 34 20 att
669 1112 28 22 de
712 1112 49 22 ofta
776 1113 39 21 äro
831 1111 120 23 behäftade
966 1111 51 22 med

193 1141 164 22 smittosamma
379 1142 137 27 sjukdomar,
536 1142 77 22 hvilka
636 1148 80 22 genom
737 1142 53 21 dem
805 1142 68 21 vinna
888 1143 46 20 stor
949 1141 68 28 sprid-

193 1170 61 28 ning.
285 1170 98 23 Sälunda
406 1172 79 28 utgöra
507 1172 119 28 zigenarne
646 1172 51 21 med
717 1172 49 21 sina
786 1171 123 22 förvirrade
925 1171 92 21 rättsbe-

195 1206 70 22 grepp
281 1207 28 15 en
325 1201 86 28 verklig
426 1202 80 21 skräck
522 1202 36 21 för
568 1202 44 21 den
622 1202 72 21 finska
704 1201 90 22 bonden
804 1201 8 21 i
822 1201 56 21 hans
889 1200 128 28 oskyddade

194 1230 167 22 Ödemarkslif*.
391 1231 38 21 Ett
444 1231 79 22 sådant
538 1231 139 22 förhållande
693 1237 66 15 anser
772 1231 41 27 jag
828 1232 74 20 staten
917 1230 101 27 omöjligt

193 1260 77 21 kunna
293 1260 74 22 lemna
389 1262 53 20 utan
464 1261 68 28 nägot
556 1261 112 21 afseende.
699 1260 81 22 Staten
796 1262 25 20 är
836 1260 79 28 pliktig
931 1261 32 20 att
977 1260 41 21 här

193 1289 93 29 vidtaga
304 1290 73 27 nägon
392 1290 60 28 slags
467 1290 85 29 ätgärd,
569 1291 42 21 och
627 1291 38 21 det
680 1290 35 22 mä
730 1296 32 16 nu
778 1290 71 22 sedan
863 1290 54 22 bero
932 1289 28 29 pä
975 1291 43 19 sta-

194 1320 38 20 ten
253 1320 60 27 sjelf,
329 1320 90 22 hvilken
434 1320 78 28 ätgärd
528 1320 43 22 den
588 1326 65 16 anser
668 1326 54 16 vara
737 1320 46 21 den
798 1320 147 28 lämpligaste.
975 1319 43 27 Jag

193 1349 148 22 understöder
357 1350 74 21 derför
446 1350 137 28 fullkomligt
598 1350 185 28 petitionärernas
797 1350 106 27 begäran,
914 1350 33 20 att
956 1354 62 22 rege-

193 1378 79 28 ringen
295 1379 69 22 mätte
386 1380 92 28 vidtaga
500 1379 70 29 nägra
589 1380 104 28 ätgärder
707 1380 36 21 för
758 1379 146 22 hämmandet
919 1378 26 22 af
957 1378 61 22 detta

193 1408 66 22 onda.
290 1408 118 29 Landtdag
431 1410 58 21 efter
511 1410 108 27 landtdag
642 1410 41 21 har
704 1409 35 22 till
753 1409 135 28 regeringen
903 1408 42 22 och
961 1408 57 21 stän-

194 1438 71 22 derna
281 1438 49 22 frän
346 1439 59 21 olika
420 1439 62 21 delar
497 1439 94 22 kommit
606 1439 98 28 begäran
720 1445 37 15 om
767 1438 64 28 hjelp
842 1438 35 22 för
888 1438 129 22 detsamma.

193 1467 46 22 Det
254 1468 25 21 är
294 1468 65 22 härdt
374 1470 33 20 att
421 1468 69 29 härpä
501 1468 23 22 fä
533 1470 85 20 svaret:
632 1469 73 27 ,hjelp
716 1474 25 16 er
751 1468 61 28 sjelf,
823 1468 23 22 vi
856 1468 75 22 kunna
941 1468 76 21 intet*.

265 1498 76 28 Piispa
364 1495 98 30 Räbergh:
486 1499 43 27 Jag
549 1500 25 20 är
594 1504 54 16 ense
663 1498 51 22 med
729 1498 56 22 flere
801 1498 27 21 af
841 1498 27 21 de
884 1496 133 29 föregäende

192 1527 103 22 talarena
310 1528 79 27 deruti,
405 1529 33 21 att
454 1528 38 22 det
507 1534 53 16 vore
576 1529 59 21 orätt
650 1530 33 20 att
693 1528 134 28 petitionera
837 1534 37 15 om
885 1533 28 16 en
924 1527 93 22 särskild
