1117 1773
229 124 42 20 414
532 123 88 18 Maalisk.
634 123 23 18 29
670 128 18 17 p.

199 176 46 28 mig
268 176 75 22 derför
366 183 53 15 vara
440 183 28 15 en
490 177 124 21 hederssak
637 176 35 22 för
693 176 106 22 Finlands
822 176 140 27 prestestånd
982 178 38 24 att,

200 206 141 22 erkännande
362 207 43 21 den
424 206 72 22 finska
515 207 265 27 bibelöfversättningens
795 206 117 27 betydelse
929 206 35 22 för
978 206 43 21 den

199 236 73 22 finska
288 236 110 27 kulturen,
415 236 105 22 särskildt
536 236 136 22 understöda
683 236 72 22 denna
767 235 100 29 petition,
878 242 49 16 som
937 236 85 28 åsyftar

200 267 33 20 att
253 266 132 28 möjliggöra
406 268 32 20 ett
454 267 90 21 fortsatt
559 266 77 22 arbete
653 266 35 22 för
703 266 72 22 denna
791 265 229 28 bibelöfversättning,

200 295 24 22 så
249 297 33 20 att
305 296 129 22 densamma
456 296 69 22 äfven
541 296 35 22 för
593 296 118 22 framtiden
727 296 36 21 må
778 296 111 21 bibehålla
906 296 42 21 den
963 296 58 27 plats

200 326 129 21 densamma
356 326 7 21 i
387 326 42 22 den
454 326 72 22 finska
550 326 130 22 literaturen
703 326 49 21 haft
775 326 42 21 och
840 325 119 28 rätteligen
982 325 41 22 bör

199 356 76 21 hafva.

271 385 45 21 Det
337 386 40 21 har
393 386 74 21 blifvit
482 386 109 26 anmärkt,
608 387 33 20 att
658 386 119 21 utskottets
793 385 61 22 kläm
870 386 25 20 är
910 385 26 21 af
949 385 72 27 oskyl-

201 415 37 28 dig
254 417 41 24 art,
312 416 41 21 och
369 416 61 21 detta
446 417 24 20 är
484 416 26 27 ju
526 416 84 27 riktigt.
642 416 51 21 Man
708 416 70 27 begär
793 415 49 21 icke
858 415 97 27 mycket,
971 421 50 15 men

200 451 53 16 man
268 445 39 22 vill
323 445 56 22 dock
395 446 53 28 göra
464 446 133 28 regeringen
613 446 157 27 uppmärksam
787 445 34 28 på,
833 447 33 20 att
876 445 73 22 denna
960 444 62 29 fråga

201 476 24 20 är
247 481 29 16 en
294 475 101 28 lifsfråga
411 475 34 22 för
460 476 87 27 kyrkan
564 476 41 21 och
622 476 35 21 för
672 476 43 21 den
731 475 164 22 fosterländska
911 475 109 22 kulturen.

200 505 111 22 Hvarföre
335 505 57 22 skall
415 512 52 15 man
482 505 28 22 då
525 505 118 28 gendrifva
660 512 27 15 en
703 505 24 22 så
742 505 66 22 enkel
825 505 41 22 och
882 505 139 28 anspråkslös

200 535 114 27 begäran?

273 565 44 21 Det
332 565 40 21 har
388 565 67 22 äfven
470 565 74 22 blifvit
561 565 133 26 framhållet,
706 565 41 22 och
763 565 114 28 professor
891 565 131 27 Runebergs

201 595 114 20 uttalande
339 595 51 27 gick
413 595 104 22 särskildt
540 595 7 22 i
571 595 43 22 den
637 595 103 28 riktning,
763 596 33 20 att
815 595 28 20 de
859 595 26 21 af
898 595 124 21 fakulteten

201 625 100 21 uttalade
323 624 112 22 behofven
458 625 74 22 blifvit
554 625 163 28 tillgodosedda
740 631 81 22 genom
843 624 135 21 inrättandet
999 624 25 21 af

201 655 43 21 den
270 654 238 28 språkmästaretjenst,
532 661 49 15 som
607 661 29 15 nu
663 655 118 21 förefinnes
808 654 59 21 inom
891 654 130 26 fakulteten,

201 684 113 28 nämligen
330 684 150 27 adjunkturen
495 685 33 21 uti
544 685 43 21 den
603 685 75 27 heliga
693 685 76 21 skrifts
786 684 145 28 grundspräk.
963 683 58 22 Dok-

201 716 35 19 tor
252 714 133 21 Gummerus
401 715 40 21 har
456 715 69 21 redan
540 715 106 21 besvarat
662 714 113 28 professor
790 714 131 27 Runebergs
932 713 89 22 invänd-

201 744 80 27 ningar
303 744 7 21 i
334 744 61 21 detta
416 745 113 26 afseende,
546 745 71 20 ehuru
632 745 113 27 professor
760 744 131 27 Runebergs
908 743 114 22 uttalande

201 774 85 21 skedde
301 780 79 15 senare
396 775 28 20 än
440 774 79 21 doktor
535 774 148 21 Gummerus”.
708 774 50 21 Den
773 780 48 15 som
836 773 57 22 skall
904 773 118 21 undervisa

201 804 102 21 alumner
318 803 33 22 uti
366 804 117 21 hebreiska
499 804 41 21 och
557 804 105 27 grekiska
677 803 101 28 spräken,
791 809 53 22 eger
859 803 36 21 väl
912 809 27 15 en
951 809 71 15 annan

202 833 91 28 uppgift
316 834 28 20 än
368 833 43 22 den
433 834 169 27 vetenskapliga
618 835 117 26 exegeten,
751 833 67 22 hvars
836 832 98 29 göromäl
951 834 24 19 är
990 834 32 19 att

201 864 80 27 tränga
304 863 22 21 in
349 863 7 21 i
379 863 43 22 den
445 864 130 28 gudomliga
598 863 123 29 sanningen
742 863 35 22 för
795 864 34 20 att
844 862 97 21 derifrän
957 863 65 21 fram-

201 894 76 20 hemta
293 895 50 25 nytt
359 894 41 21 och
415 894 108 27 gammalt
539 894 35 21 för
590 894 62 21 Guds
669 893 53 26 rike,
734 893 73 22 säsom
821 899 28 15 en
860 892 114 22 skriftlärd
985 893 37 21 det

201 922 40 22 bör
257 923 60 28 göra.
971 936 2 2 :

274 952 69 22 Innan
361 953 40 27 jag
421 953 76 27 slutar,
513 953 39 21 vill
567 954 40 26 jag
623 954 59 20 ännu
698 953 51 21 med
764 952 70 28 några
849 952 40 22 ord
905 953 117 20 omnämna

201 982 28 21 de
247 983 170 26 reservationer,
433 989 47 15 som
496 984 38 20 äro
551 983 105 27 bifogade
672 982 157 22 betänkandet.
861 982 43 27 Jag
919 981 40 28 går
974 982 48 21 icke

201 1012 22 21 in
243 1012 7 22 i
272 1012 76 28 detalj,
365 1012 93 22 emedan
478 1019 28 15 en
527 1012 69 22 sådan
617 1012 206 28 detaljgranskning
839 1012 75 21 blefve
930 1012 91 26 pinsam,

201 1048 52 15 men
275 1042 38 21 det
328 1048 67 22 synes
411 1042 51 28 mig,
479 1048 47 16 som
543 1048 36 16 om
596 1042 64 22 dessa
677 1042 162 22 reservationer
854 1042 7 21 i
877 1041 82 27 sjelfva
974 1047 48 15 ver-

201 1072 38 20 ket
254 1071 29 28 på
299 1072 37 21 det
351 1073 58 20 mest
423 1072 63 22 klara
501 1073 45 21 sätt
561 1072 83 26 bevisa,
656 1073 34 20 att
704 1072 164 27 presteståndet
884 1071 40 21 bör
938 1071 84 21 skänka

201 1102 74 20 denna
297 1101 62 27 fråga
379 1102 38 21 sitt
433 1102 93 21 odelade
542 1102 128 26 understöd,
686 1103 25 26 ty
727 1102 65 21 dessa
807 1100 163 22 reservationer
985 1107 37 21 ge-

200 1131 93 28 nomgås
313 1132 26 20 af
358 1137 28 16 en
401 1132 89 27 afgjord
506 1132 94 21 tendens
616 1133 33 20 att
665 1131 107 22 missakta
788 1131 43 21 den
846 1130 125 28 teologiska
985 1136 37 15 ve-

201 1161 125 28 tenskapen
349 1162 42 20 och
414 1162 104 21 särskildt
534 1162 144 27 forskningen
694 1160 27 28 på
737 1161 42 21 den
795 1160 131 28 gudomliga
941 1166 81 21 uppen-

200 1190 116 22 barelsens
339 1190 95 22 område.
467 1191 75 21 Under
563 1191 83 21 sådana
667 1190 154 22 förhållanden
841 1196 68 21 synes
925 1190 38 20 det
977 1190 45 27 mig

200 1226 55 16 vara
278 1220 103 28 riktigast
404 1222 32 20 att
459 1220 170 28 presteståndet,
651 1221 67 21 äfven
741 1226 36 16 om
801 1220 28 21 de
845 1219 70 22 andra
931 1218 91 22 stånden

200 1249 50 22 icke
274 1252 81 26 antoge
379 1250 72 22 denna
474 1251 100 27 petition,
596 1250 56 22 dock
676 1250 39 21 bör
738 1250 55 28 göra
817 1250 43 20 den
882 1249 34 21 till
932 1248 34 22 sin
981 1249 41 21 och

201 1280 129 28 derigenom
347 1280 89 28 inlägga
452 1282 32 20 ett
499 1280 139 22 vittnesbörd
655 1280 35 22 för
705 1280 43 21 den
764 1280 26 21 af
800 1279 107 21 historien
918 1278 104 22 bevisade

201 1310 131 28 sanningen,
355 1311 33 20 att
411 1310 144 28 forskningen
578 1310 33 21 uti
634 1310 62 21 Guds
712 1309 158 28 uppenbarade
887 1308 39 22 ord
943 1309 24 20 är
982 1308 40 21 och

201 1339 79 21 förblir
295 1341 32 19 ett
342 1340 110 21 lifsvilkor
468 1340 34 21 för
518 1340 87 27 kyrkan
620 1340 41 21 och
679 1339 34 21 för
728 1339 43 21 den
787 1338 104 28 kyrkliga
907 1338 115 21 vetenska-

200 1374 51 22 pen,
273 1370 58 20 samt
352 1370 87 21 derföre
460 1370 68 21 äfven
551 1371 33 19 ett
606 1369 110 21 lifsvilkor
741 1369 35 21 för
799 1369 28 21 de
850 1367 173 29 protestantiska

200 1398 143 22 nationernas
365 1399 41 21 och
422 1399 104 21 särskildt
543 1399 35 21 för
593 1399 27 21 de
636 1398 48 22 små
698 1398 142 22 nationernas
856 1398 32 26 lif,
905 1397 41 21 och
963 1397 60 21 detta

200 1428 29 21 lif
250 1428 37 21 må
309 1435 52 15 man
383 1429 49 21 icke
451 1429 55 21 söka
522 1430 32 20 att
570 1429 82 21 släcka.
684 1428 43 28 Jag
742 1428 147 21 understöder
905 1427 7 21 i
928 1427 43 21 allo
987 1427 35 21 be-

200 1458 129 21 tänkandet.
362 1458 60 27 (Bra!
446 1458 62 27 Bra!)
774 1466 2 2 :

274 1488 138 27 Yliopettaja
432 1488 97 22 Kihlman:
552 1488 52 21 Man
624 1488 44 21 kan
688 1494 54 15 vara
763 1488 26 20 af
805 1487 60 21 olika
881 1486 90 27 mening
986 1493 36 15 an-

200 1516 87 28 gående
303 1517 161 28 lämpligheten
480 1518 25 22 af
518 1519 33 20 att
567 1518 73 21 denna
650 1518 93 27 petition
754 1517 74 21 blifvit
839 1516 72 22 väckt.
935 1516 43 28 Jag
989 1516 34 22 för
