1117 1773
432 120 85 18 Huhtik.
532 120 22 18 18
568 125 18 17 p.
848 123 41 20 541

95 175 86 23 hvilket
196 174 69 22 äfven
280 175 43 23 den
338 181 31 16 nu
385 174 93 22 anförda
494 174 128 22 statistiken
637 174 92 22 utvisar.
753 169 168 33 Ängsmaskens

95 205 130 28 härjningar
247 205 64 22 torde
332 204 86 29 ganska
432 204 50 22 litet
496 204 78 22 kunna
588 204 82 21 häfvas
686 209 81 23 genom
783 205 138 28 experiment

96 236 26 21 af
136 235 43 21 den
193 234 162 28 beskaffenhet,
366 234 109 22 utskottet
491 233 101 27 föreslår,
603 233 96 22 emedan
709 234 96 21 orsaken
814 235 35 21 till
857 236 64 26 ängs-

96 265 104 22 maskens
217 264 123 22 förekomst
355 264 133 22 åtminstone
503 264 33 21 uti
552 263 71 22 Wasa
638 263 38 22 län
691 264 64 21 torde
770 270 55 16 vara
840 270 28 16 en
883 270 38 16 an-

96 301 45 16 nan
164 295 29 21 än
212 294 60 21 hvad
287 295 110 21 utskottet
413 293 111 22 förutsatt.
556 293 102 21 Orsaken
674 293 71 28 ligger
761 294 112 28 nämligen
889 293 33 22 uti

98 325 38 21 det
151 325 50 26 sätt,
213 323 28 29 på
256 323 85 23 hvilket
355 324 133 28 jordbruket
502 323 115 22 bedrifves
633 323 7 21 i
657 323 72 21 denna
745 323 107 21 landsdel.
876 323 46 21 Det

97 354 63 22 torde
179 360 54 15 vara
249 353 92 23 allmänt
356 353 76 27 kändt,
449 353 107 22 hurusom
572 352 28 28 på
615 354 90 20 senaste
720 352 58 22 tider
793 353 64 21 hafre
872 352 50 22 blif-

98 384 32 22 vit
151 390 28 15 en
199 384 26 21 af
244 383 28 21 de
293 385 58 20 mest
365 384 96 21 kuranta
476 382 174 29 exportartiklar
665 382 34 22 till
715 382 107 22 utlandet.
854 382 69 22 Detta

98 413 180 23 sakförhållande
291 413 71 27 jemte
378 413 43 21 den
436 413 52 21 med
504 412 80 28 hvarje
599 412 25 22 år
639 412 89 22 alltmer
743 412 119 28 uppdrifna
877 418 46 15 me-

96 443 143 29 jerirörelsen
249 442 40 22 har
300 442 131 23 åtminstone
445 442 4 22 i
459 442 71 23 Wasa
539 442 38 22 län
588 442 129 22 framkallat
728 443 33 21 ett
767 442 123 22 vidsträckt
898 441 25 22 så

99 475 33 20 att
142 473 53 28 såga
205 473 203 28 röfvarejordbruk.
430 472 51 22 Med
491 473 96 27 tillhjelp
599 472 25 22 af
633 472 37 21 eld
680 472 42 22 och
732 473 53 28 plog
795 473 41 21 har
845 472 8 22 i
861 472 62 22 detta

99 504 38 21 län
151 503 28 28 på
195 509 78 16 senare
284 502 57 22 tider
352 503 55 21 eller
417 502 133 23 åtminstone
561 502 70 22 sedan
642 501 24 22 år
678 505 55 19 1867
746 502 108 29 ofantliga
863 501 60 29 jord-

100 533 85 22 arealer
205 533 58 28 lagts
279 533 71 21 under
365 532 81 29 odling.
478 532 35 22 De
530 532 70 22 första
616 531 235 29 spanmålsskördarna
866 531 57 22 ifrån

100 563 65 22 dessa
179 563 139 28 upprödjade
334 563 41 21 och
391 562 84 22 brända
492 562 42 22 fält
549 563 39 20 äro
599 568 48 15 mer
658 562 55 21 eller
723 562 86 21 mindre
819 561 104 23 tillfreds-

100 593 115 22 ställande.
239 593 73 22 Dessa
327 592 42 22 fält
384 591 64 23 besås
463 592 70 21 sedan
548 592 52 21 med
616 591 64 22 höfrö
692 592 41 21 och
744 592 58 21 efter
812 593 34 20 att
855 591 69 22 hafva

100 623 84 22 lemnat
205 622 70 29 några
297 623 73 20 bättre
392 621 123 22 höskördar
536 621 151 22 öfverlemnas
703 621 28 22 de
746 621 22 22 åt
783 621 39 22 sitt
837 621 48 27 öde,
903 621 20 21 d.

100 659 21 15 v.
138 659 16 16 s.
171 653 28 22 de
214 653 71 21 blifva
301 652 68 21 sedan
384 651 139 22 tacksamma
538 651 82 22 härdar
637 651 35 22 för
682 651 43 22 den
736 651 113 22 såkallade
860 652 64 27 ängs-

101 683 98 21 masken.
223 682 50 22 Med
289 688 58 21 egna
363 681 57 28 ögon
435 681 41 22 har
489 682 41 27 jag
545 681 59 22 varit
618 681 8 22 i
641 681 90 22 tillfälle
746 682 33 21 att
789 681 134 26 konstatera,

101 713 105 21 hurusom
222 711 149 28 ängsmasken
385 711 74 28 härjat
474 711 84 22 sådana
574 711 127 28 öfvergifna
717 711 48 27 fält,
775 711 76 21 hvilka
865 710 61 22 odla-

101 748 40 15 ren
164 742 20 27 ej
209 747 48 16 mer
279 741 86 22 mäktat
383 741 59 22 hålla
456 741 8 22 i
479 741 117 22 växtkraft
611 741 101 21 hvarken
727 746 82 23 genom
824 739 101 23 artificiel

102 772 54 21 eller
178 771 97 28 naturlig
298 771 108 28 gödsling,
429 771 72 21 under
524 771 38 21 det
585 771 115 27 samtidigt
723 776 111 22 grannens
854 770 7 21 i
881 769 44 28 god

102 801 115 22 växtkraft
239 801 98 22 varande
360 801 42 22 fält
424 801 80 21 nästan
526 801 48 21 helt
594 801 42 21 och
651 799 70 22 hållet
736 800 117 22 förskonas
867 799 58 22 ifrån

104 831 141 28 allhärjaren,
269 830 154 29 ängsmasken.
454 830 46 22 Min
523 830 153 28 öfvertygelse
699 831 25 20 är
747 829 75 22 derför
841 831 39 25 att,
901 828 25 22 så

104 861 65 28 länge
188 861 132 28 jordbruket
335 860 8 21 i
358 860 27 21 de
400 860 134 27 landsdelar,
551 860 40 21 der
606 859 150 29 ängsmasken
772 859 155 28 förnämligast

104 891 155 27 förekommer,
275 890 100 22 befinner
390 890 34 28 sig
439 890 28 28 på
482 890 44 22 den
542 890 143 28 ståndpunkt,
694 890 38 21 det
743 890 34 21 för
787 888 139 23 närvarande

104 921 98 27 innehar,
213 920 138 28 experiment
367 920 26 22 af
405 920 41 22 här
461 920 85 28 antydd
562 920 156 22 beskaffenhet
733 919 52 28 föga
801 919 55 22 eller
871 919 56 21 intet

104 950 63 22 skola
185 951 90 21 uträtta.
306 950 44 28 Jag
365 950 39 22 vill
420 950 56 21 dock
491 950 50 22 icke
556 950 48 21 helt
620 950 41 21 och
677 949 68 22 hållet
761 950 105 21 motsätta
881 948 46 28 mig

104 980 44 22 alla
163 980 76 22 försök
254 980 7 22 i
277 980 44 21 den
335 980 98 28 riktning
448 980 110 21 utskottet
573 979 112 27 hänvisar,
697 985 51 15 men
763 980 46 20 tror
825 978 38 22 det
873 984 54 16 vara

104 1010 98 27 klokare,
226 1011 33 20 att
281 1011 60 20 ännu
364 1016 28 15 en
414 1010 32 21 tid
468 1010 77 21 hemta
568 1009 86 22 lärdom
676 1008 49 22 från
740 1008 48 22 vårt
803 1007 124 29 grannland

105 1040 98 28 Sverige,
225 1046 47 15 som
295 1039 132 22 åtminstone
450 1039 80 22 hittills
553 1039 94 21 kommit
662 1038 34 22 till
711 1040 59 20 rätta
785 1040 54 20 utan
854 1037 74 29 någon

105 1069 175 27 försöksstation,
302 1069 67 21 innan
390 1075 52 16 man
462 1069 87 22 skrider
569 1069 35 21 till
624 1068 104 28 åtgärder
743 1068 7 22 i
766 1068 24 22 så
805 1067 123 23 vidsträckt

105 1098 96 29 omfång,
222 1105 48 16 som
292 1099 109 21 utskottet
417 1098 99 22 föreslår.
547 1098 44 28 Jag
606 1098 45 22 kan
667 1098 75 22 derför
756 1098 34 22 till
806 1104 28 15 en
849 1097 80 27 början

106 1129 77 21 förena
208 1129 46 28 mig
279 1129 51 21 med
355 1129 112 27 professor
492 1128 122 22 Bonsdorff
639 1128 41 22 och
703 1127 147 23 understöder
872 1127 57 21 hans

106 1158 89 28 förslag.

177 1188 202 28 Tuomiokapitulin
389 1188 95 22 asessori
494 1188 124 22 Johansson:
634 1188 157 21 Valiokunnan
801 1186 128 29 ponsilause

106 1224 29 16 on
149 1219 68 27 tässä,
227 1218 100 22 niinkuin
343 1224 91 16 useassa
450 1218 130 22 muussakin
590 1217 155 28 tapauksessa,
756 1216 85 28 tietysti
851 1218 77 26 synty-

106 1249 40 27 nyt
162 1248 31 22 eri
209 1248 159 28 mielipiteiden
383 1248 83 27 yhteen
482 1247 176 22 sulattamisella.
691 1246 71 22 Mutta
777 1246 60 22 minä
852 1245 77 22 luulen

107 1278 53 21 ettei
179 1278 62 21 tämä
260 1278 126 28 ponsilause
402 1278 75 21 sisällä
492 1278 92 26 mitään,
598 1277 56 27 joka
668 1276 49 22 olisi
733 1276 140 22 ristiriidassa
889 1280 40 16 sen

106 1308 88 26 kanssa,
205 1308 54 21 mitä
273 1308 121 27 professori
409 1307 121 22 Bonsdorff
539 1307 69 21 täällä
618 1306 70 22 äsken
698 1306 79 22 lausui.
801 1306 39 21 Jos
850 1305 79 21 katsoo

107 1338 42 20 sitä
164 1337 85 27 laskua,
261 1337 60 22 mikä
335 1337 116 21 Ruotsissa
466 1337 115 21 arvellaan
596 1336 133 22 tämmöisen
739 1334 191 28 entomoloogisen

106 1367 144 21 koe-aseman
269 1367 99 21 kuntoon
387 1372 88 22 panoon
496 1367 117 26 menevän,
629 1366 46 22 niin
690 1366 96 21 huomaa
800 1364 63 28 kyllä
877 1364 53 28 pian

108 1397 45 21 että
180 1397 76 21 näihin
285 1396 110 22 laskuihin
418 1396 96 28 sisältyy
537 1396 144 28 suurimpana
702 1401 95 16 menona
820 1394 110 22 laitoksen

107 1426 156 27 rakennukset,
277 1426 64 28 jotka
357 1426 133 22 otaksutaan
501 1426 123 22 maksavan
636 1428 79 24 10,000
726 1425 108 21 kruunua.
856 1424 74 21 Valio-

107 1456 70 22 kunta
200 1456 20 22 ei
243 1456 35 22 ole
298 1456 69 21 tähän
381 1456 99 21 kohtaan
494 1456 90 21 nähden
600 1455 106 21 lausunut
721 1455 43 21 sitä
779 1454 50 22 eikä
844 1454 48 21 tätä
905 1453 26 27 ja

108 1485 76 22 minun
204 1485 189 28 ymmärtääkseni
409 1485 20 21 ei
445 1485 49 22 olisi
511 1485 127 26 mahdoton,
654 1484 115 22 siinäkään
784 1483 147 29 tapauksessa

108 1516 46 20 että
169 1515 193 28 entomolooginen
377 1515 129 21 koe-asema
520 1514 118 28 pantaisiin
648 1514 103 27 toimeen,
762 1513 72 22 aluksi
845 1514 86 20 asettaa
