1117 1773
219 119 42 19 746
520 117 84 18 Huhtik.
618 117 24 17 30
654 122 18 17 p.

186 170 45 28 Jag
249 170 79 28 gjorde
347 170 152 28 beräkningen
520 170 70 29 enligt
610 170 119 22 utskottets
745 170 122 28 anvisning.
899 170 43 28 Jag
955 170 49 22 bör-

185 200 54 28 jade
255 200 51 22 med
322 203 93 24 698,500
432 200 70 27 mark,
517 200 77 22 tillade
610 203 87 24 20,000,
713 200 145 28 hvarigenom
868 200 35 22 för
913 200 24 22 är
949 202 55 20 1893

184 229 86 22 erhölls
291 232 94 25 718,500
405 231 71 26 mark,
496 231 34 21 till
550 231 73 21 denna
642 236 87 16 summa
743 230 50 22 lade
807 230 40 28 jag
863 230 47 22 åter
925 232 79 25 20,000

188 260 63 21 mark
271 260 42 21 och
332 260 70 22 erhöll
421 260 93 22 sålunda
536 263 94 24 738,500
652 260 63 22 mark
736 260 34 22 för
790 260 23 21 år
835 262 66 25 1894;
925 260 35 22 för
981 259 24 22 är

190 292 56 19 1895
268 289 81 22 erhölls
369 296 80 22 genom
468 290 79 28 tillägg
562 290 26 22 af
602 292 80 24 20,000
697 290 64 21 mark
777 292 93 24 758,500
887 290 62 22 mark
963 289 41 22 och

188 319 35 21 för
243 318 24 22 är
289 322 56 19 1896
367 322 93 24 778,500
481 320 42 22 och
541 320 105 28 slutligen
662 320 35 21 för
712 320 23 21 är
752 322 56 19 1897
826 322 93 24 798,500
935 319 68 22 mark.

188 348 75 29 Enligt
289 349 72 22 denna
387 350 122 28 beräkning
535 350 72 21 skulle
633 349 86 22 således
741 350 78 26 inflyta
843 349 35 22 för
901 349 23 22 är
949 351 55 20 1895

189 381 102 25 758,500,
312 379 35 21 för
367 379 24 21 är
412 382 56 19 1896
491 382 94 24 778,500
604 380 42 21 och
662 379 34 22 för
712 379 23 21 är
753 382 55 18 1897
826 382 93 24 798,500
935 379 69 26 mark,

188 408 76 22 hvilka
285 415 98 16 summor
403 409 167 28 sammanlagda
590 409 55 29 göra
661 412 117 24 2,335,500
793 409 70 21 mark.
873 409 64 35 gJag
952 408 52 22 divi-

189 438 82 22 derade
287 438 61 22 detta
363 439 31 21 tal
410 440 49 21 med
475 442 20 24 3,
510 440 41 21 och
562 439 44 22 fick
616 439 92 22 sålunda
719 440 32 21 ett
762 439 104 21 medeltal
877 439 26 22 åf
912 441 92 25 778,500

190 468 62 21 mark
275 469 41 21 och
339 469 48 22 icke
409 469 37 22 det
466 470 26 21 af
510 469 109 22 utskottet
637 469 108 28 uppgifna
763 469 129 21 medeltalet
911 471 93 24 760,000

189 498 69 21 mark.
289 498 64 22 Flere
369 499 83 28 gänger
468 499 164 22 kontrollerade
645 500 41 27 jag
696 499 45 21 min
751 499 100 28 räkning,
863 499 93 21 emedan
965 499 40 27 jag

190 527 70 22 mäste
281 528 122 23 misstänka
422 531 34 20 att
476 529 73 22 denna
567 535 41 16 var
623 529 87 27 oriktig,
727 529 40 21 och
783 529 94 21 emedan
891 529 40 28 jag
945 529 7 20 i
968 528 38 21 det

189 557 88 28 längsta
286 558 70 22 mäste
364 560 34 20 tro
406 560 32 21 att
449 559 109 22 utskottet
568 559 49 22 icke
628 559 85 22 kunnat
723 559 7 21 i
740 559 39 21 sitt
789 558 140 22 betänkande
940 558 64 21 fram-

188 587 67 22 ställa
270 589 33 20 ett
318 589 111 26 medeltal,
445 595 49 16 som
509 589 49 22 icke
574 589 72 21 skulle
660 595 53 15 vara
726 588 78 28 riktigt
814 588 125 21 uträknadt.
962 588 43 27 Jag

191 617 53 22 fann
265 618 124 21 emellertid
407 619 49 21 icke
472 619 67 28 något
554 619 31 21 fel
601 619 7 21 i
624 619 45 21 min
685 618 99 28 räkning.
816 618 103 28 Troligen
935 617 70 28 ligger

188 647 58 22 dock
267 647 116 28 misstaget
403 648 12 21 å
436 649 46 21 min
502 649 54 26 sida,
578 649 70 21 ehuru
666 649 46 27 jag,
729 648 91 22 oaktadt
836 647 67 28 derpå
917 647 88 22 använd

190 677 82 27 dyrbar
292 677 37 27 tid,
349 678 49 21 icke
413 678 85 22 kunnat
513 679 60 21 finna
589 678 43 22 det.
664 678 162 22 Tidsförlusten
841 677 72 22 skulle
929 677 76 22 undvi-

189 707 50 26 kits,
261 713 36 15 om
316 707 108 22 utskottet
443 709 3 21 i
462 708 152 22 betänkandet
629 708 116 22 verkställt
761 707 157 28 beräkningen,
934 707 24 22 sä
973 708 33 20 att

189 736 38 21 det
242 737 58 21 varit
315 737 115 28 äskädligt,
446 739 57 21 huru
519 739 109 21 utskottet
644 737 92 23 kommit
751 737 34 22 till
801 737 38 22 sitt
854 737 99 22 resultat.
976 736 30 22 Sä

189 766 66 28 pläga
271 767 69 21 andra
355 767 85 22 utskott
455 768 89 22 förfara.

260 796 10 21 I
285 797 68 21 slutet
369 798 26 21 af
407 798 88 27 stycket
511 798 136 27 framlägger
662 797 109 22 utskottet
781 798 32 20 ett
823 797 72 27 tredje
906 796 98 22 siffertal.

189 825 115 22 Utskottet
324 828 75 27 säger:
417 828 195 25 ,totalinkomsten
628 827 26 22 af
668 827 42 22 den
725 827 7 22 i
747 826 80 28 nädiga
843 826 162 28 propositionen

189 855 127 28 föreslagna
331 857 144 22 maltskatten
490 857 40 22 bör
541 857 103 28 riktigast
653 857 110 22 beräknas
773 857 34 20 till
817 856 84 28 ärligen
912 858 92 24 950,000

191 885 84 22 mark”.
307 886 31 22 På
356 893 49 21 pag.
422 890 13 18 2
447 888 41 21 och
500 890 12 19 3
524 888 65 28 säges
600 887 56 21 åter:
675 887 86 28 ,Enligt
772 886 42 22 den
825 886 7 22 i
842 886 163 28 propositionen

188 915 109 27 ingäende
313 916 105 28 kalkylen
434 917 72 21 skulle
517 918 73 21 denna
600 916 202 28 skatteförhöjning
812 916 75 22 kunna
897 916 108 21 beräknas

188 944 103 29 inbringa
314 946 101 28 omkring
438 950 94 23 350,000
554 947 63 21 mark
637 947 7 21 i
665 946 105 22 medeltal
790 952 39 22 per
851 945 43 22 år."
931 945 74 28 Enligt

188 974 121 22 utskottets
330 976 122 28 beräkning
472 977 42 21 blir
534 976 123 22 emellertid
678 975 230 28 skatteförhöjningen
928 975 78 21 endast

191 1006 93 24 190,000
306 1006 69 26 mark,
397 1006 89 22 hvilken
502 1013 86 15 summa
604 1008 25 20 är
644 1006 116 22 skilnaden
776 1005 95 22 emellan
886 1005 119 21 utskottets

188 1036 95 24 950,000
307 1035 42 21 och
373 1038 93 24 760,000
490 1036 68 22 mark.
590 1036 34 22 Dä
645 1042 28 15 en
694 1036 126 27 föreslagen
841 1034 126 28 förhöjning
982 1034 26 21 af

186 1064 91 22 skatten
297 1065 50 21 med
363 1068 28 19 50
407 1066 28 26 ?/,
450 1066 50 21 icke
515 1066 87 22 lämnar
617 1066 73 21 bättre
705 1065 94 22 resultat
813 1066 29 20 än
858 1065 37 21 det
910 1064 95 22 nämnda

190 1096 101 24 190,000,
307 1100 66 22 synes
389 1102 51 15 man
456 1102 53 15 vara
525 1096 124 27 berättigad
665 1096 32 21 att
712 1096 57 26 hysa
784 1094 141 26 tvifvelsmäl,
940 1094 65 21 huru-

188 1123 52 21 vida
255 1124 49 21 icke
320 1124 44 22 den
379 1125 26 21 af
417 1126 109 21 utskottet
542 1125 126 22 beräknade
684 1131 103 15 summan
800 1127 94 19 950.000
909 1123 62 22 mark
981 1124 25 20 är

188 1153 35 21 för
243 1153 47 28 lägt
309 1154 107 28 tilltagen.
448 1155 114 22 Utskottet
582 1156 66 27 säger
668 1155 7 21 i
695 1161 86 15 samma
800 1154 78 28 stycke
898 1153 57 28 (pag.
975 1153 29 27 8):

190 1182 47 26 ,Dä
258 1183 171 29 försigtigheten
448 1185 80 27 bjuder
549 1186 33 20 att
602 1185 49 21 icke
668 1184 34 22 för
717 1184 54 28 högt
787 1184 99 21 beräkna
901 1184 38 20 det
953 1183 53 21 kon-

187 1214 63 20 tanta
265 1213 101 27 tillskott,
383 1214 42 22 den
441 1221 31 15 nu
487 1214 127 28 föreslagna
629 1214 230 27 skatteförhöjningen
875 1213 88 21 komme
973 1214 33 20 att

188 1242 130 22 derutöfver
335 1256 30 2 —
381 1244 20 21 d.
417 1250 21 15 v.
455 1250 17 16 s.
490 1244 88 22 utöfver
594 1244 27 22 de
638 1244 25 21 af
676 1244 109 21 utskottet
800 1242 96 22 nämnda
913 1244 92 25 760,000

188 1272 63 22 mark
272 1285 28 2 —
321 1274 107 24 medföra,
449 1274 41 21 har
509 1274 109 22 utskottet
639 1274 34 21 för
695 1274 34 21 sin
749 1273 37 21 del
806 1274 89 20 stannat
911 1272 37 21 vid
963 1272 44 21 den

187 1302 98 27 slutsats,
307 1304 33 20 att
359 1303 181 22 totalinkomsten
556 1304 26 21 af
595 1304 43 21 den
653 1304 7 21 i
676 1303 80 28 nädiga
771 1302 164 28 propositionen
949 1301 57 22 före-

187 1331 79 29 slagna
287 1332 142 22 maltskatten
450 1333 103 28 riktigast
574 1333 40 22 bör
634 1333 109 21 beräknas
763 1332 34 22 till
812 1332 85 28 ärligen
912 1334 94 24 950,000

187 1362 84 21 mark.*
303 1362 247 28 Bevillningsutskottet
566 1363 40 21 har
621 1362 86 22 således
718 1362 51 22 utaf
779 1362 140 27 försigtighet
929 1361 77 21 beräk-

187 1392 39 20 nat
241 1392 182 22 totalinkomsten
439 1392 35 22 för
489 1392 52 22 ären
559 1395 144 19 1895—1897
718 1392 24 21 sä
752 1392 47 28 lägt
809 1397 48 16 som
867 1391 34 21 till
912 1394 94 23 950,000

187 1420 70 22 mark.
289 1421 51 22 Man
360 1422 40 21 bör
418 1422 98 22 erkänna
536 1424 33 20 att
590 1422 141 28 försigtighet
751 1423 25 20 är
795 1428 29 15 en
844 1421 56 28 pligt
917 1420 42 22 och
974 1422 33 20 att

187 1456 52 16 man
254 1450 41 22 bör
310 1458 55 14 vara
381 1451 101 28 försiktig
497 1452 38 21 vid
551 1452 123 28 beräkning
689 1452 26 21 af
728 1458 28 15 en
771 1451 115 22 blifvande
900 1450 105 26 inkomst;

187 1486 52 16 men
254 1480 13 22 ä
283 1481 68 21 andra
367 1481 63 21 sidan
445 1482 63 21 torde
524 1482 38 21 det
577 1482 49 21 icke
642 1482 74 21 kunna
731 1481 70 22 nekas
817 1482 33 20 att
863 1486 52 16 man
925 1480 44 22 kan
978 1481 28 27 gä

186 1510 35 21 för
237 1509 62 29 längt
314 1511 68 21 äfven
398 1511 6 21 i
420 1511 146 28 försiktighet.
591 1511 51 21 Men
657 1518 29 15 en
701 1511 35 21 för
751 1510 62 28 längt
827 1510 88 28 gängen
929 1510 77 22 försik-
