1117 1773
437 122 84 18 Huhtik.
536 122 22 17 19
571 126 17 18 p.
852 124 43 20 617

490 175 13 22 5
519 174 19 29 $.

175 205 127 22 Keskustelu:

175 235 124 23 Professori
319 236 88 21 Donner:
438 235 43 28 Jag
496 235 40 21 ber
552 236 33 20 att
600 234 34 22 till
650 240 28 16 en
694 234 79 28 början
790 235 21 22 fä
826 234 98 29 tillfräga

105 266 119 22 utskottets
240 266 152 26 medlemmar,
408 271 37 15 om
465 264 68 28 något
554 264 105 22 särskildt
678 264 49 22 skäl
743 264 131 24 framhållits
890 264 39 23 för

105 296 43 21 den
162 301 87 15 summa
264 295 27 22 af
304 298 80 24 50,000
395 295 70 26 mark,
476 300 49 16 som
535 294 41 22 här
587 295 25 21 är
620 294 134 28 föreslagen.
780 294 45 22 Det
835 294 94 22 anföres.

105 326 7 21 i
131 324 151 22 betänkandet
297 326 33 20 att
349 324 169 28 lagstiftningen
533 324 8 22 i
557 324 115 28 Tyskland
688 324 37 22 vid
741 324 76 28 dylika
833 324 40 22 fall
887 324 38 22 be-

105 356 105 21 stämmer
231 356 33 20 att
283 354 82 22 minsta
385 354 165 28 aktiebeloppet
572 354 33 22 fär
626 354 81 28 utgöra
729 356 64 24 1,000
808 354 119 26 riksmark,

105 386 61 20 utom
181 384 8 22 i
204 384 109 22 särskilda
323 384 173 28 undantagsfall.
520 384 74 22 Dessa
603 383 168 29 undantagsfall
781 384 60 28 gälla
851 383 73 23 sävidt

104 414 39 29 jag
158 414 85 22 känner
259 414 94 28 företag,
365 420 48 16 som
428 414 75 28 äsyfta
519 414 75 22 lokala
609 414 55 21 eller
680 413 113 22 allmänna
807 414 115 21 intressen.

105 444 83 22 Hittills
203 444 40 22 har
259 450 52 15 man
326 444 50 21 icke
387 444 40 21 hos
438 450 36 16 oss
485 444 50 21 haft
548 443 122 28 anledning
680 445 33 20 att
724 443 78 22 befara
811 443 114 22 bildandet

105 474 26 22 af
143 474 134 28 aktiebolag,
294 479 48 16 som
357 473 72 22 skulle
445 474 127 21 missbruka
582 473 73 22 denna
666 473 57 22 form
734 473 26 22 af
767 473 158 28 affärsföretag

106 503 35 22 för
161 505 32 20 att
213 504 3 21 i
231 503 48 22 smä
298 503 81 28 belopp
398 503 71 22 samla
487 509 105 21 summor,
612 503 78 22 hvilka
708 503 127 22 sedermera
849 503 77 22 kunde

106 534 88 21 komma
209 540 28 15 en
253 533 54 22 eller
323 539 73 16 annan
411 533 88 22 enskild
514 533 99 28 tillgodo.
645 533 70 22 Detta
728 533 75 22 kunde
813 533 112 28 nämligen

106 563 39 22 ske
161 564 128 28 derigenom
305 564 39 26 att,
353 563 28 22 dä
396 563 102 22 aktierna
505 563 54 28 lyda
569 563 29 28 pä
608 563 48 22 små
666 563 88 28 belopp,
765 563 159 28 aktieegarene

106 593 47 22 icke
169 593 41 28 bry
226 593 34 28 sig
275 599 37 16 om
328 595 33 20 att
375 593 88 22 bevaka
478 593 49 22 sina
542 593 116 26 intressen,
670 594 54 20 utan
735 592 44 22 läta
790 593 43 22 den
843 593 86 22 insatta.

106 629 101 16 summan
222 623 47 22 helt
285 623 41 22 och
342 622 68 23 hållet
424 623 116 22 användas
556 623 25 22 af
594 623 59 26 dem,
669 629 48 15 som
734 622 49 22 från
793 623 78 27 början
882 622 43 22 fått

106 653 119 28 ledningen
240 653 25 22 af
279 653 111 28 företaget
405 653 103 22 omhand.
539 653 70 21 Detta
624 652 112 22 missbruk
746 652 45 22 kan
801 652 123 22 emellertid

106 683 89 28 mycket
215 683 41 21 lätt
276 683 142 27 uppkomma,
439 682 28 22 dä
488 683 70 28 enligt
572 682 122 22 utskottets
709 682 85 28 förslag
809 683 33 20 ett
856 682 69 21 aktie-

106 713 77 28 bolags
189 713 98 27 stadgar,
298 712 72 22 sävidt
381 712 27 22 de
419 712 155 22 formelthälla
582 712 34 28 sig
624 712 34 22 till
665 712 78 28 lagens
752 712 171 28 bestämningar,

106 741 69 23 mäste
191 743 26 21 af
230 742 184 28 myndigheterna
429 742 129 22 stadfästas.
589 741 35 22 Dä
638 742 68 28 ingen
717 748 73 15 annan
801 741 123 28 pröfnings-

106 773 45 20 rätt
161 773 28 21 än
200 772 72 22 denna
283 772 102 21 formella
397 771 33 22 fär
440 778 44 22 ega
493 778 57 21 rum,
561 772 76 21 kunna
647 771 77 28 dylika
734 771 47 22 smä
791 771 133 28 aktiebolag,

106 802 75 21 hvilka
196 801 71 22 bildas
284 802 48 27 just
348 801 35 22 för
397 803 34 20 att
446 802 103 21 stiftarne
565 801 55 28 vilja
635 802 104 27 begagna
753 801 28 22 de
797 801 47 22 smä
858 801 69 22 insät-

106 833 88 20 tarenas
218 831 54 22 eller
297 831 47 22 smä
363 831 170 28 aktieegarenas
554 831 85 28 kapital
659 831 34 22 till
713 831 35 22 sin
768 837 57 22 egen
846 831 79 26 fördel,

106 861 115 29 lätteligen
235 861 142 29 uppkomma.
409 861 32 22 Ur
452 861 74 22 denna
536 861 114 29 synpunkt
660 861 42 22 och
713 861 72 22 sävidt
796 861 48 22 icke
855 860 68 28 några

106 891 69 22 andra
189 891 109 22 särskilda
313 891 191 28 omständigheter
518 891 47 22 tala
578 891 35 22 för
629 891 126 22 fixerandet
764 891 26 21 af
799 892 32 20 ett
842 890 83 28 kapital

106 920 28 28 pä
149 924 80 24 50,000
244 921 63 22 mark
323 921 66 21 innan
405 921 87 22 aktiens
507 921 81 28 belopp
604 921 129 27 begränsas,
750 926 66 22 synes
832 920 38 22 det
880 920 47 28 mig

106 950 71 24 säsom
199 957 35 15 om
255 957 29 15 en
298 951 143 28 nedsättning
456 951 27 22 af
496 951 82 21 nämda
593 957 89 15 summa
697 950 69 22 borde
781 950 143 22 bestämmas.

176 980 124 23 Professori
311 981 105 21 Forsman:
446 980 60 22 Minä
516 980 75 22 kaikin
602 980 76 28 puolin
688 980 119 28 hyväksyn
818 986 39 16 sen
869 980 56 28 peri-

106 1011 95 26 aatteen,
221 1010 54 28 joka
295 1016 29 16 on
344 1011 75 21 tämän
441 1010 99 28 pykälän
560 1010 169 28 perustuksena.
761 1010 34 22 On
816 1010 110 22 nimittäin

106 1040 65 22 aivan
187 1040 173 22 asianmukaista
375 1041 63 21 estää
452 1040 158 22 vähävaraista
627 1041 130 27 panemasta
773 1040 73 28 pieniä
861 1045 64 16 varo-

106 1099 176 23 Vähävaraisille
298 1100 107 22 soveliain
420 1101 54 27 tapa
489 1100 94 27 käyttää
598 1099 195 28 säästövarojansa
809 1105 29 16 on
853 1105 74 22 panna

106 1134 29 17 ne
150 1129 180 28 säästöpankkiin
341 1130 31 21 tai
383 1129 84 22 muihin
478 1129 154 22 senkaltaisiin
642 1129 118 22 laitoksiin.
787 1129 70 21 Mutta
867 1128 60 22 minä

107 1164 28 16 en
154 1159 37 22 voi
211 1159 118 28 hyväksyä
349 1160 48 20 tätä
417 1159 98 28 pykälää
536 1159 149 22 semmoisena
708 1159 53 21 kuin
782 1164 24 16 se
822 1159 60 21 tässä
898 1164 29 16 on

106 1188 157 22 muodostettu.
295 1189 135 21 Valiokunta
446 1195 30 16 on
491 1189 139 26 ehdottanut,
647 1190 54 25 että,
711 1189 36 27 jos
763 1188 163 28 osakepääoma

106 1248 135 28 pienuuteen
260 1248 88 22 nähden
370 1248 44 22 olla
433 1248 140 28 rajoituksen
588 1248 94 22 alainen.
715 1248 70 22 Mutta
799 1248 36 28 jos
851 1248 77 21 osake-

106 1279 94 27 pääoma
218 1278 39 28 jää
278 1281 80 24 50,000
379 1278 107 22 markkaa
506 1278 160 26 vähemmäksi,
682 1278 46 21 niin
743 1278 96 21 voidaan
853 1277 74 27 täysin

106 1308 101 28 vapaasti
222 1308 67 21 laatia
305 1308 115 22 osakkeita
436 1308 46 22 niin
498 1308 95 28 pieniksi
608 1308 54 21 kuin
678 1307 88 22 suinkin
777 1306 150 23 mahdollista.

107 1337 85 22 Tämän
215 1338 78 21 kautta
318 1344 29 15 on
366 1338 58 21 koko
445 1338 72 27 hyöty
537 1338 41 27 nyt
598 1337 143 22 ehdotetusta
760 1336 168 28 määräyksestä

108 1369 91 26 mennyt
214 1367 111 27 hukkaan,
341 1367 50 22 sillä
404 1367 37 27 jos
457 1368 164 27 osakepääoma
636 1373 29 15 on
678 1370 79 24 50,000
769 1366 106 22 markkaa
882 1366 46 28 pie-

106 1397 81 27 nempi,
209 1398 78 20 saavat
307 1397 107 21 osakkeet
436 1397 45 21 olla
501 1397 83 21 vaikka
604 1396 76 28 yhden
700 1396 93 22 markan
810 1396 117 22 suuruisia.

107 1426 142 28 Mielipiteeni
259 1432 28 16 on
298 1432 31 21 se,
341 1428 47 20 että
396 1426 61 28 juuri
467 1426 82 22 näiden
560 1426 140 28 pienempien
711 1426 115 28 yhtiöiden
833 1426 98 21 suhteen:

105 1456 160 27 jonkunlainen
285 1456 94 28 rajoitus
400 1456 74 28 pitäisi
496 1456 51 26 olla,
568 1456 71 22 koska
652 1456 62 27 juuri
729 1456 75 21 näihin
819 1455 111 28 yhtiöihin

107 1485 96 27 helposti
218 1486 160 22 houkutellaan
393 1486 156 21 vähävaraisia
562 1491 125 22 panemaan
697 1485 95 22 rahansa
803 1484 124 23 luulottele-

107 1514 68 22 malla
195 1515 61 22 heitä
271 1516 66 21 niistä
352 1516 108 21 saatavan
476 1515 148 22 erinomaisen
634 1515 82 22 voiton.
738 1514 28 22 Ja
777 1515 71 21 koska
857 1514 71 22 tällai-
