1117 1773
221 112 42 19 632
527 109 86 19 Huhtik.
628 110 22 18 19
662 115 19 17 p.

189 164 196 28 uppmärksamma
399 163 28 29 pä
442 163 164 28 ordalydelsen.
638 164 9 21 I
663 163 134 29 paragrafen
813 162 54 22 står:
887 164 33 27 ,ej
933 163 34 22 mä
977 162 34 22 till

189 193 129 28 aktieegare
338 193 110 22 utbetalas
467 195 69 20 annat
552 194 28 21 än
597 194 43 21 den
655 194 66 26 vinst,
738 199 49 16 som
803 193 70 28 enligt
890 194 120 27 behörigen

190 223 114 22 faststäldt
329 223 89 22 bokslut
442 223 36 22 för
504 223 135 28 föregående
664 222 181 23 verksamhetsår
870 223 139 22 förefinnes*.

191 252 42 22 Om
254 254 33 20 ett
302 253 67 28 bolag
384 253 48 22 icke
447 253 113 22 utbetalar
576 252 58 22 årets
650 253 51 21 hela
717 253 66 25 vinst,
799 254 55 20 utan
869 252 56 23 låter
939 253 72 28 någon

190 282 36 22 del
247 283 66 21 deraf
326 282 33 22 stå
374 283 57 27 inne,
447 284 55 20 utan
518 284 33 20 att
567 283 115 21 öfverföra
697 283 43 21 den
756 282 34 22 till
805 283 166 27 reservfonden,
987 282 24 22 så

190 312 73 22 skulle
284 313 72 21 denna
376 313 35 21 del
430 313 26 21 af
471 313 89 21 vinsten
576 312 70 28 enligt
661 312 146 28 paragrafens
823 312 140 28 ordalydelse
979 314 32 20 ett

191 342 100 28 följande
307 342 24 22 är
346 342 49 22 icke
411 342 21 22 fä
448 342 94 22 utdelas.
574 342 44 28 Jag
633 342 40 22 vill
688 342 50 22 icke
753 342 55 28 göra
823 342 68 28 nägot
900 342 111 22 bestämdt

189 372 108 27 yrkande,
319 378 50 16 men
390 378 64 16 anser
475 374 33 20 att
530 372 38 22 det
583 372 58 22 hade
656 372 59 22 varit
730 372 104 28 önskligt,
851 378 35 16 om
903 373 108 21 utskottet

190 402 49 21 litet
261 402 87 22 klarare
369 402 99 28 uttryckt
484 402 72 22 denna
572 402 47 21 sak.
652 402 9 21 I
677 402 134 28 paragrafen
827 402 45 22 står
887 402 76 22 vidare
978 403 33 21 att

190 432 26 21 af
235 432 89 22 vinsten
346 432 33 21 får
401 432 111 22 utbetalas
538 432 19 26 ,i
574 432 44 21 den
633 431 51 22 män
699 432 88 21 vinsten
803 432 21 28 ej
841 432 70 28 enligt
925 432 86 28 bolags-

190 461 123 28 ordningen
333 462 57 21 skall
410 463 126 27 besparas*.
569 462 52 21 Men
642 468 36 15 om
697 468 30 15 nu
747 462 200 29 bolagsordningen
962 462 49 22 icke

190 491 92 28 stadgar
303 491 67 28 nägot
390 492 114 28 angäende
526 498 27 15 en
574 492 104 21 hestämd
696 492 141 28 reservering
855 492 26 21 af
894 498 28 15 en
937 492 36 21 del
988 492 26 21 af

190 521 95 27 vinsten,
301 521 24 22 sä
333 522 43 21 kan
392 522 38 21 der
444 521 80 28 uppstä
534 521 87 27 tvifvel,
632 522 111 21 huruvida
753 521 91 28 bolaget
855 521 33 22 fär
898 521 112 22 öfverföra

191 557 28 15 en
239 551 36 21 del
297 551 25 22 af
341 551 33 22 sin
395 551 94 22 ärsvinst
507 551 34 22 till
556 553 34 20 ett
605 551 100 28 följande
721 551 24 22 är
761 551 54 22 eller
831 552 55 26 icke,
903 551 107 22 förbehäl-

190 580 66 22 lande
280 587 28 15 en
331 581 131 22 kommande
486 581 176 28 bolagsstämma
684 582 33 21 att
741 581 124 22 bestämma
887 581 64 22 öfver
973 581 37 21 det

191 610 94 22 sälunda
300 611 143 22 reserverade
458 611 106 28 beloppet
579 611 27 22 af
619 617 28 16 en
662 611 66 27 vinst,
745 617 48 16 som
809 612 72 27 gjorts
896 611 67 22 innan
973 611 37 21 det

191 640 134 28 föregäende
341 641 207 22 verksamhetsäret.

263 682 72 27 Pykälä
351 682 125 28 hyväksyttiin
491 683 166 21 muuttamatta.

569 742 27 21 22
613 741 19 29 8.

263 771 126 22 Keskustelu:

264 819 123 22 Professori
413 820 87 21 Donner:
532 815 75 26 Äfven
630 820 7 21 i
661 820 107 22 afseende
791 820 12 21 å
820 820 72 21 denna
907 820 107 27 paragraf

192 849 40 22 har
250 849 41 28 jag
311 856 28 15 en
359 850 146 27 anmärkning
526 851 32 20 att
578 850 62 28 göra.
672 850 45 21 Det
732 849 45 22 stär
793 851 33 20 att
842 850 129 27 bolagsman
987 850 25 21 är

193 897 9 8 »
207 879 125 29 berättigad
348 881 33 20 att
396 879 47 22 utfä
458 880 60 21 hvad
533 880 27 22 af
573 880 89 22 vinsten
677 879 28 29 pä
720 880 56 22 hans
792 880 66 22 andel
869 880 34 28 sig
914 879 96 28 belöper,

191 910 55 20 utan
267 909 24 21 sä
309 910 25 21 är
349 911 33 20 att
397 910 173 28 bolagsstämma
586 910 58 21 efter
660 910 84 28 förslag
760 910 26 21 af
800 910 100 28 bolagets
916 910 94 27 styrelse

192 938 105 28 besluter,
322 941 33 19 att
377 939 71 28 nägon
470 940 36 21 del
526 940 26 21 af
570 940 88 21 vinsten
674 940 57 21 skall
747 940 35 21 för
798 939 175 22 säkerställande
988 939 26 21 af

192 968 102 28 bolagets
309 969 142 21 verksamhet
466 969 144 22 innehällas*.
642 970 38 21 Ett
695 970 67 28 bolag
777 970 44 21 kan
832 976 30 15 nu
873 969 89 27 mycket
975 969 37 21 väl

192 1004 53 16 anse
269 998 34 22 sin
319 999 104 28 ställning
443 999 140 27 säkerställd,
605 1005 51 16 men
677 1000 68 21 likväl
761 998 112 23 innehälla
887 998 73 28 nägon
976 998 35 22 del

192 1028 26 21 af
239 1028 88 22 vinsten
350 1028 35 22 för
407 1031 33 19 att
463 1029 91 21 dermed
574 1029 56 28 göra
650 1029 48 21 smä
715 1029 166 28 utvidgningar,
900 1034 48 16 som
963 1028 48 22 icke

192 1058 116 21 föranleda
331 1058 34 22 till
387 1058 72 28 någon
482 1059 94 27 ändring
592 1059 26 21 af
630 1059 127 27 stadgarna.
789 1058 119 28 Uttrycket
925 1058 86 26 ,säker-

191 1087 123 22 ställande”
340 1089 25 20 är
387 1088 75 22 derför
484 1088 48 22 icke
554 1088 52 22 fullt
627 1088 158 22 motsvarande
805 1088 37 22 det
857 1094 48 16 som
921 1088 90 21 dermed

192 1117 67 27 afses,
281 1118 128 27 isynnerhet
429 1118 59 22 hvad
509 1118 107 22 beträffar
632 1118 44 22 alla
692 1118 70 22 större
778 1118 73 28 bolag.
882 1118 43 28 Jag
940 1118 72 21 skulle

192 1146 35 22 för
244 1147 45 21 min
305 1147 36 21 del
357 1148 87 21 förorda
461 1154 27 15 en
504 1148 126 22 återremiss
647 1148 35 22 för
697 1150 33 19 att
745 1148 110 22 utskottet
870 1147 68 22 måtte
951 1148 61 27 välja

192 1176 67 28 något
283 1179 68 19 annat
373 1178 45 26 ord,
440 1177 24 21 så
485 1179 33 20 att
533 1178 57 21 intet
605 1178 137 22 tvifvelsmål
757 1178 73 21 skulle
845 1177 86 28 uppstå,
948 1178 40 20 och
1004 1177 7 21 i

192 1206 38 21 det
245 1206 60 28 syfte
317 1208 32 20 att
362 1207 174 28 bolagsstämma
545 1208 59 21 hade
614 1208 45 21 rätt
669 1209 33 20 att
712 1208 89 21 besluta
812 1213 36 16 om
858 1206 154 22 innehållande

191 1236 27 20 af
231 1242 28 15 en
275 1236 36 21 del
327 1236 26 22 af
365 1236 94 27 vinsten,
476 1237 67 22 äfven
559 1244 37 15 om
612 1237 78 22 sådant
703 1238 49 21 icke
763 1243 54 16 vore
828 1237 91 21 alldeles
935 1236 77 28 nödigt

191 1265 36 21 för
242 1265 101 29 bolagets
359 1266 109 22 säkerhet.

263 1295 124 22 Professori
408 1296 105 21 Forsman:
545 1296 60 22 Minä
623 1297 92 27 pyydän
733 1303 59 15 vaan
808 1297 69 22 saada
891 1297 120 21 kannattaa

191 1324 66 22 herra
280 1324 122 23 Donner'in
425 1326 124 27 ehdotusta,
574 1326 50 22 sillä
646 1326 67 28 pidän
734 1327 74 21 hänen
823 1327 189 21 muistutuksensa

192 1354 67 22 aivan
275 1355 126 21 asiallisena
414 1356 24 27 ja
454 1356 116 28 tärkeänä.

263 1384 138 28 Yliopettaja
426 1384 97 22 Kihlman:
555 1386 74 21 Äfven
654 1386 41 28 jag
717 1386 40 22 ber
779 1388 34 20 att
836 1386 23 22 få
877 1386 135 22 understöda

191 1414 114 27 professor
320 1414 95 22 Donner.

263 1443 151 23 Kirkkoherra
430 1444 114 28 Karlsberg:
566 1445 76 21 Minun
652 1445 135 22 luullakseni
797 1446 45 27 käy
852 1445 160 28 yhtiömiehille

191 1472 68 22 kovin
284 1473 115 22 vaikeaksi
419 1474 68 22 saada
508 1475 84 21 mitään
612 1475 102 26 voitosta,
734 1476 37 26 jos
786 1475 149 27 yhtiökokous
951 1476 61 28 saapi

191 1503 101 21 määrätä
306 1504 61 20 noita
377 1504 77 28 varoja
464 1504 123 22 muihinkin
598 1505 156 21 tarkoituksiin
764 1505 54 21 kuin
828 1505 78 27 yhtiön
916 1505 95 22 vakaan-
