1117 1773
434 114 86 18 Huhtik.
534 115 21 17 17
569 120 17 17 p.
848 118 42 19 583

98 168 135 24 voittorahat
249 169 59 21 eivät
322 169 48 21 tule
385 168 103 22 olemaan
503 170 139 20 suuremmat
656 168 54 22 kuin
723 169 55 21 mitä
791 170 130 22 valiokunta

99 206 30 15 on
149 198 104 22 laskenut
273 199 80 22 niitten
371 198 92 22 tulevan
482 204 140 16 seuraavana
641 198 106 22 kolmena
761 205 97 22 vuonna,
874 200 47 22 niin

99 228 92 23 kestäisi
209 228 63 22 lähes
288 232 13 18 8
316 230 79 20 vuotta
411 234 73 16 ennen
499 228 54 22 kuin
568 228 146 22 vararahasto
730 234 84 17 nousee
831 233 26 19 15
873 230 47 22 mil-

98 259 103 27 joonaan.
224 257 75 23 Siihen
314 258 89 22 nähden
419 258 21 22 ei
454 258 132 23 valiokunta
601 258 35 22 ole
652 258 111 27 tahtonut,
779 260 47 21 että
841 259 80 29 säädyt

99 289 41 27 nyt
161 288 24 28 jo
209 288 142 22 määräisivät
370 290 55 20 tuon
446 294 103 16 summan
569 288 46 22 niin
636 288 110 26 suureksi,
767 288 50 22 sillä
837 290 84 22 tavalla

100 318 72 22 sitoen
187 317 98 22 tulevien
301 318 103 28 säätyjen
419 318 185 27 toimintavaltaa,
620 318 72 22 koska
707 318 116 23 kuitenkin
838 319 83 22 kahdet

101 348 145 28 valtiopäivät
264 348 198 22 todenmukaisesti
480 348 88 22 tulevat
584 348 181 22 kokoontumaan
781 354 72 16 ennen
868 349 54 21 kuin

101 378 101 22 mainittu
217 384 87 15 summa
317 384 29 16 on
359 379 65 21 saatu
438 378 138 22 kasvamaan
591 380 26 20 15
632 378 147 28 miljoonaksi.
797 378 54 22 Olisi
865 378 57 22 ehkä

101 408 148 26 luonnollista,
281 408 54 21 ettei
365 407 130 22 säädettäisi
525 408 163 22 vararahaston
713 408 123 26 korkeinta,
863 414 59 16 vaan

102 438 129 22 ainoastaan
247 444 40 15 sen
301 437 92 22 vähintä
408 438 97 22 määrää.
527 438 130 22 Sentähden
669 438 49 21 olisi
732 438 58 22 ehkä
803 438 56 22 ollut
873 444 49 16 suo-

101 470 73 25 tavaa,
198 469 47 20 että
267 467 82 28 pankin
372 468 176 27 ohjesäännössä
571 468 49 22 olisi
643 469 112 26 määrätty
776 468 146 28 yksinomaan

102 499 46 21 että
165 498 54 28 joka
237 498 64 21 vuosi
319 503 29 16 on
366 497 105 22 lisättävä
492 497 26 29 '!/,
537 498 84 28 pankin
636 498 97 22 voitosta
748 499 175 21 vararahastoon

102 528 68 21 ilman
185 529 47 21 että
247 527 173 22 korkeimmasta
435 529 113 21 määrästä
562 528 48 22 olisi
624 528 84 21 mitään
722 528 109 28 säädetty.
851 528 72 22 Mutta

102 558 46 21 kun
163 558 21 22 ei
199 558 35 21 ole
249 557 52 22 näin
314 557 65 28 tehty
390 557 25 28 ja
428 558 138 22 tämmöinen
580 558 94 21 ehdotus
688 558 60 21 tulisi
759 564 103 16 monessa
872 558 50 22 suh-

103 589 73 20 teessa
196 587 247 29 epäkäytännölliseksi,
464 588 72 22 koska
556 594 24 15 se
599 587 168 23 varmaankaan
785 588 21 21 ei
825 588 98 22 voittaisi

101 618 138 28 yleisempää
252 618 141 26 kannatusta,
405 617 46 22 niin
462 623 27 16 en
500 618 68 21 tahdo
580 618 119 21 minäkään
710 618 128 22 semmoista
848 618 73 22 tehdä.

102 677 89 22 rahasto
215 678 120 27 päätetään
354 677 177 22 korotettavaksi
552 677 181 22 korkeammaksi
753 677 53 22 kuin
829 680 26 19 15
876 677 47 22 mil-

101 707 98 28 joonaan
217 707 128 27 markkaan,
365 707 46 22 niin
430 713 27 16 en
477 707 128 28 nykyisissä
624 707 82 22 oloissa
724 707 51 28 pidä
791 707 42 22 sitä
849 707 75 22 vallan

104 737 161 28 tarpeellisena.

172 767 124 22 Professori
312 766 112 27 Runeberg:
454 767 118 22 Professor
586 766 92 23 Donner
693 767 92 28 började
799 767 38 22 sitt
847 767 77 21 andra-

105 797 72 28 gande
197 797 52 22 med
264 798 33 20 att
311 796 29 28 pä
354 796 72 28 grund
442 797 26 21 af
481 798 33 21 ett
530 797 54 22 citat
599 803 26 16 ur
640 797 121 22 utskottets
784 797 141 22 betänkande

103 827 58 21 rikta
181 833 28 15 en
230 826 146 28 anmärkning
399 827 46 21 mot
465 827 121 21 utskottets
608 833 164 22 resonnemang
787 833 37 16 om
839 828 33 20 att
887 826 38 21 det

103 856 48 22 icke
167 856 120 29 föreligger
301 856 50 22 skäl
366 856 35 22 för
416 857 121 21 ständerna
552 858 33 20 att
600 857 80 28 afsäga
693 857 34 28 sig
737 856 145 29 möjligheten
892 857 33 20 att

103 886 102 22 använda
227 886 149 22 bankvinsten
397 886 35 22 till
454 886 172 22 skattebördans
649 886 122 22 lindrande.
810 886 116 22 Professor

103 916 91 22 Donner
215 916 153 22 bortlemnade
391 916 125 22 emellertid
538 916 79 22 härvid
637 916 69 28 några
727 916 46 28 ord,
789 922 48 16 som
852 916 73 28 ingå
912 912 15 36 i

103 946 44 22 den
161 946 26 22 af
200 946 81 22 honom
304 946 94 22 anförda
413 946 126 28 meningen,
554 946 78 22 hvilka
647 946 57 22 dock
719 947 38 21 äro
773 946 27 22 af
812 946 114 28 synnerlig

103 976 54 28 vigt.
187 976 46 22 Det
254 976 63 22 heter
340 976 113 28 nämligen
478 976 63 26 ,skäl
560 976 50 22 icke
628 976 111 28 föreligga
753 978 34 20 att
802 976 124 22 Ständerna

103 1007 9 20 i
127 1008 70 19 större
217 1005 60 27 mån,
297 1008 30 19 än
342 1006 26 22 de
383 1007 37 21 vid
435 1008 86 20 senaste
536 1007 108 26 landtdag
660 1007 83 26 beslöto,
760 1006 72 22 skulle
847 1006 79 27 afsäga

104 1035 46 28 sig"
168 1041 19 16 o.
209 1042 18 15 s.
243 1042 21 15 v.
295 1035 44 22 Det
362 1036 25 21 är
402 1036 8 21 i
426 1036 27 21 de
476 1036 27 22 af
524 1036 114 28 professor
660 1036 91 22 Donner
773 1035 153 22 bortlemnade

103 1064 70 23 orden
195 1065 90 28 frågans
307 1065 83 28 sjelfva
412 1065 129 29 kärnpunkt
563 1066 78 28 ligger.
673 1065 45 22 Det
737 1066 25 21 är
778 1066 27 27 ju
820 1065 58 22 klart
894 1066 33 20 att

103 1094 38 22 vid
164 1094 83 22 sådana
270 1094 80 29 frågor,
374 1101 48 16 som
446 1096 80 26 denna,
547 1096 39 21 det
605 1096 50 21 icke
675 1095 71 28 gäller
761 1096 42 21 och
817 1094 50 22 icke
882 1094 44 22 kan

103 1124 60 28 gälla
185 1126 34 20 att
238 1125 131 28 genomföra
387 1131 28 16 en
431 1125 85 28 princip
532 1125 34 22 till
581 1125 49 22 sina
644 1127 97 25 yttersta
755 1125 170 27 konseqvenser.

103 1154 81 22 Likaså
206 1156 65 26 orätt,
294 1160 48 16 som
365 1155 38 21 det
426 1161 54 15 vore
504 1156 33 21 att
559 1156 53 27 taga
632 1156 26 21 ut
672 1154 58 23 ifrån
745 1155 88 21 banken
848 1154 79 28 hvarje

104 1184 66 28 penni
192 1184 66 27 vinst,
281 1190 48 16 som
347 1184 90 22 banken
451 1185 46 22 kan
512 1184 61 29 göra,
589 1185 46 21 lika
650 1186 59 20 orätt
724 1191 54 15 vore
793 1185 38 21 det
846 1185 33 21 att
894 1190 33 16 re-

104 1220 90 16 servera
215 1214 79 28 hvarje
316 1214 79 28 pennis
417 1214 67 28 vinst,
508 1214 42 22 och
573 1214 103 22 använda
695 1214 43 22 den
753 1214 34 22 till
803 1215 33 21 att
850 1214 77 22 vidare

103 1244 93 28 utvidga
211 1244 99 22 bankens
325 1244 90 22 rörelse.
446 1244 46 22 Det
506 1244 72 28 gäller
593 1244 41 22 här
649 1244 80 22 liksom
742 1244 27 28 på
779 1244 69 28 några
858 1244 69 21 andra

103 1273 105 22 områden
231 1275 32 21 att
285 1274 60 22 finna
365 1280 28 16 en
409 1274 126 28 medelväg,
551 1280 49 16 som
614 1274 131 28 tillgodoser
760 1274 27 22 de
803 1274 59 22 olika
877 1279 50 21 syn-

103 1303 125 28 punkterna
242 1304 7 21 i
265 1304 110 28 praktiskt
389 1304 93 28 lämplig
498 1304 58 22 mån.
587 1304 116 22 Utskottet
717 1304 40 22 har
772 1304 49 21 haft
836 1302 49 22 skäl
895 1304 34 20 att

104 1339 53 15 anse
181 1334 32 21 att
229 1334 43 21 den
287 1333 124 29 medelväg,
431 1340 49 15 som
497 1336 56 20 1891
570 1333 35 23 års
621 1334 91 21 ständer
727 1334 93 21 kommit
834 1332 41 27 till,
891 1332 37 22 väl

105 1364 124 20 motsvarar
245 1363 37 21 det
297 1363 115 28 praktiska
434 1363 128 22 ändamålet
578 1363 42 22 och
636 1364 38 21 det
689 1364 24 21 är
729 1363 76 22 derför
819 1362 109 22 utskottet

105 1392 116 28 föreslagit
243 1394 33 20 att
299 1393 119 22 ständerna
441 1393 50 22 icke
513 1393 73 22 skulle
601 1393 8 21 i
624 1393 72 22 större
711 1393 51 21 mån
777 1392 58 22 ändå
849 1392 79 28 afsäga

103 1422 35 28 sig
153 1422 145 28 möjligheten
313 1424 34 20 att
361 1423 105 21 använda
482 1423 155 27 bankvinsten,
653 1424 55 20 utan
722 1422 111 22 bibehålla
843 1428 86 16 samma

105 1451 147 29 bestämning,
275 1458 48 16 som
342 1452 28 22 då
385 1454 87 26 antogs,
496 1452 114 28 nämligen
625 1454 34 20 att
673 1452 161 22 reservfonden
857 1451 72 22 skulle

104 1481 136 28 uppbringas
260 1482 34 22 till
311 1484 26 20 15
361 1482 104 28 miljoner
480 1482 65 22 mark
560 1482 42 22 och
617 1484 33 20 att
666 1482 26 22 af
704 1482 100 22 bankens
819 1482 60 21 vinst
894 1480 35 24 för

104 1510 79 28 hvarje
198 1511 24 22 år
237 1511 72 22 skulle
323 1518 128 16 reserveras
467 1518 29 16 en
512 1512 116 28 fjerdedel.
