1117 1773
439 116 98 18 Tammik.
550 117 22 17 24
586 122 18 17 p.
887 120 13 18 3

120 169 234 27 Keskiviikkona
375 169 198 27 Tammikuun
594 170 34 26 24
647 170 69 32 p:nä
734 170 62 27 k:lo
805 165 18 42 6
852 169 19 27 i.
891 176 30 26 p.

112 222 189 28 säätyhuoneessa
317 222 171 22 ensimmäiseen
502 222 178 22 kokoukseensa.

181 293 98 21 Luettiin
287 292 121 22 senaattori
413 292 155 29 Nybergh'iltä
574 294 68 21 tullut
646 293 109 27 kirjoitus,
760 293 63 27 jossa
828 292 102 22 ilmoitet-

110 322 40 22 tiin
162 322 86 28 säädyn
257 323 103 27 jäsenten
371 322 158 28 valtuuskirjat
540 323 168 21 tarkastetuiksi
718 323 25 27 ja
751 321 178 29 hyväksytyiksi.

181 393 74 21 Nimiä
270 393 161 21 huudettaessa
447 393 133 22 huomattiin
596 394 76 21 kaikki
688 393 85 27 säädyn
787 393 89 27 jäsenet
887 392 43 22 ole-

111 428 44 16 van
170 422 130 28 saapuvilla.
448 453 50 1 Mn

181 487 86 22 Tämän
289 487 90 28 jälkeen
403 487 40 22 hra
464 487 105 22 Puhemies
593 488 72 21 lausui
689 487 102 28 säädylle
812 488 119 21 seuraavat

110 517 187 27 tervehdyssanat
303 525 4 13 :

363 569 144 28 Högvördiga
522 569 154 22 Presteständ!

179 604 59 28 Åter
258 611 25 21 är
301 611 8 21 i
330 610 57 28 följd
408 611 26 21 af
449 610 27 22 H.
493 611 27 22 K.
537 611 41 22 M:s
593 611 81 28 nådiga
690 610 73 28 påbud
779 617 28 14 en
823 610 107 27 landtdag

110 639 35 22 för
160 640 94 21 Finland
269 640 92 21 samlad.
386 640 124 28 Allvarliga
526 641 38 21 äro
580 641 7 20 i
603 640 94 27 sanning
713 640 28 21 de
756 640 64 26 tider,
837 640 7 21 i
854 639 76 22 hvilka

110 669 23 21 vi
148 669 89 22 befinna
253 675 42 16 oss.
326 669 125 28 Allvarliga
466 670 69 21 äfven
551 670 35 21 för
602 670 38 21 det
655 669 72 22 finska
743 669 78 26 folket,
832 669 24 21 sä
865 669 64 27 ringa

110 699 41 21 och
174 699 88 27 fätaligt
285 699 37 21 det
343 699 28 21 än
395 699 30 21 är.
457 699 124 28 Allvarliga
604 699 68 22 äfven
693 699 27 20 de
739 698 120 28 uppgifter,
881 704 48 15 som

110 727 109 29 föreligga
241 728 56 27 dem,
319 728 77 21 hvilka
416 727 28 28 pä
464 729 79 27 lagens
559 729 72 27 grund
647 728 68 21 hafva
731 728 38 21 det
784 727 29 28 pä
827 734 28 15 en
871 727 58 28 gäng

108 757 113 22 hedrande
238 757 40 22 och
290 757 149 22 ansvarsfulla
449 758 91 21 värfvet
550 758 34 27 sig
594 757 127 22 ombetrodt
733 758 32 20 att
774 758 155 27 representera

110 787 61 21 detta
186 793 87 16 samma
289 787 52 21 folk.

179 816 81 27 Mogen
277 816 68 21 insikt
359 816 41 21 och
416 816 89 21 hofsam
521 816 137 22 mättfullhet
673 815 54 22 böra
742 816 7 21 i
765 815 41 22 allt
822 815 107 27 framlysa

108 845 37 21 vid
165 845 165 28 behandlingen
351 845 26 22 af
393 845 27 22 de
436 845 198 29 maktpäliggande
650 845 80 28 frägor,
747 851 48 15 som
811 845 70 21 varda
896 850 33 15 re-

109 876 184 26 presentanterna
309 874 122 28 förelagda.
455 875 34 21 En
506 875 220 27 fosterlandskärlek,
743 880 48 16 som
807 875 20 27 ej
845 874 84 22 känner

108 904 72 28 nägon
203 904 128 28 dagtingan,
353 906 46 20 mot
418 905 123 21 monarken
562 911 28 15 en
608 905 81 26 trohet,
710 910 48 16 som
774 904 26 22 af
813 904 57 21 intet
885 903 44 22 kan

108 934 89 26 rubbas,
207 935 40 20 .ett
262 935 164 27 samvetsgrant
442 934 146 28 aktgifvande
604 934 28 28 pä
647 934 41 22 och
704 934 143 21 erkännande
863 933 26 21 af
901 932 28 22 de

108 963 154 27 förbindelser,
283 963 22 21 vi
324 969 42 22 ega
386 963 33 21 till
441 963 38 21 det
498 964 100 27 mäktiga
612 964 55 26 rike,
684 963 51 21 med
750 963 93 26 hvilket,
859 962 70 27 enligt

108 992 127 28 Försynens
255 992 91 28 rädslut,
365 992 50 22 värt
437 993 47 21 folk
500 994 42 20 och
557 993 50 21 värt
622 993 53 21 land
691 994 38 20 äro
745 992 114 26 förenade,
874 991 55 21 böra

108 1022 86 27 besjäla
209 1022 44 21 alla
268 1022 53 21 vära
337 1022 197 28 öfverläggningar
550 1023 42 21 och
606 1022 80 22 beslut.
711 1021 34 22 Dä
759 1022 65 21 dessa
835 1020 94 28 stycken

108 1051 71 22 finnas
195 1052 40 21 hos
251 1057 37 16 oss
303 1052 147 26 verksamma,
467 1052 76 21 kunna
558 1052 23 21 vi
597 1052 51 21 med
664 1051 54 28 godt
733 1051 59 27 hopp
804 1051 42 21 och
856 1050 73 21 tillits-

108 1081 41 21 full
171 1081 121 21 förtröstan
311 1080 68 22 skåda
400 1082 46 20 mot
468 1081 43 21 den
533 1081 97 27 framtid,
648 1080 50 22 Gud
713 1080 79 22 beredt
808 1080 68 21 äfven
891 1079 38 21 det

108 1110 71 22 finska
195 1110 76 22 folket.

179 1140 52 21 Gud
253 1140 40 21 har
315 1140 56 21 intet
392 1140 113 21 anseende
526 1140 34 21 till
580 1145 120 22 personen;
720 1138 24 22 sä
763 1138 41 22 har
819 1138 45 21 han
879 1137 50 21 icke

108 1169 70 21 heller
193 1169 112 21 anseende
320 1169 81 27 därtill,
418 1175 35 15 om
470 1171 34 19 ett
519 1170 47 21 folk
582 1169 58 21 efter
653 1168 110 28 mensklig
774 1167 120 22 måttstock
905 1167 24 20 är

107 1198 64 28 ringa
192 1199 55 21 eller
263 1200 61 25 stort,
341 1200 65 26 svagt
422 1198 56 22 eller
493 1199 102 27 mäktigt.
627 1198 152 22 Huvudsaken
795 1198 31 26 är,
843 1198 33 20 att
891 1196 38 21 det

108 1228 20 27 ej
146 1228 63 21 viker
225 1228 58 22 ifrän
297 1228 94 26 Honom,
408 1228 30 21 all
454 1228 107 28 sannings
576 1228 61 21 källa
652 1228 42 20 och
709 1227 30 21 all
755 1228 56 20 rätts
827 1225 101 23 värdare.

178 1257 35 21 Dä
227 1258 40 27 jag
282 1258 57 20 talar
354 1257 34 21 till
403 1257 171 27 presteständet,
592 1258 24 20 är
632 1257 38 21 det
685 1262 50 22 nog,
752 1258 33 19 att
799 1256 40 27 jag
850 1254 79 22 endast

108 1286 169 28 antydningsvis
297 1288 98 24 nämner,
415 1286 59 21 hvad
492 1287 41 27 jag
552 1287 40 21 bär
607 1286 29 28 pä
650 1286 89 27 hjertat.
771 1286 44 26 Jag
829 1284 100 22 inskrän-

107 1316 40 21 ker
171 1316 46 28 mig
241 1316 75 21 derför
339 1316 33 21 till
393 1316 67 21 dessa
481 1316 23 21 fä
519 1316 46 21 ord.
597 1315 112 21 Helsande
725 1314 65 26 Eder,
806 1312 123 29 högtärade

108 1345 146 21 medlemmar
264 1345 26 21 af
298 1345 105 21 Finlands
414 1345 149 27 presteständ,
574 1345 128 21 välkomma
712 1344 34 21 till
757 1344 62 21 detta
830 1342 99 22 ständer-

107 1374 66 26 möte,
190 1374 122 22 innesluter
325 1375 41 27 jag
381 1374 46 28 mig
442 1374 7 21 i
466 1374 54 22 eder
535 1374 93 27 välvilja
644 1374 42 21 och
701 1373 63 21 edert
773 1371 156 26 öfverseende,

107 1404 7 20 i
132 1403 93 21 dubbelt
245 1403 56 22 mätt
319 1403 112 27 behöfliga
453 1403 36 21 för
510 1404 46 27 mig
576 1410 37 20 nu,
637 1402 27 22 dä
677 1403 40 27 jag
732 1402 38 22 vid
785 1401 62 28 längt
863 1401 66 21 fram-

107 1432 90 22 skriden
217 1432 62 22 älder
298 1433 49 21 haft
366 1432 52 22 mod
434 1434 33 20 att
482 1433 112 27 uppträda
608 1432 68 22 bland
692 1432 57 20 Eder
765 1430 73 22 säsom
854 1429 75 22 ledare

107 1462 27 21 af
146 1462 54 22 edra
215 1462 174 28 förhandlingar.

179 1491 63 22 Guds
263 1491 43 22 näd
327 1491 41 21 och
389 1491 136 27 välsignelse
546 1491 60 21 hvile
625 1490 64 22 öfver
704 1489 49 22 värt
768 1487 160 23 ständermöte!
