1117 1773
226 122 41 20 192
529 120 87 19 Helmik.
630 121 23 17 20
665 126 18 17 p.

195 180 49 16 som
267 180 36 16 om
326 174 27 22 de
376 174 72 22 skulle
471 174 69 22 hafva
558 174 76 22 anfört
649 174 114 22 desamma
779 179 62 16 mera
857 173 73 23 såsom
945 175 71 21 orato-

194 204 61 22 riska
278 204 127 28 prydnader
427 204 36 22 för
482 205 34 21 att
536 204 49 22 icke
604 204 84 28 sjelfva
702 204 85 22 kärnan
803 204 32 21 uti
851 204 108 28 förslaget
975 204 41 22 och

196 234 44 22 den
255 234 125 28 väsentliga
394 234 138 22 innebörden
548 234 26 22 af
587 234 124 22 detsamma
726 233 73 22 skulle
815 233 94 23 framstå
924 234 91 22 alldeles

195 270 77 15 ensam
295 264 35 21 för
349 264 40 28 sig.
420 264 46 21 Det
486 264 25 21 är
524 264 27 27 ju
566 264 114 28 nämligen
695 264 49 21 icke
759 262 68 29 något
842 264 80 22 tvifvel
937 264 78 22 under-

195 294 90 21 kastadt
307 295 33 20 att
364 294 157 21 hufvudsaken
544 294 33 21 uti
595 294 39 21 det
649 294 27 21 af
688 293 174 29 petitionärerna
877 294 80 28 gjorda
973 294 42 22 för-

195 323 73 29 slaget
282 323 49 22 icke
347 324 24 21 är
387 329 28 16 en
430 324 154 28 utsträckning
600 324 26 21 af
639 324 112 21 valrätten
766 323 34 21 till
816 323 198 27 samhällsklasser,

195 359 48 15 som
263 360 30 15 nu
309 354 38 20 äro
363 353 65 22 deraf
442 354 6 20 i
464 353 92 27 saknad,
572 355 55 20 utan
643 359 28 16 en
686 352 151 29 begränsning
853 353 26 21 af
891 353 124 22 röstskalan

194 383 38 21 vid
255 383 66 21 valen
342 383 34 21 till
391 383 189 28 borgareståndet.
611 383 69 21 Detta
696 383 57 21 dock
768 383 49 21 icke
833 383 25 21 så
873 384 50 20 rent
937 384 77 27 princi-

195 412 55 28 pielt
265 414 33 20 att
313 419 52 15 man
381 413 72 21 skulle
468 413 70 22 hafva
552 412 94 29 nedgått
660 413 34 21 till
710 418 28 16 en
753 412 48 22 röst
816 413 35 21 för
866 413 79 27 hvarje
960 413 54 22 röst-

195 442 125 29 berättigad
343 449 87 22 person,
453 444 54 21 utan
528 443 57 28 yrka
606 443 174 28 petitionärerna
800 442 57 22 blott
876 442 28 29 på
920 449 28 16 en
963 443 51 22 ned-

195 473 99 28 sättning
309 473 26 21 af
347 473 175 22 röstmaximum.

267 503 42 21 Om
332 509 51 15 man
403 509 30 15 nu
453 505 65 26 tager
532 503 8 21 i
555 503 148 22 betraktande
719 503 43 21 den
777 502 67 28 högst
859 503 155 28 egendomliga

194 532 117 27 röstskala,
335 538 48 16 som
406 533 24 21 är
452 533 98 21 rådande
573 533 41 21 hos
638 539 36 15 oss
695 532 37 22 vid
748 532 37 21 val
801 532 7 22 i
823 532 191 29 borgareståndet,

195 562 41 21 och
260 562 91 21 hvilken
370 575 29 2 —
418 563 40 28 jag
479 563 126 27 medgifver
626 563 37 21 det
684 568 69 22 gerna
770 574 27 3 —
813 562 82 22 saknar
911 563 34 21 sin
960 564 53 20 mot-

194 592 115 27 svarighet
324 592 136 27 anorstädes,
476 592 24 22 så
515 594 47 20 tror
575 593 41 27 jag
632 592 57 22 dock
704 593 33 20 att
753 599 52 15 man
821 592 48 21 icke
886 592 57 22 skall
954 592 59 22 finna

195 621 44 22 den
262 621 34 22 stå
316 621 24 22 så
355 622 8 21 i
378 622 54 21 strid
448 623 51 21 med
515 622 114 28 principen
646 622 34 22 för
696 621 39 22 vår
750 622 177 28 representation
942 622 71 22 öfver-

195 651 88 22 hufvud
305 657 48 16 som
374 652 173 27 petitionärerna
562 652 70 21 hafva
646 652 61 21 velat
723 651 118 22 framhålla
856 652 42 21 och
914 658 46 15 som
976 652 38 21 det

195 681 24 22 så
235 681 47 22 ofta
297 681 7 22 i
321 681 43 22 den
379 682 103 27 politiska
497 682 155 21 diskussionen
668 682 40 21 har
723 682 74 21 blifvit
814 681 131 22 framhållet.
969 681 45 22 Det

194 711 25 21 är
242 717 31 15 nu
288 711 150 22 öfverhufvud
454 711 24 22 så
494 712 51 21 med
560 712 52 21 hela
627 711 50 22 vårt
692 712 273 27 representationssystem
980 713 34 20 att

194 741 44 21 den
260 741 104 28 politiska
388 742 90 21 makten
500 741 107 22 tilldelats
628 741 28 22 de
676 741 211 28 samhällsgrupper,
907 747 47 16 som
975 742 38 21 äro

194 770 78 28 längre
294 771 75 21 hunna
392 771 32 22 uti
447 771 130 22 ekonomisk
598 771 125 28 burgenhet
743 771 41 22 och
805 771 90 28 politisk
910 771 102 28 mognad,

194 806 36 15 om
254 807 51 15 man
328 801 49 21 icke
400 801 114 22 betraktar
535 801 79 28 hvarje
635 801 64 22 stånd
721 801 35 22 för
772 801 41 28 sig,
829 802 54 20 utan
899 801 48 21 från
963 807 50 21 syn-

193 830 101 27 punkten
314 831 52 21 utaf
384 831 50 21 dess
450 831 94 22 relation
559 831 34 22 till
608 831 52 21 hela
675 831 211 27 representationen.
918 830 44 22 Det
976 831 37 21 be-

194 859 81 22 höfver
289 860 38 21 väl
341 860 50 22 icke
407 860 127 22 framhållas
550 862 34 20 att
599 861 43 21 den
658 861 105 28 politiska
778 861 164 27 befogenheten
958 861 7 21 i
976 860 38 22 det

194 890 139 27 sjelfskrifna
349 890 87 22 ståndet
451 892 25 20 är
491 891 151 21 underkastad
656 897 28 15 en
694 891 86 27 ganska
790 890 45 28 hög
846 896 85 21 census,
943 891 70 21 ehuru

193 919 34 21 uti
252 920 156 28 egendomliga
431 920 88 22 former.
551 920 78 22 Redan
652 921 44 21 den
719 920 119 22 historiska
856 920 158 28 utvecklingen

194 949 41 21 hos
258 955 37 16 oss
318 950 40 27 gör
378 951 34 21 att
432 950 221 28 sjelfskrifvenheten
669 950 7 22 i
691 950 42 22 och
749 950 35 22 för
800 950 34 28 sig
849 950 121 21 betecknar
985 956 28 15 en

193 979 75 21 bättre
283 979 98 22 situerad
397 980 173 22 samhällsklass.
602 980 51 21 Men
668 980 74 21 dertill
757 980 102 22 kommer
874 986 28 15 en
918 980 94 21 omstän-

194 1008 84 28 dighet,
294 1015 48 15 som
356 1010 26 27 ju
398 1010 92 21 innebär
505 1016 28 15 en
549 1010 91 28 mycket
655 1010 44 28 hög
715 1010 131 22 ekonomisk
856 1016 86 20 census,
953 1010 60 21 näm-

194 1038 61 28 ligen
278 1038 43 22 den
343 1040 34 20 att
399 1041 183 26 representanten
606 1040 49 21 icke
678 1040 87 28 uppbär
785 1039 67 28 något
874 1039 82 22 arvode
972 1039 41 21 och

195 1068 62 21 detta
281 1068 40 28 gör
340 1070 33 20 att
393 1069 263 28 representationsrätten
670 1069 115 28 sjelffallet
801 1069 49 21 icke
865 1069 100 22 kommer
980 1070 33 20 att

193 1097 91 23 utöfvas
307 1098 26 22 af
353 1098 70 22 andra
446 1100 28 20 än
496 1099 141 21 ekonomiskt
655 1099 166 28 jemförelsevis
841 1099 37 21 väl
893 1098 117 22 situerade.

193 1127 45 28 Jag
260 1128 41 21 har
323 1128 69 22 redan
415 1129 75 21 berört
513 1128 175 29 presteståndets
703 1129 107 27 ställning
825 1128 52 22 med
893 1128 50 22 dess
959 1128 54 22 fåtal

193 1157 98 27 valmän,
314 1164 48 15 som
385 1158 106 22 tilldelats
514 1165 29 15 en
562 1158 24 22 så
601 1160 47 20 stor
663 1159 68 21 makt.
762 1158 69 22 Detta
848 1158 63 22 beror
927 1158 28 28 på
970 1158 43 21 den

192 1186 60 28 höga
268 1187 197 29 bildningscensus,
482 1194 47 16 som
545 1188 71 28 gäller
632 1188 34 22 för
682 1187 174 29 presteståndets
872 1188 89 21 valmän
972 1188 41 21 och

193 1216 38 22 det
254 1217 44 21 kan
317 1217 27 28 ju
364 1218 49 21 icke
431 1218 71 21 heller
517 1218 105 22 förnekas
638 1219 33 20 att
687 1224 27 15 en
729 1217 70 22 sådan
815 1217 197 28 bildningscensus,

193 1246 138 22 formulerad
346 1248 33 20 uti
394 1248 88 27 aflagda
498 1248 103 21 examina
613 1248 42 21 och
667 1248 31 21 uti
709 1248 106 27 ställning
825 1248 7 20 i
843 1248 85 20 statens
937 1247 75 27 tjenst,

194 1276 49 21 icke
259 1278 26 20 är
300 1276 24 22 så
339 1277 92 21 alldeles
447 1278 94 21 oberörd
557 1278 26 21 af
596 1277 144 22 ekonomiska
756 1277 160 26 förhållanden,
928 1278 25 26 ty
969 1278 43 20 stu-

193 1305 48 21 dier
257 1306 42 22 och
314 1306 89 28 aflagda
418 1307 103 21 examina
536 1307 92 28 betinga
644 1308 32 20 ett
691 1307 28 28 på
729 1307 66 21 dessa
805 1306 107 28 nedlagdt
922 1306 89 28 kapital.

192 1334 39 22 Uti
247 1335 162 23 bondeståndet
419 1336 41 22 har
470 1343 52 15 man
532 1337 76 27 likaså,
620 1343 48 15 som
677 1337 40 27 jag
727 1337 70 21 redan
808 1336 127 26 framhållit,
946 1336 67 21 bland

192 1364 226 30 landsbefolkningen
433 1366 72 22 utvalt
520 1372 29 16 en
564 1366 140 22 ekonomiskt
717 1366 166 28 jemförelsevis
899 1366 37 21 väl
947 1366 65 20 situe-

191 1394 41 22 rad
256 1395 42 21 och
320 1396 100 27 politiskt
443 1396 73 28 stadig
538 1396 68 27 klass,
626 1402 49 16 som
698 1398 87 20 ensamt
801 1396 106 21 tilldelats
923 1395 87 21 valrätt.

193 1424 87 22 Endast
302 1425 32 21 uti
356 1425 184 29 borgareståndet
558 1426 41 22 har
614 1432 52 16 man
681 1427 54 20 utan
751 1426 69 28 några
836 1426 69 21 andra
921 1426 91 26 gränser

191 1454 29 21 än
236 1454 29 21 de
281 1454 69 22 redan
365 1455 94 22 berörda
472 1456 166 27 jemförelsevis
654 1456 129 28 obetydliga
798 1455 214 27 inskränkningarna

191 1484 112 22 utsträckt
325 1485 111 22 valrätten
459 1486 51 21 med
534 1492 28 15 en
584 1486 86 27 ganska
694 1485 36 28 låg
751 1491 80 16 census
847 1485 34 21 till
897 1484 115 22 städernas

191 1513 136 23 innevånare
342 1514 7 22 i
365 1520 86 22 gemen.
483 1515 45 21 Det
543 1516 25 20 är
584 1515 88 22 derföre
689 1516 42 21 den
747 1514 124 29 graderade
887 1514 125 22 röstskalan
