1117 1773
436 119 89 18 Maalisk.
538 120 11 17 5
562 124 18 18 p.
849 122 41 19 269

170 172 127 22 Keskustelu:

170 202 202 28 Tuomiokapitulin
395 203 96 21 asessori
514 202 123 22 Johansson:
669 202 57 22 Olen
749 202 70 28 hyvin
843 202 79 21 valmis

99 232 158 28 myöntämään
281 234 46 20 että
349 232 103 28 yleisellä
472 232 251 22 valitusvaliokunnalla
739 238 28 16 on
782 232 78 21 raskas
876 231 46 28 työ,

100 263 58 21 enkä
181 262 125 28 puolestani
328 263 53 27 pidä
404 262 152 22 valiokunnan
577 262 105 28 jäsenten
705 262 122 21 tehtävänä
842 261 81 22 valvoa

99 292 159 22 suomalaisten
281 292 96 22 tekstien
395 292 171 28 käännöstyötä,
585 293 73 20 mutta
674 298 28 15 on
718 292 97 21 minusta
831 292 92 20 sentään

100 322 55 28 raja,
175 322 74 22 minkä
265 322 31 27 yli
312 322 20 21 ei
348 322 52 22 saisi
416 323 87 21 mennä.
530 322 76 22 Minun
622 321 125 22 mielestäni
762 321 81 22 käsillä
859 321 64 21 oleva

100 352 100 21 mietintö
217 352 94 21 osoittaa
327 353 46 21 että
389 358 29 15 on
434 353 76 27 menty
526 352 32 28 yli
574 358 40 15 sen
628 352 72 27 rajan,
715 352 49 27 jota
775 351 60 28 voipi
846 351 76 21 sietää.

101 382 97 27 Näyttää
221 382 52 21 siltä
295 381 53 22 kuin
369 381 180 23 korrehtuurikin
564 382 49 21 olisi
627 382 80 27 jäänyt
723 381 124 28 paikottain
862 380 61 22 luke-

101 413 76 20 matta.
203 411 141 22 Kolmannen
359 412 65 21 sivun
440 411 132 22 viimeisellä
588 411 73 22 rivillä
677 411 139 21 esimerkiksi
826 410 98 28 kirjoite-

100 443 53 20 taan
175 447 54 16 sana
250 441 154 26 ,valiokunta*
425 441 97 28 pienellä
538 441 194 28 alkukirjaimella,
748 441 72 28 pitkin
835 440 90 22 matkaa

102 477 40 16 sen
155 471 92 28 jälkeen
262 471 73 26 isolla;
351 471 120 28 neljännen
486 472 66 21 sivun
564 471 46 22 ensi
622 471 73 22 rivillä
705 477 30 16 on
745 477 55 15 sana
813 471 111 27 ,joitain*,

100 501 55 28 joka
170 501 146 22 arvattavasti
327 507 28 16 on
366 501 124 25 kielivirhe;
502 501 136 22 viidennellä
648 501 81 22 sivulla
743 519 7 8 ,
753 501 172 27 kirjallisuuden

102 533 138 20 seuramme*
259 537 28 16 on
302 531 124 28 kirjoitettu
442 531 98 22 kahtena
551 537 91 21 sanana,
654 532 71 20 mutta
736 531 123 21 muutamia
870 530 55 22 riviä

100 561 143 28 jälkeenpäin
267 561 94 27 yhdeksi
384 561 98 27 sanaksi;
506 561 151 22 kuudennella
680 561 82 21 sivulla
785 567 28 16 on
836 561 89 21 sanottu

106 609 8 5 »
117 591 128 22 voimansa*
266 597 39 21 pro
324 591 140 25 ,voivansa*.
496 591 121 22 Tuollaisia
632 591 150 22 kielivirheitä
797 591 61 21 tässä
873 590 52 21 mie-

104 621 99 21 tinnössa
227 621 37 21 siis
287 627 29 15 on
338 621 75 21 vallan
436 621 98 28 taajassa
553 621 25 28 ja
598 621 43 21 sitä
662 621 65 28 paitsi
749 627 27 15 on
793 626 133 16 suomennos

104 651 133 27 kömpelösti
260 651 69 26 tehty.
369 651 69 21 Olisin
461 652 82 20 suonut
566 651 46 21 että
634 657 122 22 parempaa
779 651 77 21 huolta
877 649 49 22 olisi

104 681 88 27 pidetty
213 680 168 22 suomalaisesta
401 680 109 22 tekstistä.
542 681 144 21 Mietinnössä
706 680 115 28 puhutaan
839 680 87 27 ,lupaa-

105 711 70 20 vista*
193 710 204 27 soittotaitelijoista
411 710 24 27 ja
448 711 128 25 ,luovasta*
589 710 152 22 kotimaisesta
753 710 173 21 säveltaiteesta.

105 740 128 21 Puolestani
257 746 27 15 en
308 740 37 21 siis
368 740 37 21 voi
425 740 122 22 mietinnön
568 740 144 22 suomalaista
732 746 55 15 asua
803 739 122 28 hyväksyä.

106 770 115 21 Tahtoisin
237 769 116 22 kiinnittää
368 770 151 21 valiokunnan
529 770 115 22 huomiota
654 769 178 22 koskettamaani
843 769 83 26 asiaan,

106 799 81 22 vaikka
207 805 28 16 en
255 799 65 22 vaadi
342 799 121 22 mietinnön
486 800 152 21 lähettämistä
661 799 55 22 tällä
739 799 78 22 kertaa
832 798 95 22 takaisin

106 829 165 22 valiokuntaan.
303 829 67 28 Kyllä
389 830 71 27 jotain
475 830 121 21 valvontaa
611 831 82 26 täytyy
708 829 51 27 olla,
775 829 54 21 ettei
844 829 83 21 tekstin

106 859 152 22 suomalainen
273 865 41 16 asu
329 859 122 22 tällaiseksi
466 860 45 27 jää.

177 889 123 21 Professori
317 889 111 27 Runeberg:
448 890 120 21 Allmänna
583 889 203 22 hesvärsutskottet
801 888 78 28 tyckes
895 888 32 22 uti

106 919 28 21 de
150 919 162 25 betänkanden,
331 925 48 15 som
393 919 8 21 i
417 920 44 27 dag
476 920 69 21 hafva
561 920 138 25 behandlats,
717 919 51 27 följt
784 919 43 21 den
843 918 84 28 princip

106 950 33 20 att
163 948 120 30 formulera
303 949 48 21 sina
371 949 109 21 klämmar
504 948 24 22 sä
548 949 112 21 allmänna
676 949 42 21 och
734 948 130 22 obestämda
879 954 49 15 som

107 978 93 28 möjligt.
224 979 75 21 Äfven
315 979 72 21 denna
403 980 45 24 ,att
459 979 122 27 Styrelsen,
593 979 58 21 efter
661 979 150 27 sakkunniges
822 978 105 26 hörande,

107 1008 68 22 mätte
194 1008 91 28 vidtaga
301 1008 77 28 ätgärd
394 1009 90 26 derhän,
502 1010 32 20 att
549 1009 116 21 inhemske
681 1010 123 20 tonsättare
819 1008 109 22 bereddes

106 1038 89 21 tillfälle
210 1038 34 22 till
259 1040 150 26 uppmuntran
422 1039 42 21 och
475 1038 117 28 belöning*
606 1039 86 21 lemnar
703 1038 136 28 fullkomligt
849 1037 80 28 osagdt

107 1067 28 28 pä
159 1068 87 22 hvilket
261 1069 44 20 sätt
321 1068 54 21 eller
390 1068 7 22 i
413 1068 91 22 hvilken
521 1069 57 21 form
594 1068 55 22 eller
664 1068 33 22 till
713 1068 92 22 hvilken
820 1067 108 22 utsträck-

107 1098 54 27 ning
177 1098 60 21 detta
253 1098 72 21 skulle
341 1098 46 21 ske.
411 1098 116 22 Utskottet
542 1098 45 22 kan
597 1098 132 28 visserligen
739 1098 33 22 uti
783 1098 72 21 denna
866 1096 63 29 fräga

107 1127 69 22 hafva
199 1128 49 21 haft
263 1128 38 21 det
316 1128 49 21 litet
380 1128 89 22 svärare
484 1130 34 20 att
534 1128 120 22 formulera
670 1129 32 20 ett
717 1128 113 21 bestämdt
845 1127 84 27 förslag

108 1158 28 20 än
151 1157 33 21 uti
200 1157 43 22 den
258 1164 53 21 nyss
328 1158 139 22 behandlade
484 1158 78 28 frägan
578 1164 35 16 om
630 1158 152 28 pedagogiska
797 1156 132 28 resestipen-

108 1187 53 26 dier,
185 1187 39 21 der
247 1189 32 20 ett
301 1188 112 21 bestämdt
436 1188 146 21 formuleradt
606 1188 84 28 förslag
713 1187 36 28 låg
772 1187 25 22 sä
819 1188 54 20 nära
895 1186 34 22 till

107 1216 78 27 hands,
202 1223 51 15 men
269 1218 37 20 det
322 1217 114 22 förefaller
452 1218 46 28 mig
515 1218 63 26 dock,
594 1223 48 16 som
659 1224 36 15 om
711 1218 67 21 äfven
794 1217 41 21 här
845 1216 84 22 utskot-

107 1248 33 20 tet
161 1247 72 21 skulle
253 1247 50 22 haft
323 1247 70 21 större
409 1248 48 21 skäl
473 1249 34 19 att
522 1248 102 21 närmare
640 1247 89 21 ansluta
744 1247 34 27 sig
794 1246 33 22 till
844 1245 85 29 petitio-

107 1278 80 20 närens
208 1277 84 28 förslag
311 1278 28 20 än
355 1278 32 20 att
403 1277 55 21 söka
473 1283 28 15 en
517 1277 24 21 sä
557 1277 137 27 fullkomligt
709 1277 82 21 allmän
807 1276 42 22 och
865 1276 64 21 intet-

106 1306 99 28 sägande
222 1307 151 27 formulering,
385 1313 47 15 som
448 1307 110 21 utskottet
573 1307 40 21 här
630 1307 124 21 framställt.
778 1306 152 22 Petitionären

107 1336 93 21 föreslär
224 1338 45 24 ,att
289 1336 122 28 Styrelsen,
427 1336 59 22 efter
506 1337 150 27 sakkunniges
677 1336 105 27 hörande,
799 1335 68 22 mätte
883 1335 46 21 vid-

107 1367 53 26 taga
175 1366 92 28 lämplig
283 1366 77 28 ätgärd
377 1366 34 22 för
427 1368 33 20 att
475 1366 83 22 bereda
574 1366 116 22 inhemska
705 1367 124 21 tonsättare
845 1371 85 15 samma

106 1395 89 21 tillfälle
216 1396 34 21 till
270 1397 150 27 uppmuntran
440 1396 42 22 och
502 1396 112 28 belöning,
630 1402 49 16 som
699 1396 78 21 hittills
793 1395 93 22 kommit
902 1395 27 21 de

107 1425 104 21 bildande
227 1426 130 21 konsternas
373 1426 77 21 idkare
465 1426 34 21 till
516 1426 57 21 del”.
598 1426 37 21 Uti
652 1426 61 21 detta
729 1426 85 27 förslag
827 1424 103 28 angifves

107 1454 133 22 ätminstone
263 1455 28 28 pä
313 1455 60 21 hvad
393 1456 45 20 sätt
458 1456 147 27 petitionären
626 1455 80 21 tänker
726 1455 35 28 sig
775 1456 34 20 att
825 1460 28 16 en
868 1454 62 27 dylik

108 1486 149 26 uppmuntran
279 1485 41 21 och
343 1485 105 28 belöning
463 1485 77 21 kunde
555 1485 103 26 tilldelas,
676 1485 20 21 d.
713 1492 20 14 v.
750 1491 17 15 s.
784 1485 7 21 i
808 1484 57 22 form
880 1484 53 21 utaf

108 1515 33 20 ett
161 1516 84 20 statens
266 1515 52 27 pris,
334 1514 28 28 pä
383 1520 85 16 samma
484 1516 51 26 sätt,
551 1521 49 15 som
616 1514 36 22 för
667 1514 28 22 de
710 1514 105 22 bildande
830 1514 100 21 konster-
