1117 1773
213 118 42 20 308
518 118 88 18 Maalisk.
622 118 22 18 13
656 122 18 18 p.

183 169 71 22 större
270 170 139 22 ekonomiskt
423 171 99 28 betryck.
546 171 74 22 Deraf
632 171 65 22 beror
713 171 72 21 denna
796 170 35 22 för
841 170 159 29 befolkningen

182 199 7 22 i
213 199 51 22 hela
286 199 105 29 Wiborgs
414 201 36 21 län
472 200 25 22 så
519 201 94 28 sorgligt
635 200 154 22 betecknande
812 201 135 28 utvandring
966 200 34 22 till

183 229 112 28 Ryssland
318 230 27 28 på
368 230 186 28 arbetsförtjenst,
578 237 48 15 som
650 231 104 21 beröfvar
778 230 147 22 fosterlandet
947 230 53 22 flere

183 260 64 21 tiotal
270 261 65 21 tusen
357 260 108 27 arbetare,
486 261 76 21 hvilka
585 260 86 22 krafter
694 260 37 22 väl
754 260 71 22 skulle
841 260 109 22 behöfvas
966 260 34 22 för

181 289 140 28 jordarbetet
341 290 7 21 i
369 292 50 26 eget
438 290 59 27 land,
514 296 50 16 men
586 290 77 22 hvilka
684 290 19 28 ej
726 290 39 21 der
783 289 84 22 erhålla
883 290 117 22 arbetsför-

183 319 76 27 tjenst,
275 319 94 22 emedan
389 320 28 21 de
433 320 139 28 jordegande
588 320 34 22 till
638 320 56 28 följd
709 320 26 21 af
748 320 69 21 ofvan
832 320 93 28 angifna
940 320 59 21 miss-

185 348 154 23 förhållanden
355 350 69 21 sakna
439 350 78 28 hvarje
534 350 34 22 för
582 350 92 27 jordens
689 349 116 22 rationella
821 349 84 22 skötsel
921 350 80 27 nödiga

183 378 183 29 kapitaltillgång.
397 379 44 22 Det
463 380 78 28 ligger,
562 380 70 28 enligt
655 379 58 22 hvad
727 380 40 27 jag
788 379 87 26 förstår,
892 386 28 14 en
939 379 60 27 djup,

184 414 51 16 men
255 410 77 26 tyvärr
353 409 46 21 ofta
419 410 117 26 obeaktad,
552 409 230 22 nationalekonomisk
802 409 73 21 vishet
893 409 7 21 i
916 409 84 21 bibelns

183 438 49 22 ord:
259 438 100 29 ,Fattige
383 439 40 22 och
446 440 47 21 rike
516 439 70 22 måste
609 446 55 15 vara
684 439 7 22 i
711 439 72 22 denna
798 438 102 22 verlden:
917 439 84 21 Herren

183 468 80 22 hafver
286 469 59 27 gjort
369 469 49 22 dem
440 469 64 22 alla.”
538 469 50 22 Den
610 469 89 28 ojemna
715 469 154 27 fördelningen
885 469 26 21 af
922 469 79 27 jorden

183 498 45 21 kan
243 499 137 28 visserligen,
392 499 38 21 der
445 499 142 28 sjelfviskhet
602 500 25 20 är
643 499 27 21 de
687 499 152 27 förmögnares
856 498 144 22 utmärkande

184 528 61 27 drag,
262 528 51 21 leda
332 529 34 21 till
387 529 213 26 missförhållanden,
617 535 51 15 men
684 529 44 21 rätt
743 528 88 21 använd
847 528 45 21 kan
907 528 43 21 den
965 534 35 15 en-

183 557 83 22 skildes
287 558 98 21 rikedom
408 565 51 15 vara
480 560 32 20 ett
532 559 50 21 stöd
603 559 35 21 för
659 559 43 21 den
719 558 78 28 fattige
813 558 41 21 och
871 558 130 27 möjliggöra

184 587 180 28 arbetsförtjenst
384 588 34 21 för
440 589 78 26 denne,
532 589 25 26 ja
572 590 15 19 t.
604 595 20 15 o.
641 595 29 14 m.
686 588 153 21 åstadkomma
860 589 32 20 ett
913 588 88 21 relativt

184 617 109 25 välstånd,
309 624 51 15 men
380 618 7 21 i
407 618 137 27 kommuner,
560 618 40 21 der
620 618 45 21 alla
678 618 119 27 jordegare
813 617 34 22 till
863 617 57 28 följd
935 617 25 22 af
974 617 26 21 de

184 647 115 28 agrariska
319 647 220 22 missförhållandena
560 649 38 20 äro
615 648 86 27 fattiga,
718 648 39 21 der
773 647 80 22 varder
869 647 38 22 det
922 647 79 22 ekono-

184 677 72 21 miska
277 677 122 22 tillståndet
421 678 40 21 allt
484 677 154 28 bedröfligare,
662 677 105 22 särskildt
790 677 76 21 ibland
889 677 43 22 den
955 677 47 21 lösa

184 707 166 28 befolkningen.

255 736 77 22 Såsom
352 738 33 20 ett
405 737 47 21 skäl
473 737 34 22 för
526 737 43 21 den
585 737 152 28 obegränsade
751 736 251 28 jorddelningsfriheten

183 766 65 21 anför
268 767 109 21 utskottet
397 768 32 20 att
450 785 8 8 ,
463 767 169 28 bestämningen
648 773 36 15 om
701 768 32 20 ett
749 767 55 21 visst
820 766 182 22 minimalmantal

185 796 72 21 skulle
282 796 34 21 för
341 797 42 20 den
407 797 103 28 fattigare
531 797 65 21 delen
618 797 25 21 af
657 796 158 28 befolkningen
831 796 79 28 utgöra
926 795 76 22 hinder

185 827 33 20 att
235 825 107 22 förskaffa
358 827 34 27 sig
407 833 56 21 egen
479 827 95 21 torfva*.
601 826 69 21 Detta
685 826 48 21 skäl
748 827 70 26 väger
833 826 92 21 alldeles
941 825 60 21 intet.

185 855 50 21 Den
257 855 78 28 fattiga
356 856 65 21 delen
441 857 25 20 af
484 856 160 27 befolkningen
665 856 100 21 kommer
786 855 34 28 sig
836 855 71 21 sällan
922 855 33 21 till
971 856 31 20 ett

184 885 111 27 hemman,
312 892 51 15 men
384 892 80 22 genom
484 892 28 16 en
534 885 97 23 mättfull
652 886 41 21 och
708 885 93 28 lämplig
816 885 37 28 lag
869 891 35 16 om
920 885 82 27 parcel-

184 914 72 28 lering
277 916 24 20 är
322 915 38 21 det
381 922 46 15 som
444 916 72 22 denna
532 916 81 28 fattiga
629 916 130 27 befolkning
775 915 57 21 skall
847 914 84 22 erhålla
947 920 56 22 egen

184 944 75 22 torfva
279 945 41 21 och
341 945 127 28 derigenom
490 946 78 21 bindas
589 946 134 27 innerligare
744 945 36 21 vid
798 944 147 28 fosterjorden
962 944 41 22 och

185 974 71 22 under
271 974 81 28 redligt
368 975 75 21 arbete
459 976 47 20 lära
522 976 34 27 sig
571 976 53 27 lyda
640 975 44 21 den
699 976 60 20 stora
775 974 132 28 sanningen:
927 974 55 25 ,blit
995 974 7 20 i

185 1003 42 22 ditt
247 1004 52 22 land
319 1004 42 22 och
381 1006 40 20 när
442 1005 36 27 dig
499 1005 121 27 redligen*.
653 1004 43 22 Det
712 1006 25 20 är
752 1006 33 20 ett
800 1005 45 20 rätt
860 1003 142 22 anordnande

186 1034 26 20 af
228 1034 234 28 jordparcelleringen,
478 1041 48 15 som
546 1035 82 21 blifver
644 1034 43 22 den
703 1034 80 28 fattiga
799 1034 64 21 delen
879 1034 26 21 af
918 1033 85 21 befolk-

184 1063 83 27 ningen
282 1064 34 21 till
331 1066 65 25 nytta
411 1064 40 22 och
468 1064 37 22 det
520 1066 25 20 är
560 1064 44 26 väl,
619 1070 36 16 om
672 1064 129 22 densamma
811 1063 86 27 ätnöjer
909 1063 34 28 sig
953 1062 51 22 med

185 1099 28 15 en
236 1093 83 27 parcell
342 1094 41 21 och
407 1094 19 27 ej
452 1094 137 22 omedelbart
610 1094 155 21 eftersträfvar
780 1093 132 28 eganderätt
927 1093 33 21 till
976 1098 28 16 en

185 1122 51 22 med
257 1123 72 27 dryga
348 1123 77 22 krono-
446 1124 41 21 och
507 1124 151 21 kommunala-
674 1125 58 20 samt
747 1123 104 27 kyrkliga
867 1123 84 21 skatter
967 1122 36 21 be-

184 1152 73 21 lastad
280 1152 173 28 sjelfbestäende
476 1154 111 27 lägenhet.
619 1153 77 29 Säsom
719 1153 152 27 parcellegare
894 1152 44 21 kan
962 1152 43 20 den

187 1182 91 28 duglige
301 1182 152 22 arbetskarlen
475 1183 7 21 i
505 1183 83 27 sjelfva
611 1183 80 21 verket
713 1183 73 21 bättre
807 1182 89 21 komma
911 1182 34 27 sig
960 1187 44 21 upp

184 1211 34 21 till
239 1212 108 26 välständ,
365 1212 27 21 dä
413 1212 98 22 deremot
527 1214 32 20 ett
575 1213 25 21 af
614 1212 152 28 mängfaldiga
781 1212 85 21 skatter
881 1211 42 21 och
939 1217 66 15 onera

185 1241 125 28 betungadt
331 1242 103 22 hemman
456 1242 85 22 mindre
562 1242 86 28 lämpar
669 1242 34 28 sig
723 1242 36 21 för
774 1242 88 25 honom,
879 1240 28 22 dä
922 1241 43 21 han
979 1240 26 27 ju

184 1270 83 22 saknar
287 1272 38 20 det
346 1272 34 21 för
402 1272 50 21 dess
472 1272 107 21 rationela
601 1272 57 21 bruk
673 1272 82 27 nödiga
770 1271 90 27 kapital.
892 1270 114 22 Utskottet

184 1300 79 27 tyckes
288 1301 73 27 ocksä,
387 1301 84 22 ändock
495 1302 124 21 detsamma
642 1302 67 27 yrkar
733 1300 28 28 pä
784 1300 139 28 obegränsad
940 1300 65 21 frihet

185 1330 51 20 med
253 1330 106 22 afseende
375 1330 13 22 ä
401 1331 177 28 jorddelningen,
589 1331 50 21 icke
655 1337 52 15 anse
723 1331 44 21 den
782 1330 114 28 praktiska
911 1330 94 26 tillämp-

184 1359 84 28 ningen
289 1360 25 21 af
333 1360 128 22 densamma
481 1361 97 28 önsklig;
600 1361 109 21 utskottet
729 1361 68 27 hyser
816 1360 86 21 säledes
919 1359 86 21 misstro

185 1391 61 19 emot
261 1390 35 21 sin
311 1396 58 22 egen
385 1390 61 28 äsigt.
478 1390 68 22 Detta
563 1390 97 28 framgär
676 1390 25 22 af
715 1390 50 22 dess
781 1389 116 22 uttalande
913 1388 27 28 pä
955 1394 49 22 pag.

185 1421 20 23 2,
217 1418 47 28 der,
276 1420 51 21 med
343 1420 123 22 anförande
476 1420 26 22 af
516 1421 27 21 de
554 1420 55 26 skäl,
620 1420 121 21 ständerna
751 1419 38 21 vid
802 1420 59 20 förra
872 1418 134 28 landtdagen

184 1448 89 27 uttalat,
292 1449 51 25 ,det
358 1449 71 22 finska
446 1450 80 21 folkets
543 1450 157 21 konservativa
714 1450 124 27 skaplynne
850 1449 41 21 och
903 1448 103 22 särskildt

185 1477 44 23 den
243 1479 141 28 jordegande
400 1480 100 21 klassens
517 1480 155 27 obenägenhet
687 1481 33 19 att
737 1478 124 22 fränhända
877 1478 34 28 sig
922 1477 83 27 mark*,

185 1507 129 23 framhållas
335 1508 74 22 såsom
430 1510 113 21 korrektiv
564 1511 46 20 mot
626 1511 32 19 ett
672 1509 133 28 ytterligare
820 1507 147 23 användande
982 1507 26 22 af
