1117 1773
438 123 87 19 Maalisk.
540 123 22 18 16
575 128 17 18 p.
852 126 41 20 335

108 177 38 22 det
168 182 60 21 ense,
251 176 69 23 blifve
342 176 77 23 dervid
444 176 118 22 beroende.
593 177 10 21 I
626 178 69 20 annat
715 177 40 21 fall
775 177 150 22 öfverlemnar

108 206 144 28 magistraten
275 207 91 22 ärendet
388 206 34 22 till
446 207 147 27 guvernören,
615 212 49 16 som
682 212 53 22 eger
753 206 47 22 deri
815 207 108 21 besluta*.

107 236 44 28 Jag
166 236 35 22 för
216 236 45 21 min
277 236 36 22 del
327 237 82 22 önskar
426 237 32 20 att
474 236 38 22 det
527 236 69 22 mätte
610 236 72 22 blifva
696 236 111 22 beroende
817 236 38 22 vid
865 236 59 22 hvad

108 266 201 28 stadsfullmäktige
331 266 94 22 besluta.
456 266 40 21 Uti
518 272 66 16 mom.
610 269 12 19 3
647 266 63 22 heter
734 266 38 21 det
787 266 88 21 vidare:
901 266 23 26 ,I

107 296 106 21 händelse
237 295 111 28 förnyelse
371 296 26 22 af
417 295 99 28 beviljad
538 296 252 28 försäljningsrättighet
812 295 111 27 ästundas,

108 325 35 22 mä
165 325 79 22 sädant
267 326 20 27 ej
308 327 87 27 vägras,
415 325 74 21 derest
504 326 115 21 sökanden
634 325 50 22 icke
699 326 135 21 missbrukat
848 325 75 28 rättig-

107 356 67 21 heten
189 361 19 15 o.
225 361 17 15 s.
258 356 43 26 v.*,
317 361 28 16 en
361 355 163 27 bestämmelse,
540 361 49 16 som
602 356 41 27 jag
659 355 28 27 pä
697 355 56 21 intet
763 356 44 20 sätt
817 355 44 21 kan
871 355 52 28 god-

107 385 80 27 känna,
202 386 26 26 ty
243 384 24 22 sä
282 386 61 20 snart
359 384 161 22 innehafvaren
536 385 26 21 af
580 385 280 28 försäljningsrättigheten
875 384 49 22 icke

108 414 135 22 missbrukar
266 414 128 22 densamma
412 414 54 22 eller
481 414 77 28 bryter
574 416 47 20 mot
636 414 159 28 förordningen
810 414 114 28 angäende

108 444 131 29 försäljning
255 444 25 22 af
293 444 149 28 maltdrycker
458 444 54 22 eller
528 450 81 16 annars
624 444 57 22 läter
696 444 77 23 oskick
788 444 38 22 vid
837 444 86 28 försälj-

108 474 81 28 ningen
211 475 89 21 komma
322 474 34 28 sig
374 474 33 21 till
428 474 50 26 last,
494 474 25 22 sä
533 475 93 21 innehar
642 474 132 28 försäljaren
790 475 134 28 rättigheten

108 504 83 21 kanske
207 504 36 21 för
257 504 50 21 hela
323 504 33 21 sin
371 504 70 21 lifstid
458 504 41 21 och
515 504 129 28 derigenom
660 504 111 22 försvåras
787 504 7 22 i
809 504 44 28 hög
868 504 55 28 grad

108 533 35 22 för
165 533 201 28 stadsfullmäktige
389 533 146 28 möjligheten
553 535 33 20 att
601 534 121 21 inskränka
737 534 186 28 försäljningsrät-

108 563 136 28 tigheternas
259 563 66 27 antal,
341 569 37 16 om
393 563 49 22 skäl
457 563 74 22 dertill
546 563 73 22 skulle
636 563 125 22 förefinnas.
785 563 10 22 I
811 565 65 21 dessa
891 563 32 22 af-

108 593 96 22 seenden
227 593 71 22 skulle
319 593 40 28 jag
381 593 75 22 derför
476 593 76 27 önska,
568 595 33 20 att
621 593 110 22 utskottet
751 593 111 29 föresloge
880 593 43 22 för-

108 623 99 28 ändring.
237 623 80 22 Likasä
336 623 71 21 skulle
428 623 40 28 jag
490 623 70 22 önska
582 623 129 28 förändring
732 623 32 22 uti
784 629 65 16 mom.
871 626 13 19 3
900 623 26 22 af

108 653 71 28 tredje
201 653 140 28 paragrafen,
362 653 39 21 der
417 653 37 21 det
469 653 73 21 heter:
568 653 162 28 ,Försäljning,
746 653 93 22 hvarom
853 659 31 16 nu
899 653 24 21 är

109 682 68 29 fräga,
201 682 33 22 fär
256 683 89 21 utöfvas
369 682 77 22 endast
469 683 8 20 i
500 683 72 28 öppen
590 683 44 21 bod
650 683 51 21 med
716 682 84 29 utgäng
815 683 34 21 till
863 683 60 28 gata,

108 713 50 27 torg
180 712 55 22 eller
254 718 73 16 annan
349 712 82 22 allmän
454 712 59 28 plats
536 714 59 19 samt
617 713 71 21 under
708 713 82 27 helgfri
813 713 43 27 dag
875 711 49 23 frän

108 742 95 21 klockan
225 742 36 21 nio
282 741 27 29 pä
332 748 120 22 morgonen
474 742 34 21 till
529 742 95 21 klockan
643 742 37 22 nio
695 741 29 29 pä
739 742 111 22 aftonen".
881 742 43 27 Jag

109 771 71 22 skulle
195 771 111 28 nämligen
321 772 54 27 vilja
390 772 68 21 hafva
472 773 32 20 ett
515 771 124 28 stadgande
648 772 85 21 infördt
743 772 82 27 derom,
836 773 33 20 att
881 771 42 22 för-

109 801 220 28 säljningslokalerna
346 803 90 26 stängas
452 807 35 16 om
504 801 104 28 lördagar
622 801 30 22 kl.
670 805 13 18 6
699 801 154 28 eftermiddag.

179 831 45 22 Sist
239 831 41 22 och
295 831 103 28 slutligen
411 837 66 16 anser
485 831 47 28 jag,
543 832 33 21 att
586 831 98 22 handeln
694 831 51 22 med
755 831 38 22 vin
803 831 42 22 och
855 831 69 22 andra

109 867 93 22 svagare
224 861 133 27 rusdrycker
376 861 48 22 icke
443 860 41 22 bör
498 867 55 15 vara
568 861 86 21 befriad
670 861 57 22 ifrån
742 861 60 22 skatt
817 861 54 22 eller
887 860 35 22 be-

109 890 92 29 vilining
222 890 34 22 till
276 891 90 21 kronan.
397 891 43 28 Jag
461 890 53 28 säge
530 890 76 22 derför
621 896 76 23 gerna,
713 892 34 20 att
761 891 96 21 handeln
872 890 51 22 med

110 920 27 22 de
152 926 94 22 svagare
260 920 162 28 rusdryckerna
438 920 176 22 underkastades
630 926 86 16 samma
731 920 192 28 bevillningsskyl-

110 950 75 28 dighet
207 956 47 16 som
277 950 96 22 handeln
393 950 51 22 med
463 950 22 22 öl
500 950 55 22 eller
570 950 158 28 maltdrycker,
743 950 77 22 hvilka
833 950 26 28 ju
874 950 49 22 icke

109 979 28 28 gä
159 980 48 21 fria.
238 980 43 28 Jag
300 980 44 22 kan
362 980 49 22 icke
426 980 67 27 finna,
510 981 32 20 att
557 979 68 29 nägot
640 980 49 22 skäl
704 980 120 28 föreligger
840 980 35 22 för
890 981 33 20 att

110 1009 64 22 dessä
189 1010 94 27 drycker
298 1010 68 21 borde
381 1016 54 15 vara
450 1010 101 21 befriade
567 1009 57 22 ifrän
635 1010 156 28 skyldigheten
801 1011 33 20 att
844 1009 80 28 utgöra

110 1039 125 28 bevillning.
267 1039 62 22 Huru
344 1040 41 21 och
401 1039 27 28 pä
438 1040 60 21 hvad
510 1040 45 21 sätt
566 1040 72 21 denna
649 1040 122 28 bevillning
781 1039 72 22 skulle
863 1038 59 29 utgå,

109 1074 64 16 anser
186 1068 41 28 jag
242 1068 45 28 mig
302 1069 56 22 dock
373 1069 49 22 icke
437 1075 31 15 nu
483 1069 75 21 kunna
574 1068 88 28 föreslä,
679 1075 51 16 men
745 1069 99 22 anhäller
859 1068 64 22 vörd-

109 1099 57 21 samt
180 1098 41 22 hos
236 1098 93 28 ständet,
345 1100 33 20 att
393 1099 72 21 denna
480 1098 143 28 proposition,
639 1098 59 22 hvad
714 1099 161 27 bevillningens
890 1100 33 20 ut-

109 1128 96 28 görande
223 1128 144 27 vidkommer,
385 1128 155 22 remitterades
557 1128 35 22 till
606 1128 249 28 bevillningsutskottet,
872 1134 51 16 men

110 1157 33 22 för
165 1157 68 29 öfrigt
254 1158 34 21 till
308 1158 218 27 ekonomiutskottet,
542 1159 65 26 samt,
624 1158 24 21 sä
663 1158 48 22 vidt
727 1164 27 16 en
770 1158 61 28 dylik
846 1157 76 22 bevill-

109 1187 53 28 ning
177 1193 65 16 anses
257 1188 54 21 böra
325 1187 168 29 ifrägakomma,
509 1188 34 21 till
558 1188 171 22 statsutskottet.

179 1217 90 21 Rehtori
284 1217 110 21 Melander:
418 1217 59 22 Minä
497 1218 91 27 pyydän
607 1218 69 21 saada
690 1218 71 27 yhtyä
776 1217 77 26 siihen,
869 1216 54 22 mitä

109 1246 108 22 edellinen
233 1247 84 28 puhuja
331 1247 124 22 huomautti
471 1248 77 20 tämän
558 1253 54 15 arm.
624 1247 115 27 esityksen
749 1246 173 28 määräyksestä,

107 1276 53 28 joka
183 1276 82 22 koskee
287 1277 80 21 näiden
389 1277 169 27 ohjesääntöjen
582 1276 104 22 alaiseksi
708 1277 99 21 tulevien
823 1275 100 28 juomain

109 1306 222 28 alkoholiprosenttia.
354 1302 12 36 —
367 1306 124 22 Mielestäni
515 1312 29 16 on
566 1306 111 22 nimittäin
699 1308 39 20 tuo
761 1306 109 27 määräys,
896 1308 26 19 12

108 1336 127 27 prosenttia,
253 1336 66 22 aivan
334 1336 174 22 mielivaltainen
522 1336 24 28 ja
568 1336 49 21 olisi
633 1336 55 22 ollut
703 1336 75 28 paljoa
793 1334 130 23 alemmaksi

108 1367 129 20 asetettava.
263 1366 52 21 Kun
330 1366 109 21 nimittäin
450 1366 127 26 tiedämme,
588 1366 69 21 miten
667 1366 60 28 paljo
737 1366 105 21 turmiota
851 1364 72 22 näistä

106 1395 105 27 juomista
235 1401 28 16 on
285 1396 116 25 olemassa,
417 1396 45 21 niin
484 1396 48 21 olisi
548 1396 66 27 syytä
629 1396 76 21 tämän
721 1395 131 28 epäkohdan
867 1394 56 28 pois-

107 1424 114 22 tamiseksi
242 1425 82 27 ryhtyä
346 1425 46 21 niin
411 1425 141 21 tehokkaisin
572 1425 112 21 keinoihin
702 1425 54 21 kuin
775 1424 147 22 mahdollista.

108 1454 113 22 Tahtoisin
243 1454 58 22 vielä
323 1455 71 27 yhtyä
417 1455 116 27 siihenkin,
550 1454 54 22 mitä
626 1454 111 22 edellinen
751 1455 85 27 puhuja
851 1453 72 22 lausui

107 1483 80 22 näiden
210 1484 100 28 samojen
331 1484 100 28 juomien
451 1484 179 22 verottamisesta
651 1484 54 22 sekä
719 1485 76 21 tämän
810 1482 113 23 asetuseh-

107 1512 109 22 dotuksen
230 1514 175 21 lähettämisestä
420 1514 103 27 myöskin
539 1514 280 21 suostuntavaliokuntaan.
845 1512 78 22 Josen
