<?xml version="1.0" encoding="UTF-8"?>
<alto xmlns="http://www.loc.gov/standards/alto/ns-v3#" xmlns:xlink="http://www.w3.org/1999/xlink" xmlns:xsi="http://www.w3.org/2001/XMLSchema-instance" xsi:schemaLocation="http://www.loc.gov/standards/alto/ns-v3# http://www.loc.gov/alto/v3/alto-3-0.xsd">
	<Description>
		<MeasurementUnit>pixel</MeasurementUnit>
		<sourceImageInformation>
			<fileName>/tmp/tess_4xqt46iz_input.PNG</fileName>
		</sourceImageInformation>
		<OCRProcessing ID="OCR_0">
			<ocrProcessingStep>
				<processingSoftware>
					<softwareName>tesseract 5.3.4</softwareName>
				</processingSoftware>
			</ocrProcessingStep>
		</OCRProcessing>
	</Description>
	<Layout>
		<Page WIDTH="1117" HEIGHT="1773" PHYSICAL_IMG_NR="0" ID="page_0">
			<PrintSpace HPOS="0" VPOS="0" WIDTH="1117" HEIGHT="1773">
				<GraphicalElement ID="cblock_0" HPOS="0" VPOS="120" WIDTH="5" HEIGHT="933"></GraphicalElement >
				<ComposedBlock ID="cblock_1" HPOS="237" VPOS="126" WIDTH="453" HEIGHT="23">
					<TextBlock ID="block_0" HPOS="237" VPOS="126" WIDTH="453" HEIGHT="23">
						<TextLine ID="line_0" HPOS="237" VPOS="126" WIDTH="453" HEIGHT="23">
							<String ID="string_0" HPOS="237" VPOS="128" WIDTH="27" HEIGHT="19" WC="0.96" CONTENT="78"/><SP WIDTH="283" VPOS="128" HPOS="264"/>
							<String ID="string_1" HPOS="547" VPOS="126" WIDTH="87" HEIGHT="19" WC="0.90" CONTENT="Helmik."/><SP WIDTH="14" VPOS="126" HPOS="634"/>
							<String ID="string_2" HPOS="648" VPOS="127" WIDTH="11" HEIGHT="17" WC="0.92" CONTENT="9"/><SP WIDTH="13" VPOS="127" HPOS="659"/>
							<String ID="string_3" HPOS="672" VPOS="132" WIDTH="18" HEIGHT="17" WC="0.92" CONTENT="p."/>
						</TextLine>
					</TextBlock>
				</ComposedBlock>
				<ComposedBlock ID="cblock_2" HPOS="205" VPOS="178" WIDTH="825" HEIGHT="88">
					<TextBlock ID="block_1" HPOS="205" VPOS="178" WIDTH="825" HEIGHT="88">
						<TextLine ID="line_1" HPOS="278" VPOS="178" WIDTH="752" HEIGHT="30">
							<String ID="string_4" HPOS="278" VPOS="178" WIDTH="95" HEIGHT="29" WC="0.92" CONTENT="Pyydän"/><SP WIDTH="22" VPOS="178" HPOS="373"/>
							<String ID="string_5" HPOS="395" VPOS="179" WIDTH="161" HEIGHT="28" WC="0.88" CONTENT="nöyrimmästi,"/><SP WIDTH="24" VPOS="179" HPOS="556"/>
							<String ID="string_6" HPOS="580" VPOS="180" WIDTH="47" HEIGHT="21" WC="0.92" CONTENT="että"/><SP WIDTH="24" VPOS="180" HPOS="627"/>
							<String ID="string_7" HPOS="651" VPOS="180" WIDTH="206" HEIGHT="22" WC="0.92" CONTENT="Korkea-arvoinen"/><SP WIDTH="25" VPOS="180" HPOS="857"/>
							<String ID="string_8" HPOS="882" VPOS="180" WIDTH="148" HEIGHT="28" WC="0.91" CONTENT="Pappissääty"/>
						</TextLine>
						<TextLine ID="line_2" HPOS="205" VPOS="208" WIDTH="824" HEIGHT="29">
							<String ID="string_9" HPOS="205" VPOS="208" WIDTH="123" HEIGHT="22" WC="0.90" CONTENT="kannattaa"/><SP WIDTH="22" VPOS="208" HPOS="328"/>
							<String ID="string_10" HPOS="350" VPOS="210" WIDTH="48" HEIGHT="20" WC="0.91" CONTENT="tätä"/><SP WIDTH="22" VPOS="210" HPOS="398"/>
							<String ID="string_11" HPOS="420" VPOS="209" WIDTH="207" HEIGHT="28" WC="0.92" CONTENT="pyyntöehdotusta"/><SP WIDTH="17" VPOS="209" HPOS="627"/>
							<String ID="string_12" HPOS="644" VPOS="210" WIDTH="25" HEIGHT="27" WC="0.93" CONTENT="ja"/><SP WIDTH="15" VPOS="210" HPOS="669"/>
							<String ID="string_13" HPOS="684" VPOS="210" WIDTH="99" HEIGHT="21" WC="0.90" CONTENT="lähettää"/><SP WIDTH="14" VPOS="210" HPOS="783"/>
							<String ID="string_14" HPOS="797" VPOS="215" WIDTH="41" HEIGHT="16" WC="0.93" CONTENT="sen"/><SP WIDTH="16" VPOS="215" HPOS="838"/>
							<String ID="string_15" HPOS="854" VPOS="210" WIDTH="175" HEIGHT="22" WC="0.92" CONTENT="asianomaiseen"/>
						</TextLine>
						<TextLine ID="line_3" HPOS="205" VPOS="238" WIDTH="773" HEIGHT="28">
							<String ID="string_16" HPOS="205" VPOS="238" WIDTH="161" HEIGHT="22" WC="0.91" CONTENT="valiokuntaan"/><SP WIDTH="15" VPOS="238" HPOS="366"/>
							<String ID="string_17" HPOS="381" VPOS="238" WIDTH="185" HEIGHT="22" WC="0.92" CONTENT="lainmukaisessa"/><SP WIDTH="13" VPOS="238" HPOS="566"/>
							<String ID="string_18" HPOS="579" VPOS="239" WIDTH="176" HEIGHT="27" WC="0.90" CONTENT="järjestyksessä"/><SP WIDTH="14" VPOS="239" HPOS="755"/>
							<String ID="string_19" HPOS="769" VPOS="238" WIDTH="209" HEIGHT="23" WC="0.91" CONTENT="valmistettavaksi."/>
						</TextLine>
					</TextBlock>
				</ComposedBlock>
				<ComposedBlock ID="cblock_3" HPOS="278" VPOS="286" WIDTH="679" HEIGHT="70">
					<TextBlock ID="block_2" HPOS="278" VPOS="286" WIDTH="679" HEIGHT="70">
						<TextLine ID="line_4" HPOS="278" VPOS="286" WIDTH="555" HEIGHT="28">
							<String ID="string_20" HPOS="278" VPOS="286" WIDTH="144" HEIGHT="28" WC="0.91" CONTENT="Helsingissä,"/><SP WIDTH="16" VPOS="286" HPOS="422"/>
							<String ID="string_21" HPOS="438" VPOS="286" WIDTH="136" HEIGHT="22" WC="0.91" CONTENT="Helmikuun"/><SP WIDTH="18" VPOS="286" HPOS="574"/>
							<String ID="string_22" HPOS="592" VPOS="287" WIDTH="50" HEIGHT="21" WC="0.89" CONTENT="7:nä"/><SP WIDTH="15" VPOS="287" HPOS="642"/>
							<String ID="string_23" HPOS="657" VPOS="287" WIDTH="96" HEIGHT="27" WC="0.91" CONTENT="päivänä"/><SP WIDTH="17" VPOS="287" HPOS="753"/>
							<String ID="string_24" HPOS="770" VPOS="288" WIDTH="63" HEIGHT="20" WC="0.96" CONTENT="1894."/>
						</TextLine>
						<TextLine ID="line_5" HPOS="786" VPOS="333" WIDTH="171" HEIGHT="23">
							<String ID="string_25" HPOS="786" VPOS="334" WIDTH="19" HEIGHT="21" WC="0.89" CONTENT="A."/><SP WIDTH="17" VPOS="334" HPOS="805"/>
							<String ID="string_26" HPOS="822" VPOS="333" WIDTH="21" HEIGHT="22" WC="0.88" CONTENT="0."/><SP WIDTH="16" VPOS="333" HPOS="843"/>
							<String ID="string_27" HPOS="859" VPOS="334" WIDTH="98" HEIGHT="22" WC="0.92" CONTENT="Törnudd."/>
						</TextLine>
					</TextBlock>
				</ComposedBlock>
				<ComposedBlock ID="cblock_4" HPOS="277" VPOS="457" WIDTH="369" HEIGHT="29">
					<TextBlock ID="block_3" HPOS="277" VPOS="457" WIDTH="369" HEIGHT="29">
						<TextLine ID="line_6" HPOS="277" VPOS="457" WIDTH="369" HEIGHT="29">
							<String ID="string_28" HPOS="277" VPOS="460" WIDTH="31" HEIGHT="23" WC="0.93" CONTENT="m)"/><SP WIDTH="15" VPOS="460" HPOS="308"/>
							<String ID="string_29" HPOS="323" VPOS="457" WIDTH="182" HEIGHT="29" WC="0.91" CONTENT="Lääninprovasti"/><SP WIDTH="16" VPOS="457" HPOS="505"/>
							<String ID="string_30" HPOS="521" VPOS="458" WIDTH="125" HEIGHT="22" WC="0.74" CONTENT="Torckell&#39;in:"/>
						</TextLine>
					</TextBlock>
				</ComposedBlock>
				<ComposedBlock ID="cblock_5" HPOS="420" VPOS="517" WIDTH="392" HEIGHT="28">
					<TextBlock ID="block_4" HPOS="420" VPOS="517" WIDTH="392" HEIGHT="28">
						<TextLine ID="line_7" HPOS="420" VPOS="517" WIDTH="392" HEIGHT="28">
							<String ID="string_31" HPOS="420" VPOS="517" WIDTH="42" HEIGHT="21" WC="0.93" CONTENT="Till"/><SP WIDTH="16" VPOS="517" HPOS="462"/>
							<String ID="string_32" HPOS="478" VPOS="517" WIDTH="144" HEIGHT="28" WC="0.92" CONTENT="Högvördiga"/><SP WIDTH="15" VPOS="517" HPOS="622"/>
							<String ID="string_33" HPOS="637" VPOS="517" WIDTH="175" HEIGHT="22" WC="0.91" CONTENT="Presteständet!"/>
						</TextLine>
					</TextBlock>
				</ComposedBlock>
				<ComposedBlock ID="cblock_6" HPOS="201" VPOS="563" WIDTH="827" HEIGHT="971">
					<TextBlock ID="block_5" HPOS="203" VPOS="563" WIDTH="824" HEIGHT="377">
						<TextLine ID="line_8" HPOS="277" VPOS="563" WIDTH="750" HEIGHT="28">
							<String ID="string_34" HPOS="277" VPOS="563" WIDTH="33" HEIGHT="21" WC="0.95" CONTENT="En"/><SP WIDTH="22" VPOS="563" HPOS="310"/>
							<String ID="string_35" HPOS="332" VPOS="563" WIDTH="67" HEIGHT="22" WC="0.88" CONTENT="bland"/><SP WIDTH="21" VPOS="563" HPOS="399"/>
							<String ID="string_36" HPOS="420" VPOS="564" WIDTH="28" HEIGHT="21" WC="0.93" CONTENT="de"/><SP WIDTH="16" VPOS="564" HPOS="448"/>
							<String ID="string_37" HPOS="464" VPOS="563" WIDTH="80" HEIGHT="28" WC="0.91" CONTENT="frägor,"/><SP WIDTH="16" VPOS="563" HPOS="544"/>
							<String ID="string_38" HPOS="560" VPOS="570" WIDTH="48" HEIGHT="15" WC="0.93" CONTENT="som"/><SP WIDTH="16" VPOS="570" HPOS="608"/>
							<String ID="string_39" HPOS="624" VPOS="565" WIDTH="91" HEIGHT="26" WC="0.92" CONTENT="tränger"/><SP WIDTH="15" VPOS="565" HPOS="715"/>
							<String ID="string_40" HPOS="730" VPOS="564" WIDTH="34" HEIGHT="27" WC="0.96" CONTENT="sig"/><SP WIDTH="16" VPOS="564" HPOS="764"/>
							<String ID="string_41" HPOS="780" VPOS="564" WIDTH="57" HEIGHT="21" WC="0.96" CONTENT="fram"/><SP WIDTH="16" VPOS="564" HPOS="837"/>
							<String ID="string_42" HPOS="853" VPOS="565" WIDTH="42" HEIGHT="21" WC="0.92" CONTENT="och"/><SP WIDTH="17" VPOS="565" HPOS="895"/>
							<String ID="string_43" HPOS="912" VPOS="564" WIDTH="46" HEIGHT="22" WC="0.92" CONTENT="förr"/><SP WIDTH="15" VPOS="564" HPOS="958"/>
							<String ID="string_44" HPOS="973" VPOS="565" WIDTH="54" HEIGHT="21" WC="0.96" CONTENT="eller"/>
						</TextLine>
						<TextLine ID="line_9" HPOS="205" VPOS="593" WIDTH="821" HEIGHT="28">
							<String ID="string_45" HPOS="205" VPOS="597" WIDTH="79" HEIGHT="16" WC="0.94" CONTENT="senare"/><SP WIDTH="29" VPOS="597" HPOS="284"/>
							<String ID="string_46" HPOS="313" VPOS="593" WIDTH="86" HEIGHT="21" WC="0.94" CONTENT="fordrar"/><SP WIDTH="25" VPOS="593" HPOS="399"/>
							<String ID="string_47" HPOS="424" VPOS="593" WIDTH="33" HEIGHT="22" WC="0.96" CONTENT="sin"/><SP WIDTH="21" VPOS="593" HPOS="457"/>
							<String ID="string_48" HPOS="478" VPOS="593" WIDTH="94" HEIGHT="28" WC="0.95" CONTENT="lösning,"/><SP WIDTH="27" VPOS="593" HPOS="572"/>
							<String ID="string_49" HPOS="599" VPOS="594" WIDTH="25" HEIGHT="21" WC="0.95" CONTENT="är"/><SP WIDTH="26" VPOS="594" HPOS="624"/>
							<String ID="string_50" HPOS="650" VPOS="593" WIDTH="43" HEIGHT="22" WC="0.96" CONTENT="den"/><SP WIDTH="26" VPOS="593" HPOS="693"/>
							<String ID="string_51" HPOS="719" VPOS="599" WIDTH="36" HEIGHT="16" WC="0.92" CONTENT="om"/><SP WIDTH="26" VPOS="599" HPOS="755"/>
							<String ID="string_52" HPOS="781" VPOS="593" WIDTH="134" HEIGHT="28" WC="0.92" CONTENT="förbättring"/><SP WIDTH="22" VPOS="593" HPOS="915"/>
							<String ID="string_53" HPOS="937" VPOS="594" WIDTH="26" HEIGHT="21" WC="0.96" CONTENT="af"/><SP WIDTH="20" VPOS="594" HPOS="963"/>
							<String ID="string_54" HPOS="983" VPOS="594" WIDTH="43" HEIGHT="22" WC="0.96" CONTENT="den"/>
						</TextLine>
						<TextLine ID="line_10" HPOS="204" VPOS="621" WIDTH="821" HEIGHT="30">
							<String ID="string_55" HPOS="204" VPOS="621" WIDTH="82" HEIGHT="22" WC="0.95" CONTENT="talrika"/><SP WIDTH="20" VPOS="621" HPOS="286"/>
							<String ID="string_56" HPOS="306" VPOS="622" WIDTH="48" HEIGHT="21" WC="0.96" CONTENT="lösa"/><SP WIDTH="20" VPOS="622" HPOS="354"/>
							<String ID="string_57" HPOS="374" VPOS="623" WIDTH="41" HEIGHT="21" WC="0.92" CONTENT="och"/><SP WIDTH="16" VPOS="623" HPOS="415"/>
							<String ID="string_58" HPOS="431" VPOS="623" WIDTH="109" HEIGHT="22" WC="0.90" CONTENT="obesutna"/><SP WIDTH="15" VPOS="623" HPOS="540"/>
							<String ID="string_59" HPOS="555" VPOS="623" WIDTH="172" HEIGHT="28" WC="0.95" CONTENT="befolkningens"/><SP WIDTH="15" VPOS="623" HPOS="727"/>
							<String ID="string_60" HPOS="742" VPOS="623" WIDTH="7" HEIGHT="21" WC="0.93" CONTENT="i"/><SP WIDTH="16" VPOS="623" HPOS="749"/>
							<String ID="string_61" HPOS="765" VPOS="622" WIDTH="49" HEIGHT="22" WC="0.96" CONTENT="vårt"/><SP WIDTH="15" VPOS="622" HPOS="814"/>
							<String ID="string_62" HPOS="829" VPOS="623" WIDTH="52" HEIGHT="22" WC="0.96" CONTENT="land"/><SP WIDTH="17" VPOS="623" HPOS="881"/>
							<String ID="string_63" HPOS="898" VPOS="623" WIDTH="105" HEIGHT="28" WC="0.95" CONTENT="ställning"/><SP WIDTH="15" VPOS="623" HPOS="1003"/>
							<String ID="string_64" HPOS="1018" VPOS="624" WIDTH="7" HEIGHT="21" WC="0.96" CONTENT="i"/>
						</TextLine>
						<TextLine ID="line_11" HPOS="205" VPOS="651" WIDTH="821" HEIGHT="30">
							<String ID="string_65" HPOS="205" VPOS="651" WIDTH="79" HEIGHT="22" WC="0.91" CONTENT="socialt"/><SP WIDTH="16" VPOS="651" HPOS="284"/>
							<String ID="string_66" HPOS="300" VPOS="652" WIDTH="41" HEIGHT="21" WC="0.96" CONTENT="och"/><SP WIDTH="16" VPOS="652" HPOS="341"/>
							<String ID="string_67" HPOS="357" VPOS="652" WIDTH="140" HEIGHT="22" WC="0.93" CONTENT="ekonomiskt"/><SP WIDTH="15" VPOS="652" HPOS="497"/>
							<String ID="string_68" HPOS="512" VPOS="653" WIDTH="113" HEIGHT="21" WC="0.92" CONTENT="afseende."/><SP WIDTH="25" VPOS="653" HPOS="625"/>
							<String ID="string_69" HPOS="650" VPOS="652" WIDTH="52" HEIGHT="22" WC="0.93" CONTENT="Som"/><SP WIDTH="12" VPOS="652" HPOS="702"/>
							<String ID="string_70" HPOS="714" VPOS="652" WIDTH="137" HEIGHT="22" WC="0.89" CONTENT="innebörden"/><SP WIDTH="11" VPOS="652" HPOS="851"/>
							<String ID="string_71" HPOS="862" VPOS="653" WIDTH="7" HEIGHT="21" WC="0.92" CONTENT="i"/><SP WIDTH="11" VPOS="653" HPOS="869"/>
							<String ID="string_72" HPOS="880" VPOS="653" WIDTH="72" HEIGHT="21" WC="0.93" CONTENT="denna"/><SP WIDTH="11" VPOS="653" HPOS="952"/>
							<String ID="string_73" HPOS="963" VPOS="653" WIDTH="63" HEIGHT="28" WC="0.92" CONTENT="fräga"/>
						</TextLine>
						<TextLine ID="line_12" HPOS="204" VPOS="681" WIDTH="822" HEIGHT="29">
							<String ID="string_74" HPOS="204" VPOS="683" WIDTH="105" HEIGHT="26" WC="0.90" CONTENT="nogsamt"/><SP WIDTH="22" VPOS="683" HPOS="309"/>
							<String ID="string_75" HPOS="331" VPOS="683" WIDTH="24" HEIGHT="19" WC="0.96" CONTENT="är"/><SP WIDTH="22" VPOS="683" HPOS="355"/>
							<String ID="string_76" HPOS="377" VPOS="681" WIDTH="37" HEIGHT="22" WC="0.93" CONTENT="det"/><SP WIDTH="20" VPOS="681" HPOS="414"/>
							<String ID="string_77" HPOS="434" VPOS="682" WIDTH="144" HEIGHT="28" WC="0.92" CONTENT="Högvördiga"/><SP WIDTH="20" VPOS="682" HPOS="578"/>
							<String ID="string_78" HPOS="598" VPOS="682" WIDTH="89" HEIGHT="21" WC="0.92" CONTENT="ständet"/><SP WIDTH="14" VPOS="682" HPOS="687"/>
							<String ID="string_79" HPOS="701" VPOS="683" WIDTH="90" HEIGHT="25" WC="0.92" CONTENT="bekant,"/><SP WIDTH="17" VPOS="683" HPOS="791"/>
							<String ID="string_80" HPOS="808" VPOS="682" WIDTH="109" HEIGHT="22" WC="0.93" CONTENT="behöfver"/><SP WIDTH="12" VPOS="682" HPOS="917"/>
							<String ID="string_81" HPOS="929" VPOS="683" WIDTH="41" HEIGHT="27" WC="0.96" CONTENT="jag"/><SP WIDTH="15" VPOS="683" HPOS="970"/>
							<String ID="string_82" HPOS="985" VPOS="683" WIDTH="41" HEIGHT="21" WC="0.96" CONTENT="här"/>
						</TextLine>
						<TextLine ID="line_13" HPOS="205" VPOS="710" WIDTH="821" HEIGHT="29">
							<String ID="string_83" HPOS="205" VPOS="710" WIDTH="20" HEIGHT="27" WC="0.92" CONTENT="ej"/><SP WIDTH="23" VPOS="710" HPOS="225"/>
							<String ID="string_84" HPOS="248" VPOS="710" WIDTH="53" HEIGHT="28" WC="0.90" CONTENT="ingä"/><SP WIDTH="22" VPOS="710" HPOS="301"/>
							<String ID="string_85" HPOS="323" VPOS="711" WIDTH="28" HEIGHT="27" WC="0.96" CONTENT="pä"/><SP WIDTH="16" VPOS="711" HPOS="351"/>
							<String ID="string_86" HPOS="367" VPOS="717" WIDTH="28" HEIGHT="16" WC="0.93" CONTENT="en"/><SP WIDTH="16" VPOS="717" HPOS="395"/>
							<String ID="string_87" HPOS="411" VPOS="713" WIDTH="101" HEIGHT="20" WC="0.92" CONTENT="närmare"/><SP WIDTH="16" VPOS="713" HPOS="512"/>
							<String ID="string_88" HPOS="528" VPOS="712" WIDTH="120" HEIGHT="27" WC="0.93" CONTENT="utredning"/><SP WIDTH="16" VPOS="712" HPOS="648"/>
							<String ID="string_89" HPOS="664" VPOS="712" WIDTH="69" HEIGHT="21" WC="0.92" CONTENT="däraf."/><SP WIDTH="33" VPOS="712" HPOS="733"/>
							<String ID="string_90" HPOS="766" VPOS="711" WIDTH="49" HEIGHT="22" WC="0.96" CONTENT="Den"/><SP WIDTH="17" VPOS="711" HPOS="815"/>
							<String ID="string_91" HPOS="832" VPOS="712" WIDTH="64" HEIGHT="21" WC="0.96" CONTENT="bästa"/><SP WIDTH="16" VPOS="712" HPOS="896"/>
							<String ID="string_92" HPOS="912" VPOS="712" WIDTH="40" HEIGHT="21" WC="0.93" CONTENT="och"/><SP WIDTH="17" VPOS="712" HPOS="952"/>
							<String ID="string_93" HPOS="969" VPOS="712" WIDTH="57" HEIGHT="21" WC="0.92" CONTENT="enda"/>
						</TextLine>
						<TextLine ID="line_14" HPOS="204" VPOS="740" WIDTH="822" HEIGHT="29">
							<String ID="string_94" HPOS="204" VPOS="740" WIDTH="117" HEIGHT="27" WC="0.92" CONTENT="varaktiga"/><SP WIDTH="23" VPOS="740" HPOS="321"/>
							<String ID="string_95" HPOS="344" VPOS="740" WIDTH="88" HEIGHT="29" WC="0.96" CONTENT="lösning"/><SP WIDTH="20" VPOS="740" HPOS="432"/>
							<String ID="string_96" HPOS="452" VPOS="741" WIDTH="26" HEIGHT="22" WC="0.96" CONTENT="af"/><SP WIDTH="18" VPOS="741" HPOS="478"/>
							<String ID="string_97" HPOS="496" VPOS="742" WIDTH="73" HEIGHT="21" WC="0.93" CONTENT="denna"/><SP WIDTH="22" VPOS="742" HPOS="569"/>
							<String ID="string_98" HPOS="591" VPOS="741" WIDTH="62" HEIGHT="28" WC="0.92" CONTENT="fräga"/><SP WIDTH="18" VPOS="741" HPOS="653"/>
							<String ID="string_99" HPOS="671" VPOS="741" WIDTH="41" HEIGHT="21" WC="0.96" CONTENT="har"/><SP WIDTH="16" VPOS="741" HPOS="712"/>
							<String ID="string_100" HPOS="728" VPOS="747" WIDTH="51" HEIGHT="16" WC="0.93" CONTENT="man"/><SP WIDTH="16" VPOS="747" HPOS="779"/>
							<String ID="string_101" HPOS="795" VPOS="743" WIDTH="74" HEIGHT="20" WC="0.91" CONTENT="ansett"/><SP WIDTH="15" VPOS="743" HPOS="869"/>
							<String ID="string_102" HPOS="884" VPOS="748" WIDTH="54" HEIGHT="15" WC="0.96" CONTENT="vara"/><SP WIDTH="15" VPOS="748" HPOS="938"/>
							<String ID="string_103" HPOS="953" VPOS="741" WIDTH="73" HEIGHT="22" WC="0.96" CONTENT="denna"/>
						</TextLine>
						<TextLine ID="line_15" HPOS="203" VPOS="769" WIDTH="823" HEIGHT="30">
							<String ID="string_104" HPOS="203" VPOS="769" WIDTH="143" HEIGHT="28" WC="0.89" CONTENT="befolknings"/><SP WIDTH="24" VPOS="769" HPOS="346"/>
							<String ID="string_105" HPOS="370" VPOS="771" WIDTH="103" HEIGHT="21" WC="0.92" CONTENT="fästande"/><SP WIDTH="23" VPOS="771" HPOS="473"/>
							<String ID="string_106" HPOS="496" VPOS="771" WIDTH="37" HEIGHT="21" WC="0.93" CONTENT="vid"/><SP WIDTH="19" VPOS="771" HPOS="533"/>
							<String ID="string_107" HPOS="552" VPOS="771" WIDTH="81" HEIGHT="27" WC="0.92" CONTENT="jorden"/><SP WIDTH="21" VPOS="771" HPOS="633"/>
							<String ID="string_108" HPOS="654" VPOS="771" WIDTH="54" HEIGHT="21" WC="0.93" CONTENT="eller"/><SP WIDTH="20" VPOS="771" HPOS="708"/>
							<String ID="string_109" HPOS="728" VPOS="770" WIDTH="127" HEIGHT="22" WC="0.92" CONTENT="beredande"/><SP WIDTH="16" VPOS="770" HPOS="855"/>
							<String ID="string_110" HPOS="871" VPOS="771" WIDTH="26" HEIGHT="21" WC="0.97" CONTENT="af"/><SP WIDTH="13" VPOS="771" HPOS="897"/>
							<String ID="string_111" HPOS="910" VPOS="771" WIDTH="116" HEIGHT="28" WC="0.96" CONTENT="möjlighet"/>
						</TextLine>
						<TextLine ID="line_16" HPOS="204" VPOS="799" WIDTH="822" HEIGHT="29">
							<String ID="string_112" HPOS="204" VPOS="799" WIDTH="35" HEIGHT="21" WC="0.93" CONTENT="för"/><SP WIDTH="25" VPOS="799" HPOS="239"/>
							<String ID="string_113" HPOS="264" VPOS="799" WIDTH="130" HEIGHT="22" WC="0.92" CONTENT="densamma"/><SP WIDTH="23" VPOS="799" HPOS="394"/>
							<String ID="string_114" HPOS="417" VPOS="801" WIDTH="33" HEIGHT="20" WC="0.96" CONTENT="att"/><SP WIDTH="20" VPOS="801" HPOS="450"/>
							<String ID="string_115" HPOS="470" VPOS="801" WIDTH="90" HEIGHT="20" WC="0.96" CONTENT="komma"/><SP WIDTH="21" VPOS="801" HPOS="560"/>
							<String ID="string_116" HPOS="581" VPOS="801" WIDTH="7" HEIGHT="20" WC="0.96" CONTENT="i"/><SP WIDTH="16" VPOS="801" HPOS="588"/>
							<String ID="string_117" HPOS="604" VPOS="801" WIDTH="121" HEIGHT="27" WC="0.95" CONTENT="besittning"/><SP WIDTH="16" VPOS="801" HPOS="725"/>
							<String ID="string_118" HPOS="741" VPOS="800" WIDTH="26" HEIGHT="21" WC="0.97" CONTENT="af"/><SP WIDTH="13" VPOS="800" HPOS="767"/>
							<String ID="string_119" HPOS="780" VPOS="806" WIDTH="57" HEIGHT="21" WC="0.93" CONTENT="egen"/><SP WIDTH="14" VPOS="806" HPOS="837"/>
							<String ID="string_120" HPOS="851" VPOS="801" WIDTH="126" HEIGHT="26" WC="0.90" CONTENT="jordtorfva"/><SP WIDTH="15" VPOS="801" HPOS="977"/>
							<String ID="string_121" HPOS="992" VPOS="802" WIDTH="34" HEIGHT="20" WC="0.96" CONTENT="att"/>
						</TextLine>
						<TextLine ID="line_17" HPOS="203" VPOS="828" WIDTH="822" HEIGHT="29">
							<String ID="string_122" HPOS="203" VPOS="828" WIDTH="53" HEIGHT="21" WC="0.92" CONTENT="med"/><SP WIDTH="25" VPOS="828" HPOS="256"/>
							<String ID="string_123" HPOS="281" VPOS="829" WIDTH="40" HEIGHT="21" WC="0.93" CONTENT="full"/><SP WIDTH="24" VPOS="829" HPOS="321"/>
							<String ID="string_124" HPOS="345" VPOS="829" WIDTH="132" HEIGHT="28" WC="0.92" CONTENT="eganderätt"/><SP WIDTH="21" VPOS="829" HPOS="477"/>
							<String ID="string_125" HPOS="498" VPOS="830" WIDTH="81" HEIGHT="21" WC="0.95" CONTENT="besitta"/><SP WIDTH="21" VPOS="830" HPOS="579"/>
							<String ID="string_126" HPOS="600" VPOS="830" WIDTH="41" HEIGHT="21" WC="0.90" CONTENT="och"/><SP WIDTH="22" VPOS="830" HPOS="641"/>
							<String ID="string_127" HPOS="663" VPOS="830" WIDTH="117" HEIGHT="27" WC="0.96" CONTENT="disponera"/><SP WIDTH="15" VPOS="830" HPOS="780"/>
							<String ID="string_128" HPOS="795" VPOS="829" WIDTH="71" HEIGHT="22" WC="0.85" CONTENT="öfver."/><SP WIDTH="31" VPOS="829" HPOS="866"/>
							<String ID="string_129" HPOS="897" VPOS="829" WIDTH="40" HEIGHT="22" WC="0.96" CONTENT="Att"/><SP WIDTH="15" VPOS="829" HPOS="937"/>
							<String ID="string_130" HPOS="952" VPOS="831" WIDTH="73" HEIGHT="20" WC="0.96" CONTENT="staten"/>
						</TextLine>
						<TextLine ID="line_18" HPOS="204" VPOS="857" WIDTH="821" HEIGHT="30">
							<String ID="string_131" HPOS="204" VPOS="857" WIDTH="68" HEIGHT="23" WC="0.96" CONTENT="också"/><SP WIDTH="21" VPOS="857" HPOS="272"/>
							<String ID="string_132" HPOS="293" VPOS="859" WIDTH="45" HEIGHT="20" WC="0.95" CONTENT="fäst"/><SP WIDTH="20" VPOS="859" HPOS="338"/>
							<String ID="string_133" HPOS="358" VPOS="859" WIDTH="34" HEIGHT="21" WC="0.96" CONTENT="sin"/><SP WIDTH="16" VPOS="859" HPOS="392"/>
							<String ID="string_134" HPOS="408" VPOS="859" WIDTH="198" HEIGHT="28" WC="0.96" CONTENT="uppmärksamhet"/><SP WIDTH="15" VPOS="859" HPOS="606"/>
							<String ID="string_135" HPOS="621" VPOS="859" WIDTH="37" HEIGHT="22" WC="0.97" CONTENT="vid"/><SP WIDTH="16" VPOS="859" HPOS="658"/>
							<String ID="string_136" HPOS="674" VPOS="859" WIDTH="73" HEIGHT="22" WC="0.93" CONTENT="denna"/><SP WIDTH="16" VPOS="859" HPOS="747"/>
							<String ID="string_137" HPOS="763" VPOS="859" WIDTH="63" HEIGHT="28" WC="0.95" CONTENT="fråga"/><SP WIDTH="15" VPOS="859" HPOS="826"/>
							<String ID="string_138" HPOS="841" VPOS="859" WIDTH="42" HEIGHT="22" WC="0.96" CONTENT="och"/><SP WIDTH="14" VPOS="859" HPOS="883"/>
							<String ID="string_139" HPOS="897" VPOS="859" WIDTH="47" HEIGHT="28" WC="0.92" CONTENT="just"/><SP WIDTH="15" VPOS="859" HPOS="944"/>
							<String ID="string_140" HPOS="959" VPOS="859" WIDTH="7" HEIGHT="21" WC="0.92" CONTENT="i"/><SP WIDTH="16" VPOS="859" HPOS="966"/>
							<String ID="string_141" HPOS="982" VPOS="859" WIDTH="43" HEIGHT="22" WC="0.97" CONTENT="den"/>
						</TextLine>
						<TextLine ID="line_19" HPOS="204" VPOS="888" WIDTH="822" HEIGHT="29">
							<String ID="string_142" HPOS="204" VPOS="888" WIDTH="93" HEIGHT="27" WC="0.92" CONTENT="angifna"/><SP WIDTH="22" VPOS="888" HPOS="297"/>
							<String ID="string_143" HPOS="319" VPOS="888" WIDTH="127" HEIGHT="28" WC="0.92" CONTENT="riktningen"/><SP WIDTH="23" VPOS="888" HPOS="446"/>
							<String ID="string_144" HPOS="469" VPOS="889" WIDTH="51" HEIGHT="21" WC="0.92" CONTENT="sökt"/><SP WIDTH="23" VPOS="889" HPOS="520"/>
							<String ID="string_145" HPOS="543" VPOS="890" WIDTH="47" HEIGHT="20" WC="0.93" CONTENT="lösa"/><SP WIDTH="24" VPOS="890" HPOS="590"/>
							<String ID="string_146" HPOS="614" VPOS="889" WIDTH="136" HEIGHT="27" WC="0.91" CONTENT="densamma,"/><SP WIDTH="24" VPOS="889" HPOS="750"/>
							<String ID="string_147" HPOS="774" VPOS="888" WIDTH="71" HEIGHT="22" WC="0.92" CONTENT="mäste"/><SP WIDTH="22" VPOS="888" HPOS="845"/>
							<String ID="string_148" HPOS="867" VPOS="889" WIDTH="51" HEIGHT="21" WC="0.91" CONTENT="med"/><SP WIDTH="21" VPOS="889" HPOS="918"/>
							<String ID="string_149" HPOS="939" VPOS="889" WIDTH="87" HEIGHT="28" WC="0.91" CONTENT="verklig"/>
						</TextLine>
						<TextLine ID="line_20" HPOS="205" VPOS="917" WIDTH="273" HEIGHT="23">
							<String ID="string_150" HPOS="205" VPOS="917" WIDTH="142" HEIGHT="21" WC="0.89" CONTENT="tacksamhet"/><SP WIDTH="15" VPOS="917" HPOS="347"/>
							<String ID="string_151" HPOS="362" VPOS="918" WIDTH="116" HEIGHT="22" WC="0.92" CONTENT="erkännas."/>
						</TextLine>
					</TextBlock>
					<TextBlock ID="block_6" HPOS="201" VPOS="946" WIDTH="827" HEIGHT="588">
						<TextLine ID="line_21" HPOS="277" VPOS="946" WIDTH="751" HEIGHT="29">
							<String ID="string_152" HPOS="277" VPOS="946" WIDTH="34" HEIGHT="22" WC="0.93" CONTENT="De"/><SP WIDTH="21" VPOS="946" HPOS="311"/>
							<String ID="string_153" HPOS="332" VPOS="947" WIDTH="106" HEIGHT="22" WC="0.90" CONTENT="äländska"/><SP WIDTH="18" VPOS="947" HPOS="438"/>
							<String ID="string_154" HPOS="456" VPOS="948" WIDTH="68" HEIGHT="21" WC="0.92" CONTENT="öarne"/><SP WIDTH="16" VPOS="948" HPOS="524"/>
							<String ID="string_155" HPOS="540" VPOS="948" WIDTH="51" HEIGHT="21" WC="0.96" CONTENT="med"/><SP WIDTH="17" VPOS="948" HPOS="591"/>
							<String ID="string_156" HPOS="608" VPOS="954" WIDTH="27" HEIGHT="15" WC="0.93" CONTENT="en"/><SP WIDTH="16" VPOS="954" HPOS="635"/>
							<String ID="string_157" HPOS="651" VPOS="948" WIDTH="130" HEIGHT="27" WC="0.92" CONTENT="befolkning"/><SP WIDTH="16" VPOS="948" HPOS="781"/>
							<String ID="string_158" HPOS="797" VPOS="947" WIDTH="36" HEIGHT="21" WC="0.96" CONTENT="för"/><SP WIDTH="15" VPOS="947" HPOS="833"/>
							<String ID="string_159" HPOS="848" VPOS="948" WIDTH="138" HEIGHT="21" WC="0.96" CONTENT="närvarande"/><SP WIDTH="16" VPOS="948" HPOS="986"/>
							<String ID="string_160" HPOS="1002" VPOS="948" WIDTH="26" HEIGHT="21" WC="0.96" CONTENT="af"/>
						</TextLine>
						<TextLine ID="line_22" HPOS="203" VPOS="976" WIDTH="825" HEIGHT="29">
							<String ID="string_161" HPOS="203" VPOS="976" WIDTH="56" HEIGHT="20" WC="0.91" CONTENT="nära"/><SP WIDTH="24" VPOS="976" HPOS="259"/>
							<String ID="string_162" HPOS="283" VPOS="979" WIDTH="79" HEIGHT="23" WC="0.91" CONTENT="22,000"/><SP WIDTH="23" VPOS="979" HPOS="362"/>
							<String ID="string_163" HPOS="385" VPOS="983" WIDTH="105" HEIGHT="21" WC="0.93" CONTENT="personer"/><SP WIDTH="22" VPOS="983" HPOS="490"/>
							<String ID="string_164" HPOS="512" VPOS="979" WIDTH="99" HEIGHT="26" WC="0.91" CONTENT="upptaga"/><SP WIDTH="20" VPOS="979" HPOS="611"/>
							<String ID="string_165" HPOS="631" VPOS="983" WIDTH="29" HEIGHT="15" WC="0.93" CONTENT="en"/><SP WIDTH="20" VPOS="983" HPOS="660"/>
							<String ID="string_166" HPOS="680" VPOS="979" WIDTH="39" HEIGHT="25" WC="0.89" CONTENT="yta"/><SP WIDTH="21" VPOS="979" HPOS="719"/>
							<String ID="string_167" HPOS="740" VPOS="977" WIDTH="26" HEIGHT="21" WC="0.96" CONTENT="af"/><SP WIDTH="20" VPOS="977" HPOS="766"/>
							<String ID="string_168" HPOS="786" VPOS="980" WIDTH="25" HEIGHT="18" WC="0.93" CONTENT="11"/><SP WIDTH="21" VPOS="980" HPOS="811"/>
							<String ID="string_169" HPOS="832" VPOS="983" WIDTH="35" HEIGHT="21" WC="0.92" CONTENT="gv."/><SP WIDTH="17" VPOS="983" HPOS="867"/>
							<String ID="string_170" HPOS="884" VPOS="977" WIDTH="45" HEIGHT="26" WC="0.93" CONTENT="mil,"/><SP WIDTH="16" VPOS="977" HPOS="929"/>
							<String ID="string_171" HPOS="945" VPOS="977" WIDTH="83" HEIGHT="21" WC="0.92" CONTENT="hvaraf"/>
						</TextLine>
						<TextLine ID="line_23" HPOS="203" VPOS="1005" WIDTH="821" HEIGHT="29">
							<String ID="string_172" HPOS="203" VPOS="1005" WIDTH="58" HEIGHT="21" WC="0.95" CONTENT="dock"/><SP WIDTH="24" VPOS="1005" HPOS="261"/>
							<String ID="string_173" HPOS="285" VPOS="1006" WIDTH="72" HEIGHT="21" WC="0.95" CONTENT="större"/><SP WIDTH="22" VPOS="1006" HPOS="357"/>
							<String ID="string_174" HPOS="379" VPOS="1006" WIDTH="64" HEIGHT="22" WC="0.91" CONTENT="delen"/><SP WIDTH="24" VPOS="1006" HPOS="443"/>
							<String ID="string_175" HPOS="467" VPOS="1006" WIDTH="73" HEIGHT="22" WC="0.91" CONTENT="säsom"/><SP WIDTH="21" VPOS="1006" HPOS="540"/>
							<String ID="string_176" HPOS="561" VPOS="1007" WIDTH="75" HEIGHT="25" WC="0.92" CONTENT="kändt,"/><SP WIDTH="22" VPOS="1007" HPOS="636"/>
							<String ID="string_177" HPOS="658" VPOS="1007" WIDTH="90" HEIGHT="27" WC="0.92" CONTENT="utgöres"/><SP WIDTH="21" VPOS="1007" HPOS="748"/>
							<String ID="string_178" HPOS="769" VPOS="1006" WIDTH="27" HEIGHT="22" WC="0.93" CONTENT="af"/><SP WIDTH="16" VPOS="1006" HPOS="796"/>
							<String ID="string_179" HPOS="812" VPOS="1006" WIDTH="56" HEIGHT="28" WC="0.91" CONTENT="bärg"/><SP WIDTH="16" VPOS="1006" HPOS="868"/>
							<String ID="string_180" HPOS="884" VPOS="1006" WIDTH="41" HEIGHT="22" WC="0.93" CONTENT="och"/><SP WIDTH="16" VPOS="1006" HPOS="925"/>
							<String ID="string_181" HPOS="941" VPOS="1008" WIDTH="83" HEIGHT="20" WC="0.92" CONTENT="vatten."/>
						</TextLine>
						<TextLine ID="line_24" HPOS="203" VPOS="1034" WIDTH="821" HEIGHT="30">
							<String ID="string_182" HPOS="203" VPOS="1034" WIDTH="33" HEIGHT="21" WC="0.96" CONTENT="Af"/><SP WIDTH="22" VPOS="1034" HPOS="236"/>
							<String ID="string_183" HPOS="258" VPOS="1035" WIDTH="73" HEIGHT="21" WC="0.93" CONTENT="denna"/><SP WIDTH="23" VPOS="1035" HPOS="331"/>
							<String ID="string_184" HPOS="354" VPOS="1036" WIDTH="61" HEIGHT="21" WC="0.92" CONTENT="areal"/><SP WIDTH="16" VPOS="1036" HPOS="415"/>
							<String ID="string_185" HPOS="431" VPOS="1042" WIDTH="53" HEIGHT="22" WC="0.92" CONTENT="eger"/><SP WIDTH="15" VPOS="1042" HPOS="484"/>
							<String ID="string_186" HPOS="499" VPOS="1036" WIDTH="59" HEIGHT="28" WC="0.93" CONTENT="höga"/><SP WIDTH="16" VPOS="1036" HPOS="558"/>
							<String ID="string_187" HPOS="574" VPOS="1036" WIDTH="85" HEIGHT="22" WC="0.92" CONTENT="kronan"/><SP WIDTH="15" VPOS="1036" HPOS="659"/>
							<String ID="string_188" HPOS="674" VPOS="1042" WIDTH="29" HEIGHT="16" WC="0.93" CONTENT="en"/><SP WIDTH="15" VPOS="1042" HPOS="703"/>
							<String ID="string_189" HPOS="718" VPOS="1036" WIDTH="79" HEIGHT="21" WC="0.92" CONTENT="utvidd"/><SP WIDTH="15" VPOS="1036" HPOS="797"/>
							<String ID="string_190" HPOS="812" VPOS="1036" WIDTH="27" HEIGHT="21" WC="0.96" CONTENT="af"/><SP WIDTH="13" VPOS="1036" HPOS="839"/>
							<String ID="string_191" HPOS="852" VPOS="1042" WIDTH="47" HEIGHT="15" WC="0.96" CONTENT="mer"/><SP WIDTH="16" VPOS="1042" HPOS="899"/>
							<String ID="string_192" HPOS="915" VPOS="1036" WIDTH="28" HEIGHT="21" WC="0.96" CONTENT="än"/><SP WIDTH="16" VPOS="1036" HPOS="943"/>
							<String ID="string_193" HPOS="959" VPOS="1038" WIDTH="65" HEIGHT="23" WC="0.93" CONTENT="8,000"/>
						</TextLine>
						<TextLine ID="line_25" HPOS="202" VPOS="1064" WIDTH="822" HEIGHT="29">
							<String ID="string_194" HPOS="202" VPOS="1064" WIDTH="110" HEIGHT="22" WC="0.92" CONTENT="tunnland"/><SP WIDTH="11" VPOS="1064" HPOS="312"/>
							<String ID="string_195" HPOS="323" VPOS="1065" WIDTH="7" HEIGHT="21" WC="0.96" CONTENT="i"/><SP WIDTH="11" VPOS="1065" HPOS="330"/>
							<String ID="string_196" HPOS="341" VPOS="1067" WIDTH="14" HEIGHT="19" WC="0.96" CONTENT="4"/><SP WIDTH="10" VPOS="1067" HPOS="355"/>
							<String ID="string_197" HPOS="365" VPOS="1067" WIDTH="60" HEIGHT="19" WC="0.93" CONTENT="stora"/><SP WIDTH="11" VPOS="1067" HPOS="425"/>
							<String ID="string_198" HPOS="436" VPOS="1066" WIDTH="158" HEIGHT="27" WC="0.93" CONTENT="possessioner,"/><SP WIDTH="8" VPOS="1066" HPOS="594"/>
							<String ID="string_199" HPOS="602" VPOS="1066" WIDTH="112" HEIGHT="27" WC="0.96" CONTENT="nämligen"/><SP WIDTH="11" VPOS="1066" HPOS="714"/>
							<String ID="string_200" HPOS="725" VPOS="1068" WIDTH="13" HEIGHT="19" WC="0.93" CONTENT="3"/><SP WIDTH="11" VPOS="1068" HPOS="738"/>
							<String ID="string_201" HPOS="749" VPOS="1065" WIDTH="162" HEIGHT="28" WC="0.91" CONTENT="kungsgärdar,"/><SP WIDTH="11" VPOS="1065" HPOS="911"/>
							<String ID="string_202" HPOS="922" VPOS="1065" WIDTH="102" HEIGHT="27" WC="0.91" CONTENT="Grelsby,"/>
						</TextLine>
						<TextLine ID="line_26" HPOS="202" VPOS="1093" WIDTH="822" HEIGHT="29">
							<String ID="string_203" HPOS="202" VPOS="1093" WIDTH="66" HEIGHT="28" WC="0.96" CONTENT="Haga"/><SP WIDTH="11" VPOS="1093" HPOS="268"/>
							<String ID="string_204" HPOS="279" VPOS="1094" WIDTH="41" HEIGHT="21" WC="0.93" CONTENT="och"/><SP WIDTH="11" VPOS="1094" HPOS="320"/>
							<String ID="string_205" HPOS="331" VPOS="1094" WIDTH="146" HEIGHT="28" WC="0.91" CONTENT="Kastelholm,"/><SP WIDTH="11" VPOS="1094" HPOS="477"/>
							<String ID="string_206" HPOS="488" VPOS="1096" WIDTH="58" HEIGHT="20" WC="0.96" CONTENT="samt"/><SP WIDTH="11" VPOS="1096" HPOS="546"/>
							<String ID="string_207" HPOS="557" VPOS="1095" WIDTH="114" HEIGHT="21" WC="0.93" CONTENT="dessutom"/><SP WIDTH="8" VPOS="1095" HPOS="671"/>
							<String ID="string_208" HPOS="679" VPOS="1095" WIDTH="164" HEIGHT="21" WC="0.92" CONTENT="Bromarsunds"/><SP WIDTH="8" VPOS="1095" HPOS="843"/>
							<String ID="string_209" HPOS="851" VPOS="1095" WIDTH="15" HEIGHT="21" WC="0.90" CONTENT="f."/><SP WIDTH="9" VPOS="1095" HPOS="866"/>
							<String ID="string_210" HPOS="875" VPOS="1094" WIDTH="21" HEIGHT="22" WC="0.92" CONTENT="d."/><SP WIDTH="10" VPOS="1094" HPOS="896"/>
							<String ID="string_211" HPOS="906" VPOS="1095" WIDTH="118" HEIGHT="27" WC="0.91" CONTENT="fästnings-"/>
						</TextLine>
						<TextLine ID="line_27" HPOS="203" VPOS="1123" WIDTH="821" HEIGHT="29">
							<String ID="string_212" HPOS="203" VPOS="1123" WIDTH="97" HEIGHT="21" WC="0.92" CONTENT="omräde."/><SP WIDTH="31" VPOS="1123" HPOS="300"/>
							<String ID="string_213" HPOS="331" VPOS="1123" WIDTH="36" HEIGHT="21" WC="0.92" CONTENT="Dä"/><SP WIDTH="17" VPOS="1123" HPOS="367"/>
							<String ID="string_214" HPOS="384" VPOS="1124" WIDTH="41" HEIGHT="28" WC="0.92" CONTENT="jag"/><SP WIDTH="21" VPOS="1124" HPOS="425"/>
							<String ID="string_215" HPOS="446" VPOS="1125" WIDTH="20" HEIGHT="27" WC="0.92" CONTENT="ej"/><SP WIDTH="18" VPOS="1125" HPOS="466"/>
							<String ID="string_216" HPOS="484" VPOS="1130" WIDTH="53" HEIGHT="22" WC="0.92" CONTENT="eger"/><SP WIDTH="15" VPOS="1130" HPOS="537"/>
							<String ID="string_217" HPOS="552" VPOS="1124" WIDTH="70" HEIGHT="28" WC="0.93" CONTENT="nägra"/><SP WIDTH="16" VPOS="1124" HPOS="622"/>
							<String ID="string_218" HPOS="638" VPOS="1125" WIDTH="113" HEIGHT="27" WC="0.93" CONTENT="uppgifter"/><SP WIDTH="15" VPOS="1125" HPOS="751"/>
							<String ID="string_219" HPOS="766" VPOS="1124" WIDTH="101" HEIGHT="21" WC="0.92" CONTENT="hvarken"/><SP WIDTH="16" VPOS="1124" HPOS="867"/>
							<String ID="string_220" HPOS="883" VPOS="1130" WIDTH="36" HEIGHT="15" WC="0.93" CONTENT="om"/><SP WIDTH="15" VPOS="1130" HPOS="919"/>
							<String ID="string_221" HPOS="934" VPOS="1124" WIDTH="90" HEIGHT="21" WC="0.92" CONTENT="arealen"/>
						</TextLine>
						<TextLine ID="line_28" HPOS="203" VPOS="1152" WIDTH="821" HEIGHT="23">
							<String ID="string_222" HPOS="203" VPOS="1152" WIDTH="56" HEIGHT="21" WC="0.93" CONTENT="eller"/><SP WIDTH="20" VPOS="1152" HPOS="259"/>
							<String ID="string_223" HPOS="279" VPOS="1154" WIDTH="69" HEIGHT="20" WC="0.93" CONTENT="andra"/><SP WIDTH="21" VPOS="1154" HPOS="348"/>
							<String ID="string_224" HPOS="369" VPOS="1154" WIDTH="153" HEIGHT="21" WC="0.92" CONTENT="förhällanden"/><SP WIDTH="16" VPOS="1154" HPOS="522"/>
							<String ID="string_225" HPOS="538" VPOS="1154" WIDTH="140" HEIGHT="21" WC="0.93" CONTENT="beträffande"/><SP WIDTH="16" VPOS="1154" HPOS="678"/>
							<String ID="string_226" HPOS="694" VPOS="1154" WIDTH="139" HEIGHT="21" WC="0.92" CONTENT="Bomarsund"/><SP WIDTH="16" VPOS="1154" HPOS="833"/>
							<String ID="string_227" HPOS="849" VPOS="1154" WIDTH="42" HEIGHT="20" WC="0.96" CONTENT="och"/><SP WIDTH="16" VPOS="1154" HPOS="891"/>
							<String ID="string_228" HPOS="907" VPOS="1153" WIDTH="42" HEIGHT="21" WC="0.93" CONTENT="den"/><SP WIDTH="16" VPOS="1153" HPOS="949"/>
							<String ID="string_229" HPOS="965" VPOS="1154" WIDTH="59" HEIGHT="20" WC="0.93" CONTENT="dess-"/>
						</TextLine>
						<TextLine ID="line_29" HPOS="202" VPOS="1182" WIDTH="821" HEIGHT="28">
							<String ID="string_230" HPOS="202" VPOS="1183" WIDTH="62" HEIGHT="20" WC="0.93" CONTENT="utom"/><SP WIDTH="17" VPOS="1183" HPOS="264"/>
							<String ID="string_231" HPOS="281" VPOS="1183" WIDTH="25" HEIGHT="20" WC="0.96" CONTENT="är"/><SP WIDTH="15" VPOS="1183" HPOS="306"/>
							<String ID="string_232" HPOS="321" VPOS="1182" WIDTH="27" HEIGHT="22" WC="0.96" CONTENT="af"/><SP WIDTH="13" VPOS="1182" HPOS="348"/>
							<String ID="string_233" HPOS="361" VPOS="1188" WIDTH="28" HEIGHT="16" WC="0.96" CONTENT="en"/><SP WIDTH="16" VPOS="1188" HPOS="389"/>
							<String ID="string_234" HPOS="405" VPOS="1183" WIDTH="46" HEIGHT="21" WC="0.93" CONTENT="helt"/><SP WIDTH="16" VPOS="1183" HPOS="451"/>
							<String ID="string_235" HPOS="467" VPOS="1189" WIDTH="73" HEIGHT="15" WC="0.92" CONTENT="aunan"/><SP WIDTH="16" VPOS="1189" HPOS="540"/>
							<String ID="string_236" HPOS="556" VPOS="1185" WIDTH="66" HEIGHT="19" WC="0.96" CONTENT="natur"/><SP WIDTH="10" VPOS="1185" HPOS="622"/>
							<String ID="string_237" HPOS="632" VPOS="1184" WIDTH="29" HEIGHT="20" WC="0.96" CONTENT="än"/><SP WIDTH="11" VPOS="1184" HPOS="661"/>
							<String ID="string_238" HPOS="672" VPOS="1184" WIDTH="27" HEIGHT="20" WC="0.93" CONTENT="de"/><SP WIDTH="11" VPOS="1184" HPOS="699"/>
							<String ID="string_239" HPOS="710" VPOS="1183" WIDTH="114" HEIGHT="21" WC="0.92" CONTENT="säkallade"/><SP WIDTH="11" VPOS="1183" HPOS="824"/>
							<String ID="string_240" HPOS="835" VPOS="1182" WIDTH="188" HEIGHT="28" WC="0.91" CONTENT="kungsgärdarne,"/>
						</TextLine>
						<TextLine ID="line_30" HPOS="202" VPOS="1210" WIDTH="822" HEIGHT="30">
							<String ID="string_241" HPOS="202" VPOS="1210" WIDTH="25" HEIGHT="22" WC="0.96" CONTENT="sä"/><SP WIDTH="20" VPOS="1210" HPOS="227"/>
							<String ID="string_242" HPOS="247" VPOS="1212" WIDTH="40" HEIGHT="20" WC="0.96" CONTENT="vill"/><SP WIDTH="18" VPOS="1212" HPOS="287"/>
							<String ID="string_243" HPOS="305" VPOS="1212" WIDTH="40" HEIGHT="27" WC="0.93" CONTENT="jag"/><SP WIDTH="15" VPOS="1212" HPOS="345"/>
							<String ID="string_244" HPOS="360" VPOS="1212" WIDTH="120" HEIGHT="22" WC="0.92" CONTENT="inskränka"/><SP WIDTH="16" VPOS="1212" HPOS="480"/>
							<String ID="string_245" HPOS="496" VPOS="1213" WIDTH="45" HEIGHT="27" WC="0.96" CONTENT="mig"/><SP WIDTH="16" VPOS="1213" HPOS="541"/>
							<String ID="string_246" HPOS="557" VPOS="1213" WIDTH="79" HEIGHT="21" WC="0.96" CONTENT="endast"/><SP WIDTH="15" VPOS="1213" HPOS="636"/>
							<String ID="string_247" HPOS="651" VPOS="1213" WIDTH="34" HEIGHT="21" WC="0.97" CONTENT="till"/><SP WIDTH="16" VPOS="1213" HPOS="685"/>
							<String ID="string_248" HPOS="701" VPOS="1213" WIDTH="65" HEIGHT="21" WC="0.97" CONTENT="dessa"/><SP WIDTH="15" VPOS="1213" HPOS="766"/>
							<String ID="string_249" HPOS="781" VPOS="1218" WIDTH="86" HEIGHT="15" WC="0.95" CONTENT="senare."/><SP WIDTH="32" VPOS="1218" HPOS="867"/>
							<String ID="string_250" HPOS="899" VPOS="1212" WIDTH="44" HEIGHT="21" WC="0.93" CONTENT="Det"/><SP WIDTH="15" VPOS="1212" HPOS="943"/>
							<String ID="string_251" HPOS="958" VPOS="1212" WIDTH="66" HEIGHT="21" WC="0.92" CONTENT="ända-"/>
						</TextLine>
						<TextLine ID="line_31" HPOS="201" VPOS="1240" WIDTH="823" HEIGHT="30">
							<String ID="string_252" HPOS="201" VPOS="1240" WIDTH="52" HEIGHT="26" WC="0.91" CONTENT="mäl,"/><SP WIDTH="26" VPOS="1240" HPOS="253"/>
							<String ID="string_253" HPOS="279" VPOS="1241" WIDTH="34" HEIGHT="21" WC="0.93" CONTENT="för"/><SP WIDTH="21" VPOS="1241" HPOS="313"/>
							<String ID="string_254" HPOS="334" VPOS="1241" WIDTH="84" HEIGHT="22" WC="0.92" CONTENT="hvilket"/><SP WIDTH="21" VPOS="1241" HPOS="418"/>
							<String ID="string_255" HPOS="439" VPOS="1242" WIDTH="65" HEIGHT="21" WC="0.93" CONTENT="dessa"/><SP WIDTH="21" VPOS="1242" HPOS="504"/>
							<String ID="string_256" HPOS="525" VPOS="1242" WIDTH="155" HEIGHT="28" WC="0.92" CONTENT="kungsgärdar"/><SP WIDTH="15" VPOS="1242" HPOS="680"/>
							<String ID="string_257" HPOS="695" VPOS="1242" WIDTH="7" HEIGHT="21" WC="0.96" CONTENT="i"/><SP WIDTH="15" VPOS="1242" HPOS="702"/>
							<String ID="string_258" HPOS="717" VPOS="1242" WIDTH="61" HEIGHT="21" WC="0.93" CONTENT="tiden"/><SP WIDTH="16" VPOS="1242" HPOS="778"/>
							<String ID="string_259" HPOS="794" VPOS="1242" WIDTH="103" HEIGHT="21" WC="0.92" CONTENT="inrättats"/><SP WIDTH="15" VPOS="1242" HPOS="897"/>
							<String ID="string_260" HPOS="912" VPOS="1241" WIDTH="112" HEIGHT="27" WC="0.93" CONTENT="nemligen"/>
						</TextLine>
						<TextLine ID="line_32" HPOS="201" VPOS="1269" WIDTH="823" HEIGHT="30">
							<String ID="string_261" HPOS="201" VPOS="1269" WIDTH="35" HEIGHT="21" WC="0.91" CONTENT="till"/><SP WIDTH="23" VPOS="1269" HPOS="236"/>
							<String ID="string_262" HPOS="259" VPOS="1270" WIDTH="116" HEIGHT="22" WC="0.91" CONTENT="underhäll"/><SP WIDTH="24" VPOS="1270" HPOS="375"/>
							<String ID="string_263" HPOS="399" VPOS="1271" WIDTH="35" HEIGHT="21" WC="0.96" CONTENT="för"/><SP WIDTH="20" VPOS="1271" HPOS="434"/>
							<String ID="string_264" HPOS="454" VPOS="1272" WIDTH="28" HEIGHT="20" WC="0.96" CONTENT="de"/><SP WIDTH="21" VPOS="1272" HPOS="482"/>
							<String ID="string_265" HPOS="503" VPOS="1278" WIDTH="16" HEIGHT="14" WC="0.96" CONTENT="s."/><SP WIDTH="23" VPOS="1278" HPOS="519"/>
							<String ID="string_266" HPOS="542" VPOS="1272" WIDTH="20" HEIGHT="21" WC="0.96" CONTENT="k."/><SP WIDTH="23" VPOS="1272" HPOS="562"/>
							<String ID="string_267" HPOS="585" VPOS="1272" WIDTH="121" HEIGHT="34" WC="0.92" CONTENT="hoflägren,"/><SP WIDTH="17" VPOS="1272" HPOS="706"/>
							<String ID="string_268" HPOS="723" VPOS="1272" WIDTH="110" HEIGHT="20" WC="0.92" CONTENT="existerar"/><SP WIDTH="15" VPOS="1272" HPOS="833"/>
							<String ID="string_269" HPOS="848" VPOS="1277" WIDTH="92" HEIGHT="15" WC="0.93" CONTENT="numera"/><SP WIDTH="15" VPOS="1277" HPOS="940"/>
							<String ID="string_270" HPOS="955" VPOS="1270" WIDTH="69" HEIGHT="22" WC="0.96" CONTENT="sedan"/>
						</TextLine>
						<TextLine ID="line_33" HPOS="201" VPOS="1298" WIDTH="823" HEIGHT="28">
							<String ID="string_271" HPOS="201" VPOS="1298" WIDTH="53" HEIGHT="28" WC="0.92" CONTENT="läng"/><SP WIDTH="25" VPOS="1298" HPOS="254"/>
							<String ID="string_272" HPOS="279" VPOS="1300" WIDTH="31" HEIGHT="21" WC="0.96" CONTENT="tid"/><SP WIDTH="23" VPOS="1300" HPOS="310"/>
							<String ID="string_273" HPOS="333" VPOS="1300" WIDTH="93" HEIGHT="22" WC="0.93" CONTENT="tillbaka"/><SP WIDTH="21" VPOS="1300" HPOS="426"/>
							<String ID="string_274" HPOS="447" VPOS="1301" WIDTH="56" HEIGHT="25" WC="0.92" CONTENT="icke,"/><SP WIDTH="16" VPOS="1301" HPOS="503"/>
							<String ID="string_275" HPOS="519" VPOS="1301" WIDTH="41" HEIGHT="21" WC="0.93" CONTENT="och"/><SP WIDTH="17" VPOS="1301" HPOS="560"/>
							<String ID="string_276" HPOS="577" VPOS="1302" WIDTH="38" HEIGHT="20" WC="0.92" CONTENT="äro"/><SP WIDTH="16" VPOS="1302" HPOS="615"/>
							<String ID="string_277" HPOS="631" VPOS="1301" WIDTH="28" HEIGHT="21" WC="0.96" CONTENT="de"/><SP WIDTH="16" VPOS="1301" HPOS="659"/>
							<String ID="string_278" HPOS="675" VPOS="1301" WIDTH="79" HEIGHT="21" WC="0.96" CONTENT="endast"/><SP WIDTH="15" VPOS="1301" HPOS="754"/>
							<String ID="string_279" HPOS="769" VPOS="1300" WIDTH="34" HEIGHT="21" WC="0.96" CONTENT="till"/><SP WIDTH="16" VPOS="1300" HPOS="803"/>
							<String ID="string_280" HPOS="819" VPOS="1300" WIDTH="36" HEIGHT="22" WC="0.97" CONTENT="för"/><SP WIDTH="14" VPOS="1300" HPOS="855"/>
							<String ID="string_281" HPOS="869" VPOS="1300" WIDTH="44" HEIGHT="21" WC="0.93" CONTENT="den"/><SP WIDTH="15" VPOS="1300" HPOS="913"/>
							<String ID="string_282" HPOS="928" VPOS="1300" WIDTH="96" HEIGHT="21" WC="0.92" CONTENT="inkomst"/>
						</TextLine>
						<TextLine ID="line_34" HPOS="201" VPOS="1314" WIDTH="822" HEIGHT="49">
							<String ID="string_283" HPOS="201" VPOS="1329" WIDTH="75" HEIGHT="21" WC="0.96" CONTENT="staten"/><SP WIDTH="24" VPOS="1329" HPOS="276"/>
							<String ID="string_284" HPOS="300" VPOS="1329" WIDTH="26" HEIGHT="21" WC="0.96" CONTENT="af"/><SP WIDTH="20" VPOS="1329" HPOS="326"/>
							<String ID="string_285" HPOS="346" VPOS="1330" WIDTH="52" HEIGHT="20" WC="0.96" CONTENT="dem"/><SP WIDTH="23" VPOS="1330" HPOS="398"/>
							<String ID="string_286" HPOS="421" VPOS="1330" WIDTH="44" HEIGHT="22" WC="0.96" CONTENT="kan"/><SP WIDTH="23" VPOS="1330" HPOS="465"/>
							<String ID="string_287" HPOS="488" VPOS="1314" WIDTH="76" HEIGHT="49" WC="0.96" CONTENT="draga."/><SP WIDTH="33" VPOS="1314" HPOS="564"/>
							<String ID="string_288" HPOS="597" VPOS="1330" WIDTH="79" HEIGHT="21" WC="0.96" CONTENT="Likväl"/><SP WIDTH="22" VPOS="1330" HPOS="676"/>
							<String ID="string_289" HPOS="698" VPOS="1332" WIDTH="35" HEIGHT="19" WC="0.96" CONTENT="tro"/><SP WIDTH="23" VPOS="1332" HPOS="733"/>
							<String ID="string_290" HPOS="756" VPOS="1330" WIDTH="29" HEIGHT="26" WC="0.95" CONTENT="vi,"/><SP WIDTH="22" VPOS="1330" HPOS="785"/>
							<String ID="string_291" HPOS="807" VPOS="1331" WIDTH="34" HEIGHT="19" WC="0.96" CONTENT="att"/><SP WIDTH="21" VPOS="1331" HPOS="841"/>
							<String ID="string_292" HPOS="862" VPOS="1330" WIDTH="65" HEIGHT="20" WC="0.92" CONTENT="dessa"/><SP WIDTH="16" VPOS="1330" HPOS="927"/>
							<String ID="string_293" HPOS="943" VPOS="1329" WIDTH="80" HEIGHT="27" WC="0.91" CONTENT="kungs-"/>
						</TextLine>
						<TextLine ID="line_35" HPOS="201" VPOS="1357" WIDTH="823" HEIGHT="30">
							<String ID="string_294" HPOS="201" VPOS="1357" WIDTH="83" HEIGHT="27" WC="0.92" CONTENT="gårdar"/><SP WIDTH="22" VPOS="1357" HPOS="284"/>
							<String ID="string_295" HPOS="306" VPOS="1358" WIDTH="129" HEIGHT="22" WC="0.91" CONTENT="handhafda"/><SP WIDTH="23" VPOS="1358" HPOS="435"/>
							<String ID="string_296" HPOS="458" VPOS="1360" WIDTH="41" HEIGHT="21" WC="0.96" CONTENT="och"/><SP WIDTH="24" VPOS="1360" HPOS="499"/>
							<String ID="string_297" HPOS="523" VPOS="1360" WIDTH="103" HEIGHT="21" WC="0.96" CONTENT="använda"/><SP WIDTH="21" VPOS="1360" HPOS="626"/>
							<String ID="string_298" HPOS="647" VPOS="1359" WIDTH="28" HEIGHT="28" WC="0.96" CONTENT="på"/><SP WIDTH="21" VPOS="1359" HPOS="675"/>
							<String ID="string_299" HPOS="696" VPOS="1361" WIDTH="67" HEIGHT="19" WC="0.96" CONTENT="annat"/><SP WIDTH="18" VPOS="1361" HPOS="763"/>
							<String ID="string_300" HPOS="781" VPOS="1347" WIDTH="48" HEIGHT="33" WC="0.94" CONTENT="sätt"/><SP WIDTH="21" VPOS="1347" HPOS="829"/>
							<String ID="string_301" HPOS="850" VPOS="1359" WIDTH="73" HEIGHT="21" WC="0.96" CONTENT="kunde"/><SP WIDTH="19" VPOS="1359" HPOS="923"/>
							<String ID="string_302" HPOS="942" VPOS="1358" WIDTH="82" HEIGHT="22" WC="0.96" CONTENT="bereda"/>
						</TextLine>
						<TextLine ID="line_36" HPOS="201" VPOS="1387" WIDTH="822" HEIGHT="23">
							<String ID="string_303" HPOS="201" VPOS="1389" WIDTH="76" HEIGHT="19" WC="0.96" CONTENT="staten"/><SP WIDTH="16" VPOS="1389" HPOS="277"/>
							<String ID="string_304" HPOS="293" VPOS="1387" WIDTH="132" HEIGHT="23" WC="0.96" CONTENT="åtminstone"/><SP WIDTH="17" VPOS="1387" HPOS="425"/>
							<String ID="string_305" HPOS="442" VPOS="1389" WIDTH="92" HEIGHT="21" WC="0.96" CONTENT="dubbelt"/><SP WIDTH="15" VPOS="1389" HPOS="534"/>
							<String ID="string_306" HPOS="549" VPOS="1389" WIDTH="71" HEIGHT="21" WC="0.96" CONTENT="större"/><SP WIDTH="18" VPOS="1389" HPOS="620"/>
							<String ID="string_307" HPOS="638" VPOS="1389" WIDTH="97" HEIGHT="21" WC="0.96" CONTENT="inkomst"/><SP WIDTH="16" VPOS="1389" HPOS="735"/>
							<String ID="string_308" HPOS="751" VPOS="1390" WIDTH="28" HEIGHT="20" WC="0.97" CONTENT="än"/><SP WIDTH="16" VPOS="1390" HPOS="779"/>
							<String ID="string_309" HPOS="795" VPOS="1394" WIDTH="30" HEIGHT="15" WC="0.96" CONTENT="nu"/><SP WIDTH="16" VPOS="1394" HPOS="825"/>
							<String ID="string_310" HPOS="841" VPOS="1389" WIDTH="25" HEIGHT="20" WC="0.96" CONTENT="är"/><SP WIDTH="16" VPOS="1389" HPOS="866"/>
							<String ID="string_311" HPOS="882" VPOS="1388" WIDTH="69" HEIGHT="21" WC="0.93" CONTENT="fallet."/><SP WIDTH="31" VPOS="1388" HPOS="951"/>
							<String ID="string_312" HPOS="982" VPOS="1387" WIDTH="41" HEIGHT="22" WC="0.91" CONTENT="En-"/>
						</TextLine>
						<TextLine ID="line_37" HPOS="201" VPOS="1416" WIDTH="823" HEIGHT="30">
							<String ID="string_313" HPOS="201" VPOS="1416" WIDTH="42" HEIGHT="33" WC="0.91" CONTENT="ligt"/><SP WIDTH="23" VPOS="1416" HPOS="243"/>
							<String ID="string_314" HPOS="266" VPOS="1417" WIDTH="222" HEIGHT="29" WC="0.90" CONTENT="boställsinspektorn"/><SP WIDTH="20" VPOS="1417" HPOS="488"/>
							<String ID="string_315" HPOS="508" VPOS="1418" WIDTH="24" HEIGHT="21" WC="0.91" CONTENT="F."/><SP WIDTH="21" VPOS="1418" HPOS="532"/>
							<String ID="string_316" HPOS="553" VPOS="1418" WIDTH="158" HEIGHT="22" WC="0.93" CONTENT="Nandelstadts"/><SP WIDTH="22" VPOS="1418" HPOS="711"/>
							<String ID="string_317" HPOS="733" VPOS="1418" WIDTH="89" HEIGHT="28" WC="0.96" CONTENT="uppgift"/><SP WIDTH="22" VPOS="1418" HPOS="822"/>
							<String ID="string_318" HPOS="844" VPOS="1418" WIDTH="91" HEIGHT="26" WC="0.95" CONTENT="erlägga"/><SP WIDTH="23" VPOS="1418" HPOS="935"/>
							<String ID="string_319" HPOS="958" VPOS="1416" WIDTH="66" HEIGHT="22" WC="0.96" CONTENT="dessa"/>
						</TextLine>
						<TextLine ID="line_38" HPOS="201" VPOS="1445" WIDTH="823" HEIGHT="29">
							<String ID="string_320" HPOS="201" VPOS="1445" WIDTH="7" HEIGHT="21" WC="0.92" CONTENT="i"/><SP WIDTH="16" VPOS="1445" HPOS="208"/>
							<String ID="string_321" HPOS="224" VPOS="1445" WIDTH="67" HEIGHT="29" WC="0.92" CONTENT="ärligt"/><SP WIDTH="15" VPOS="1445" HPOS="291"/>
							<String ID="string_322" HPOS="306" VPOS="1447" WIDTH="94" HEIGHT="21" WC="0.93" CONTENT="arrende"/><SP WIDTH="16" VPOS="1447" HPOS="400"/>
							<String ID="string_323" HPOS="416" VPOS="1448" WIDTH="34" HEIGHT="20" WC="0.93" CONTENT="till"/><SP WIDTH="16" VPOS="1448" HPOS="450"/>
							<String ID="string_324" HPOS="466" VPOS="1448" WIDTH="85" HEIGHT="28" WC="0.91" CONTENT="kronan"/><SP WIDTH="15" VPOS="1448" HPOS="551"/>
							<String ID="string_325" HPOS="566" VPOS="1460" WIDTH="30" HEIGHT="2" WC="0.89" CONTENT="—"/><SP WIDTH="16" VPOS="1460" HPOS="596"/>
							<String ID="string_326" HPOS="612" VPOS="1448" WIDTH="96" HEIGHT="26" WC="0.92" CONTENT="Grelsby"/><SP WIDTH="17" VPOS="1448" HPOS="708"/>
							<String ID="string_327" HPOS="725" VPOS="1450" WIDTH="42" HEIGHT="18" WC="0.93" CONTENT="176"/><SP WIDTH="17" VPOS="1450" HPOS="767"/>
							<String ID="string_328" HPOS="784" VPOS="1448" WIDTH="54" HEIGHT="24" WC="0.92" CONTENT="tun.,"/><SP WIDTH="16" VPOS="1448" HPOS="838"/>
							<String ID="string_329" HPOS="854" VPOS="1446" WIDTH="65" HEIGHT="28" WC="0.96" CONTENT="Haga"/><SP WIDTH="12" VPOS="1446" HPOS="919"/>
							<String ID="string_330" HPOS="931" VPOS="1448" WIDTH="26" HEIGHT="19" WC="0.96" CONTENT="55"/><SP WIDTH="12" VPOS="1448" HPOS="957"/>
							<String ID="string_331" HPOS="969" VPOS="1446" WIDTH="55" HEIGHT="21" WC="0.96" CONTENT="eller"/>
						</TextLine>
						<TextLine ID="line_39" HPOS="201" VPOS="1475" WIDTH="822" HEIGHT="29">
							<String ID="string_332" HPOS="201" VPOS="1475" WIDTH="72" HEIGHT="27" WC="0.92" CONTENT="enligt"/><SP WIDTH="20" VPOS="1475" HPOS="273"/>
							<String ID="string_333" HPOS="293" VPOS="1476" WIDTH="179" HEIGHT="22" WC="0.92" CONTENT="landskontorets"/><SP WIDTH="21" VPOS="1476" HPOS="472"/>
							<String ID="string_334" HPOS="493" VPOS="1477" WIDTH="7" HEIGHT="21" WC="0.93" CONTENT="i"/><SP WIDTH="16" VPOS="1477" HPOS="500"/>
							<String ID="string_335" HPOS="516" VPOS="1470" WIDTH="52" HEIGHT="28" WC="0.96" CONTENT="Åbo"/><SP WIDTH="16" VPOS="1470" HPOS="568"/>
							<String ID="string_336" HPOS="584" VPOS="1478" WIDTH="90" HEIGHT="26" WC="0.93" CONTENT="uppgift"/><SP WIDTH="16" VPOS="1478" HPOS="674"/>
							<String ID="string_337" HPOS="690" VPOS="1478" WIDTH="35" HEIGHT="20" WC="0.32" CONTENT="60&#39;"/><SP WIDTH="12" VPOS="1478" HPOS="725"/>
							<String ID="string_338" HPOS="737" VPOS="1490" WIDTH="9" HEIGHT="13" WC="0.32" CONTENT=","/><SP WIDTH="17" VPOS="1490" HPOS="746"/>
							<String ID="string_339" HPOS="763" VPOS="1478" WIDTH="47" HEIGHT="20" WC="0.97" CONTENT="tun."/><SP WIDTH="17" VPOS="1478" HPOS="810"/>
							<String ID="string_340" HPOS="827" VPOS="1464" WIDTH="41" HEIGHT="33" WC="0.93" CONTENT="och"/><SP WIDTH="16" VPOS="1464" HPOS="868"/>
							<String ID="string_341" HPOS="884" VPOS="1475" WIDTH="139" HEIGHT="21" WC="0.92" CONTENT="Kastelholm"/>
						</TextLine>
						<TextLine ID="line_40" HPOS="202" VPOS="1505" WIDTH="821" HEIGHT="29">
							<String ID="string_342" HPOS="202" VPOS="1506" WIDTH="26" HEIGHT="19" WC="0.96" CONTENT="71"/><SP WIDTH="18" VPOS="1506" HPOS="228"/>
							<String ID="string_343" HPOS="246" VPOS="1506" WIDTH="47" HEIGHT="20" WC="0.95" CONTENT="tun."/><SP WIDTH="18" VPOS="1506" HPOS="293"/>
							<String ID="string_344" HPOS="311" VPOS="1508" WIDTH="26" HEIGHT="18" WC="0.96" CONTENT="27"/><SP WIDTH="18" VPOS="1508" HPOS="337"/>
							<String ID="string_345" HPOS="355" VPOS="1506" WIDTH="65" HEIGHT="28" WC="0.96" CONTENT="kapp."/><SP WIDTH="18" VPOS="1506" HPOS="420"/>
							<String ID="string_346" HPOS="438" VPOS="1508" WIDTH="58" HEIGHT="20" WC="0.96" CONTENT="samt"/><SP WIDTH="17" VPOS="1508" HPOS="496"/>
							<String ID="string_347" HPOS="513" VPOS="1509" WIDTH="64" HEIGHT="22" WC="0.96" CONTENT="1,900"/><SP WIDTH="17" VPOS="1509" HPOS="577"/>
							<String ID="string_348" HPOS="594" VPOS="1506" WIDTH="62" HEIGHT="22" WC="0.93" CONTENT="mark"/><SP WIDTH="16" VPOS="1506" HPOS="656"/>
							<String ID="string_349" HPOS="672" VPOS="1506" WIDTH="99" HEIGHT="22" WC="0.92" CONTENT="kontant."/><SP WIDTH="33" VPOS="1506" HPOS="771"/>
							<String ID="string_350" HPOS="804" VPOS="1505" WIDTH="43" HEIGHT="21" WC="0.96" CONTENT="Om"/><SP WIDTH="15" VPOS="1505" HPOS="847"/>
							<String ID="string_351" HPOS="862" VPOS="1505" WIDTH="69" HEIGHT="28" WC="0.93" CONTENT="priset"/><SP WIDTH="15" VPOS="1505" HPOS="931"/>
							<String ID="string_352" HPOS="946" VPOS="1505" WIDTH="77" HEIGHT="21" WC="0.91" CONTENT="beräk-"/>
						</TextLine>
					</TextBlock>
				</ComposedBlock>
			</PrintSpace>
		</Page>
	</Layout>
</alto>
