1117 1773
426 125 84 18 Huhtik.
523 125 23 17 26
559 130 18 17 p.
839 126 42 20 727

170 178 181 28 Lääninprovasti
367 178 133 22 Westerlund:
531 178 10 22 I
557 178 70 22 likhet
642 178 50 22 med
709 180 91 26 prosten
810 177 103 23 Torckell

96 211 45 20 tror
160 208 41 28 jag
222 210 33 20 att
275 209 65 21 dessa
355 208 72 22 medel
443 215 54 16 vore
512 208 34 22 till
561 208 71 22 större
648 209 71 27 nytta,
735 215 36 15 om
787 208 28 22 de
831 208 81 22 använ-

96 240 39 20 des
156 238 69 28 enligt
245 238 55 22 hans
321 238 83 28 förslag
424 239 41 21 och
486 239 40 21 ber
544 238 40 28 jag
600 238 76 22 derför
691 239 33 21 att
740 238 22 22 fä
777 238 136 23 understöda

96 269 130 21 detsamma.

167 298 123 22 Professori
306 298 111 27 Runeberg:
446 298 44 28 Jag
505 298 39 21 vill
560 298 49 22 icke
624 298 112 22 bestämdt
747 297 118 29 föredraga
875 298 38 21 det

96 335 43 15 ena
155 328 55 22 eller
225 328 38 21 det
277 328 69 22 andra
361 328 26 22 af
401 328 27 22 de
444 328 127 28 föreslagna
586 328 58 28 goda
660 327 138 27 ändamälen,
810 329 53 21 utan
874 327 38 22 vill

96 358 79 22 endast
196 357 85 29 päpeka
297 359 32 20 att
344 358 38 22 det
397 358 78 28 anslag
490 358 26 22 af
529 360 65 24 2,000
611 358 69 26 mark,
696 364 48 16 som
759 358 42 21 här
816 358 25 21 är
856 357 56 22 före-

96 388 73 28 slaget
183 387 22 22 ät
221 388 192 28 Konstnärsgillet,
429 388 37 21 väl
481 388 49 22 icke
546 388 25 21 är
587 387 35 22 för
638 387 54 29 högt
706 388 103 28 tilltaget.
836 387 77 21 Skulle

97 418 186 28 Konstnärsgillet
303 418 79 21 endast
397 418 83 21 erhälla
497 420 63 25 1,000
576 418 70 26 mark,
663 417 24 22 sä
702 418 72 21 skulle
791 417 122 22 detsamma

96 448 111 27 knappast
227 448 7 21 i
253 447 72 29 nägon
341 448 110 28 väsentlig
466 447 51 23 män
532 447 75 22 kunna
623 447 69 22 verka
708 447 35 22 för
758 447 38 22 det
811 446 102 29 äsyftade

97 477 126 22 ändamälet
233 478 54 21 eller
298 478 34 21 för
343 478 151 21 anordnandet
502 478 26 21 af
533 477 223 28 konstutställningar
763 477 7 22 i
778 477 134 22 landsorten.

97 507 32 22 Af
142 507 43 22 den
203 507 148 29 redogörelse,
359 507 187 29 Konstnärsgillet
560 507 114 27 inlemnat,
686 507 97 28 framgär
799 508 33 21 att
847 507 28 21 de
890 507 26 21 af

97 537 124 22 detsamma
243 537 94 28 tidigare
361 538 159 21 föranstaltade
538 537 186 28 utställningarna
739 537 74 22 blifvit
829 537 84 28 ganska

98 567 61 28 dyra.
191 567 44 22 Vid
261 569 87 20 senaste
371 568 107 28 landtdag
500 567 126 22 tilldelades
642 567 187 28 Konstnärsgillet
849 569 64 24 3,000

98 597 63 22 mark
176 597 42 22 och
233 604 30 15 nu
274 597 91 22 föresläs
376 597 22 22 ät
409 597 123 22 detsamma
543 597 79 22 endast
633 600 64 24 2,000
709 597 69 22 mark.
795 597 118 22 Nedsättes

98 627 73 22 denna
190 633 87 16 summa
297 629 121 26 yttermera
432 627 34 22 till
484 630 63 24 1,000
564 627 69 27 mark,
650 627 42 22 blir
708 627 37 22 det
760 627 37 22 väl
813 626 101 28 omöjligt

98 657 34 22 för
147 657 187 28 Konstnärsgillet
348 659 33 20 att
396 657 131 22 föranstalta
542 657 76 28 dylika
633 657 162 28 utställningar.

170 687 137 28 Yliopettaja
323 687 97 22 Kihlman:
450 687 44 28 Jag
514 687 69 22 beder
602 688 34 21 att
655 687 7 21 i
683 687 98 22 ständets
800 686 115 28 välvilliga

99 717 80 22 ätanke
204 717 22 22 fä
247 717 183 22 rekommendera
452 717 44 22 den
516 717 161 28 Nyfilologiska
696 717 130 28 föreningen
842 716 72 22 säsom

99 747 143 28 synnerligen
262 747 130 28 välförtjent
407 747 25 22 af
446 747 38 22 det
499 747 85 28 anslag,
600 753 48 16 som
664 747 127 28 föreslagits
807 747 26 21 af
847 746 67 22 bank-

100 777 145 28 fullmäktige.

170 807 182 28 Lääninprovasti
367 806 99 23 Torckell:
498 807 42 22 Om
555 812 51 16 man
620 806 84 28 jemför
720 807 65 21 dessa
800 806 39 21 tvä
849 806 66 21 ända-

100 836 43 22 mål
159 837 50 21 med
225 837 132 26 hvarandra,
372 837 112 28 nämligen
500 836 140 23 utbildandet
654 837 26 21 af
693 836 170 22 konstintresset
873 835 42 22 och

100 867 43 21 den
163 867 107 21 estetiska
290 867 170 28 uppfattningen
478 867 60 22 inom
553 866 76 22 landet
644 865 13 23 ä
672 866 43 22 den
731 873 42 15 ena
787 866 70 27 sidan,
874 865 41 23 och

100 896 156 22 meddelandet
281 897 26 21 af
330 897 100 27 kunskap
456 897 42 22 och
524 896 96 22 vetande
645 898 58 20 samt
726 896 143 28 skingrandet
892 896 27 21 af

100 926 137 28 okunnighet
257 927 41 21 och
319 926 62 22 rähet
396 927 40 21 hos
452 926 49 22 värt
517 927 47 21 folk
580 926 12 22 ä
607 926 70 22 andra
692 926 69 27 sidan,
778 926 71 22 mäste
865 932 51 15 man

100 956 70 28 enligt
184 956 51 22 mitt
249 956 144 22 förmenande
409 956 129 29 obetingadt
554 956 62 28 gifva
627 956 112 23 företräde
749 956 22 22 ät
782 956 39 22 det
831 961 84 17 senare.

100 986 121 22 Dessutom
241 986 44 22 kan
305 987 37 21 det
361 987 25 27 ju
405 987 51 21 med
472 986 156 29 uppfyllandet
643 986 26 22 af
682 986 38 22 det
735 986 60 22 förra
811 986 106 22 behofvet

100 1017 60 21 ännu
175 1016 64 22 anstä
253 1016 74 28 nägon
341 1016 39 27 tid,
396 1016 28 22 dä
434 1016 100 22 deremot
544 1016 38 22 det
592 1022 79 16 senare
682 1016 23 22 sä
716 1016 44 22 fort
770 1022 49 16 som
829 1015 88 29 möjligt

101 1046 70 22 måste
193 1046 135 28 tillgodoses.
359 1046 44 28 Jag
425 1046 72 22 skulle
520 1046 75 22 derför
618 1046 54 28 vilja
692 1046 59 22 hålla
766 1046 28 28 pä
809 1046 50 21 mitt
874 1045 43 22 för-

100 1076 49 28 slag
169 1077 34 20 att
221 1076 186 28 Konstnärsgillet
422 1076 72 22 skulle
510 1076 96 22 tilldelas
622 1076 79 22 endast
718 1079 63 24 1,000
797 1076 63 21 mark
876 1075 41 21 och

101 1106 28 21 de
144 1105 139 22 äterstäende
301 1109 62 24 1,000
379 1106 115 22 användas
510 1106 34 22 för
560 1106 126 22 inrättande
701 1106 26 22 af
741 1105 154 23 folkbibliotek
911 1105 7 21 i

101 1136 60 22 östra
180 1136 100 22 Finland.
311 1136 187 28 Konstnärsgillet
514 1136 43 22 kan
574 1136 37 21 väl
628 1135 57 22 ändä
695 1136 84 21 uträtta
789 1135 68 29 nägot
867 1134 51 22 med

101 1166 66 22 dessa
184 1168 63 24 1,000
264 1166 69 21 mark.

172 1196 87 21 Pastori
289 1196 106 27 Wegelius:
436 1196 117 28 Pyytäisin
581 1202 58 16 vaan
667 1196 78 27 kysyä,
772 1195 54 22 mitä
851 1194 68 22 valio-

102 1226 90 21 kunnan
216 1226 89 27 jäsenet
332 1226 61 22 tässä
417 1226 145 22 tarkoittavat
587 1225 186 26 ,maaseudulla*.
805 1225 113 22 Tarkoite-

103 1256 81 21 taanko
208 1256 50 21 sillä
281 1256 128 21 ainoastaan
432 1256 158 28 kaupunkeja?
621 1256 39 21 Jos
676 1255 129 22 ainoastaan
821 1255 98 28 kaupun-

101 1286 53 27 keja
176 1285 155 27 tarkoitetaan,
354 1286 46 21 niin
422 1286 74 28 pitäisi
519 1286 43 21 sitä
585 1285 76 22 minun
682 1285 123 22 mielestäni
827 1285 92 22 selvem-

102 1315 45 22 min
163 1321 75 16 sanoa.

173 1345 124 22 Professori
318 1344 114 22 Bonsdorff:
463 1345 95 28 Pyydän
579 1345 84 28 pastori
678 1345 161 28 Wegeliuksen
853 1344 67 28 kysy-

102 1375 109 28 mykseen
236 1376 89 21 vastata
349 1376 52 26 että,
428 1375 46 22 kun
501 1375 115 28 puhutaan
640 1374 163 28 maaseudusta,
827 1374 20 22 ei
871 1374 50 22 sillä

102 1405 120 21 tarkoiteta
241 1405 155 21 nimenomaan
417 1405 151 28 kaupunkeja.
600 1404 70 22 Mutta
692 1405 75 21 minun
788 1403 134 23 tietääkseni

102 1434 21 22 ei
145 1435 116 27 nykyjään
284 1435 98 21 muualla
400 1434 60 28 juuri
476 1435 46 27 käy
537 1434 122 29 pitäminen
674 1434 97 22 sellaisia
786 1434 136 28 näyttelyitä

102 1464 53 22 kuin
171 1464 170 29 kaupungeissa.
373 1465 39 21 Jos
426 1465 102 27 jossakin
538 1464 104 28 paikassa
652 1466 131 20 maaseutua
794 1463 128 23 semmoisia

102 1494 135 28 näyttelyitä
251 1494 56 22 voisi
323 1500 73 22 panna
410 1494 104 28 toimeen,
531 1494 45 22 niin
592 1494 20 22 ei
628 1495 61 21 tämä
704 1494 103 28 määräys
818 1494 43 22 sitä
873 1493 49 23 estä

103 1523 131 23 tekemästä.
