1117 1773
225 120 42 19 232
527 119 87 19 Helmik.
628 120 23 17 27
664 124 18 18 p.

195 172 41 22 och
252 172 81 28 ansägs
348 172 84 22 bristen
446 173 130 28 lämpligast
586 173 76 22 kunna
673 173 66 28 fyllas
750 178 81 22 genom
842 172 59 22 ökad
911 173 103 27 stämpel-

194 202 129 28 bevillning.
355 202 44 22 Det
414 203 49 21 blef
476 203 28 21 dä
519 209 28 15 en
563 203 167 28 nödvändighet
745 204 34 20 att
794 202 48 21 dels
858 202 53 28 höja
926 203 89 21 skatten

195 232 13 22 å
227 232 61 22 vissa
308 232 69 22 redan
397 239 30 15 nu
448 233 190 28 stämpelpligtiga
659 233 138 27 handlingar,
819 232 48 21 dels
887 232 56 22 söka
958 232 57 22 efter

194 268 45 22 nya
260 262 157 28 skatteobjekt,
437 262 77 22 hvilka
536 262 43 22 ock
600 262 6 22 i
632 263 97 21 nämnda
747 262 119 22 skrifvelse
881 262 131 28 päpekades.

195 292 72 21 Bland
289 292 27 21 de
335 292 60 22 förra
410 292 80 28 ansägs
506 292 90 22 skatten
611 292 13 22 ä
639 293 38 21 arf
690 293 79 21 främst
784 291 55 22 böra
854 292 160 28 ifrägakomma

195 322 41 21 och
261 322 50 21 blef
334 322 128 22 densamma
488 322 126 28 föreslagen
640 322 33 22 till
699 322 134 27 förhöjning.
872 322 142 22 Beträffande

195 351 100 22 deremot
316 352 106 28 förslaget
442 354 34 20 att
496 352 97 28 påbjuda
609 352 144 28 obligatorisk
769 352 218 28 stämpelbevillning
1002 351 12 22 å

194 381 85 27 vexlar,
300 388 108 20 reverser,
428 382 137 26 kontrakter,
586 382 219 27 handelsräkningar,
826 382 71 21 aktier
913 382 41 21 och
970 382 43 21 sär-

195 411 73 21 skilda
283 412 50 27 slag
348 412 25 21 af
387 412 151 28 obligationer,
555 412 75 21 kunde
646 411 98 23 komiten
759 411 50 22 icke
825 411 45 21 lika
885 411 129 28 obetingadt

194 441 89 22 ansluta
306 442 33 27 sig
361 442 34 21 till
418 442 129 21 detsamma.
579 442 50 21 Men
651 441 27 22 dä
699 448 27 15 en
747 447 62 16 mera
825 441 137 22 omfattande
978 441 35 22 be-

194 471 115 28 skattning
331 471 49 22 icke
403 472 73 22 kunde
499 472 117 26 undvikas,
637 478 36 15 om
689 471 182 28 nödigbefunnen
887 471 126 28 förhöjning

194 501 27 21 af
233 501 126 22 inkomsten
375 501 47 22 frän
437 485 219 48 stämpelbevillning
671 501 72 22 skulle
759 501 75 22 kunna
845 501 167 28 ävägahringas,

194 530 40 29 såg
253 530 99 22 komiten
373 531 34 35 sig
422 533 99 26 tvungen
537 533 33 20 att
586 531 90 22 förorda
692 531 144 34 obligatorisk
851 530 161 29 stämpelskait,

194 561 57 21 dock
273 561 78 21 endast
372 561 27 28 pä
419 561 77 27 aktier,
512 561 147 28 obligationer
677 561 26 22 af
715 561 61 22 vissa
791 561 49 27 slag
855 562 58 20 samt
929 561 83 21 vexlar.

194 590 40 21 Att
254 590 110 22 komitens
379 591 43 26 val,
438 591 38 22 vid
490 579 119 34 utseendet
624 591 26 22 af
663 597 45 22 nya
723 591 174 26 skatteföremäl,
914 591 58 21 fallit
986 590 28 28 pä

194 620 66 21 dessa
281 621 137 28 handlingar,
434 621 65 22 beror
519 621 75 28 derpä,
610 622 33 20 att
658 621 7 21 i
682 621 77 28 frågan
775 627 36 15 om
828 621 50 20 dem
895 626 27 15 en
937 620 76 27 nägor-

194 650 68 21 lunda
282 651 92 21 effektiv
394 651 95 21 kontroll
509 651 64 21 öfver
594 651 264 27 stämpelskyldighetens
875 650 138 27 fullgörande

194 679 63 22 torde
279 680 75 21 kunna
374 681 95 26 utöfvas,
485 681 81 21 medan
587 681 101 22 deremot
707 687 28 14 en
751 680 145 28 obligatorisk
911 680 60 21 skatt
985 679 29 28 pä

193 715 109 22 reverser,
319 710 128 22 kontrakter
463 711 41 21 och
520 710 214 28 handelsräkningar
749 710 72 21 skulle
832 709 182 28 nödvändiggöra

193 739 106 28 antingen
315 746 45 21 nya
374 740 210 27 kontrollanstalter,
596 740 76 21 hvilka
682 740 129 28 antagligen
821 739 72 22 skulle
903 739 110 28 uppsluka

193 775 29 15 en
242 769 101 28 betydlig
359 770 36 21 del
410 771 26 20 af
448 770 44 21 den
507 770 130 28 härigenom
652 770 123 27 inflytande
791 770 95 26 skatten,
903 769 54 21 eller
972 769 41 21 ock

194 799 133 21 drakoniska
348 800 137 27 stadganden
501 800 26 21 af
541 800 35 22 för
591 800 150 21 allmänheten
757 799 118 28 högeligen
891 799 121 27 tryckande

193 830 41 25 art,
251 829 76 21 hvilka
342 829 7 21 i
365 830 121 27 synnerhet
501 829 33 22 till
551 836 28 15 en
594 829 86 28 början,
691 829 68 22 innan
774 829 151 22 allmänheten
936 828 77 21 hunnit

193 858 55 28 göra
272 859 34 27 sig
329 859 113 29 förtrogen
466 859 50 22 med
540 860 42 21 den
606 865 44 22 nya
670 859 121 28 principen,
807 859 73 21 skulle
896 858 117 21 framkalla

193 888 135 28 oafsigtliga,
350 895 50 16 men
423 890 38 21 det
483 890 92 21 oaktadt
595 890 77 27 sträng
687 889 147 27 bestraffning
849 888 163 22 underkastade

192 918 61 21 brott
275 920 60 20 emot
355 919 166 28 författningen.
553 919 34 21 Då
602 918 99 22 komit6n
717 919 92 21 sålunda
825 918 69 28 ansåg
909 918 35 28 sig
959 918 53 21 böra

192 948 121 21 inskränka
336 949 83 21 antalet
442 949 26 21 af
488 949 157 27 skatteobjekt,
667 955 51 15 men
741 948 69 22 likväl
834 948 69 21 måste
922 948 90 21 hafva
1002 944 14 36 i

192 978 61 27 syfte
277 979 32 20 att
332 978 67 22 vinna
422 979 42 21 den
487 985 87 15 summa
595 979 131 27 regeringen
742 978 69 28 ansåg
826 978 104 27 behöflig,
946 977 66 21 valde

193 1007 43 21 den
259 1008 26 20 af
306 1008 93 22 anförda
420 1008 49 22 skäl
491 1009 79 21 vexlar
590 1008 73 22 såsom
685 1010 32 20 ett
737 1008 102 28 lämpligt
854 1007 157 27 skatteobjekt.

193 1036 44 28 Jag
252 1037 107 28 beklagar
375 1039 32 20 att
422 1038 113 28 professor
550 1038 98 26 Donner,
665 1038 27 21 då
707 1038 44 21 han
766 1038 73 21 inlåtit
853 1037 35 28 sig
903 1037 28 27 på
946 1037 66 21 kritik

192 1066 64 22 öfver
278 1068 196 27 stämpelsatserna
492 1068 12 21 å
519 1068 85 27 vexlar,
620 1068 50 22 icke
685 1074 83 22 nogare
784 1068 44 20 läst
844 1067 167 27 propotitionen,

192 1096 24 21 så
237 1098 33 20 att
290 1097 45 21 han
355 1097 71 21 skulle
442 1098 66 21 fattat
524 1098 51 21 dess
590 1099 59 20 rätta
664 1098 113 21 innebörd.
809 1097 202 27 Stämpelafgiften,

192 1132 48 15 som
260 1127 25 21 är
308 1126 102 22 bestämd
431 1128 57 20 efter
511 1128 37 21 det
571 1128 88 27 belopp,
680 1127 69 21 hvarå
763 1127 83 21 vexeln
861 1126 70 28 lyder,
947 1126 65 27 utgör

191 1156 15 20 t.
224 1162 35 15 ex.
277 1162 28 15 en
320 1157 63 21 mark
399 1157 34 21 för
448 1163 29 15 en
491 1158 67 20 vexel
574 1157 12 21 å
600 1158 57 26 jemt
669 1160 63 24 1,000
744 1156 69 27 mark,
826 1156 80 21 medan
917 1156 93 27 afgiften

191 1185 7 21 i
214 1185 44 22 den
274 1186 51 21 män
340 1186 92 22 vexelns
448 1187 80 27 belopp
544 1188 90 20 närmar
650 1186 34 28 sig
698 1186 34 22 till
746 1188 54 20 utan
811 1188 34 19 att
855 1185 74 28 uppnä
939 1188 71 24 2,000,

191 1215 90 21 relativt
296 1216 99 21 minskas
409 1216 45 22 tills
470 1217 43 21 den
528 1217 36 21 för
579 1222 28 16 en
622 1216 73 27 vexel,
711 1222 48 16 som
770 1217 25 20 är
805 1216 92 21 utställd
908 1214 28 29 pä
947 1218 63 23 1,999

191 1245 64 21 mark
277 1245 43 21 blir
341 1246 66 21 ocksä
427 1246 79 22 endast
524 1249 10 19 1
552 1246 63 22 mark
631 1246 55 21 eller
701 1252 28 15 en
744 1246 50 21 half
808 1246 35 21 för
858 1247 71 19 tusen.
961 1244 50 21 Man

190 1274 45 21 kan
255 1274 87 22 säledes
362 1276 49 21 icke
432 1277 55 27 säga
507 1278 33 19 att
555 1276 185 27 stämpelskatten
755 1276 7 20 i
778 1275 122 21 allmänhet
915 1275 24 21 är
955 1274 56 21 före-

191 1304 78 28 slagen
285 1305 33 21 till
335 1311 28 15 en
379 1312 39 21 per
433 1306 67 21 mille.
524 1306 50 21 Den
590 1306 25 20 är
630 1312 28 14 en
675 1312 38 21 per
729 1305 60 21 mille
806 1304 79 22 endast
899 1304 8 21 i
923 1304 38 21 det
972 1304 39 21 fall

191 1334 32 20 att
244 1334 83 22 vexeln
343 1336 24 20 är
381 1335 57 27 jemt
453 1336 103 20 tusental.
588 1335 190 27 Stämpelskatten
795 1334 12 22 å
822 1334 79 22 vexlar
917 1334 25 21 är
957 1333 54 21 säle-

190 1363 39 21 des
245 1363 7 21 i
268 1364 83 27 sjelfva
366 1365 78 21 verket
459 1365 111 27 betydligt
584 1365 85 21 mindre
680 1366 28 20 än
722 1364 59 22 hvad
792 1364 113 28 professor
920 1363 91 21 Donner

189 1394 56 20 trott
261 1393 44 21 den
320 1400 60 15 vara.

261 1422 45 28 Jag
321 1430 66 14 anser
402 1424 45 28 mig
462 1424 68 22 äfven
545 1424 62 26 böra,
623 1424 51 21 med
689 1424 120 27 anledning
819 1424 26 20 af
853 1425 33 19 ett
896 1429 30 15 nu
936 1422 76 28 gjordt

190 1452 123 27 uttalande,
330 1453 73 21 erinra
423 1454 82 26 derom,
522 1455 33 20 att
576 1442 31 33 dä
624 1454 73 21 denna
712 1460 86 15 samma
814 1451 198 29 bevillningsfräga

190 1482 102 34 förekom
308 1470 37 34 vid
363 1485 56 19 1888
435 1483 35 22 ärs
486 1468 113 48 landtdag,
615 1483 49 21 blef
677 1484 43 20 den
735 1483 28 21 dä
770 1482 137 36 föreslagna
922 1482 89 21 skatten

189 1510 13 22 ä
220 1512 81 21 vexlar
317 1512 121 27 förkastad,
454 1513 49 22 icke
519 1513 76 21 derför
611 1515 33 19 att
659 1519 51 15 man
725 1512 70 28 ansäg
811 1512 130 22 densamma
957 1518 53 15 vara
