1117 1773
209 118 42 19 436
508 116 88 19 Maalisk.
611 117 22 18 31
647 122 19 18 p.

178 169 71 21 behof
268 175 54 15 vare
345 170 111 28 sparbank
478 170 125 28 berättigad
620 172 33 20 att
669 172 98 26 upptaga
782 169 36 22 lån
834 170 28 28 på
877 170 65 28 högst
958 176 40 16 sex

179 198 104 22 månader
305 199 41 22 och
361 200 73 28 öppna
449 200 212 28 kreditivräkning*.
694 200 155 22 Motsvarande
865 200 12 26 $
895 203 25 19 11
938 200 6 22 i
960 200 36 22 ko-

178 228 81 22 miténs
279 228 140 24 betänkande
434 230 122 22 innehåller
572 230 7 22 i
595 230 62 22 detta
672 230 115 22 afseende:
807 229 48 25 ,för
866 230 99 27 fyllande
975 230 25 22 af

179 258 108 28 tillfälligt
310 259 180 28 penningebehof
510 266 54 15 vare
582 260 113 28 sparbank
710 259 126 28 berättigad
851 261 34 20 att
900 261 98 27 upptaga

179 288 36 22 län
230 288 42 22 och
287 288 73 29 öppna
375 289 211 28 kreditivräkning*.
610 290 47 21 Här
672 290 70 21 finnes
758 288 93 22 sålunda
866 289 49 22 icke
926 290 72 21 denna

179 318 150 28 begränsning
353 319 25 21 af
398 319 66 28 högst
486 325 40 15 sex
548 319 112 27 månader,
677 320 90 20 hvilken
782 319 63 28 ingår
860 319 7 21 i
883 320 43 21 den
941 319 55 27 kejs.

179 348 164 28 propositionen
363 348 41 22 och
419 349 91 21 hvilken
525 350 25 21 är
566 355 28 15 en
609 349 147 27 bestämning,
773 355 48 15 som
837 349 43 21 kan
896 349 59 21 vålla
970 355 26 15 en

179 378 111 27 sparbank
313 378 85 28 ganska
420 379 124 27 väsentliga
568 378 138 29 svårigheter
728 378 39 22 vid
789 378 118 22 skötandet
926 380 25 20 af
964 379 33 21 sin

179 407 63 26 affär,
261 409 54 20 utan
338 409 32 20 att
393 414 50 16 man
466 408 44 22 kan
533 415 24 15 se
581 408 72 29 någon
677 408 127 28 nödvändig
827 408 71 28 grund
921 409 33 21 för
970 414 27 16 en

179 437 67 28 dylik.
278 437 9 22 I
311 438 12 27 $
347 441 12 19 9
381 438 26 22 af
428 438 42 22 den
493 438 80 29 nådiga
596 438 165 29 propositionen
783 438 64 22 heter
869 439 47 21 det:
940 438 57 26 ,Län

179 467 26 21 af
225 467 196 28 sparbanksmedel
444 468 35 22 må
502 469 20 27 ej
546 469 96 27 beviljas
665 470 46 20 mot
734 468 208 27 skuldförbindelse,
964 469 33 21 för

179 497 66 21 hvars
271 497 145 28 uppfyllande
441 498 98 22 ledamot
562 499 55 21 eller
640 498 118 28 suppleant
781 499 7 20 i
811 498 110 27 styrelsen
944 498 53 21 eller

179 527 6 20 i
202 527 141 27 sparbanken
365 528 86 21 anstäld
473 529 135 27 tjensteman
623 528 7 21 i
646 528 112 28 egenskap
775 528 26 22 af
814 527 113 28 låntagare
944 528 53 21 eller

179 556 119 22 löftesman
319 559 98 20 svarar".
448 558 9 21 I
478 558 157 21 motsvarande
651 559 12 26 $
681 561 26 18 12
724 558 25 21 af
763 557 234 22 komitébetänkandet

171 586 71 25 heter
263 586 37 21 det
321 587 39 21 ord
377 587 34 22 för
426 588 39 21 ord
481 587 27 28 pä
524 594 86 15 samma
626 589 50 25 sätt,
693 588 56 21 blott
765 588 51 21 med
831 588 38 21 det
884 587 113 28 undantag

179 617 34 20 att
229 616 57 21 efter
301 617 64 20 ordet
383 619 100 23 ,svarar*
507 617 55 28 följa
579 618 69 21 orden
666 619 66 24 ,utan
747 617 25 22 sä
787 618 25 21 är
827 619 33 20 att
877 617 34 22 för
928 617 68 22 länets

180 645 55 22 fulla
258 646 81 28 belopp
360 647 76 21 ställes
454 647 104 22 säkerhet
573 647 7 22 i
596 647 201 28 värdehandlingar
813 647 26 22 af
852 647 43 22 den
911 647 85 22 beskaf-

180 675 83 27 fenhet,
287 682 46 15 som
357 676 8 21 i
387 677 12 26 $
422 680 26 18 13
465 678 150 21 omnämnes*.
647 677 105 22 Komitén
767 677 41 21 har
823 676 86 23 således
925 678 72 21 ansett

179 705 38 21 det
240 705 75 22 kunna
337 706 85 22 lemnas
446 707 66 28 öppet
536 707 35 22 för
594 707 113 28 sparbank
729 708 33 20 att
786 707 87 28 utgifva
896 707 42 26 lån,
963 707 34 21 för

179 735 76 22 hvilka
277 735 98 22 ledamot
398 736 54 22 eller
475 737 118 28 suppleant
616 737 7 21 i
646 737 110 27 styrelsen
776 743 83 20 svarar,
881 737 56 21 blott
956 736 40 22 full

179 765 47 21 real
249 765 104 22 säkerhet
377 765 121 28 deponeras
517 767 6 20 i
539 767 95 21 banken.
666 767 9 21 I
691 767 82 27 sjelfva
789 766 78 22 verket
883 772 66 21 synes
965 766 31 21 äf-

179 800 44 15 ven
245 801 81 21 genom
350 795 71 22 denna
444 796 141 28 bestämning
606 796 56 21 både
678 796 100 21 bankens
794 796 41 21 och
851 796 145 21 insättarenes

179 824 105 22 säkerhet
307 825 70 21 blifva
401 825 51 22 fullt
474 826 155 27 tillgodosedd,
651 826 70 21 under
737 826 38 21 det
791 827 33 20 att
839 831 28 16 en
883 825 68 22 sådan
965 825 31 22 in-

179 854 143 28 skränkning,
338 861 48 15 som
401 855 65 28 göres
480 855 8 22 i
504 855 43 22 den
562 855 81 28 nådiga
654 855 171 28 propositionen,
837 855 70 22 under
917 855 79 28 många

179 883 155 23 förhällanden
356 885 74 21 kunde
448 885 8 21 i
472 885 44 28 hög
531 885 55 28 grad
603 885 100 22 försvåra
717 885 101 22 bankens
833 885 89 22 rörelse.
953 885 44 21 Det

180 913 115 23 förefaller
310 914 92 27 således,
415 921 47 15 som
478 921 36 15 om
530 921 28 15 en
573 915 150 28 begränsning
739 915 48 22 icke
803 915 71 22 heller
889 915 40 21 här
944 921 53 15 vore

179 943 26 21 af
217 943 195 29 nödvändigheten
427 944 108 28 påkallad.
547 957 30 3 —
587 945 83 21 Vidare
686 945 63 21 heter
764 945 39 21 det
812 945 33 21 uti
855 945 13 27 $
881 948 26 18 10
919 945 25 21 af
955 944 42 22 den

179 972 80 28 nådiga
274 974 173 27 propositionen:
466 975 44 25 ,Af
523 975 123 27 sparbanks
662 974 119 28 tillgångar
796 974 57 22 skall
867 976 32 20 ett
909 974 87 28 belopp,

179 1004 157 20 motsvarande
353 1004 65 21 minst
432 1010 27 16 en
470 1004 112 22 tiondedel
594 1005 26 21 af
628 1004 147 22 insättarenes
786 1004 210 28 tillgodohafvande,

179 1032 70 28 enligt
265 1035 88 19 senaste
368 1034 90 21 bokslut
473 1034 113 22 redovisas
600 1034 7 22 i
618 1034 208 28 värdehandlingar,
837 1034 76 21 hvilka
922 1034 75 21 kunna

180 1062 51 21 med
253 1062 81 22 lätthet
350 1063 127 22 förvandlas
498 1064 7 21 i
523 1064 130 28 penningar,
670 1063 72 23 såsom
758 1064 199 27 depositionsbevis
974 1064 25 21 af

179 1091 84 22 allmän
278 1092 187 29 bankinrättning,
482 1095 91 25 statens,
589 1093 255 28 hypoteksföreningens
859 1093 55 22 eller
929 1093 69 21 andra

180 1121 101 28 fullgoda
297 1122 166 28 obligationer".
489 1123 157 22 Motsvarande
661 1124 13 26 $
692 1126 26 19 13
729 1123 26 22 af
763 1122 235 23 komitebetänkandet

179 1150 122 23 innehåller
317 1158 85 16 samma
422 1152 173 29 bestämningar,
615 1159 51 15 men
682 1153 34 21 till
731 1152 28 22 de
775 1153 160 27 värdepapper,
950 1158 48 16 som

180 1180 75 22 kunna
279 1181 128 28 godkännas
431 1182 35 22 för
489 1182 61 22 detta
566 1182 110 27 ändamål,
692 1184 110 26 upptagas
818 1182 68 22 äfven
904 1182 93 26 ,inteck-

179 1210 86 28 ningar,
275 1211 76 22 hvilka
367 1212 57 21 efter
439 1218 115 22 noggrann
569 1212 105 28 pröfning
689 1212 25 22 af
727 1212 219 28 omständigheterna
961 1218 37 15 an-

179 1245 36 16 ses
239 1240 94 28 erbjuda
357 1241 129 29 fullständig
506 1242 125 21 säkerhet".
663 1241 91 22 Således
774 1241 119 22 förefinnes
909 1240 89 23 äfven
985 1236 17 40 i

180 1269 61 21 detta
257 1270 106 22 afseende
379 1271 6 21 i
401 1271 43 21 den
459 1271 80 28 nådiga
554 1272 165 27 propositionen
735 1278 28 15 en
779 1271 156 28 begränsning,
951 1276 47 16 som

181 1299 34 21 för
238 1300 61 22 vissa
322 1301 136 27 sparbanker
473 1301 70 21 under
558 1301 60 22 vissa
634 1301 154 22 förhållanden
803 1301 44 21 kan
863 1300 58 22 villa
937 1300 61 28 bety-

179 1328 73 22 dande
276 1329 137 29 svårigheter
435 1330 7 22 i
463 1331 106 21 afseende
585 1331 12 21 å
614 1330 165 28 förvaltningen
795 1331 26 21 af
834 1330 95 27 banken,
945 1331 54 20 utan

179 1359 36 50 D
229 1358 73 52 ön
321 1360 149 28 begränsning
486 1366 66 22 synes
568 1367 55 15 vara
638 1360 103 28 påkallad
757 1360 26 22 af
796 1360 67 28 något
879 1360 120 28 tvingande

195 1394 58 15 ehof.

251 1418 32 21 På
298 1419 71 27 grund
385 1419 30 27 af,
426 1420 59 21 hvad
498 1420 41 28 jag
554 1420 93 22 sålunda
663 1420 48 21 haft
727 1421 54 20 äran
797 1419 85 26 anföra,
898 1419 40 21 vill
952 1419 46 27 jag,

181 1446 28 22 då
224 1448 165 27 propositionen
405 1455 30 15 nu
450 1450 125 21 remitteras
591 1449 33 22 till
640 1449 93 27 utskott,
749 1448 86 29 påpeka
851 1448 148 22 önskvärdhe-

179 1478 38 20 ten
240 1477 27 21 af
287 1479 33 20 att
343 1478 108 22 utskottet
474 1479 36 21 vid
533 1479 138 28 granskning
687 1479 25 21 af
725 1479 165 28 propositionen
906 1478 41 22 och
963 1478 36 22 vid

179 1506 146 28 uppgörande
347 1508 26 22 af
395 1508 83 28 förslag
500 1509 33 21 till
556 1509 38 27 lag
614 1509 7 21 i
638 1509 61 21 detta
714 1508 127 22 hänseende
857 1508 68 22 måtte
942 1508 58 22 fästa
