<?xml version="1.0" encoding="UTF-8"?>
<alto xmlns="http://www.loc.gov/standards/alto/ns-v3#" xmlns:xlink="http://www.w3.org/1999/xlink" xmlns:xsi="http://www.w3.org/2001/XMLSchema-instance" xsi:schemaLocation="http://www.loc.gov/standards/alto/ns-v3# http://www.loc.gov/alto/v3/alto-3-0.xsd">
	<Description>
		<MeasurementUnit>pixel</MeasurementUnit>
		<sourceImageInformation>
			<fileName>/tmp/tess_79xohxu9_input.PNG</fileName>
		</sourceImageInformation>
		<OCRProcessing ID="OCR_0">
			<ocrProcessingStep>
				<processingSoftware>
					<softwareName>tesseract 5.3.4</softwareName>
				</processingSoftware>
			</ocrProcessingStep>
		</OCRProcessing>
	</Description>
	<Layout>
		<Page WIDTH="1117" HEIGHT="1773" PHYSICAL_IMG_NR="0" ID="page_0">
			<PrintSpace HPOS="0" VPOS="0" WIDTH="1117" HEIGHT="1773">
				<ComposedBlock ID="cblock_0" HPOS="229" VPOS="114" WIDTH="459" HEIGHT="24">
					<TextBlock ID="block_0" HPOS="229" VPOS="114" WIDTH="459" HEIGHT="24">
						<TextLine ID="line_0" HPOS="229" VPOS="114" WIDTH="459" HEIGHT="24">
							<String ID="string_0" HPOS="229" VPOS="116" WIDTH="43" HEIGHT="19" WC="0.95" CONTENT="356"/><SP WIDTH="259" VPOS="116" HPOS="272"/>
							<String ID="string_1" HPOS="531" VPOS="114" WIDTH="89" HEIGHT="19" WC="0.91" CONTENT="Maalisk."/><SP WIDTH="15" VPOS="114" HPOS="620"/>
							<String ID="string_2" HPOS="635" VPOS="115" WIDTH="22" HEIGHT="18" WC="0.93" CONTENT="16"/><SP WIDTH="13" VPOS="115" HPOS="657"/>
							<String ID="string_3" HPOS="670" VPOS="119" WIDTH="18" HEIGHT="19" WC="0.91" CONTENT="p."/>
						</TextLine>
					</TextBlock>
				</ComposedBlock>
				<ComposedBlock ID="cblock_1" HPOS="195" VPOS="167" WIDTH="829" HEIGHT="1364">
					<TextBlock ID="block_1" HPOS="195" VPOS="167" WIDTH="829" HEIGHT="1269">
						<TextLine ID="line_1" HPOS="197" VPOS="167" WIDTH="827" HEIGHT="29">
							<String ID="string_4" HPOS="197" VPOS="167" WIDTH="89" HEIGHT="27" WC="0.96" CONTENT="anstalt,"/><SP WIDTH="16" VPOS="167" HPOS="286"/>
							<String ID="string_5" HPOS="302" VPOS="167" WIDTH="121" HEIGHT="35" WC="0.96" CONTENT="lämpligen"/><SP WIDTH="15" VPOS="167" HPOS="423"/>
							<String ID="string_6" HPOS="438" VPOS="167" WIDTH="86" HEIGHT="23" WC="0.96" CONTENT="erhålla"/><SP WIDTH="14" VPOS="167" HPOS="524"/>
							<String ID="string_7" HPOS="538" VPOS="168" WIDTH="124" HEIGHT="22" WC="0.96" CONTENT="understöd"/><SP WIDTH="15" VPOS="168" HPOS="662"/>
							<String ID="string_8" HPOS="677" VPOS="168" WIDTH="68" HEIGHT="22" WC="0.96" CONTENT="äfven"/><SP WIDTH="10" VPOS="168" HPOS="745"/>
							<String ID="string_9" HPOS="755" VPOS="167" WIDTH="52" HEIGHT="22" WC="0.93" CONTENT="utaf"/><SP WIDTH="8" VPOS="167" HPOS="807"/>
							<String ID="string_10" HPOS="815" VPOS="168" WIDTH="138" HEIGHT="22" WC="0.90" CONTENT="statsmedel."/><SP WIDTH="26" VPOS="168" HPOS="953"/>
							<String ID="string_11" HPOS="979" VPOS="167" WIDTH="45" HEIGHT="22" WC="0.96" CONTENT="För"/>
						</TextLine>
						<TextLine ID="line_2" HPOS="197" VPOS="196" WIDTH="826" HEIGHT="30">
							<String ID="string_12" HPOS="197" VPOS="198" WIDTH="33" HEIGHT="21" WC="0.96" CONTENT="att"/><SP WIDTH="21" VPOS="198" HPOS="230"/>
							<String ID="string_13" HPOS="251" VPOS="203" WIDTH="31" HEIGHT="16" WC="0.95" CONTENT="nu"/><SP WIDTH="20" VPOS="203" HPOS="282"/>
							<String ID="string_14" HPOS="302" VPOS="197" WIDTH="8" HEIGHT="22" WC="0.96" CONTENT="i"/><SP WIDTH="19" VPOS="197" HPOS="310"/>
							<String ID="string_15" HPOS="329" VPOS="198" WIDTH="80" HEIGHT="28" WC="0.93" CONTENT="hvarje"/><SP WIDTH="20" VPOS="198" HPOS="409"/>
							<String ID="string_16" HPOS="429" VPOS="198" WIDTH="97" HEIGHT="22" WC="0.91" CONTENT="enskildt"/><SP WIDTH="16" VPOS="198" HPOS="526"/>
							<String ID="string_17" HPOS="542" VPOS="198" WIDTH="41" HEIGHT="22" WC="0.93" CONTENT="fall"/><SP WIDTH="15" VPOS="198" HPOS="583"/>
							<String ID="string_18" HPOS="598" VPOS="198" WIDTH="80" HEIGHT="28" WC="0.91" CONTENT="afgöra"/><SP WIDTH="14" VPOS="198" HPOS="678"/>
							<String ID="string_19" HPOS="692" VPOS="197" WIDTH="112" HEIGHT="23" WC="0.96" CONTENT="huruvida"/><SP WIDTH="15" VPOS="197" HPOS="804"/>
							<String ID="string_20" HPOS="819" VPOS="203" WIDTH="29" HEIGHT="16" WC="0.96" CONTENT="en"/><SP WIDTH="15" VPOS="203" HPOS="848"/>
							<String ID="string_21" HPOS="863" VPOS="196" WIDTH="70" HEIGHT="24" WC="0.92" CONTENT="sådan"/><SP WIDTH="14" VPOS="196" HPOS="933"/>
							<String ID="string_22" HPOS="947" VPOS="196" WIDTH="76" HEIGHT="29" WC="0.92" CONTENT="välgö-"/>
						</TextLine>
						<TextLine ID="line_3" HPOS="196" VPOS="227" WIDTH="827" HEIGHT="29">
							<String ID="string_23" HPOS="196" VPOS="227" WIDTH="213" HEIGHT="29" WC="0.90" CONTENT="renhetsinrättning"/><SP WIDTH="19" VPOS="227" HPOS="409"/>
							<String ID="string_24" HPOS="428" VPOS="228" WIDTH="24" HEIGHT="21" WC="0.96" CONTENT="är"/><SP WIDTH="21" VPOS="228" HPOS="452"/>
							<String ID="string_25" HPOS="473" VPOS="228" WIDTH="52" HEIGHT="22" WC="0.96" CONTENT="utaf"/><SP WIDTH="18" VPOS="228" HPOS="525"/>
							<String ID="string_26" HPOS="543" VPOS="228" WIDTH="44" HEIGHT="21" WC="0.96" CONTENT="den"/><SP WIDTH="20" VPOS="228" HPOS="587"/>
							<String ID="string_27" HPOS="607" VPOS="229" WIDTH="66" HEIGHT="20" WC="0.96" CONTENT="natur"/><SP WIDTH="21" VPOS="229" HPOS="673"/>
							<String ID="string_28" HPOS="694" VPOS="228" WIDTH="42" HEIGHT="22" WC="0.96" CONTENT="och"/><SP WIDTH="15" VPOS="228" HPOS="736"/>
							<String ID="string_29" HPOS="751" VPOS="227" WIDTH="27" HEIGHT="22" WC="0.96" CONTENT="af"/><SP WIDTH="13" VPOS="227" HPOS="778"/>
							<String ID="string_30" HPOS="791" VPOS="227" WIDTH="44" HEIGHT="22" WC="0.96" CONTENT="den"/><SP WIDTH="16" VPOS="227" HPOS="835"/>
							<String ID="string_31" HPOS="851" VPOS="227" WIDTH="122" HEIGHT="28" WC="0.96" CONTENT="betydelse,"/><SP WIDTH="16" VPOS="227" HPOS="973"/>
							<String ID="string_32" HPOS="989" VPOS="228" WIDTH="34" HEIGHT="20" WC="0.96" CONTENT="att"/>
						</TextLine>
						<TextLine ID="line_4" HPOS="197" VPOS="256" WIDTH="825" HEIGHT="30">
							<String ID="string_33" HPOS="197" VPOS="258" WIDTH="74" HEIGHT="20" WC="0.96" CONTENT="staten"/><SP WIDTH="21" VPOS="258" HPOS="271"/>
							<String ID="string_34" HPOS="292" VPOS="257" WIDTH="41" HEIGHT="22" WC="0.96" CONTENT="bör"/><SP WIDTH="19" VPOS="257" HPOS="333"/>
							<String ID="string_35" HPOS="352" VPOS="258" WIDTH="94" HEIGHT="28" WC="0.95" CONTENT="ingripa,"/><SP WIDTH="22" VPOS="258" HPOS="446"/>
							<String ID="string_36" HPOS="468" VPOS="257" WIDTH="87" HEIGHT="22" WC="0.90" CONTENT="fordras"/><SP WIDTH="16" VPOS="257" HPOS="555"/>
							<String ID="string_37" HPOS="571" VPOS="263" WIDTH="29" HEIGHT="16" WC="0.96" CONTENT="en"/><SP WIDTH="16" VPOS="263" HPOS="600"/>
							<String ID="string_38" HPOS="616" VPOS="257" WIDTH="131" HEIGHT="28" WC="0.95" CONTENT="fullständig"/><SP WIDTH="15" VPOS="257" HPOS="747"/>
							<String ID="string_39" HPOS="762" VPOS="256" WIDTH="121" HEIGHT="29" WC="0.96" CONTENT="utredning"/><SP WIDTH="15" VPOS="256" HPOS="883"/>
							<String ID="string_40" HPOS="898" VPOS="257" WIDTH="27" HEIGHT="22" WC="0.93" CONTENT="af"/><SP WIDTH="12" VPOS="257" HPOS="925"/>
							<String ID="string_41" HPOS="937" VPOS="256" WIDTH="85" HEIGHT="23" WC="0.92" CONTENT="sakför-"/>
						</TextLine>
						<TextLine ID="line_5" HPOS="196" VPOS="286" WIDTH="826" HEIGHT="29">
							<String ID="string_42" HPOS="196" VPOS="286" WIDTH="115" HEIGHT="22" WC="0.92" CONTENT="hållandet"/><SP WIDTH="20" VPOS="286" HPOS="311"/>
							<String ID="string_43" HPOS="331" VPOS="287" WIDTH="42" HEIGHT="22" WC="0.96" CONTENT="och"/><SP WIDTH="19" VPOS="287" HPOS="373"/>
							<String ID="string_44" HPOS="392" VPOS="293" WIDTH="28" HEIGHT="16" WC="0.96" CONTENT="en"/><SP WIDTH="15" VPOS="293" HPOS="420"/>
							<String ID="string_45" HPOS="435" VPOS="286" WIDTH="110" HEIGHT="29" WC="0.92" CONTENT="ingående"/><SP WIDTH="15" VPOS="286" HPOS="545"/>
							<String ID="string_46" HPOS="560" VPOS="286" WIDTH="106" HEIGHT="29" WC="0.92" CONTENT="pröfning"/><SP WIDTH="16" VPOS="286" HPOS="666"/>
							<String ID="string_47" HPOS="682" VPOS="287" WIDTH="26" HEIGHT="22" WC="0.96" CONTENT="af"/><SP WIDTH="13" VPOS="287" HPOS="708"/>
							<String ID="string_48" HPOS="721" VPOS="287" WIDTH="44" HEIGHT="21" WC="0.95" CONTENT="alla"/><SP WIDTH="16" VPOS="287" HPOS="765"/>
							<String ID="string_49" HPOS="781" VPOS="286" WIDTH="28" HEIGHT="22" WC="0.96" CONTENT="de"/><SP WIDTH="16" VPOS="286" HPOS="809"/>
							<String ID="string_50" HPOS="825" VPOS="286" WIDTH="197" HEIGHT="29" WC="0.96" CONTENT="omständigheter,"/>
						</TextLine>
						<TextLine ID="line_6" HPOS="196" VPOS="316" WIDTH="827" HEIGHT="29">
							<String ID="string_51" HPOS="196" VPOS="322" WIDTH="49" HEIGHT="16" WC="0.96" CONTENT="som"/><SP WIDTH="21" VPOS="322" HPOS="245"/>
							<String ID="string_52" HPOS="266" VPOS="316" WIDTH="93" HEIGHT="22" WC="0.96" CONTENT="inverka"/><SP WIDTH="20" VPOS="316" HPOS="359"/>
							<String ID="string_53" HPOS="379" VPOS="316" WIDTH="28" HEIGHT="29" WC="0.93" CONTENT="på"/><SP WIDTH="20" VPOS="316" HPOS="407"/>
							<String ID="string_54" HPOS="427" VPOS="316" WIDTH="151" HEIGHT="22" WC="0.92" CONTENT="bedömandet"/><SP WIDTH="18" VPOS="316" HPOS="578"/>
							<String ID="string_55" HPOS="596" VPOS="316" WIDTH="26" HEIGHT="22" WC="0.96" CONTENT="af"/><SP WIDTH="13" VPOS="316" HPOS="622"/>
							<String ID="string_56" HPOS="635" VPOS="316" WIDTH="131" HEIGHT="22" WC="0.94" CONTENT="detsamma."/><SP WIDTH="32" VPOS="316" HPOS="766"/>
							<String ID="string_57" HPOS="798" VPOS="316" WIDTH="44" HEIGHT="28" WC="0.92" CONTENT="Jag"/><SP WIDTH="15" VPOS="316" HPOS="842"/>
							<String ID="string_58" HPOS="857" VPOS="316" WIDTH="75" HEIGHT="22" WC="0.92" CONTENT="tviflar"/><SP WIDTH="14" VPOS="316" HPOS="932"/>
							<String ID="string_59" HPOS="946" VPOS="316" WIDTH="29" HEIGHT="28" WC="0.96" CONTENT="på"/><SP WIDTH="14" VPOS="316" HPOS="975"/>
							<String ID="string_60" HPOS="989" VPOS="318" WIDTH="34" HEIGHT="20" WC="0.96" CONTENT="att"/>
						</TextLine>
						<TextLine ID="line_7" HPOS="197" VPOS="346" WIDTH="825" HEIGHT="28">
							<String ID="string_61" HPOS="197" VPOS="346" WIDTH="120" HEIGHT="22" WC="0.93" CONTENT="ständerna"/><SP WIDTH="15" VPOS="346" HPOS="317"/>
							<String ID="string_62" HPOS="332" VPOS="346" WIDTH="152" HEIGHT="22" WC="0.92" CONTENT="öfverhufvud"/><SP WIDTH="15" VPOS="346" HPOS="484"/>
							<String ID="string_63" HPOS="499" VPOS="347" WIDTH="39" HEIGHT="21" WC="0.96" CONTENT="äro"/><SP WIDTH="16" VPOS="347" HPOS="538"/>
							<String ID="string_64" HPOS="554" VPOS="346" WIDTH="39" HEIGHT="22" WC="0.96" CONTENT="det"/><SP WIDTH="14" VPOS="346" HPOS="593"/>
							<String ID="string_65" HPOS="607" VPOS="347" WIDTH="59" HEIGHT="21" WC="0.96" CONTENT="rätta"/><SP WIDTH="17" VPOS="347" HPOS="666"/>
							<String ID="string_66" HPOS="683" VPOS="346" WIDTH="73" HEIGHT="22" WC="0.96" CONTENT="forum"/><SP WIDTH="15" VPOS="346" HPOS="756"/>
							<String ID="string_67" HPOS="771" VPOS="346" WIDTH="36" HEIGHT="22" WC="0.96" CONTENT="för"/><SP WIDTH="16" VPOS="346" HPOS="807"/>
							<String ID="string_68" HPOS="823" VPOS="352" WIDTH="28" HEIGHT="16" WC="0.96" CONTENT="en"/><SP WIDTH="16" VPOS="352" HPOS="851"/>
							<String ID="string_69" HPOS="867" VPOS="346" WIDTH="62" HEIGHT="28" WC="0.93" CONTENT="dylik"/><SP WIDTH="16" VPOS="346" HPOS="929"/>
							<String ID="string_70" HPOS="945" VPOS="346" WIDTH="77" HEIGHT="27" WC="0.92" CONTENT="detalj-"/>
						</TextLine>
						<TextLine ID="line_8" HPOS="196" VPOS="375" WIDTH="827" HEIGHT="29">
							<String ID="string_71" HPOS="196" VPOS="375" WIDTH="106" HEIGHT="29" WC="0.91" CONTENT="pröfning"/><SP WIDTH="15" VPOS="375" HPOS="302"/>
							<String ID="string_72" HPOS="317" VPOS="376" WIDTH="26" HEIGHT="22" WC="0.96" CONTENT="af"/><SP WIDTH="12" VPOS="376" HPOS="343"/>
							<String ID="string_73" HPOS="355" VPOS="376" WIDTH="83" HEIGHT="22" WC="0.96" CONTENT="sådana"/><SP WIDTH="16" VPOS="376" HPOS="438"/>
							<String ID="string_74" HPOS="454" VPOS="376" WIDTH="102" HEIGHT="22" WC="0.96" CONTENT="enskilda"/><SP WIDTH="16" VPOS="376" HPOS="556"/>
							<String ID="string_75" HPOS="572" VPOS="376" WIDTH="95" HEIGHT="28" WC="0.96" CONTENT="företag,"/><SP WIDTH="17" VPOS="376" HPOS="667"/>
							<String ID="string_76" HPOS="684" VPOS="382" WIDTH="48" HEIGHT="16" WC="0.96" CONTENT="som"/><SP WIDTH="15" VPOS="382" HPOS="732"/>
							<String ID="string_77" HPOS="747" VPOS="376" WIDTH="44" HEIGHT="22" WC="0.96" CONTENT="den"/><SP WIDTH="15" VPOS="376" HPOS="791"/>
							<String ID="string_78" HPOS="806" VPOS="382" WIDTH="31" HEIGHT="16" WC="0.96" CONTENT="nu"/><SP WIDTH="15" VPOS="382" HPOS="837"/>
							<String ID="string_79" HPOS="852" VPOS="376" WIDTH="171" HEIGHT="28" WC="0.96" CONTENT="ifrågavarande"/>
						</TextLine>
						<TextLine ID="line_9" HPOS="196" VPOS="405" WIDTH="826" HEIGHT="29">
							<String ID="string_80" HPOS="196" VPOS="406" WIDTH="155" HEIGHT="21" WC="0.91" CONTENT="kuranstalten"/><SP WIDTH="23" VPOS="406" HPOS="351"/>
							<String ID="string_81" HPOS="374" VPOS="406" WIDTH="36" HEIGHT="22" WC="0.93" CONTENT="för"/><SP WIDTH="22" VPOS="406" HPOS="410"/>
							<String ID="string_82" HPOS="432" VPOS="406" WIDTH="110" HEIGHT="22" WC="0.92" CONTENT="drinkare."/><SP WIDTH="32" VPOS="406" HPOS="542"/>
							<String ID="string_83" HPOS="574" VPOS="405" WIDTH="46" HEIGHT="22" WC="0.96" CONTENT="Det"/><SP WIDTH="22" VPOS="405" HPOS="620"/>
							<String ID="string_84" HPOS="642" VPOS="412" WIDTH="68" HEIGHT="22" WC="0.96" CONTENT="synes"/><SP WIDTH="23" VPOS="412" HPOS="710"/>
							<String ID="string_85" HPOS="733" VPOS="406" WIDTH="46" HEIGHT="28" WC="0.96" CONTENT="mig"/><SP WIDTH="18" VPOS="406" HPOS="779"/>
							<String ID="string_86" HPOS="797" VPOS="412" WIDTH="49" HEIGHT="16" WC="0.95" CONTENT="som"/><SP WIDTH="16" VPOS="412" HPOS="846"/>
							<String ID="string_87" HPOS="862" VPOS="412" WIDTH="36" HEIGHT="15" WC="0.95" CONTENT="om"/><SP WIDTH="15" VPOS="412" HPOS="898"/>
							<String ID="string_88" HPOS="913" VPOS="405" WIDTH="109" HEIGHT="22" WC="0.96" CONTENT="utskottet"/>
						</TextLine>
						<TextLine ID="line_10" HPOS="197" VPOS="435" WIDTH="825" HEIGHT="28">
							<String ID="string_89" HPOS="197" VPOS="435" WIDTH="68" HEIGHT="22" WC="0.96" CONTENT="äfven"/><SP WIDTH="25" VPOS="435" HPOS="265"/>
							<String ID="string_90" HPOS="290" VPOS="435" WIDTH="7" HEIGHT="22" WC="0.96" CONTENT="i"/><SP WIDTH="23" VPOS="435" HPOS="297"/>
							<String ID="string_91" HPOS="320" VPOS="436" WIDTH="106" HEIGHT="21" WC="0.93" CONTENT="afseende"/><SP WIDTH="22" VPOS="436" HPOS="426"/>
							<String ID="string_92" HPOS="448" VPOS="435" WIDTH="14" HEIGHT="22" WC="0.88" CONTENT="å"/><SP WIDTH="22" VPOS="435" HPOS="462"/>
							<String ID="string_93" HPOS="484" VPOS="436" WIDTH="74" HEIGHT="21" WC="0.96" CONTENT="denna"/><SP WIDTH="18" VPOS="436" HPOS="558"/>
							<String ID="string_94" HPOS="576" VPOS="435" WIDTH="94" HEIGHT="28" WC="0.95" CONTENT="petition"/><SP WIDTH="15" VPOS="435" HPOS="670"/>
							<String ID="string_95" HPOS="685" VPOS="435" WIDTH="58" HEIGHT="22" WC="0.96" CONTENT="hade"/><SP WIDTH="15" VPOS="435" HPOS="743"/>
							<String ID="string_96" HPOS="758" VPOS="436" WIDTH="50" HEIGHT="21" WC="0.96" CONTENT="haft"/><SP WIDTH="15" VPOS="436" HPOS="808"/>
							<String ID="string_97" HPOS="823" VPOS="435" WIDTH="50" HEIGHT="22" WC="0.96" CONTENT="skäl"/><SP WIDTH="15" VPOS="435" HPOS="873"/>
							<String ID="string_98" HPOS="888" VPOS="435" WIDTH="34" HEIGHT="22" WC="0.96" CONTENT="till"/><SP WIDTH="15" VPOS="435" HPOS="922"/>
							<String ID="string_99" HPOS="937" VPOS="441" WIDTH="85" HEIGHT="16" WC="0.96" CONTENT="samma"/>
						</TextLine>
						<TextLine ID="line_11" HPOS="196" VPOS="465" WIDTH="826" HEIGHT="28">
							<String ID="string_100" HPOS="196" VPOS="471" WIDTH="171" HEIGHT="22" WC="0.91" CONTENT="resonnemang,"/><SP WIDTH="23" VPOS="471" HPOS="367"/>
							<String ID="string_101" HPOS="390" VPOS="471" WIDTH="48" HEIGHT="16" WC="0.96" CONTENT="som"/><SP WIDTH="24" VPOS="471" HPOS="438"/>
							<String ID="string_102" HPOS="462" VPOS="466" WIDTH="125" HEIGHT="21" WC="0.96" CONTENT="detsamma"/><SP WIDTH="23" VPOS="466" HPOS="587"/>
							<String ID="string_103" HPOS="610" VPOS="465" WIDTH="51" HEIGHT="22" WC="0.94" CONTENT="med"/><SP WIDTH="24" VPOS="465" HPOS="661"/>
							<String ID="string_104" HPOS="685" VPOS="465" WIDTH="52" HEIGHT="22" WC="0.94" CONTENT="fullt"/><SP WIDTH="18" VPOS="465" HPOS="737"/>
							<String ID="string_105" HPOS="755" VPOS="465" WIDTH="50" HEIGHT="22" WC="0.96" CONTENT="skäl"/><SP WIDTH="15" VPOS="465" HPOS="805"/>
							<String ID="string_106" HPOS="820" VPOS="466" WIDTH="62" HEIGHT="27" WC="0.96" CONTENT="gjort"/><SP WIDTH="15" VPOS="466" HPOS="882"/>
							<String ID="string_107" HPOS="897" VPOS="465" WIDTH="125" HEIGHT="28" WC="0.96" CONTENT="gällande"/><SP WIDTH="-14" VPOS="465" HPOS="1022"/>
							<String ID="string_108" HPOS="1008" VPOS="461" WIDTH="17" HEIGHT="36" WC="0.96" CONTENT="i"/>
						</TextLine>
						<TextLine ID="line_12" HPOS="197" VPOS="495" WIDTH="824" HEIGHT="28">
							<String ID="string_109" HPOS="197" VPOS="495" WIDTH="44" HEIGHT="22" WC="0.96" CONTENT="den"/><SP WIDTH="14" VPOS="495" HPOS="241"/>
							<String ID="string_110" HPOS="255" VPOS="501" WIDTH="55" HEIGHT="22" WC="0.95" CONTENT="nyss"/><SP WIDTH="16" VPOS="501" HPOS="310"/>
							<String ID="string_111" HPOS="326" VPOS="495" WIDTH="139" HEIGHT="22" WC="0.96" CONTENT="behandlade"/><SP WIDTH="16" VPOS="495" HPOS="465"/>
							<String ID="string_112" HPOS="481" VPOS="495" WIDTH="79" HEIGHT="28" WC="0.96" CONTENT="frågan"/><SP WIDTH="16" VPOS="495" HPOS="560"/>
							<String ID="string_113" HPOS="576" VPOS="501" WIDTH="37" HEIGHT="16" WC="0.94" CONTENT="om"/><SP WIDTH="16" VPOS="501" HPOS="613"/>
							<String ID="string_114" HPOS="629" VPOS="497" WIDTH="33" HEIGHT="20" WC="0.94" CONTENT="ett"/><SP WIDTH="15" VPOS="497" HPOS="662"/>
							<String ID="string_115" HPOS="677" VPOS="495" WIDTH="94" HEIGHT="28" WC="0.96" CONTENT="sjukhus"/><SP WIDTH="17" VPOS="495" HPOS="771"/>
							<String ID="string_116" HPOS="788" VPOS="495" WIDTH="32" HEIGHT="22" WC="0.96" CONTENT="uti"/><SP WIDTH="11" VPOS="495" HPOS="820"/>
							<String ID="string_117" HPOS="831" VPOS="495" WIDTH="124" HEIGHT="22" WC="0.96" CONTENT="Kexholms"/><SP WIDTH="10" VPOS="495" HPOS="955"/>
							<String ID="string_118" HPOS="965" VPOS="495" WIDTH="56" HEIGHT="21" WC="0.96" CONTENT="stad."/>
						</TextLine>
						<TextLine ID="line_13" HPOS="197" VPOS="524" WIDTH="824" HEIGHT="29">
							<String ID="string_119" HPOS="197" VPOS="524" WIDTH="116" HEIGHT="23" WC="0.96" CONTENT="Utskottet"/><SP WIDTH="15" VPOS="524" HPOS="313"/>
							<String ID="string_120" HPOS="328" VPOS="525" WIDTH="69" HEIGHT="28" WC="0.96" CONTENT="säger"/><SP WIDTH="11" VPOS="525" HPOS="397"/>
							<String ID="string_121" HPOS="408" VPOS="525" WIDTH="124" HEIGHT="28" WC="0.93" CONTENT="nämligen:"/><SP WIDTH="25" VPOS="525" HPOS="532"/>
							<String ID="string_122" HPOS="557" VPOS="525" WIDTH="53" HEIGHT="26" WC="0.90" CONTENT=",Att"/><SP WIDTH="15" VPOS="525" HPOS="610"/>
							<String ID="string_123" HPOS="625" VPOS="525" WIDTH="7" HEIGHT="21" WC="0.96" CONTENT="i"/><SP WIDTH="16" VPOS="525" HPOS="632"/>
							<String ID="string_124" HPOS="648" VPOS="525" WIDTH="79" HEIGHT="28" WC="0.93" CONTENT="hvarje"/><SP WIDTH="16" VPOS="525" HPOS="727"/>
							<String ID="string_125" HPOS="743" VPOS="525" WIDTH="97" HEIGHT="22" WC="0.90" CONTENT="enskildt"/><SP WIDTH="11" VPOS="525" HPOS="840"/>
							<String ID="string_126" HPOS="851" VPOS="525" WIDTH="40" HEIGHT="22" WC="0.95" CONTENT="fall"/><SP WIDTH="11" VPOS="525" HPOS="891"/>
							<String ID="string_127" HPOS="902" VPOS="524" WIDTH="119" HEIGHT="29" WC="0.96" CONTENT="uppskatta"/>
						</TextLine>
						<TextLine ID="line_14" HPOS="197" VPOS="554" WIDTH="823" HEIGHT="28">
							<String ID="string_128" HPOS="197" VPOS="555" WIDTH="42" HEIGHT="21" WC="0.96" CONTENT="och"/><SP WIDTH="23" VPOS="555" HPOS="239"/>
							<String ID="string_129" HPOS="262" VPOS="554" WIDTH="101" HEIGHT="27" WC="0.96" CONTENT="bedöma,"/><SP WIDTH="24" VPOS="554" HPOS="363"/>
							<String ID="string_130" HPOS="387" VPOS="555" WIDTH="56" HEIGHT="21" WC="0.93" CONTENT="hvar"/><SP WIDTH="15" VPOS="555" HPOS="443"/>
							<String ID="string_131" HPOS="458" VPOS="555" WIDTH="108" HEIGHT="22" WC="0.91" CONTENT="behofvet"/><SP WIDTH="22" VPOS="555" HPOS="566"/>
							<String ID="string_132" HPOS="588" VPOS="555" WIDTH="135" HEIGHT="21" WC="0.91" CONTENT="härutinnan"/><SP WIDTH="16" VPOS="555" HPOS="723"/>
							<String ID="string_133" HPOS="739" VPOS="555" WIDTH="24" HEIGHT="21" WC="0.96" CONTENT="är"/><SP WIDTH="16" VPOS="555" HPOS="763"/>
							<String ID="string_134" HPOS="779" VPOS="554" WIDTH="68" HEIGHT="22" WC="0.96" CONTENT="störst"/><SP WIDTH="16" VPOS="554" HPOS="847"/>
							<String ID="string_135" HPOS="863" VPOS="555" WIDTH="42" HEIGHT="21" WC="0.96" CONTENT="och"/><SP WIDTH="15" VPOS="555" HPOS="905"/>
							<String ID="string_136" HPOS="920" VPOS="554" WIDTH="28" HEIGHT="28" WC="0.95" CONTENT="på"/><SP WIDTH="15" VPOS="554" HPOS="948"/>
							<String ID="string_137" HPOS="963" VPOS="554" WIDTH="57" HEIGHT="22" WC="0.96" CONTENT="hvad"/>
						</TextLine>
						<TextLine ID="line_15" HPOS="196" VPOS="583" WIDTH="824" HEIGHT="30">
							<String ID="string_138" HPOS="196" VPOS="585" WIDTH="45" HEIGHT="20" WC="0.96" CONTENT="sätt"/><SP WIDTH="16" VPOS="585" HPOS="241"/>
							<String ID="string_139" HPOS="257" VPOS="583" WIDTH="38" HEIGHT="22" WC="0.96" CONTENT="det"/><SP WIDTH="15" VPOS="583" HPOS="295"/>
							<String ID="string_140" HPOS="310" VPOS="584" WIDTH="121" HEIGHT="29" WC="0.96" CONTENT="lämpligen"/><SP WIDTH="15" VPOS="584" HPOS="431"/>
							<String ID="string_141" HPOS="446" VPOS="585" WIDTH="44" HEIGHT="21" WC="0.96" CONTENT="kan"/><SP WIDTH="16" VPOS="585" HPOS="490"/>
							<String ID="string_142" HPOS="506" VPOS="584" WIDTH="90" HEIGHT="27" WC="0.95" CONTENT="lindras,"/><SP WIDTH="17" VPOS="584" HPOS="596"/>
							<String ID="string_143" HPOS="613" VPOS="585" WIDTH="25" HEIGHT="21" WC="0.96" CONTENT="är"/><SP WIDTH="16" VPOS="585" HPOS="638"/>
							<String ID="string_144" HPOS="654" VPOS="584" WIDTH="63" HEIGHT="27" WC="0.96" CONTENT="dock,"/><SP WIDTH="12" VPOS="584" HPOS="717"/>
							<String ID="string_145" HPOS="729" VPOS="584" WIDTH="70" HEIGHT="29" WC="0.96" CONTENT="enligt"/><SP WIDTH="10" VPOS="584" HPOS="799"/>
							<String ID="string_146" HPOS="809" VPOS="584" WIDTH="127" HEIGHT="22" WC="0.96" CONTENT="Utskottets"/><SP WIDTH="11" VPOS="584" HPOS="936"/>
							<String ID="string_147" HPOS="947" VPOS="584" WIDTH="73" HEIGHT="26" WC="0.96" CONTENT="tanke,"/>
						</TextLine>
						<TextLine ID="line_16" HPOS="197" VPOS="613" WIDTH="824" HEIGHT="29">
							<String ID="string_148" HPOS="197" VPOS="619" WIDTH="27" HEIGHT="16" WC="0.96" CONTENT="en"/><SP WIDTH="21" VPOS="619" HPOS="224"/>
							<String ID="string_149" HPOS="245" VPOS="614" WIDTH="96" HEIGHT="27" WC="0.96" CONTENT="uppgift,"/><SP WIDTH="21" VPOS="614" HPOS="341"/>
							<String ID="string_150" HPOS="362" VPOS="620" WIDTH="49" HEIGHT="16" WC="0.96" CONTENT="som"/><SP WIDTH="19" VPOS="620" HPOS="411"/>
							<String ID="string_151" HPOS="430" VPOS="615" WIDTH="99" HEIGHT="21" WC="0.96" CONTENT="närmast"/><SP WIDTH="20" VPOS="615" HPOS="529"/>
							<String ID="string_152" HPOS="549" VPOS="614" WIDTH="41" HEIGHT="22" WC="0.96" CONTENT="bör"/><SP WIDTH="18" VPOS="614" HPOS="590"/>
							<String ID="string_153" HPOS="608" VPOS="613" WIDTH="74" HEIGHT="29" WC="0.95" CONTENT="åligga"/><SP WIDTH="15" VPOS="613" HPOS="682"/>
							<String ID="string_154" HPOS="697" VPOS="614" WIDTH="88" HEIGHT="22" WC="0.96" CONTENT="landets"/><SP WIDTH="16" VPOS="614" HPOS="785"/>
							<String ID="string_155" HPOS="801" VPOS="614" WIDTH="96" HEIGHT="28" WC="0.96" CONTENT="styrelse"/><SP WIDTH="15" VPOS="614" HPOS="897"/>
							<String ID="string_156" HPOS="912" VPOS="613" WIDTH="51" HEIGHT="22" WC="0.93" CONTENT="med"/><SP WIDTH="16" VPOS="613" HPOS="963"/>
							<String ID="string_157" HPOS="979" VPOS="613" WIDTH="42" HEIGHT="22" WC="0.91" CONTENT="till-"/>
						</TextLine>
						<TextLine ID="line_17" HPOS="195" VPOS="643" WIDTH="826" HEIGHT="29">
							<String ID="string_158" HPOS="195" VPOS="643" WIDTH="63" HEIGHT="28" WC="0.82" CONTENT="hjelp"/><SP WIDTH="23" VPOS="643" HPOS="258"/>
							<String ID="string_159" HPOS="281" VPOS="643" WIDTH="27" HEIGHT="22" WC="0.96" CONTENT="af"/><SP WIDTH="20" VPOS="643" HPOS="308"/>
							<String ID="string_160" HPOS="328" VPOS="643" WIDTH="44" HEIGHT="22" WC="0.96" CONTENT="den"/><SP WIDTH="22" VPOS="643" HPOS="372"/>
							<String ID="string_161" HPOS="394" VPOS="644" WIDTH="120" HEIGHT="28" WC="0.96" CONTENT="utredning"/><SP WIDTH="20" VPOS="644" HPOS="514"/>
							<String ID="string_162" HPOS="534" VPOS="643" WIDTH="169" HEIGHT="22" WC="0.93" CONTENT="vederbörande"/><SP WIDTH="20" VPOS="643" HPOS="703"/>
							<String ID="string_163" HPOS="723" VPOS="644" WIDTH="208" HEIGHT="28" WC="0.91" CONTENT="fackmyndigheter"/><SP WIDTH="15" VPOS="644" HPOS="931"/>
							<String ID="string_164" HPOS="946" VPOS="643" WIDTH="75" HEIGHT="22" WC="0.96" CONTENT="kunna"/>
						</TextLine>
						<TextLine ID="line_18" HPOS="197" VPOS="673" WIDTH="823" HEIGHT="28">
							<String ID="string_165" HPOS="197" VPOS="673" WIDTH="100" HEIGHT="28" WC="0.96" CONTENT="erbjuda."/><SP WIDTH="27" VPOS="673" HPOS="297"/>
							<String ID="string_166" HPOS="324" VPOS="673" WIDTH="44" HEIGHT="22" WC="0.93" CONTENT="För"/><SP WIDTH="15" VPOS="673" HPOS="368"/>
							<String ID="string_167" HPOS="383" VPOS="673" WIDTH="131" HEIGHT="27" WC="0.91" CONTENT="Ständerha,"/><SP WIDTH="16" VPOS="673" HPOS="514"/>
							<String ID="string_168" HPOS="530" VPOS="679" WIDTH="50" HEIGHT="16" WC="0.96" CONTENT="som"/><SP WIDTH="15" VPOS="679" HPOS="580"/>
							<String ID="string_169" HPOS="595" VPOS="673" WIDTH="49" HEIGHT="22" WC="0.91" CONTENT="icke"/><SP WIDTH="16" VPOS="673" HPOS="644"/>
							<String ID="string_170" HPOS="660" VPOS="680" WIDTH="43" HEIGHT="21" WC="0.91" CONTENT="ega"/><SP WIDTH="15" VPOS="680" HPOS="703"/>
							<String ID="string_171" HPOS="718" VPOS="673" WIDTH="89" HEIGHT="22" WC="0.96" CONTENT="tillfälle"/><SP WIDTH="16" VPOS="673" HPOS="807"/>
							<String ID="string_172" HPOS="823" VPOS="675" WIDTH="34" HEIGHT="20" WC="0.96" CONTENT="att"/><SP WIDTH="15" VPOS="675" HPOS="857"/>
							<String ID="string_173" HPOS="872" VPOS="674" WIDTH="6" HEIGHT="21" WC="0.96" CONTENT="i"/><SP WIDTH="11" VPOS="674" HPOS="878"/>
							<String ID="string_174" HPOS="889" VPOS="673" WIDTH="131" HEIGHT="22" WC="0.96" CONTENT="hithörande"/>
						</TextLine>
						<TextLine ID="line_19" HPOS="197" VPOS="703" WIDTH="824" HEIGHT="28">
							<String ID="string_175" HPOS="197" VPOS="703" WIDTH="98" HEIGHT="22" WC="0.93" CONTENT="ärenden"/><SP WIDTH="21" VPOS="703" HPOS="295"/>
							<String ID="string_176" HPOS="316" VPOS="703" WIDTH="108" HEIGHT="22" WC="0.92" CONTENT="förskaffa"/><SP WIDTH="20" VPOS="703" HPOS="424"/>
							<String ID="string_177" HPOS="444" VPOS="704" WIDTH="35" HEIGHT="27" WC="0.93" CONTENT="sig"/><SP WIDTH="19" VPOS="704" HPOS="479"/>
							<String ID="string_178" HPOS="498" VPOS="703" WIDTH="106" HEIGHT="22" WC="0.92" CONTENT="liknande"/><SP WIDTH="21" VPOS="703" HPOS="604"/>
							<String ID="string_179" HPOS="625" VPOS="703" WIDTH="204" HEIGHT="28" WC="0.92" CONTENT="detaljkännedom,"/><SP WIDTH="17" VPOS="703" HPOS="829"/>
							<String ID="string_180" HPOS="846" VPOS="703" WIDTH="70" HEIGHT="22" WC="0.96" CONTENT="måste"/><SP WIDTH="15" VPOS="703" HPOS="916"/>
							<String ID="string_181" HPOS="931" VPOS="703" WIDTH="38" HEIGHT="22" WC="0.93" CONTENT="det"/><SP WIDTH="14" VPOS="703" HPOS="969"/>
							<String ID="string_182" HPOS="983" VPOS="709" WIDTH="38" HEIGHT="15" WC="0.92" CONTENT="na-"/>
						</TextLine>
						<TextLine ID="line_20" HPOS="196" VPOS="733" WIDTH="825" HEIGHT="28">
							<String ID="string_183" HPOS="196" VPOS="733" WIDTH="98" HEIGHT="28" WC="0.91" CONTENT="turligen"/><SP WIDTH="21" VPOS="733" HPOS="294"/>
							<String ID="string_184" HPOS="315" VPOS="733" WIDTH="66" HEIGHT="22" WC="0.96" CONTENT="ställa"/><SP WIDTH="20" VPOS="733" HPOS="381"/>
							<String ID="string_185" HPOS="401" VPOS="733" WIDTH="34" HEIGHT="28" WC="0.96" CONTENT="sig"/><SP WIDTH="20" VPOS="733" HPOS="435"/>
							<String ID="string_186" HPOS="455" VPOS="733" WIDTH="112" HEIGHT="28" WC="0.93" CONTENT="betydligt"/><SP WIDTH="17" VPOS="733" HPOS="567"/>
							<String ID="string_187" HPOS="584" VPOS="733" WIDTH="143" HEIGHT="28" WC="0.92" CONTENT="vanskligare"/><SP WIDTH="16" VPOS="733" HPOS="727"/>
							<String ID="string_188" HPOS="743" VPOS="735" WIDTH="34" HEIGHT="20" WC="0.96" CONTENT="att"/><SP WIDTH="15" VPOS="735" HPOS="777"/>
							<String ID="string_189" HPOS="792" VPOS="733" WIDTH="51" HEIGHT="22" WC="0.96" CONTENT="med"/><SP WIDTH="16" VPOS="733" HPOS="843"/>
							<String ID="string_190" HPOS="859" VPOS="734" WIDTH="33" HEIGHT="21" WC="0.96" CONTENT="ett"/><SP WIDTH="15" VPOS="734" HPOS="892"/>
							<String ID="string_191" HPOS="907" VPOS="733" WIDTH="114" HEIGHT="22" WC="0.96" CONTENT="uttalande"/>
						</TextLine>
						<TextLine ID="line_21" HPOS="196" VPOS="762" WIDTH="825" HEIGHT="29">
							<String ID="string_192" HPOS="196" VPOS="762" WIDTH="7" HEIGHT="22" WC="0.96" CONTENT="i"/><SP WIDTH="16" VPOS="762" HPOS="203"/>
							<String ID="string_193" HPOS="219" VPOS="762" WIDTH="44" HEIGHT="22" WC="0.96" CONTENT="den"/><SP WIDTH="16" VPOS="762" HPOS="263"/>
							<String ID="string_194" HPOS="279" VPOS="769" WIDTH="43" HEIGHT="15" WC="0.96" CONTENT="ena"/><SP WIDTH="17" VPOS="769" HPOS="322"/>
							<String ID="string_195" HPOS="339" VPOS="763" WIDTH="54" HEIGHT="21" WC="0.96" CONTENT="eller"/><SP WIDTH="16" VPOS="763" HPOS="393"/>
							<String ID="string_196" HPOS="409" VPOS="763" WIDTH="43" HEIGHT="22" WC="0.95" CONTENT="den"/><SP WIDTH="15" VPOS="763" HPOS="452"/>
							<String ID="string_197" HPOS="467" VPOS="763" WIDTH="70" HEIGHT="21" WC="0.96" CONTENT="andra"/><SP WIDTH="15" VPOS="763" HPOS="537"/>
							<String ID="string_198" HPOS="552" VPOS="763" WIDTH="129" HEIGHT="28" WC="0.96" CONTENT="riktningen"/><SP WIDTH="15" VPOS="763" HPOS="681"/>
							<String ID="string_199" HPOS="696" VPOS="763" WIDTH="67" HEIGHT="22" WC="0.96" CONTENT="träffa"/><SP WIDTH="10" VPOS="763" HPOS="763"/>
							<String ID="string_200" HPOS="773" VPOS="763" WIDTH="38" HEIGHT="21" WC="0.96" CONTENT="det"/><SP WIDTH="11" VPOS="763" HPOS="811"/>
							<String ID="string_201" HPOS="822" VPOS="763" WIDTH="79" HEIGHT="21" WC="0.84" CONTENT="rätta.”"/><SP WIDTH="24" VPOS="763" HPOS="901"/>
							<String ID="string_202" HPOS="925" VPOS="762" WIDTH="35" HEIGHT="22" WC="0.89" CONTENT="Ex"/><SP WIDTH="10" VPOS="762" HPOS="960"/>
							<String ID="string_203" HPOS="970" VPOS="769" WIDTH="51" HEIGHT="14" WC="0.89" CONTENT="ana-"/>
						</TextLine>
						<TextLine ID="line_22" HPOS="196" VPOS="792" WIDTH="825" HEIGHT="29">
							<String ID="string_204" HPOS="196" VPOS="792" WIDTH="60" HEIGHT="28" WC="0.92" CONTENT="logia"/><SP WIDTH="15" VPOS="792" HPOS="256"/>
							<String ID="string_205" HPOS="271" VPOS="793" WIDTH="54" HEIGHT="21" WC="0.96" CONTENT="ville"/><SP WIDTH="14" VPOS="793" HPOS="325"/>
							<String ID="string_206" HPOS="339" VPOS="793" WIDTH="40" HEIGHT="28" WC="0.95" CONTENT="jag"/><SP WIDTH="15" VPOS="793" HPOS="379"/>
							<String ID="string_207" HPOS="394" VPOS="793" WIDTH="100" HEIGHT="28" WC="0.92" CONTENT="tillämpa"/><SP WIDTH="16" VPOS="793" HPOS="494"/>
							<String ID="string_208" HPOS="510" VPOS="799" WIDTH="86" HEIGHT="15" WC="0.92" CONTENT="samma"/><SP WIDTH="16" VPOS="799" HPOS="596"/>
							<String ID="string_209" HPOS="612" VPOS="799" WIDTH="164" HEIGHT="21" WC="0.92" CONTENT="resonnemang"/><SP WIDTH="15" VPOS="799" HPOS="776"/>
							<String ID="string_210" HPOS="791" VPOS="792" WIDTH="59" HEIGHT="29" WC="0.96" CONTENT="uppå"/><SP WIDTH="15" VPOS="792" HPOS="850"/>
							<String ID="string_211" HPOS="865" VPOS="792" WIDTH="38" HEIGHT="22" WC="0.96" CONTENT="det"/><SP WIDTH="15" VPOS="792" HPOS="903"/>
							<String ID="string_212" HPOS="918" VPOS="799" WIDTH="31" HEIGHT="14" WC="0.93" CONTENT="nu"/><SP WIDTH="16" VPOS="799" HPOS="949"/>
							<String ID="string_213" HPOS="965" VPOS="792" WIDTH="56" HEIGHT="21" WC="0.88" CONTENT="före-"/>
						</TextLine>
						<TextLine ID="line_23" HPOS="196" VPOS="821" WIDTH="825" HEIGHT="29">
							<String ID="string_214" HPOS="196" VPOS="822" WIDTH="106" HEIGHT="28" WC="0.96" CONTENT="liggande"/><SP WIDTH="16" VPOS="822" HPOS="302"/>
							<String ID="string_215" HPOS="318" VPOS="822" WIDTH="114" HEIGHT="28" WC="0.96" CONTENT="förslaget."/><SP WIDTH="31" VPOS="822" HPOS="432"/>
							<String ID="string_216" HPOS="463" VPOS="822" WIDTH="45" HEIGHT="28" WC="0.96" CONTENT="Mig"/><SP WIDTH="15" VPOS="822" HPOS="508"/>
							<String ID="string_217" HPOS="523" VPOS="828" WIDTH="68" HEIGHT="21" WC="0.96" CONTENT="synes"/><SP WIDTH="16" VPOS="828" HPOS="591"/>
							<String ID="string_218" HPOS="607" VPOS="822" WIDTH="68" HEIGHT="22" WC="0.96" CONTENT="äfven"/><SP WIDTH="16" VPOS="822" HPOS="675"/>
							<String ID="string_219" HPOS="691" VPOS="822" WIDTH="24" HEIGHT="22" WC="0.96" CONTENT="så"/><SP WIDTH="16" VPOS="822" HPOS="715"/>
							<String ID="string_220" HPOS="731" VPOS="822" WIDTH="90" HEIGHT="28" WC="0.96" CONTENT="mycket"/><SP WIDTH="11" VPOS="822" HPOS="821"/>
							<String ID="string_221" HPOS="832" VPOS="828" WIDTH="62" HEIGHT="15" WC="0.96" CONTENT="mera"/><SP WIDTH="11" VPOS="828" HPOS="894"/>
							<String ID="string_222" HPOS="905" VPOS="822" WIDTH="48" HEIGHT="21" WC="0.92" CONTENT="skäl"/><SP WIDTH="12" VPOS="822" HPOS="953"/>
							<String ID="string_223" HPOS="965" VPOS="821" WIDTH="56" HEIGHT="22" WC="0.92" CONTENT="före-"/>
						</TextLine>
						<TextLine ID="line_24" HPOS="196" VPOS="851" WIDTH="825" HEIGHT="29">
							<String ID="string_224" HPOS="196" VPOS="851" WIDTH="72" HEIGHT="22" WC="0.96" CONTENT="finnas"/><SP WIDTH="24" VPOS="851" HPOS="268"/>
							<String ID="string_225" HPOS="292" VPOS="851" WIDTH="35" HEIGHT="22" WC="0.96" CONTENT="för"/><SP WIDTH="23" VPOS="851" HPOS="327"/>
							<String ID="string_226" HPOS="350" VPOS="853" WIDTH="33" HEIGHT="20" WC="0.96" CONTENT="ett"/><SP WIDTH="20" VPOS="853" HPOS="383"/>
							<String ID="string_227" HPOS="403" VPOS="852" WIDTH="71" HEIGHT="28" WC="0.93" CONTENT="dylikt"/><SP WIDTH="21" VPOS="852" HPOS="474"/>
							<String ID="string_228" HPOS="495" VPOS="851" WIDTH="186" HEIGHT="29" WC="0.91" CONTENT="åskådningssätt,"/><SP WIDTH="22" VPOS="851" HPOS="681"/>
							<String ID="string_229" HPOS="703" VPOS="858" WIDTH="48" HEIGHT="15" WC="0.95" CONTENT="som"/><SP WIDTH="20" VPOS="858" HPOS="751"/>
							<String ID="string_230" HPOS="771" VPOS="858" WIDTH="53" HEIGHT="15" WC="0.95" CONTENT="man"/><SP WIDTH="18" VPOS="858" HPOS="824"/>
							<String ID="string_231" HPOS="842" VPOS="851" WIDTH="120" HEIGHT="29" WC="0.95" CONTENT="ingalunda"/><SP WIDTH="15" VPOS="851" HPOS="962"/>
							<String ID="string_232" HPOS="977" VPOS="851" WIDTH="44" HEIGHT="22" WC="0.96" CONTENT="kan"/>
						</TextLine>
						<TextLine ID="line_25" HPOS="196" VPOS="881" WIDTH="825" HEIGHT="29">
							<String ID="string_233" HPOS="196" VPOS="887" WIDTH="55" HEIGHT="16" WC="0.95" CONTENT="anse"/><SP WIDTH="21" VPOS="887" HPOS="251"/>
							<String ID="string_234" HPOS="272" VPOS="883" WIDTH="33" HEIGHT="20" WC="0.95" CONTENT="att"/><SP WIDTH="18" VPOS="883" HPOS="305"/>
							<String ID="string_235" HPOS="323" VPOS="881" WIDTH="33" HEIGHT="22" WC="0.93" CONTENT="uti"/><SP WIDTH="20" VPOS="881" HPOS="356"/>
							<String ID="string_236" HPOS="376" VPOS="881" WIDTH="249" HEIGHT="23" WC="0.91" CONTENT="utskottsbetänkandet"/><SP WIDTH="16" VPOS="881" HPOS="625"/>
							<String ID="string_237" HPOS="641" VPOS="881" WIDTH="121" HEIGHT="36" WC="0.96" CONTENT="föreligger"/><SP WIDTH="15" VPOS="881" HPOS="762"/>
							<String ID="string_238" HPOS="777" VPOS="888" WIDTH="29" HEIGHT="16" WC="0.96" CONTENT="en"/><SP WIDTH="15" VPOS="888" HPOS="806"/>
							<String ID="string_239" HPOS="821" VPOS="888" WIDTH="40" HEIGHT="15" WC="0.93" CONTENT="ens"/><SP WIDTH="15" VPOS="888" HPOS="861"/>
							<String ID="string_240" HPOS="876" VPOS="881" WIDTH="145" HEIGHT="22" WC="0.91" CONTENT="närmelsevis"/>
						</TextLine>
						<TextLine ID="line_26" HPOS="197" VPOS="911" WIDTH="825" HEIGHT="29">
							<String ID="string_241" HPOS="197" VPOS="911" WIDTH="132" HEIGHT="28" WC="0.95" CONTENT="fullständig"/><SP WIDTH="18" VPOS="911" HPOS="329"/>
							<String ID="string_242" HPOS="347" VPOS="912" WIDTH="119" HEIGHT="28" WC="0.96" CONTENT="utredning"/><SP WIDTH="20" VPOS="912" HPOS="466"/>
							<String ID="string_243" HPOS="486" VPOS="917" WIDTH="37" HEIGHT="16" WC="0.96" CONTENT="om"/><SP WIDTH="20" VPOS="917" HPOS="523"/>
							<String ID="string_244" HPOS="543" VPOS="912" WIDTH="8" HEIGHT="21" WC="0.96" CONTENT="i"/><SP WIDTH="18" VPOS="912" HPOS="551"/>
							<String ID="string_245" HPOS="569" VPOS="912" WIDTH="60" HEIGHT="21" WC="0.96" CONTENT="hvad"/><SP WIDTH="16" VPOS="912" HPOS="629"/>
							<String ID="string_246" HPOS="645" VPOS="911" WIDTH="51" HEIGHT="22" WC="0.96" CONTENT="mån"/><SP WIDTH="15" VPOS="911" HPOS="696"/>
							<String ID="string_247" HPOS="711" VPOS="912" WIDTH="73" HEIGHT="21" WC="0.96" CONTENT="denna"/><SP WIDTH="15" VPOS="912" HPOS="784"/>
							<String ID="string_248" HPOS="799" VPOS="911" WIDTH="84" HEIGHT="22" WC="0.96" CONTENT="anstalt"/><SP WIDTH="16" VPOS="911" HPOS="883"/>
							<String ID="string_249" HPOS="899" VPOS="913" WIDTH="123" HEIGHT="20" WC="0.95" CONTENT="motsvarar"/>
						</TextLine>
						<TextLine ID="line_27" HPOS="197" VPOS="940" WIDTH="825" HEIGHT="29">
							<String ID="string_250" HPOS="197" VPOS="941" WIDTH="38" HEIGHT="21" WC="0.96" CONTENT="det"/><SP WIDTH="22" VPOS="941" HPOS="235"/>
							<String ID="string_251" HPOS="257" VPOS="941" WIDTH="91" HEIGHT="21" WC="0.93" CONTENT="dermed"/><SP WIDTH="22" VPOS="941" HPOS="348"/>
							<String ID="string_252" HPOS="370" VPOS="942" WIDTH="94" HEIGHT="21" WC="0.91" CONTENT="afsedda"/><SP WIDTH="20" VPOS="942" HPOS="464"/>
							<String ID="string_253" HPOS="484" VPOS="942" WIDTH="77" HEIGHT="27" WC="0.96" CONTENT="syftet."/><SP WIDTH="32" VPOS="942" HPOS="561"/>
							<String ID="string_254" HPOS="593" VPOS="941" WIDTH="116" HEIGHT="22" WC="0.96" CONTENT="Utskottet"/><SP WIDTH="14" VPOS="941" HPOS="709"/>
							<String ID="string_255" HPOS="723" VPOS="942" WIDTH="41" HEIGHT="21" WC="0.96" CONTENT="har"/><SP WIDTH="14" VPOS="942" HPOS="764"/>
							<String ID="string_256" HPOS="778" VPOS="941" WIDTH="34" HEIGHT="22" WC="0.96" CONTENT="uti"/><SP WIDTH="15" VPOS="941" HPOS="812"/>
							<String ID="string_257" HPOS="827" VPOS="941" WIDTH="39" HEIGHT="21" WC="0.95" CONTENT="sitt"/><SP WIDTH="15" VPOS="941" HPOS="866"/>
							<String ID="string_258" HPOS="881" VPOS="940" WIDTH="141" HEIGHT="22" WC="0.96" CONTENT="betänkande"/>
						</TextLine>
						<TextLine ID="line_28" HPOS="196" VPOS="970" WIDTH="826" HEIGHT="29">
							<String ID="string_259" HPOS="196" VPOS="970" WIDTH="115" HEIGHT="22" WC="0.95" CONTENT="meddelat"/><SP WIDTH="20" VPOS="970" HPOS="311"/>
							<String ID="string_260" HPOS="331" VPOS="971" WIDTH="110" HEIGHT="21" WC="0.96" CONTENT="särskilda"/><SP WIDTH="19" VPOS="971" HPOS="441"/>
							<String ID="string_261" HPOS="460" VPOS="971" WIDTH="187" HEIGHT="28" WC="0.96" CONTENT="betänkligheter,"/><SP WIDTH="21" VPOS="971" HPOS="647"/>
							<String ID="string_262" HPOS="668" VPOS="977" WIDTH="48" HEIGHT="16" WC="0.96" CONTENT="som"/><SP WIDTH="21" VPOS="977" HPOS="716"/>
							<String ID="string_263" HPOS="737" VPOS="971" WIDTH="60" HEIGHT="21" WC="0.96" CONTENT="inom"/><SP WIDTH="17" VPOS="971" HPOS="797"/>
							<String ID="string_264" HPOS="814" VPOS="970" WIDTH="125" HEIGHT="22" WC="0.96" CONTENT="detsamma"/><SP WIDTH="14" VPOS="970" HPOS="939"/>
							<String ID="string_265" HPOS="953" VPOS="970" WIDTH="69" HEIGHT="22" WC="0.94" CONTENT="hafva"/>
						</TextLine>
						<TextLine ID="line_29" HPOS="196" VPOS="1000" WIDTH="825" HEIGHT="29">
							<String ID="string_266" HPOS="196" VPOS="1000" WIDTH="93" HEIGHT="22" WC="0.93" CONTENT="anförts."/><SP WIDTH="32" VPOS="1000" HPOS="289"/>
							<String ID="string_267" HPOS="321" VPOS="1000" WIDTH="72" HEIGHT="22" WC="0.92" CONTENT="Dessa"/><SP WIDTH="22" VPOS="1000" HPOS="393"/>
							<String ID="string_268" HPOS="415" VPOS="1000" WIDTH="180" HEIGHT="29" WC="0.96" CONTENT="betänkligheter"/><SP WIDTH="22" VPOS="1000" HPOS="595"/>
							<String ID="string_269" HPOS="617" VPOS="1000" WIDTH="111" HEIGHT="22" WC="0.95" CONTENT="refereras"/><SP WIDTH="23" VPOS="1000" HPOS="728"/>
							<String ID="string_270" HPOS="751" VPOS="1000" WIDTH="7" HEIGHT="22" WC="0.96" CONTENT="i"/><SP WIDTH="20" VPOS="1000" HPOS="758"/>
							<String ID="string_271" HPOS="778" VPOS="1000" WIDTH="81" HEIGHT="28" WC="0.96" CONTENT="början"/><SP WIDTH="20" VPOS="1000" HPOS="859"/>
							<String ID="string_272" HPOS="879" VPOS="1000" WIDTH="26" HEIGHT="22" WC="0.96" CONTENT="af"/><SP WIDTH="18" VPOS="1000" HPOS="905"/>
							<String ID="string_273" HPOS="923" VPOS="1000" WIDTH="63" HEIGHT="21" WC="0.96" CONTENT="sidan"/><SP WIDTH="22" VPOS="1000" HPOS="986"/>
							<String ID="string_274" HPOS="1008" VPOS="1002" WIDTH="13" HEIGHT="19" WC="0.96" CONTENT="6"/>
						</TextLine>
						<TextLine ID="line_30" HPOS="197" VPOS="1029" WIDTH="824" HEIGHT="29">
							<String ID="string_275" HPOS="197" VPOS="1030" WIDTH="42" HEIGHT="22" WC="0.96" CONTENT="och"/><SP WIDTH="16" VPOS="1030" HPOS="239"/>
							<String ID="string_276" HPOS="255" VPOS="1036" WIDTH="68" HEIGHT="22" WC="0.95" CONTENT="synas"/><SP WIDTH="16" VPOS="1036" HPOS="323"/>
							<String ID="string_277" HPOS="339" VPOS="1036" WIDTH="55" HEIGHT="16" WC="0.95" CONTENT="vara"/><SP WIDTH="15" VPOS="1036" HPOS="394"/>
							<String ID="string_278" HPOS="409" VPOS="1030" WIDTH="26" HEIGHT="22" WC="0.95" CONTENT="af"/><SP WIDTH="13" VPOS="1030" HPOS="435"/>
							<String ID="string_279" HPOS="448" VPOS="1030" WIDTH="85" HEIGHT="28" WC="0.93" CONTENT="ganska"/><SP WIDTH="15" VPOS="1030" HPOS="533"/>
							<String ID="string_280" HPOS="548" VPOS="1030" WIDTH="166" HEIGHT="22" WC="0.92" CONTENT="beaktansvärd"/><SP WIDTH="16" VPOS="1030" HPOS="714"/>
							<String ID="string_281" HPOS="730" VPOS="1031" WIDTH="40" HEIGHT="21" WC="0.94" CONTENT="art."/><SP WIDTH="28" VPOS="1031" HPOS="770"/>
							<String ID="string_282" HPOS="798" VPOS="1030" WIDTH="77" HEIGHT="22" WC="0.96" CONTENT="Under"/><SP WIDTH="10" VPOS="1030" HPOS="875"/>
							<String ID="string_283" HPOS="885" VPOS="1029" WIDTH="82" HEIGHT="22" WC="0.93" CONTENT="sådana"/><SP WIDTH="11" VPOS="1029" HPOS="967"/>
							<String ID="string_284" HPOS="978" VPOS="1029" WIDTH="43" HEIGHT="22" WC="0.92" CONTENT="för-"/>
						</TextLine>
						<TextLine ID="line_31" HPOS="197" VPOS="1059" WIDTH="825" HEIGHT="29">
							<String ID="string_285" HPOS="197" VPOS="1059" WIDTH="121" HEIGHT="22" WC="0.90" CONTENT="hållanden"/><SP WIDTH="20" VPOS="1059" HPOS="318"/>
							<String ID="string_286" HPOS="338" VPOS="1060" WIDTH="79" HEIGHT="27" WC="0.96" CONTENT="tyckes"/><SP WIDTH="21" VPOS="1060" HPOS="417"/>
							<String ID="string_287" HPOS="438" VPOS="1060" WIDTH="38" HEIGHT="22" WC="0.96" CONTENT="det"/><SP WIDTH="20" VPOS="1060" HPOS="476"/>
							<String ID="string_288" HPOS="496" VPOS="1060" WIDTH="52" HEIGHT="28" WC="0.96" CONTENT="mig,"/><SP WIDTH="16" VPOS="1060" HPOS="548"/>
							<String ID="string_289" HPOS="564" VPOS="1066" WIDTH="49" HEIGHT="16" WC="0.96" CONTENT="som"/><SP WIDTH="16" VPOS="1066" HPOS="613"/>
							<String ID="string_290" HPOS="629" VPOS="1066" WIDTH="37" HEIGHT="16" WC="0.90" CONTENT="om"/><SP WIDTH="15" VPOS="1066" HPOS="666"/>
							<String ID="string_291" HPOS="681" VPOS="1060" WIDTH="126" HEIGHT="22" WC="0.88" CONTENT="Ständerna"/><SP WIDTH="15" VPOS="1060" HPOS="807"/>
							<String ID="string_292" HPOS="822" VPOS="1060" WIDTH="50" HEIGHT="21" WC="0.96" CONTENT="icke"/><SP WIDTH="15" VPOS="1060" HPOS="872"/>
							<String ID="string_293" HPOS="887" VPOS="1059" WIDTH="68" HEIGHT="22" WC="0.96" CONTENT="borde"/><SP WIDTH="16" VPOS="1059" HPOS="955"/>
							<String ID="string_294" HPOS="971" VPOS="1059" WIDTH="51" HEIGHT="28" WC="0.96" CONTENT="ingå"/>
						</TextLine>
						<TextLine ID="line_32" HPOS="196" VPOS="1089" WIDTH="825" HEIGHT="29">
							<String ID="string_295" HPOS="196" VPOS="1089" WIDTH="7" HEIGHT="21" WC="0.96" CONTENT="i"/><SP WIDTH="21" VPOS="1089" HPOS="203"/>
							<String ID="string_296" HPOS="224" VPOS="1095" WIDTH="28" HEIGHT="15" WC="0.93" CONTENT="en"/><SP WIDTH="21" VPOS="1095" HPOS="252"/>
							<String ID="string_297" HPOS="273" VPOS="1089" WIDTH="176" HEIGHT="29" WC="0.90" CONTENT="detaljpröfning"/><SP WIDTH="18" VPOS="1089" HPOS="449"/>
							<String ID="string_298" HPOS="467" VPOS="1090" WIDTH="70" HEIGHT="26" WC="0.96" CONTENT="öfver,"/><SP WIDTH="17" VPOS="1090" HPOS="537"/>
							<String ID="string_299" HPOS="554" VPOS="1090" WIDTH="111" HEIGHT="21" WC="0.96" CONTENT="huruvida"/><SP WIDTH="13" VPOS="1090" HPOS="665"/>
							<String ID="string_300" HPOS="678" VPOS="1090" WIDTH="48" HEIGHT="28" WC="0.96" CONTENT="just"/><SP WIDTH="16" VPOS="1090" HPOS="726"/>
							<String ID="string_301" HPOS="742" VPOS="1090" WIDTH="73" HEIGHT="21" WC="0.96" CONTENT="denna"/><SP WIDTH="16" VPOS="1090" HPOS="815"/>
							<String ID="string_302" HPOS="831" VPOS="1089" WIDTH="101" HEIGHT="21" WC="0.93" CONTENT="enskilda"/><SP WIDTH="16" VPOS="1089" HPOS="932"/>
							<String ID="string_303" HPOS="948" VPOS="1089" WIDTH="73" HEIGHT="27" WC="0.91" CONTENT="välgö-"/>
						</TextLine>
						<TextLine ID="line_33" HPOS="196" VPOS="1118" WIDTH="825" HEIGHT="28">
							<String ID="string_304" HPOS="196" VPOS="1118" WIDTH="175" HEIGHT="22" WC="0.90" CONTENT="renhetsanstalt"/><SP WIDTH="15" VPOS="1118" HPOS="371"/>
							<String ID="string_305" HPOS="386" VPOS="1120" WIDTH="25" HEIGHT="20" WC="0.96" CONTENT="är"/><SP WIDTH="15" VPOS="1120" HPOS="411"/>
							<String ID="string_306" HPOS="426" VPOS="1120" WIDTH="52" HEIGHT="21" WC="0.96" CONTENT="utaf"/><SP WIDTH="16" VPOS="1120" HPOS="478"/>
							<String ID="string_307" HPOS="494" VPOS="1120" WIDTH="43" HEIGHT="21" WC="0.97" CONTENT="den"/><SP WIDTH="16" VPOS="1120" HPOS="537"/>
							<String ID="string_308" HPOS="553" VPOS="1121" WIDTH="66" HEIGHT="20" WC="0.96" CONTENT="natur"/><SP WIDTH="15" VPOS="1121" HPOS="619"/>
							<String ID="string_309" HPOS="634" VPOS="1121" WIDTH="34" HEIGHT="19" WC="0.96" CONTENT="att"/><SP WIDTH="15" VPOS="1121" HPOS="668"/>
							<String ID="string_310" HPOS="683" VPOS="1120" WIDTH="73" HEIGHT="21" WC="0.96" CONTENT="staten"/><SP WIDTH="15" VPOS="1120" HPOS="756"/>
							<String ID="string_311" HPOS="771" VPOS="1119" WIDTH="42" HEIGHT="21" WC="0.96" CONTENT="här"/><SP WIDTH="15" VPOS="1119" HPOS="813"/>
							<String ID="string_312" HPOS="828" VPOS="1118" WIDTH="41" HEIGHT="22" WC="0.96" CONTENT="bör"/><SP WIDTH="15" VPOS="1118" HPOS="869"/>
							<String ID="string_313" HPOS="884" VPOS="1118" WIDTH="86" HEIGHT="28" WC="0.96" CONTENT="ingripa"/><SP WIDTH="10" VPOS="1118" HPOS="970"/>
							<String ID="string_314" HPOS="980" VPOS="1118" WIDTH="41" HEIGHT="22" WC="0.96" CONTENT="och"/>
						</TextLine>
						<TextLine ID="line_34" HPOS="196" VPOS="1148" WIDTH="826" HEIGHT="22">
							<String ID="string_315" HPOS="196" VPOS="1148" WIDTH="137" HEIGHT="22" WC="0.92" CONTENT="understöda"/><SP WIDTH="21" VPOS="1148" HPOS="333"/>
							<String ID="string_316" HPOS="354" VPOS="1148" WIDTH="135" HEIGHT="22" WC="0.90" CONTENT="densamma."/><SP WIDTH="32" VPOS="1148" HPOS="489"/>
							<String ID="string_317" HPOS="521" VPOS="1149" WIDTH="53" HEIGHT="21" WC="0.96" CONTENT="Man"/><SP WIDTH="20" VPOS="1149" HPOS="574"/>
							<String ID="string_318" HPOS="594" VPOS="1149" WIDTH="44" HEIGHT="21" WC="0.96" CONTENT="kan"/><SP WIDTH="18" VPOS="1149" HPOS="638"/>
							<String ID="string_319" HPOS="656" VPOS="1149" WIDTH="38" HEIGHT="21" WC="0.96" CONTENT="väl"/><SP WIDTH="15" VPOS="1149" HPOS="694"/>
							<String ID="string_320" HPOS="709" VPOS="1149" WIDTH="50" HEIGHT="21" WC="0.96" CONTENT="icke"/><SP WIDTH="16" VPOS="1149" HPOS="759"/>
							<String ID="string_321" HPOS="775" VPOS="1148" WIDTH="121" HEIGHT="22" WC="0.96" CONTENT="förutsätta"/><SP WIDTH="15" VPOS="1148" HPOS="896"/>
							<String ID="string_322" HPOS="911" VPOS="1149" WIDTH="67" HEIGHT="21" WC="0.96" CONTENT="annat"/><SP WIDTH="16" VPOS="1149" HPOS="978"/>
							<String ID="string_323" HPOS="994" VPOS="1148" WIDTH="28" HEIGHT="21" WC="0.96" CONTENT="än"/>
						</TextLine>
						<TextLine ID="line_35" HPOS="196" VPOS="1178" WIDTH="825" HEIGHT="28">
							<String ID="string_324" HPOS="196" VPOS="1179" WIDTH="40" HEIGHT="25" WC="0.96" CONTENT="att,"/><SP WIDTH="16" VPOS="1179" HPOS="236"/>
							<String ID="string_325" HPOS="252" VPOS="1178" WIDTH="49" HEIGHT="22" WC="0.96" CONTENT="ifall"/><SP WIDTH="16" VPOS="1178" HPOS="301"/>
							<String ID="string_326" HPOS="317" VPOS="1184" WIDTH="28" HEIGHT="16" WC="0.96" CONTENT="en"/><SP WIDTH="16" VPOS="1184" HPOS="345"/>
							<String ID="string_327" HPOS="361" VPOS="1178" WIDTH="61" HEIGHT="28" WC="0.96" CONTENT="dylik"/><SP WIDTH="16" VPOS="1178" HPOS="422"/>
							<String ID="string_328" HPOS="438" VPOS="1178" WIDTH="103" HEIGHT="28" WC="0.96" CONTENT="förening"/><SP WIDTH="15" VPOS="1178" HPOS="541"/>
							<String ID="string_329" HPOS="556" VPOS="1178" WIDTH="86" HEIGHT="22" WC="0.96" CONTENT="vänder"/><SP WIDTH="14" VPOS="1178" HPOS="642"/>
							<String ID="string_330" HPOS="656" VPOS="1178" WIDTH="36" HEIGHT="28" WC="0.96" CONTENT="sig"/><SP WIDTH="14" VPOS="1178" HPOS="692"/>
							<String ID="string_331" HPOS="706" VPOS="1178" WIDTH="35" HEIGHT="22" WC="0.96" CONTENT="till"/><SP WIDTH="14" VPOS="1178" HPOS="741"/>
							<String ID="string_332" HPOS="755" VPOS="1178" WIDTH="113" HEIGHT="28" WC="0.95" CONTENT="styrelsen"/><SP WIDTH="15" VPOS="1178" HPOS="868"/>
							<String ID="string_333" HPOS="883" VPOS="1178" WIDTH="52" HEIGHT="21" WC="0.96" CONTENT="med"/><SP WIDTH="12" VPOS="1178" HPOS="935"/>
							<String ID="string_334" HPOS="947" VPOS="1184" WIDTH="28" HEIGHT="15" WC="0.93" CONTENT="en"/><SP WIDTH="9" VPOS="1184" HPOS="975"/>
							<String ID="string_335" HPOS="984" VPOS="1184" WIDTH="37" HEIGHT="14" WC="0.91" CONTENT="an-"/>
						</TextLine>
						<TextLine ID="line_36" HPOS="197" VPOS="1207" WIDTH="825" HEIGHT="28">
							<String ID="string_336" HPOS="197" VPOS="1207" WIDTH="75" HEIGHT="22" WC="0.92" CONTENT="hållan"/><SP WIDTH="25" VPOS="1207" HPOS="272"/>
							<String ID="string_337" HPOS="297" VPOS="1214" WIDTH="36" HEIGHT="16" WC="0.95" CONTENT="om"/><SP WIDTH="22" VPOS="1214" HPOS="333"/>
							<String ID="string_338" HPOS="355" VPOS="1208" WIDTH="129" HEIGHT="27" WC="0.95" CONTENT="understöd,"/><SP WIDTH="24" VPOS="1208" HPOS="484"/>
							<String ID="string_339" HPOS="508" VPOS="1208" WIDTH="42" HEIGHT="22" WC="0.96" CONTENT="och"/><SP WIDTH="23" VPOS="1208" HPOS="550"/>
							<String ID="string_340" HPOS="573" VPOS="1208" WIDTH="44" HEIGHT="22" WC="0.96" CONTENT="kan"/><SP WIDTH="22" VPOS="1208" HPOS="617"/>
							<String ID="string_341" HPOS="639" VPOS="1208" WIDTH="109" HEIGHT="22" WC="0.95" CONTENT="motivera"/><SP WIDTH="15" VPOS="1208" HPOS="748"/>
							<String ID="string_342" HPOS="763" VPOS="1208" WIDTH="74" HEIGHT="21" WC="0.96" CONTENT="denna"/><SP WIDTH="16" VPOS="1208" HPOS="837"/>
							<String ID="string_343" HPOS="853" VPOS="1207" WIDTH="103" HEIGHT="22" WC="0.96" CONTENT="anhållan"/><SP WIDTH="16" VPOS="1207" HPOS="956"/>
							<String ID="string_344" HPOS="972" VPOS="1207" WIDTH="50" HEIGHT="21" WC="0.96" CONTENT="med"/>
						</TextLine>
						<TextLine ID="line_37" HPOS="196" VPOS="1236" WIDTH="826" HEIGHT="30">
							<String ID="string_345" HPOS="196" VPOS="1237" WIDTH="131" HEIGHT="29" WC="0.95" CONTENT="tillräckligt"/><SP WIDTH="19" VPOS="1237" HPOS="327"/>
							<String ID="string_346" HPOS="346" VPOS="1238" WIDTH="103" HEIGHT="28" WC="0.95" CONTENT="vägande"/><SP WIDTH="21" VPOS="1238" HPOS="449"/>
							<String ID="string_347" HPOS="470" VPOS="1238" WIDTH="54" HEIGHT="26" WC="0.96" CONTENT="skäl,"/><SP WIDTH="22" VPOS="1238" HPOS="524"/>
							<String ID="string_348" HPOS="546" VPOS="1238" WIDTH="111" HEIGHT="27" WC="0.96" CONTENT="styrelsen"/><SP WIDTH="21" VPOS="1238" HPOS="657"/>
							<String ID="string_349" HPOS="678" VPOS="1238" WIDTH="57" HEIGHT="21" WC="0.96" CONTENT="skall"/><SP WIDTH="20" VPOS="1238" HPOS="735"/>
							<String ID="string_350" HPOS="755" VPOS="1237" WIDTH="137" HEIGHT="28" WC="0.96" CONTENT="tillmötesgå"/><SP WIDTH="20" VPOS="1237" HPOS="892"/>
							<String ID="string_351" HPOS="912" VPOS="1243" WIDTH="28" HEIGHT="15" WC="0.95" CONTENT="en"/><SP WIDTH="22" VPOS="1243" HPOS="940"/>
							<String ID="string_352" HPOS="962" VPOS="1236" WIDTH="60" HEIGHT="28" WC="0.95" CONTENT="dylik"/>
						</TextLine>
						<TextLine ID="line_38" HPOS="197" VPOS="1266" WIDTH="824" HEIGHT="29">
							<String ID="string_353" HPOS="197" VPOS="1267" WIDTH="107" HEIGHT="21" WC="0.94" CONTENT="ansökan."/><SP WIDTH="32" VPOS="1267" HPOS="304"/>
							<String ID="string_354" HPOS="336" VPOS="1267" WIDTH="43" HEIGHT="21" WC="0.96" CONTENT="För"/><SP WIDTH="16" VPOS="1267" HPOS="379"/>
							<String ID="string_355" HPOS="395" VPOS="1268" WIDTH="45" HEIGHT="21" WC="0.96" CONTENT="min"/><SP WIDTH="16" VPOS="1268" HPOS="440"/>
							<String ID="string_356" HPOS="456" VPOS="1268" WIDTH="36" HEIGHT="21" WC="0.96" CONTENT="del"/><SP WIDTH="16" VPOS="1268" HPOS="492"/>
							<String ID="string_357" HPOS="508" VPOS="1268" WIDTH="73" HEIGHT="21" WC="0.96" CONTENT="skulle"/><SP WIDTH="13" VPOS="1268" HPOS="581"/>
							<String ID="string_358" HPOS="594" VPOS="1268" WIDTH="42" HEIGHT="27" WC="0.96" CONTENT="jag"/><SP WIDTH="15" VPOS="1268" HPOS="636"/>
							<String ID="string_359" HPOS="651" VPOS="1267" WIDTH="76" HEIGHT="22" WC="0.96" CONTENT="derför"/><SP WIDTH="16" VPOS="1267" HPOS="727"/>
							<String ID="string_360" HPOS="743" VPOS="1266" WIDTH="82" HEIGHT="22" WC="0.96" CONTENT="föreslå"/><SP WIDTH="16" VPOS="1266" HPOS="825"/>
							<String ID="string_361" HPOS="841" VPOS="1268" WIDTH="33" HEIGHT="20" WC="0.93" CONTENT="att"/><SP WIDTH="16" VPOS="1268" HPOS="874"/>
							<String ID="string_362" HPOS="890" VPOS="1266" WIDTH="131" HEIGHT="28" WC="0.92" CONTENT="prestestån-"/>
						</TextLine>
						<TextLine ID="line_39" HPOS="197" VPOS="1296" WIDTH="825" HEIGHT="29">
							<String ID="string_363" HPOS="197" VPOS="1297" WIDTH="44" HEIGHT="26" WC="0.96" CONTENT="det,"/><SP WIDTH="22" VPOS="1297" HPOS="241"/>
							<String ID="string_364" HPOS="263" VPOS="1297" WIDTH="72" HEIGHT="21" WC="0.95" CONTENT="under"/><SP WIDTH="21" VPOS="1297" HPOS="335"/>
							<String ID="string_365" HPOS="356" VPOS="1297" WIDTH="160" HEIGHT="28" WC="0.95" CONTENT="förutsättning"/><SP WIDTH="20" VPOS="1297" HPOS="516"/>
							<String ID="string_366" HPOS="536" VPOS="1298" WIDTH="34" HEIGHT="20" WC="0.96" CONTENT="att"/><SP WIDTH="16" VPOS="1298" HPOS="570"/>
							<String ID="string_367" HPOS="586" VPOS="1297" WIDTH="110" HEIGHT="27" WC="0.96" CONTENT="styrelsen"/><SP WIDTH="17" VPOS="1297" HPOS="696"/>
							<String ID="string_368" HPOS="713" VPOS="1297" WIDTH="49" HEIGHT="21" WC="0.96" CONTENT="icke"/><SP WIDTH="16" VPOS="1297" HPOS="762"/>
							<String ID="string_369" HPOS="778" VPOS="1296" WIDTH="58" HEIGHT="22" WC="0.96" CONTENT="skall"/><SP WIDTH="15" VPOS="1296" HPOS="836"/>
							<String ID="string_370" HPOS="851" VPOS="1296" WIDTH="116" HEIGHT="22" WC="0.96" CONTENT="underlåta"/><SP WIDTH="15" VPOS="1296" HPOS="967"/>
							<String ID="string_371" HPOS="982" VPOS="1297" WIDTH="40" HEIGHT="25" WC="0.96" CONTENT="att,"/>
						</TextLine>
						<TextLine ID="line_40" HPOS="196" VPOS="1325" WIDTH="826" HEIGHT="28">
							<String ID="string_372" HPOS="196" VPOS="1326" WIDTH="73" HEIGHT="22" WC="0.91" CONTENT="såvidt"/><SP WIDTH="16" VPOS="1326" HPOS="269"/>
							<String ID="string_373" HPOS="285" VPOS="1326" WIDTH="49" HEIGHT="22" WC="0.93" CONTENT="skäl"/><SP WIDTH="16" VPOS="1326" HPOS="334"/>
							<String ID="string_374" HPOS="350" VPOS="1326" WIDTH="73" HEIGHT="22" WC="0.91" CONTENT="dertill"/><SP WIDTH="17" VPOS="1326" HPOS="423"/>
							<String ID="string_375" HPOS="440" VPOS="1326" WIDTH="126" HEIGHT="27" WC="0.92" CONTENT="förefinnas,"/><SP WIDTH="11" VPOS="1326" HPOS="566"/>
							<String ID="string_376" HPOS="577" VPOS="1326" WIDTH="136" HEIGHT="22" WC="0.92" CONTENT="understöda"/><SP WIDTH="10" VPOS="1326" HPOS="713"/>
							<String ID="string_377" HPOS="723" VPOS="1326" WIDTH="112" HEIGHT="22" WC="0.95" CONTENT="anstalten"/><SP WIDTH="11" VPOS="1326" HPOS="835"/>
							<String ID="string_378" HPOS="846" VPOS="1326" WIDTH="7" HEIGHT="21" WC="0.96" CONTENT="i"/><SP WIDTH="11" VPOS="1326" HPOS="853"/>
							<String ID="string_379" HPOS="864" VPOS="1326" WIDTH="43" HEIGHT="21" WC="0.93" CONTENT="den"/><SP WIDTH="8" VPOS="1326" HPOS="907"/>
							<String ID="string_380" HPOS="915" VPOS="1325" WIDTH="107" HEIGHT="22" WC="0.92" CONTENT="utsträck-"/>
						</TextLine>
						<TextLine ID="line_41" HPOS="196" VPOS="1355" WIDTH="826" HEIGHT="29">
							<String ID="string_381" HPOS="196" VPOS="1356" WIDTH="55" HEIGHT="28" WC="0.96" CONTENT="ning"/><SP WIDTH="16" VPOS="1356" HPOS="251"/>
							<String ID="string_382" HPOS="267" VPOS="1356" WIDTH="168" HEIGHT="22" WC="0.96" CONTENT="förhållandena"/><SP WIDTH="16" VPOS="1356" HPOS="435"/>
							<String ID="string_383" HPOS="451" VPOS="1356" WIDTH="61" HEIGHT="28" WC="0.96" CONTENT="gifva"/><SP WIDTH="17" VPOS="1356" HPOS="512"/>
							<String ID="string_384" HPOS="529" VPOS="1356" WIDTH="120" HEIGHT="28" WC="0.96" CONTENT="anledning"/><SP WIDTH="15" VPOS="1356" HPOS="649"/>
							<String ID="string_385" HPOS="664" VPOS="1356" WIDTH="41" HEIGHT="27" WC="0.96" CONTENT="till,"/><SP WIDTH="16" VPOS="1356" HPOS="705"/>
							<String ID="string_386" HPOS="721" VPOS="1356" WIDTH="54" HEIGHT="21" WC="0.96" CONTENT="ville"/><SP WIDTH="15" VPOS="1356" HPOS="775"/>
							<String ID="string_387" HPOS="790" VPOS="1356" WIDTH="90" HEIGHT="21" WC="0.96" CONTENT="besluta"/><SP WIDTH="15" VPOS="1356" HPOS="880"/>
							<String ID="string_388" HPOS="895" VPOS="1357" WIDTH="33" HEIGHT="19" WC="0.93" CONTENT="att"/><SP WIDTH="10" VPOS="1357" HPOS="928"/>
							<String ID="string_389" HPOS="938" VPOS="1355" WIDTH="84" HEIGHT="28" WC="0.92" CONTENT="petitio-"/>
						</TextLine>
						<TextLine ID="line_42" HPOS="196" VPOS="1384" WIDTH="827" HEIGHT="30">
							<String ID="string_390" HPOS="196" VPOS="1392" WIDTH="45" HEIGHT="15" WC="0.96" CONTENT="nen"/><SP WIDTH="19" VPOS="1392" HPOS="241"/>
							<String ID="string_391" HPOS="260" VPOS="1385" WIDTH="73" HEIGHT="28" WC="0.96" CONTENT="ifråga"/><SP WIDTH="21" VPOS="1385" HPOS="333"/>
							<String ID="string_392" HPOS="354" VPOS="1386" WIDTH="49" HEIGHT="21" WC="0.96" CONTENT="icke"/><SP WIDTH="20" VPOS="1386" HPOS="403"/>
							<String ID="string_393" HPOS="423" VPOS="1386" WIDTH="69" HEIGHT="22" WC="0.95" CONTENT="måtte"/><SP WIDTH="21" VPOS="1386" HPOS="492"/>
							<String ID="string_394" HPOS="513" VPOS="1386" WIDTH="117" HEIGHT="21" WC="0.96" CONTENT="föranleda"/><SP WIDTH="20" VPOS="1386" HPOS="630"/>
							<String ID="string_395" HPOS="650" VPOS="1386" WIDTH="34" HEIGHT="21" WC="0.96" CONTENT="till"/><SP WIDTH="23" VPOS="1386" HPOS="684"/>
							<String ID="string_396" HPOS="707" VPOS="1385" WIDTH="73" HEIGHT="29" WC="0.95" CONTENT="någon"/><SP WIDTH="21" VPOS="1385" HPOS="780"/>
							<String ID="string_397" HPOS="801" VPOS="1385" WIDTH="78" HEIGHT="28" WC="0.95" CONTENT="åtgärd"/><SP WIDTH="22" VPOS="1385" HPOS="879"/>
							<String ID="string_398" HPOS="901" VPOS="1384" WIDTH="49" HEIGHT="22" WC="0.93" CONTENT="från"/><SP WIDTH="15" VPOS="1384" HPOS="950"/>
							<String ID="string_399" HPOS="965" VPOS="1386" WIDTH="58" HEIGHT="20" WC="0.93" CONTENT="stän-"/>
						</TextLine>
						<TextLine ID="line_43" HPOS="197" VPOS="1415" WIDTH="152" HEIGHT="21">
							<String ID="string_400" HPOS="197" VPOS="1415" WIDTH="82" HEIGHT="21" WC="0.92" CONTENT="dernas"/><SP WIDTH="16" VPOS="1415" HPOS="279"/>
							<String ID="string_401" HPOS="295" VPOS="1415" WIDTH="54" HEIGHT="34" WC="0.96" CONTENT="sida."/>
						</TextLine>
					</TextBlock>
					<TextBlock ID="block_2" HPOS="195" VPOS="1474" WIDTH="828" HEIGHT="57">
						<TextLine ID="line_44" HPOS="195" VPOS="1474" WIDTH="827" HEIGHT="28">
							<String ID="string_402" HPOS="195" VPOS="1474" WIDTH="64" HEIGHT="28" WC="0.88" CONTENT="kyllä"/><SP WIDTH="27" VPOS="1474" HPOS="259"/>
							<String ID="string_403" HPOS="286" VPOS="1474" WIDTH="49" HEIGHT="22" WC="0.89" CONTENT="olisi"/><SP WIDTH="23" VPOS="1474" HPOS="335"/>
							<String ID="string_404" HPOS="358" VPOS="1475" WIDTH="62" HEIGHT="21" WC="0.92" CONTENT="voitu"/><SP WIDTH="24" VPOS="1475" HPOS="420"/>
							<String ID="string_405" HPOS="444" VPOS="1475" WIDTH="105" HEIGHT="21" WC="0.92" CONTENT="ehdottaa"/><SP WIDTH="23" VPOS="1475" HPOS="549"/>
							<String ID="string_406" HPOS="572" VPOS="1461" WIDTH="20" HEIGHT="35" WC="0.91" CONTENT="ei"/><SP WIDTH="26" VPOS="1461" HPOS="592"/>
							<String ID="string_407" HPOS="618" VPOS="1475" WIDTH="131" HEIGHT="21" WC="0.92" CONTENT="ainoastaan"/><SP WIDTH="23" VPOS="1475" HPOS="749"/>
							<String ID="string_408" HPOS="772" VPOS="1477" WIDTH="65" HEIGHT="24" WC="0.90" CONTENT="9,000"/><SP WIDTH="24" VPOS="1477" HPOS="837"/>
							<String ID="string_409" HPOS="861" VPOS="1480" WIDTH="59" HEIGHT="15" WC="0.91" CONTENT="vaan"/><SP WIDTH="26" VPOS="1480" HPOS="920"/>
							<String ID="string_410" HPOS="946" VPOS="1476" WIDTH="76" HEIGHT="24" WC="0.90" CONTENT="10,000"/>
						</TextLine>
						<TextLine ID="line_45" HPOS="197" VPOS="1503" WIDTH="826" HEIGHT="28">
							<String ID="string_411" HPOS="197" VPOS="1504" WIDTH="148" HEIGHT="22" WC="0.91" CONTENT="markkaakin"/><SP WIDTH="25" VPOS="1504" HPOS="345"/>
							<String ID="string_412" HPOS="370" VPOS="1504" WIDTH="222" HEIGHT="26" WC="0.83" CONTENT=",Turva*-laitoksen"/><SP WIDTH="21" VPOS="1504" HPOS="592"/>
							<String ID="string_413" HPOS="613" VPOS="1504" WIDTH="86" HEIGHT="27" WC="0.96" CONTENT="avuksi,"/><SP WIDTH="24" VPOS="1504" HPOS="699"/>
							<String ID="string_414" HPOS="723" VPOS="1492" WIDTH="73" HEIGHT="33" WC="0.89" CONTENT="mutta"/><SP WIDTH="23" VPOS="1492" HPOS="796"/>
							<String ID="string_415" HPOS="819" VPOS="1503" WIDTH="44" HEIGHT="22" WC="0.92" CONTENT="sitä"/><SP WIDTH="20" VPOS="1503" HPOS="863"/>
							<String ID="string_416" HPOS="883" VPOS="1503" WIDTH="21" HEIGHT="21" WC="0.96" CONTENT="ei"/><SP WIDTH="20" VPOS="1503" HPOS="904"/>
							<String ID="string_417" HPOS="924" VPOS="1490" WIDTH="99" HEIGHT="34" WC="0.96" CONTENT="katsottu"/>
						</TextLine>
					</TextBlock>
				</ComposedBlock>
			</PrintSpace>
		</Page>
	</Layout>
</alto>
