1117 1773
442 119 86 18 Helmik.
542 120 11 16 5
566 124 18 17 p.
867 122 26 18 31

609 148 23 16 w

104 172 87 22 hvilkas
212 172 68 28 insigt
296 172 202 27 bankfullmäktige
513 172 57 28 hysa
587 172 134 26 förtroende,
738 178 51 15 men
805 172 48 21 icke
869 172 57 21 blott

105 202 71 26 dessa,
193 203 54 19 utan
263 201 43 21 ock
321 201 90 21 erfarna
425 202 120 26 bankmän,
560 201 77 22 hvilka
652 202 8 20 i
675 201 50 21 värt
740 202 59 26 land,
813 207 48 16 som
877 201 49 22 sak-

104 237 41 15 nar
163 230 112 27 bankirer,
290 230 72 22 finnas
383 230 79 22 endast
483 231 6 21 i
510 231 194 27 privatbankerna.
736 230 41 22 Lät
797 231 66 21 dessa
878 236 48 22 per-

106 266 65 16 soner
187 260 7 22 i
210 260 213 28 bankfullmäktiges
439 260 41 22 och
497 260 150 22 direktionens
663 261 94 21 närvaro
773 260 114 22 diskutera
899 260 27 21 de

106 290 154 27 föreliggande
276 289 111 28 frägorna,
403 289 31 21 lät
450 290 50 21 dem
514 290 34 21 till
558 290 136 27 protokollet
704 290 71 21 uttala
786 290 49 21 sina
845 289 82 28 äsigter

106 320 41 20 och
168 319 79 21 skälen
267 318 35 22 för
324 319 120 21 desamma.
475 318 35 22 Dä
530 319 69 21 hafva
618 319 203 28 bankfullmäktige
840 318 87 22 erhällit

106 348 43 27 det,
165 354 48 16 som
227 354 52 16 man
289 348 62 22 velat
362 348 108 22 förskaffa
480 348 58 28 dem,
550 348 38 22 det
599 348 63 22 bästa
673 348 108 27 material,
793 354 48 16 som
851 348 76 22 landet

106 378 37 21 vid
158 378 146 28 bankfrägors
320 378 123 27 afgörande
458 378 45 22 kan
518 379 106 27 prestera.
649 378 45 21 Det
709 378 135 21 tillkommer
857 378 69 21 sedan

106 407 207 28 bankfullmäktige,
330 408 33 20 att
383 408 127 27 sorgfälligt
527 408 80 27 pröfva
623 407 77 21 vikten
715 408 26 21 af
754 408 78 21 skälen
848 407 35 21 för
899 407 27 21 de

107 436 130 22 framstälda
258 436 145 28 meningarna
422 438 64 25 samt,
502 437 57 22 efter
574 436 143 22 inhemtande
734 437 67 21 äfven
816 437 26 22 af
855 436 71 22 direk-

106 467 87 21 tionens
209 466 63 28 äsigt,
290 467 56 20 fatta
361 466 80 21 beslut.
466 467 51 21 Man
533 467 40 21 bör
588 467 85 27 hoppas
690 468 33 19 att
738 467 101 27 verkliga
849 467 77 20 affärs-

107 497 51 20 män
174 496 41 21 och
231 496 101 27 verkliga
347 496 112 21 bankmän
474 496 63 21 skola
552 496 69 21 hafva
637 496 43 21 den
691 496 130 27 patriotism,
833 497 34 20 att
877 495 49 22 icke

106 525 145 28 undandraga
272 525 34 28 sig
327 526 32 20 att
379 525 62 27 tjena
462 525 146 22 fosterlandet
628 525 52 22 med
701 526 34 21 sin
756 525 6 21 i
782 525 145 22 fosterlandet

108 555 143 21 förvärfvade
267 555 135 21 erfarenhet.

177 584 44 28 Jag
243 584 33 21 fär
297 584 76 21 derför
392 584 115 21 vördsamt
527 584 95 26 anhälla,
639 586 33 19 att
691 584 168 21 bankutskottet
874 584 53 21 ville

107 613 37 22 vid
160 613 61 22 detta
236 615 31 20 nu
282 613 80 28 gjorda
379 613 84 28 förslag
479 613 58 22 fästa
554 613 43 22 den
612 614 203 27 uppmärksamhet,
831 614 38 21 det
883 613 45 21 kan

107 649 65 16 anses
188 643 103 27 förtjena.
316 642 91 22 Kanske
422 643 70 21 stöter
508 643 50 21 dess
574 643 119 22 utförande
709 643 28 28 pä
752 643 84 26 hinder,
852 643 76 21 hvilka

106 673 39 27 jag
160 679 31 15 nu
206 673 49 21 icke
271 673 86 20 kunnat
371 672 116 22 föreställa
502 673 52 27 mig.

178 701 77 22 Skulle
271 708 30 15 nu
317 701 62 22 detta
395 702 91 27 förslag,
503 708 47 15 som
566 702 49 21 icke
631 702 41 27 gör
687 701 95 28 anspråk
794 701 27 28 pä
831 703 33 20 att
874 707 53 16 vara

108 737 47 15 mer
176 732 29 20 än
221 732 32 20 ett
269 731 91 28 förslag,
377 737 53 15 vara
447 731 93 28 förtjent
555 732 26 21 af
594 731 133 27 beaktande,
743 731 24 21 sä
782 731 73 21 skulle
870 731 58 21 bort-

108 761 53 21 falla
183 760 108 22 behofvet
312 762 33 19 att
366 761 55 21 söka
436 761 94 28 ändring
546 761 25 22 af
584 761 13 26 $
614 763 12 19 4
642 761 8 21 i
668 763 54 19 1867
740 761 34 21 års
791 760 135 27 förordning.

108 789 51 22 Man
179 791 39 20 vet
239 790 120 27 ingalunda
380 790 51 21 med
452 790 90 27 visshet,
559 797 37 14 om
612 797 28 14 en
655 790 69 21 sädan
739 790 137 27 underdänig
891 796 37 15 an-

108 819 73 21 hällan
202 819 101 22 kommer
323 821 33 19 att
375 819 95 22 bifallas.
502 819 45 22 Det
568 821 24 20 är
612 820 49 21 icke
682 819 125 27 otänkbart,
823 821 33 19 att
872 819 56 21 före-

108 849 129 27 draganden
248 849 40 21 hos
299 849 61 21 Hans
371 849 127 28 Kejserliga
508 849 105 28 Majestät
624 855 65 15 anser
699 849 51 21 idön
761 855 36 15 om
809 849 120 21 förstärkta

109 878 200 28 bankfullmäktige
324 878 49 22 icke
389 885 54 15 vara
459 879 6 21 i
482 879 44 21 alla
541 879 123 21 afseenden
674 878 179 22 rekomendabel.
878 877 51 22 Man

108 909 38 20 vet
162 908 67 21 ocksä
243 908 56 26 icke,
315 909 40 20 när
371 908 89 22 tillfälle
476 908 72 28 gifves
565 910 33 20 att
615 908 21 22 fä
652 908 61 22 detta
729 908 82 21 ärende
823 908 34 21 för
868 908 61 20 Hans

109 937 104 27 Majestät
229 937 133 28 föredraget.
392 938 77 21 Skulle
485 944 31 15 nu
531 940 76 19 svaret
622 938 49 21 icke
687 938 118 21 ankomma
821 937 33 21 till
870 938 59 20 stän-

109 966 68 22 derna
192 966 34 22 till
242 967 43 21 den
301 967 38 26 tid,
357 966 27 22 dä
399 968 37 20 val
452 967 26 21 af
491 967 201 27 bankfullmäktige
708 967 41 21 bör
759 967 46 26 ske,
818 966 41 22 och
871 967 58 20 stän-

109 996 69 21 derna
193 996 69 21 likväl
277 996 86 22 beslöte
379 997 34 27 sig
428 996 36 22 för
479 997 37 21 val
532 997 26 21 af
572 1000 12 18 8
601 996 207 28 bankfullmäktige,
820 996 24 21 sä
854 996 75 21 kunde

110 1025 37 21 det
162 1025 97 27 inträffa,
275 1027 33 19 att
323 1026 38 20 det
377 1026 112 28 olyckliga
505 1026 199 26 missförhällande,
721 1032 48 15 som
784 1032 31 15 nu
831 1027 38 26 egt
879 1031 50 15 rum

108 1054 75 22 blefve
203 1055 131 27 ytterligare
356 1055 113 28 förlängdt
489 1056 71 21 under
574 1057 35 19 tre
625 1055 30 27 är,
671 1056 86 20 hvilket
774 1055 35 21 för
825 1054 104 22 Finlands

109 1084 63 21 Bank
187 1090 54 15 vore
257 1086 32 19 ett
305 1084 85 28 ganska
406 1084 60 22 svärt
482 1085 54 27 slag.

179 1113 52 21 Man
247 1113 35 21 mä
297 1114 28 21 dä
340 1114 70 21 hellre
426 1114 6 21 i
448 1114 32 21 tid
496 1120 54 15 vara
566 1114 92 21 betänkt
674 1114 28 27 pä
717 1115 34 20 att
760 1114 73 21 införa
844 1113 85 21 mindre

110 1142 161 28 förändringar,
287 1149 48 15 som
355 1145 56 19 utan
430 1143 114 28 svärighet
562 1144 75 20 kunna
652 1144 136 27 godkännas,
805 1144 28 20 än
849 1142 80 27 förnya

109 1173 32 20 ett
162 1172 91 28 förslag,
270 1178 48 16 som
337 1172 50 22 icke
408 1178 67 22 synes
495 1173 153 27 tacknämligt,
665 1178 36 16 om
717 1173 38 21 det
770 1172 67 22 ocksä
851 1172 78 21 hittills

110 1201 26 22 af
148 1201 72 22 blotta
236 1202 102 21 formella
353 1202 49 21 skäl
418 1202 49 22 icke
482 1202 80 22 vunnit
578 1202 66 28 nådig
660 1202 109 22 sanktion.

180 1231 123 21 Professori
313 1231 87 21 Donner:
409 1232 51 21 Man
469 1232 73 21 kunde
551 1231 73 22 såsom
632 1232 43 21 den
684 1231 133 28 föregående
825 1230 67 22 ärade
898 1231 31 20 ta-

109 1260 62 21 laren
186 1260 98 27 antydde
294 1260 104 22 betrakta
409 1261 37 21 det
457 1261 73 21 såsom
540 1267 29 15 en
580 1261 158 27 bristfällighet
749 1261 7 21 i
766 1259 163 23 bankfullmäk-

109 1289 56 27 tiges
177 1289 126 27 berättelse,
316 1291 33 20 att
359 1290 28 21 de
395 1290 49 21 icke
452 1290 72 28 ingått
531 1290 28 28 på
567 1296 28 15 en
603 1290 104 28 pröfning
715 1290 26 21 af
749 1290 78 27 frågan
835 1288 94 22 rörande

109 1318 355 28 bankfullmäktig-institutionen.
489 1320 69 21 Detta
573 1320 40 20 har
628 1320 69 20 likväl
713 1320 59 20 skett
787 1319 26 21 af
825 1318 38 21 det
873 1318 56 26 skäl,

110 1349 33 19 att
163 1348 201 28 bankfullmäktige
385 1349 61 21 velat
468 1349 66 21 ställa
556 1349 34 27 sig
610 1348 28 28 på
656 1348 38 22 det
709 1348 139 22 närvarande
863 1347 67 27 ögon-

110 1377 94 21 blickets
220 1377 142 28 ståndpunkt.
393 1378 35 21 Då
444 1378 59 22 olika
519 1378 83 28 åsigter
617 1378 94 21 rörande
726 1379 58 20 rätta
800 1376 130 28 tolkningen

110 1406 26 21 af
148 1406 61 22 vissa
225 1406 157 28 författningar
397 1408 61 26 gjort
474 1408 34 26 sig
524 1408 103 27 gällande
643 1408 40 20 hos
699 1407 120 21 ständerna
833 1406 42 22 och
885 1407 45 25 sty-

109 1435 80 26 relsen,
210 1436 69 21 hafva
299 1436 202 28 bankfullmäktige
523 1437 57 21 blott
600 1437 42 21 och
662 1436 51 22 bart
728 1436 60 22 velat
803 1435 85 27 antyda
903 1434 28 22 de

110 1464 109 28 åtgärder,
236 1471 47 15 som
299 1471 54 15 vore
369 1465 148 28 nödvändiga,
533 1466 48 21 ifall
597 1466 120 21 ständerna
728 1464 138 23 fortfarande
877 1464 54 21 fast-

109 1494 59 21 hölle
189 1494 44 21 den
255 1494 143 28 uppfattning
414 1495 27 21 de
457 1495 82 21 uttalat
554 1495 37 21 vid
607 1496 89 20 senaste
711 1495 113 27 landtdag.
857 1493 74 21 Sedan
