1117 1773
425 125 85 18 Huhtik.
526 125 22 17 10
560 130 18 17 p.
837 128 42 19 495

88 178 68 22 tänka
172 178 22 21 vi
210 184 37 15 oss
262 184 30 16 nu
307 180 34 20 att
357 184 28 16 en
400 178 178 28 religionslärare
594 178 58 22 skall
668 178 111 22 behandla
795 179 66 27 sjette
872 179 38 21 bu-

88 208 38 22 det
141 207 28 28 pä
185 214 28 14 en
228 208 173 22 samskoleklass
416 208 51 21 med
483 214 79 22 gossar
578 209 41 21 och
635 208 84 26 flickor,
731 214 48 15 som
792 208 69 22 redan
872 209 38 21 äro

90 240 34 21 15,
142 240 26 18 16
188 237 55 21 eller
260 240 25 18 17
302 237 24 22 är
341 237 81 29 gamla,
439 237 25 21 sä
479 238 71 21 mäste
563 238 41 28 jag
619 244 55 15 anse
690 239 33 19 att
737 238 118 27 uppgiften
870 238 41 22 hör

88 267 34 21 till
138 267 27 21 de
181 266 111 28 omöjliga.
307 279 24 3 —
343 267 78 22 Redan
436 268 156 27 uppgörandet
608 268 25 20 af
646 267 171 27 läseordningen
833 268 34 21 för
883 274 28 15 en

89 296 112 22 samskola
216 302 67 22 synes
299 297 45 27 mig
359 297 55 21 böra
430 297 116 21 förorsaka
562 298 60 20 stora
633 296 138 28 svårigheter
781 296 130 28 isynnerhet

89 326 7 22 i
111 326 49 21 vårt
175 326 58 21 land.
259 326 177 22 Förhållandena
450 326 41 22 hos
507 333 37 15 oss
560 327 54 27 göra
630 327 38 21 det
683 326 34 22 till
732 332 28 16 en
776 326 135 28 nödvändig-

89 356 39 20 het
149 356 33 20 att
203 355 8 21 i
234 355 171 29 läseordningen
428 356 34 21 för
480 362 78 22 gossar
574 358 99 26 upptaga
688 356 54 21 flere
756 356 73 29 språk.
861 356 50 21 Alla

90 385 64 21 dessa
169 385 66 27 språk
251 386 38 20 äro
304 385 49 22 icke
369 386 35 21 för
419 386 77 21 flickor
511 386 46 21 lika
571 386 148 27 nödvändiga.
751 386 75 22 Äfven
842 386 70 21 andra

90 415 128 21 läroämnen
233 415 76 21 kunna
324 415 35 21 för
373 415 78 21 flickor
466 416 111 27 betydligt
587 415 132 22 inskränkas
730 416 41 21 och
783 416 128 27 derigenom

90 450 28 16 en
140 444 170 28 koncentrering
333 445 85 26 vinnas,
442 451 48 16 som
513 451 54 16 vore
590 445 89 28 önsklig
694 445 67 22 äfven
777 445 35 22 för
827 451 84 22 gossar,

90 481 51 22 men
161 480 47 16 som
225 475 70 21 under
310 475 53 21 våra
379 475 153 22 förhållanden
547 475 59 22 visat
622 475 34 28 sig
672 481 54 15 vara
743 475 167 22 overkställbar.

91 504 74 21 Afven
188 504 6 21 i
219 504 105 21 afseende
348 504 12 21 å
380 505 155 21 läroämnenas
551 505 91 28 omfång
659 505 67 21 borde
742 511 28 15 en
786 504 126 28 minskning

90 534 75 21 kunna
185 534 66 27 göras
273 536 54 19 utan
347 535 34 20 att
399 535 212 27 qvinnobildningen
627 535 67 21 deraf
706 535 71 21 skulle
793 535 45 21 lida
853 540 58 15 men.

90 563 34 22 En
146 563 81 28 gvinna
250 563 68 22 borde
337 564 36 21 väl
389 563 75 22 kunna
479 570 66 15 anses
561 570 43 22 ega
618 564 121 27 tillräcklig
754 564 88 21 formell
857 563 54 22 bild-

91 593 59 28 ning,
159 593 67 22 äfven
243 599 35 15 om
294 593 44 22 hon
353 593 50 22 icke
418 594 130 27 genomgått
563 595 15 20 t.
596 600 34 15 ex.
648 594 27 21 de
691 594 78 21 kurser
784 594 7 21 i
807 596 105 19 matema-

91 623 39 26 tik,
145 629 48 15 som
209 623 35 21 för
259 623 139 21 närvarande
413 624 38 21 äro
468 623 34 22 för
518 629 78 22 gossar
612 623 132 22 fastställda.
767 623 42 22 Om
825 629 30 16 nu
869 623 43 20 den

92 653 215 27 encyklopedistiska
329 653 189 28 undervisningen
540 653 8 21 i
570 653 54 21 våra
647 653 116 28 gosskolor
783 654 25 20 är
829 654 32 20 ett
876 652 36 21 be-

91 682 94 27 klagligt
205 682 54 21 ondt
276 682 41 21 och
333 688 36 15 om
386 682 128 28 derigenom
530 689 28 15 en
574 683 35 21 för
624 683 71 27 kropp
711 683 41 21 och
767 683 44 27 själ
826 682 87 27 skadlig

92 711 223 28 öfveransträngning
339 712 136 26 framkallas,
497 712 24 21 så
544 713 68 20 borde
636 719 52 14 man
706 712 33 27 ju,
755 718 36 15 om
808 718 51 15 man
874 711 39 21 vill

92 741 106 27 qvinnans
222 747 69 16 sanna
313 741 44 26 väl,
378 748 54 15 vara
456 742 124 27 angelägen
604 742 76 21 derom
701 743 33 20 att
749 741 106 22 förskona
871 741 42 21 den

92 771 97 27 gvinliga
204 771 126 28 ungdomen
347 771 35 21 för
397 771 61 21 detta
474 771 65 27 onda,
551 772 82 21 hvaraf
641 771 120 28 gosskolan
771 771 69 21 redan
851 771 61 21 lider.

92 800 49 21 Men
162 801 61 21 detta
244 801 57 21 onda
320 801 44 21 kan
379 807 52 15 man
447 801 49 21 icke
511 801 99 22 undvika
625 801 7 21 i
648 801 133 21 samskolan.
813 801 52 20 Man
881 800 33 21 får

92 829 40 22 der
147 830 49 21 icke
211 831 53 26 taga
279 831 87 26 hänsyn
381 831 34 20 till
431 831 118 21 flickornas
566 831 110 21 särskilda
692 831 73 21 behof.
797 830 117 21 Flickorna

92 859 70 22 måste
185 859 47 22 läsa
255 866 85 15 samma
363 861 80 20 ämnen
466 860 42 21 och
531 867 86 14 samma
638 861 78 20 kurser
736 866 47 15 som
800 865 112 23 gossarna.

92 889 68 21 Detta
181 890 25 20 är
225 890 49 21 icke
289 892 33 19 att
337 890 129 27 respektera
482 890 104 28 qvinnan,
602 892 55 20 utan
673 892 32 19 att
720 890 101 21 våldföra
837 890 34 27 sig
887 889 27 28 på

92 919 87 29 hennes
191 921 71 19 natur.

163 948 74 22 Afven
258 949 7 21 i
285 949 136 27 disciplinärt
440 950 128 20 hänseende
589 950 76 21 fordra
685 955 77 21 gossar
780 949 41 21 och
837 948 77 22 flickor

93 984 28 15 en
143 984 73 16 annan
239 978 140 28 behandling.
411 979 33 21 En
467 978 69 22 sådan
559 979 95 21 särskild
675 979 134 27 behandling
825 979 24 20 är
864 978 50 21 icke

93 1008 77 27 möjlig
190 1008 7 21 i
216 1008 133 22 samskolan.
380 1008 118 22 Flickorna
521 1009 75 21 kunna
617 1009 7 21 i
648 1008 121 22 allmänhet
789 1008 42 21 lätt
846 1008 68 21 korri-

93 1043 65 21 geras
179 1038 41 20 och
241 1044 28 15 en
290 1039 77 27 sträng
389 1038 139 28 korrigering
544 1039 24 20 är
584 1038 76 22 derför
675 1038 56 21 bäde
747 1037 110 27 obehöflig
873 1037 41 21 och

93 1067 96 27 skadlig;
213 1067 100 22 deremot
335 1068 44 21 kan
403 1074 28 15 en
454 1068 69 21 sädan
541 1069 77 26 sträng
634 1068 138 27 korrigering
787 1067 49 21 icke
852 1066 62 22 alltid

94 1096 108 22 undvikas
225 1099 114 25 gentemot
362 1103 83 22 gossar.
477 1098 64 20 Huru
564 1098 57 20 skall
637 1097 88 21 läraren
740 1098 32 20 uti
787 1096 128 22 samskolan

94 1125 93 22 förhälla
207 1126 50 28 sig?
287 1126 62 22 Skall
369 1127 44 21 han
433 1127 103 21 använda
552 1127 44 21 den
611 1128 91 26 stränga
717 1127 110 25 metoden,
845 1126 70 21 ehuru

94 1156 43 20 den
157 1156 24 20 är
202 1156 33 21 till
251 1162 28 16 en
294 1156 45 22 viss
355 1157 55 27 grad
426 1156 84 28 menlig
525 1156 55 22 eller
595 1156 140 28 upprörande
752 1156 34 22 för
801 1156 113 24 flickorna,

94 1185 54 21 eller
171 1185 57 21 skall
251 1186 44 21 han
318 1186 35 21 för
375 1186 118 22 flickornas
517 1186 59 21 skull
598 1186 117 22 underläta
731 1187 32 20 att
779 1186 60 28 göra,
855 1185 59 21 hvad

93 1215 44 21 han
160 1215 41 21 bör
221 1215 54 28 göra
298 1216 6 20 i
327 1216 106 21 afseende
456 1216 13 21 ä
484 1222 114 21 gossarna.
630 1215 87 22 Sädana
731 1215 184 28 pligtkollisioner

93 1244 64 22 torde
172 1244 49 22 icke
236 1245 75 21 kunna
326 1246 109 21 undvikas
451 1246 7 20 i
474 1252 29 14 en
519 1246 117 21 samskola.

165 1274 51 21 Man
237 1276 64 26 säger
321 1276 33 20 att
369 1275 127 21 samskolan
512 1275 80 21 verkat
607 1275 50 21 med
674 1274 123 28 framgäng,
813 1276 54 19 utan
883 1275 32 19 att

93 1303 69 22 hafva
177 1304 78 21 erfarit
270 1304 27 21 de
313 1304 144 28 svärigheter,
473 1310 48 16 som
537 1304 139 22 samskolans
687 1304 150 22 motständare
848 1303 67 22 förut-

94 1333 65 27 spått.
190 1333 65 22 Hvad
271 1340 30 15 nu
317 1334 145 28 framgången
478 1334 7 21 i
501 1334 143 27 gvantitativt
660 1334 126 21 hänseende
802 1333 113 25 beträffar,

94 1362 25 22 sä
134 1364 25 20 är
174 1363 37 21 det
225 1364 26 26 ju
267 1364 78 21 endast
360 1364 108 27 naturligt
483 1365 34 20 att
528 1370 28 15 en
567 1364 69 26 skola,
648 1370 48 15 som
707 1365 124 25 emottager
841 1362 75 21 elever

94 1392 26 21 af
140 1392 73 28 bägge
236 1393 79 27 könen,
331 1393 81 21 lättare
426 1394 45 20 kan
488 1393 84 22 erhälla
587 1394 33 20 ett
635 1393 71 21 större
721 1393 61 21 antal
797 1392 76 22 elever
888 1392 29 20 än

94 1428 29 15 en
144 1422 69 26 skola,
230 1428 48 16 som
293 1424 124 26 emottager
433 1423 77 21 elever
525 1423 26 21 af
564 1423 79 21 endast
659 1424 33 20 ett
706 1422 51 22 kön.
788 1422 65 21 Hvad
869 1421 48 21 äter

95 1451 145 28 framgängen
261 1452 6 21 i
288 1452 126 27 gvalitativt
433 1452 128 22 hänseende
581 1452 113 26 beträffar,
711 1451 24 22 sä
753 1452 25 21 är
794 1452 79 24 denna,
889 1450 28 22 dä

94 1480 91 22 dermed
202 1481 80 21 förstäs
298 1482 83 21 vitsord
397 1482 7 20 i
421 1482 194 26 studentexamen,
632 1481 115 27 förklarlig
762 1481 26 21 af
796 1481 54 21 flere
861 1480 54 21 skäl.

94 1510 36 21 De
150 1516 60 22 unga
231 1511 145 26 fruntimmer,
393 1517 47 15 som
457 1511 90 21 anmäla
562 1511 34 27 sig
612 1511 33 21 till
661 1510 156 28 undergäende
833 1510 26 21 af
872 1511 45 19 stu-
