1117 1773
440 113 87 23 Helmik.
542 119 22 17 15
576 124 18 17 p.
859 122 41 19 129

112 172 44 22 Det
179 172 138 22 sistnämnda
331 172 45 22 kan
396 172 38 21 väl
448 171 29 29 gå
492 172 36 22 för
543 172 41 28 sig,
600 174 25 26 ty
641 172 68 22 äfven
725 172 8 22 i
747 172 99 22 hemmet
861 172 70 22 måste

112 202 79 22 barnet
211 203 38 20 äta
263 201 134 23 åtminstone
412 201 147 23 ödemarkens
576 202 56 22 kost.
665 202 52 21 Med
732 202 78 21 kläder
825 202 42 22 och
882 202 49 21 sko-

112 232 68 28 plagg
201 233 24 20 är
244 231 43 22 den
311 232 91 28 fattiges
422 231 53 21 hem
490 232 8 21 i
514 232 28 21 de
558 232 126 28 aflägsnare
699 232 117 27 bygderna
831 232 20 27 ej
869 232 62 20 alltid

112 262 25 21 sä
159 262 37 21 väl
219 261 91 22 försedt.
341 262 47 21 Här
411 262 25 20 är
458 261 48 22 ofta
526 268 28 15 en
577 262 107 25 ,mekko*
707 262 97 21 barnens
819 261 113 28 egentliga

112 291 153 28 klädesplagg.
297 291 111 28 Vanligen
430 290 69 22 hafva
520 291 28 21 de
569 291 7 21 i
592 291 127 22 skoläldern
734 291 99 21 varande
848 291 84 21 barnen

113 321 34 21 till
169 322 140 27 gemensamt
328 321 58 21 bruk
406 320 73 28 nägon
499 320 97 29 omgäng
615 321 85 27 kläder,
722 321 50 21 ärfd
788 321 26 21 af
827 321 35 21 far
877 320 55 22 eller

113 357 54 21 mor,
184 357 48 15 som
248 350 28 22 de
291 350 69 22 sedan
375 350 71 22 turvis
462 350 103 29 begagna
580 350 38 22 vid
629 350 124 28 högtidliga
763 350 110 22 tillfällen.
897 350 35 22 Nu

114 381 70 27 gäller
208 380 38 22 det
269 380 28 22 dä
317 380 69 28 enligt
407 380 112 22 motionen
539 380 36 22 för
589 380 85 22 barnen
690 382 33 20 att
739 380 104 28 dagligen
857 380 8 22 i
880 380 53 22 köld

114 410 41 22 och
178 410 39 22 snö
239 410 50 21 med
310 410 73 28 däliga
403 410 109 28 skoplagg
532 410 42 22 och
594 412 70 20 tunna
682 410 78 22 kläder
775 410 84 22 vandra
875 410 57 21 fram

114 440 42 22 och
175 440 48 22 äter
243 440 58 21 ända
321 440 33 21 till
373 442 14 19 4
403 440 123 27 kilometer,
540 440 32 28 ja,
588 446 52 16 man
656 440 40 22 har
711 442 16 20 t.
744 446 19 16 o.
780 446 29 15 m.
825 440 56 22 talat
896 445 37 17 om

116 473 11 19 7
143 471 123 21 kilometer.
298 469 47 22 Och
361 469 62 22 detta
442 470 89 21 mäste
547 470 28 21 de
591 470 70 28 enligt
677 470 118 27 motionen,
812 472 25 26 ty
852 476 81 15 annars

115 501 53 21 hota
187 500 64 21 böter
267 500 50 21 med
333 499 58 22 ända
406 499 34 22 till
457 502 27 19 50
500 500 70 27 mark,
588 506 28 15 en
631 506 88 15 summa
734 500 24 21 sä
773 502 46 19 stor
834 501 33 20 att
883 499 49 26 den,

115 530 72 22 säsom
203 535 99 16 assessor
325 529 59 28 Lyra
404 529 69 22 redan
492 530 140 27 omnämnde,
648 529 28 29 pä
692 536 28 15 en
735 529 59 28 gäng
809 530 35 21 väl
862 529 71 28 aldrig

116 560 83 21 funnits
219 560 8 21 i
247 559 38 22 det
306 559 80 28 fattiga
405 559 99 22 hemmet
519 560 42 21 och
576 560 76 21 kunna
668 559 139 22 föräldrarna
821 560 21 27 ej
859 559 74 22 betala

116 590 135 26 densamma,
268 589 24 22 sä
308 589 95 22 förfares
418 589 52 21 med
485 589 51 22 dem
554 595 61 20 ,som
631 595 36 16 om
683 589 64 22 böter
763 590 24 21 är
801 589 54 22 eller
866 590 66 21 fram-

116 620 61 21 deles
198 619 81 22 varder
299 619 125 28 stadgadt*.
456 619 68 22 Detta
544 625 68 22 synes
632 619 46 28 mig
699 625 54 16 vara
773 619 70 22 härdt.
875 619 57 26 Men,

116 651 65 26 säger
196 655 58 20 man,
271 649 85 21 lättnad
371 649 8 21 i
394 648 106 29 skolpligt
514 649 45 22 kan
575 649 70 28 enligt
660 649 12 27 $
689 652 12 19 9
718 649 95 28 beviljas
824 649 27 28 pä
861 649 72 28 grund

116 679 25 22 af
154 679 109 22 särskildä
279 678 117 21 ömmande
412 679 200 28 omständigheter;
633 679 72 22 denna
721 679 99 21 ansökan
835 680 26 20 är
877 679 56 21 dock

117 709 92 22 förenad
232 708 51 22 med
306 707 81 29 mänga
409 708 122 28 omgängar
554 709 42 21 och
616 708 138 28 svärigheter
774 709 42 21 och
837 709 38 20 det
889 708 45 21 kan

116 739 73 21 hända
204 739 33 21 att
253 738 129 21 densamma
397 738 49 21 icke
461 738 89 22 bifalles
565 740 54 20 utan
634 738 75 27 afsläs,
721 744 36 16 om
767 738 167 22 vederbörande

116 769 49 21 icke
187 769 74 20 känna
283 768 37 21 det
343 767 101 28 verkliga
465 768 103 28 sakläget
588 768 7 21 i
616 768 28 21 de
665 768 90 28 fattiges
774 769 58 20 hem.
864 767 70 22 Hvart

116 798 57 22 skall
193 797 28 22 dä
243 798 43 21 den
307 797 79 28 fattige
406 797 70 27 fader,
495 804 49 15 som
560 798 42 21 fätt
616 798 74 27 afslag
705 798 28 27 pä
748 798 73 21 denna
835 797 99 22 ansökan

116 828 74 21 vända
215 827 50 28 sig?
301 827 112 22 Motionen
438 827 136 22 bestämmer
599 827 132 28 visserligen
758 829 33 20 att
817 827 117 22 folkskole-

116 857 113 28 inspektor
252 863 54 22 eger
330 857 74 22 vända
426 857 35 28 sig
483 857 35 22 till
540 859 33 20 ett
593 857 104 22 särskildt
719 858 72 21 forum
811 857 48 22 ifall
879 857 55 21 hans

117 888 80 28 gjorda
221 887 172 28 anmärkningar
416 887 49 22 icke
490 887 74 28 följas,
590 894 51 15 men
667 888 112 21 motionen
802 893 69 23 anger
885 886 49 22 icke

117 918 65 21 hvart
203 917 44 21 den
270 917 79 28 fattige
372 917 79 21 fadren
474 917 58 21 skall
552 917 74 22 vända
646 917 41 28 sig,
708 917 49 22 ifall
777 923 52 16 man
849 916 86 28 afsloge

118 948 55 21 hans
189 947 99 21 ansökan
304 953 36 15 om
355 947 96 21 barnens
466 947 106 21 befrielse
587 946 57 22 ifrån
660 948 33 21 att
708 947 28 28 gå
751 947 7 21 i
773 947 69 21 skola.
867 946 68 22 Detta

118 977 71 22 skulle
207 977 41 27 jag
268 983 54 15 anse
336 983 55 15 vara
407 982 28 16 en
450 976 160 28 bristfällighet
624 977 7 21 i
648 977 115 28 förslaget,
778 983 48 15 som
841 976 41 22 bör
897 976 37 22 ob-

118 1012 101 16 serveras
240 1006 41 22 och
296 1007 77 26 rättas,
389 1012 37 16 om
441 1006 117 28 lärotvång
573 1006 116 28 verkligen
704 1007 57 21 skall
776 1006 91 22 införas.
890 1006 44 22 Mo-

117 1036 86 22 tionens
223 1036 167 28 bestämningar
410 1036 116 28 angående
546 1036 64 22 böter
626 1036 41 22 och
683 1036 62 22 viten
759 1042 68 22 synas
842 1036 46 28 mig
903 1036 32 21 äf-

118 1072 43 15 ven
181 1066 28 28 på
229 1066 94 21 anförda
343 1066 49 21 skäl
412 1066 55 21 böra
485 1066 63 28 utgå;
565 1072 51 16 men
632 1066 12 22 å
660 1066 69 22 andra
744 1066 64 22 sidan
822 1066 60 22 inser
895 1066 40 27 jag

118 1096 36 21 väl
169 1097 34 20 ätt
218 1096 65 21 dessa
298 1096 166 28 bestämningar
480 1096 51 21 med
547 1102 29 15 en
590 1096 46 22 viss
651 1096 166 28 nödvändighet
832 1095 55 22 höra
902 1095 33 21 till

118 1126 37 21 det
171 1127 84 26 system
271 1126 112 21 motionen
399 1126 73 27 följer,
494 1132 36 15 om
545 1126 117 28 lärotvång
677 1126 51 21 med
744 1125 106 22 afseende
865 1125 13 21 å
893 1125 43 21 den

119 1156 58 21 fasta
192 1155 78 22 skolan
285 1156 57 21 skall
357 1155 75 22 kunna
447 1155 90 22 införas.
558 1155 162 22 Erfarenheten
736 1155 48 22 från
799 1154 137 23 folkskolans

118 1185 27 28 på
168 1185 75 22 landet
263 1185 89 21 område
372 1185 74 28 gifver
466 1186 112 27 nemligen
599 1185 37 21 vid
652 1185 95 27 handen,
763 1185 35 22 för
813 1185 38 21 det
867 1184 70 22 första

118 1216 33 20 att
165 1215 8 21 i
188 1215 78 27 regeln
282 1215 78 21 endast
376 1221 28 15 en
418 1215 65 27 ringa
498 1215 44 27 del,
559 1218 19 24 5,
597 1218 26 18 10
640 1215 54 21 eller
709 1215 74 28 någon
797 1214 58 29 gång
866 1214 69 26 20%,

119 1245 25 21 af
165 1245 27 21 de
213 1245 7 21 i
241 1244 68 28 högre
331 1244 110 22 folkskola
459 1244 92 29 intagna
566 1245 76 21 elever
657 1244 40 22 der
711 1244 110 29 genomgå
837 1244 100 22 fullstän-

119 1274 37 28 dig
181 1274 60 22 kurs.
272 1274 35 22 De
329 1274 73 28 öfriga
424 1274 84 22 besöka
532 1274 79 22 skolan
634 1274 79 22 endast
736 1274 68 28 några
824 1273 111 22 terminer.

118 1304 162 22 Erfarenheten
295 1304 60 22 visar
369 1304 79 22 vidare
463 1306 33 20 att
511 1304 28 22 de
555 1304 65 22 flesta
635 1304 75 22 elever
721 1304 117 22 absentera
848 1303 89 21 termin-

119 1334 59 28 ligen
194 1334 119 22 hundratal
328 1334 96 26 timmar,
445 1334 80 22 endast
541 1334 22 22 få
579 1334 102 28 begagna
696 1334 35 28 sig
747 1334 25 22 af
785 1333 152 22 undervisnin-

119 1370 43 22 gen
185 1364 147 28 regelbundet
355 1364 41 21 och
418 1364 147 28 fullständigt.
602 1364 65 21 Hvad
688 1365 25 20 är
733 1364 94 21 orsaken
848 1362 89 22 härtill?

118 1394 35 26 Jo,
174 1393 95 22 orsaken
289 1394 71 28 ligger
379 1393 51 22 icke
447 1395 88 20 ensamt
550 1394 7 21 i
573 1394 28 21 de
616 1393 66 28 långa
697 1393 124 27 afstånden,
836 1392 50 22 icke
901 1398 37 16 en-

120 1424 49 21 dast
189 1423 8 21 i
217 1423 144 21 naturhinder
381 1423 55 21 eller
456 1423 138 27 sjukdomar,
612 1424 55 20 utan
682 1423 134 22 framförallt
831 1423 7 21 i
854 1422 28 21 de
897 1422 41 21 fat-

119 1453 46 28 tiga
181 1453 115 21 hemmens
312 1452 116 28 oförmäga
443 1454 33 20 att
491 1453 100 27 ständigt
605 1453 100 21 undvara
722 1452 27 22 de
765 1452 62 22 äldre
843 1452 95 21 barnens

118 1483 83 21 arbete.
233 1482 52 22 Men
307 1482 62 22 detta
389 1483 26 21 är
435 1484 33 20 ett
488 1482 102 22 kroniskt
606 1482 144 27 förhållande,
766 1488 48 16 som
830 1482 49 21 icke
894 1482 45 20 kan

119 1512 111 28 afhjelpas
254 1518 81 22 genom
355 1512 85 28 lagbud
460 1512 41 22 och
522 1512 49 22 icke
590 1512 40 27 får
645 1512 111 28 afhjelpas
772 1518 81 22 genom
868 1510 71 27 böter,

856 1552 11 17 9
