1117 1773
436 128 85 18 Huhtik.
534 128 11 18 3
558 133 18 18 p.
843 133 43 19 453

99 182 91 26 arviota,
205 181 82 22 vaikka
302 188 24 16 se
339 182 25 28 jo
378 181 110 29 järjestää
502 182 47 22 olot
564 182 75 28 paljoa
652 183 145 27 paremmalle
807 184 109 22 kannalle.

98 212 71 22 Mutta
189 210 62 29 kyllä
270 212 109 22 tarkoitus
399 217 28 16 on
447 212 47 20 että
513 211 91 29 piankin
622 212 76 28 paljoa
713 214 113 27 suurempi
841 215 77 21 määrä

98 241 61 23 näitä
173 241 93 27 kouluja
281 241 118 28 pantaisiin
413 240 103 23 toimeen.
548 241 136 23 Valiokunta
699 242 21 22 ei
736 242 135 24 kuitenkaan
881 244 36 22 ole

98 271 108 28 kajonnut
220 270 147 23 rahamääriin
377 270 131 28 sentähden,
519 271 61 22 ett'ei
590 271 59 22 liene
659 272 138 28 tarpeellista
807 274 111 27 säädyiltä

99 302 48 21 tätä
166 300 77 28 nykyä
261 300 109 23 ainakaan
385 301 85 27 pyytää
484 301 79 27 varoja
577 301 69 22 tähän
662 302 173 22 tarkoitukseen.
866 303 51 21 Voi-

98 331 58 21 daan
177 331 86 21 surutta
283 336 73 22 panna
375 330 98 22 toimeen
492 330 62 22 näitä
574 331 250 29 maanviljelyskouluja
843 332 74 28 paljoa

98 366 164 16 suuremmassa
282 361 119 26 määrässä,
422 360 54 22 kuin
497 360 55 22 mitä
572 361 48 21 tätä
640 361 77 28 kykyä
731 361 60 22 vielä
805 368 29 16 on
849 362 68 22 hank-

98 390 131 22 keissakaan
251 390 68 22 ilman
343 391 46 21 että
412 390 110 28 säädyiltä
543 390 43 22 sitä
606 392 79 20 varten
705 391 107 22 tarvitsee
832 392 85 27 pyytää

98 420 83 28 varoja,
202 420 50 22 sillä
263 420 155 22 hallituksella
439 420 78 27 lienee,
533 420 139 22 kumminkin
688 426 40 16 sen
743 421 103 27 mukaan,
863 422 54 21 mitä

98 449 171 23 valiokunnassa
284 456 28 16 on
327 449 125 28 ilmoitettu,
469 450 74 22 varsin
558 450 98 28 kylläksi
671 450 60 23 niitä.

168 479 137 29 Yliopettaja
321 479 97 22 Kihlman:
434 480 43 28 Jag
492 481 41 21 har
548 486 81 22 genom
645 481 121 22 utskottets
776 481 140 22 betänkande

99 509 41 22 fätt
161 509 43 22 den
224 509 148 29 uppfattning,
394 511 39 26 att,
454 510 28 21 dä
501 510 109 22 utskottet
629 510 100 22 förordat
743 511 135 22 inrättandet
893 511 26 22 af

98 545 28 16 en
141 540 81 28 mängd
238 546 45 21 nya
297 539 201 28 jordbruksskolor,
514 540 150 22 kostnaderna
675 540 34 22 för
720 541 65 21 dessa
797 541 119 22 beräknats

98 569 58 29 stiga
171 569 33 22 till
221 572 93 24 180,000
331 569 13 27 +
361 572 79 24 50,000
456 570 64 21 mark
536 570 54 21 eller
605 570 79 22 inalles
697 570 34 22 till
741 573 94 25 230,000
846 571 70 27 mark,

99 605 29 16 en
143 599 100 26 kostnad,
259 605 48 16 som
323 599 72 22 skulle
405 599 125 22 tillkomma
540 599 34 22 till
585 600 43 22 den
638 600 103 27 kostnad,
752 607 48 15 som
811 601 26 22 de
848 601 69 22 redan

100 629 139 22 existerande
254 629 103 22 skolorna
373 629 35 22 för
424 629 135 22 statsverket
574 630 102 21 medföra
693 630 41 21 och
753 631 88 22 hvilken
858 631 58 22 kost-

98 659 43 22 nad
165 659 68 28 enligt
256 659 120 22 utskottets
399 659 88 28 uppgift
510 659 85 29 uppgär
616 660 34 21 till
671 663 94 24 209,268
786 661 68 21 mark.
886 661 33 21 Af

100 689 152 22 diskussionen
267 689 78 28 tyckes
361 689 38 22 det
414 689 124 22 emellertid
554 689 72 22 säsom
642 695 36 16 om
693 689 72 22 denna
774 690 143 28 uppfattning

98 719 71 22 skulle
191 725 54 16 vara
264 719 86 28 oriktig.
381 719 43 28 Jag
440 719 107 28 beklagar
562 721 33 20 att
610 719 152 22 betänkandet
777 720 80 21 saknar
873 720 43 21 den

98 749 94 27 klarhet,
213 755 48 16 som
281 749 72 22 skulle
372 749 98 22 utesluta
490 749 146 28 möjligheten
656 749 26 22 af
700 749 59 22 olika
774 749 142 29 uppfattning

98 779 26 22 af
141 779 120 22 utskottets
276 779 101 28 verkliga
392 779 95 28 mening.
519 779 35 22 Dä
566 779 41 28 jag
622 780 61 21 ännu
697 779 7 22 i
721 779 73 22 denna
809 779 66 22 stund
890 780 25 21 är

97 809 140 28 tvifvelaktig
257 809 8 22 i
286 809 61 22 detta
369 809 112 27 afseende,
497 809 85 28 nödgas
600 809 42 28 jag
662 809 65 22 ställa
748 809 33 22 till
797 809 119 22 utskottets

96 839 138 22 besvarande
255 845 27 16 en
303 839 65 22 enkel
389 839 69 28 fräga.
489 839 35 22 Dä
545 839 109 22 utskottet
669 840 72 27 säger,
757 840 33 20 att
805 839 28 21 de
849 845 67 16 nuva-

97 869 68 22 rande
179 869 226 28 jordbruksskolorna
420 869 64 22 kosta
500 871 95 25 209,268
612 869 63 21 mark
690 869 41 22 och
747 869 108 22 utskottet
870 870 46 26 tyc-

96 900 40 21 kes
159 899 54 28 vilja
233 899 110 28 befrämja
359 899 133 28 jordbruket
506 905 82 22 genom
602 899 137 21 inrättandet
754 899 25 22 af
793 905 26 15 en
835 899 81 27 mängd

96 935 45 22 nya
165 929 80 27 skolor,
269 930 24 21 är
315 929 38 22 det
375 929 49 21 icke
444 928 28 22 dä
492 929 120 21 utskottets
632 929 97 28 mening,
746 930 32 20 att
798 929 33 21 till
851 928 65 22 dessa

99 961 93 25 209,268
213 959 63 22 mark
297 959 56 22 skall
372 959 90 22 komma
483 965 29 15 en
527 958 130 28 ytterligare
672 958 95 22 kostnad
783 959 25 21 af
822 961 93 24 230,000

97 988 71 28 mark,
184 988 24 22 sä
223 990 33 20 att
272 989 166 28 sammanlagda
453 988 125 22 kostnaden
593 988 35 22 för
643 988 187 28 undervisningen
840 988 7 21 i
857 988 58 28 jord-

97 1018 132 22 brukskolor
240 1019 72 21 skulle
323 1019 58 28 stiga
392 1019 33 21 till
436 1018 58 22 circa
505 1021 95 24 439,000
608 1018 70 27 mark,
688 1018 54 22 eller
753 1019 24 21 är
787 1018 38 22 det
832 1018 84 21 utskot-

98 1049 43 21 tets
158 1048 95 28 mening,
271 1050 32 20 att
318 1048 135 22 inrättandet
468 1048 26 22 af
508 1048 27 22 de
551 1054 45 22 nya
611 1048 104 22 skolorna
730 1048 57 22 skall
799 1047 53 28 höja
863 1048 53 21 bud-

98 1079 67 27 geten
180 1078 35 22 för
228 1078 195 28 jordbruksskolor
439 1078 49 22 från
503 1081 94 23 209,000
610 1078 34 22 till
655 1080 94 24 230,000
760 1078 63 21 mark
833 1077 20 21 d.
866 1084 20 14 v.
898 1084 16 15 s.

97 1108 51 21 med
164 1108 79 22 endast
259 1111 78 24 21,000
353 1108 79 22 mark?
458 1108 32 21 Pä
506 1108 72 22 denna
594 1107 62 29 fräga
672 1108 39 21 ber
725 1108 40 28 jag
778 1108 59 21 ännu
851 1108 32 20 att
894 1107 22 21 fä

98 1139 32 20 ett
145 1138 50 21 kort
211 1138 42 22 och
268 1138 82 28 tydligt
365 1144 58 16 svar.
455 1138 76 21 Gäller
547 1138 37 21 det
600 1139 32 20 att
648 1138 81 21 inrätta
743 1144 44 21 nya
801 1137 80 26 skolor,
892 1136 24 22 sä

98 1168 24 21 är
137 1168 37 21 väl
190 1167 43 22 den
248 1168 98 28 begäran
362 1168 49 22 icke
427 1168 83 28 obillig,
522 1169 32 20 att
570 1167 22 22 fä
605 1167 73 28 tydlig
687 1167 135 28 upplysning
832 1166 83 27 derom,

96 1197 60 22 hvad
172 1197 65 22 dessa
252 1198 73 21 skolor
341 1198 89 21 komma
446 1198 33 21 att
493 1198 71 21 kosta.
595 1197 47 21 Har
657 1197 116 27 utskottet,
789 1196 72 22 säsom
875 1196 40 28 jag

97 1233 54 22 nyss
166 1227 75 27 tyckte
257 1227 45 28 mig
312 1227 61 27 höra,
385 1227 49 22 icke
445 1227 60 21 velat
516 1227 74 21 lemna
603 1233 29 15 en
642 1226 69 22 sädan
721 1226 124 27 utredning,
857 1231 58 16 eme-

97 1256 43 22 dan
161 1257 64 21 dessa
245 1257 74 22 skolor
339 1257 50 21 icke
409 1257 63 21 skola
493 1257 105 21 bekostas
619 1256 25 22 af
662 1255 212 29 bevillningsmedel,
891 1255 24 21 sä

97 1292 64 16 anser
175 1286 40 28 jag
231 1286 61 22 detta
306 1292 55 16 vara
377 1292 28 16 en
420 1286 111 28 väsentlig
546 1286 56 22 brist
621 1286 3 22 i
640 1286 157 22 betänkandet.

166 1316 87 22 Pastori
267 1316 107 27 Wegelius:
389 1316 139 28 Yliopettaja
538 1316 136 22 Kihlman'in
684 1316 166 27 kysymykseen
861 1320 53 16 saan

96 1347 87 20 vastata
203 1347 52 25 että,
276 1346 99 22 niinkuin
396 1346 142 22 mietinnöstä
556 1346 88 27 käynee
663 1346 92 26 selville,
771 1347 38 19 tuo
828 1350 86 16 summa

98 1378 92 24 180,000
210 1376 107 21 markkaa
337 1375 92 22 sisältää
444 1382 28 15 ne
487 1375 169 27 kustannukset,
671 1375 64 28 jotka
751 1374 162 27 maanviljelys-

95 1404 134 22 hallituksen
249 1405 138 21 ehdotuksen
405 1405 182 21 toteuttamiseen
606 1405 89 21 olisivat
710 1407 98 25 tarpeen.
839 1404 75 21 Kuten

95 1434 128 22 valiokunta
244 1435 121 26 mainitsee,
386 1440 29 16 on
436 1441 147 15 maassamme
598 1434 106 28 nykyään
721 1437 25 19 11
764 1434 149 27 alhaisempaa

95 1464 247 28 maanviljelyskoulua;
364 1464 79 22 niitten
463 1464 77 22 lisäksi
560 1464 105 22 ehdottaa
680 1463 233 28 maanviljelyskoulu-

94 1492 97 23 komitea
209 1494 63 21 kaksi
285 1494 26 27 ja
326 1494 248 27 maanviljelyshallitus
589 1493 59 22 vielä
663 1494 75 27 yhden
753 1494 55 21 sekä
823 1492 90 22 ehdolli-

95 1522 53 21 sesti
169 1523 77 27 toisen,
261 1523 62 27 joten
338 1523 55 21 niitä
409 1523 37 21 siis
461 1523 111 27 yhteensä
586 1522 61 22 tulisi
663 1523 102 21 olemaan
780 1522 89 22 ainakin
887 1524 25 19 14
