1117 1773
228 115 41 21 452
536 114 86 19 Huhtik.
635 114 11 18 8
659 120 17 17 p.

198 169 63 25 tettu,
282 167 47 21 niin
344 167 75 28 paljon
434 167 54 22 kuin
503 167 130 23 konsanaan
648 168 115 22 muitakin.
795 166 55 22 Mitä
865 167 70 23 siihen
951 167 65 26 tulee,

198 198 47 21 että
263 196 150 23 valiokunnan
427 197 90 22 tekemä
532 198 133 27 loppuponsi
681 198 49 22 olisi
745 196 124 23 uudestaan
884 198 134 21 muodostet-

198 229 59 24 tava,
273 226 46 22 niin
334 227 112 28 pyytäisin
462 227 146 22 huomauttaa
624 228 46 21 että
685 227 64 22 kaksi
765 226 133 23 ensimäisen
913 226 104 23 anomuk-

198 262 40 16 sen
255 256 91 28 tekijää,
363 257 138 21 edusmiehet
516 256 135 29 Lagerstedt
664 258 25 26 ja
704 255 103 23 Hollm6n
823 258 53 20 ovat
890 258 76 20 tämän
981 263 37 15 va-

197 286 122 22 liokunnan
331 282 118 37 mietinnön
461 282 164 37 -loppuponnen
642 287 161 27 hyväksyneet,
815 286 82 22 vaikka
910 287 43 21 itse
967 288 51 20 ovat

199 316 66 23 olleet
281 316 112 22 osallisina
406 316 107 22 mainitun
524 317 234 21 anomusehdotuksen
768 316 151 22 tekemisessä.
946 315 72 23 Heillä

197 346 111 22 nimittäin
323 352 29 16 on
367 352 24 16 se
407 346 123 22 vakaumus
547 347 47 21 että
610 352 30 22 se,
657 346 75 22 minkä
747 346 28 22 he
790 347 116 27 pyytävät,
921 346 97 22 saadaan

195 376 61 28 juuri
272 376 149 22 valiokunnan
441 382 89 22 ponnen
550 376 196 28 hyväksymisellä.
777 376 34 21 En
831 376 38 22 siis
884 376 74 22 luulisi
974 376 43 22 ole-

197 412 45 16 van
257 407 67 27 syytä
339 406 131 22 muodostaa
484 406 152 22 valiokunnan
651 406 146 28 loppupontta
809 406 86 22 toiseen
905 407 110 25 muotoon,

197 441 59 16 vaan
273 436 91 21 arvelen
379 436 42 21 sitä
436 436 178 21 semmoisenaan
630 436 105 22 voitavan
750 436 123 27 hyväksyä.

268 466 124 21 Professori
411 466 85 21 Donner:
512 465 35 24 Dä
560 466 42 27 jag
618 466 70 21 första
703 465 88 29 gängen
806 465 137 28 genomläste
960 465 56 22 före-

197 495 105 28 liggande
322 495 140 22 betänkande
482 495 80 22 trodde
580 496 48 28 jag,
649 496 7 21 i
676 495 121 28 synnerhet
815 495 29 28 pä
863 496 72 27 grund
950 496 26 21 af
989 495 27 22 de

199 525 79 28 mänga
293 525 124 28 petitioner,
430 531 48 16 som
493 525 8 22 i
517 525 73 22 denna
605 525 41 22 sak
661 525 124 27 inlemnats,
797 527 33 20 att
845 525 38 22 det
897 531 41 16 var
954 525 62 28 fräga

198 561 36 16 om
255 561 27 15 en
298 561 47 15 mer
361 555 125 28 betydande
502 555 133 28 utvidgning
651 555 25 22 af
689 555 325 28 landtbruksundervisningen.

197 585 35 21 Då
250 585 40 28 jag
307 585 69 21 likväl
395 586 102 21 närmare
513 585 113 22 betraktat
641 585 27 22 de
684 585 154 28 beräkningar,
855 591 48 16 som
918 585 7 22 i
940 585 75 22 betän-

198 615 83 22 kandet
297 614 138 23 förekomma
451 615 41 22 och
508 621 47 16 som
572 615 144 28 synbarligen
731 615 80 28 utgöra
827 621 27 15 en
870 615 106 28 öfversigt
992 615 26 21 af

199 645 43 21 den
256 645 131 21 nuvarande
402 645 40 22 och
458 645 43 21 den
515 645 115 22 blifvande
641 645 324 28 landtbruksundervisningen,
976 644 40 21 har

196 674 41 28 jag
251 674 64 22 räkat
330 675 7 21 i
353 675 75 21 starka
443 674 143 28 tvifvelsmäl,
608 675 105 22 huruvida
728 675 72 26 denna
817 674 46 22 min
875 674 141 28 uppfattning

197 704 58 22 varit
275 704 44 22 den
338 705 65 21 rätta.
433 705 44 28 Jag
496 704 83 22 tilläter
599 705 46 28 mig
665 704 76 22 derför
761 704 66 21 ställa
848 704 32 21 till
896 704 119 22 utskottets

198 734 123 21 ledamöter
337 740 28 16 en
381 734 67 29 fräga.
480 734 42 22 Om
536 735 40 27 jag
592 735 49 21 icke
656 734 110 28 bedrager
781 734 53 28 mig,
849 734 70 21 finnes
931 734 37 21 det
982 733 34 22 för

197 764 138 21 närvarande
353 767 26 18 12
396 765 54 20 eller
467 767 25 19 14
509 764 208 21 landtbruksskolor
732 764 41 21 och
784 763 111 22 utbetalas
907 764 107 27 derjemte

197 795 32 20 ett
250 794 77 27 anslag
348 794 26 21 af
392 794 100 27 omkring
514 797 80 24 50,000
615 794 63 21 mark
699 793 34 22 för
753 793 88 22 landets
857 793 157 28 mejeriskolor.

198 823 41 22 Om
255 830 30 15 nu
300 823 33 22 till
350 824 65 21 dessa
429 823 280 28 undervisningsanstalter
723 823 131 28 ytterligare
866 823 62 22 skola
938 823 77 28 läggas

198 853 78 22 endast
297 856 12 19 4
329 853 195 28 jordbruksskolor
544 854 51 21 med
614 853 80 28 ettärig
709 853 53 22 kurs
778 853 41 22 och
837 855 12 19 3
865 853 151 22 landtmanna-

197 883 160 21 vinter-kurser
373 885 57 20 samt
445 883 129 28 derigenom
585 883 38 22 det
634 883 129 22 nuvarande
776 883 101 27 anslaget
888 883 25 21 af
922 885 93 24 209,000

198 913 62 21 mark
281 913 99 27 förhöjes
401 913 33 21 till
453 916 94 24 230,000
567 913 70 27 mark,
654 913 24 21 sä
694 912 114 22 förefaller
823 913 38 21 det
876 912 51 28 mig,
944 912 72 22 säsom

198 948 36 16 om
255 942 72 22 denna
346 943 131 28 utvidgning
492 943 26 22 af
532 943 189 28 undervisningen
736 943 6 21 i
759 942 86 22 landets
862 942 154 28 modernäring

197 978 54 16 vore
271 972 120 28 nägonting
411 972 91 22 alldeles
524 973 126 27 obetydligt
669 973 7 21 i
695 972 137 22 förhällande
848 972 33 21 till
897 972 119 21 utskottets

197 1002 119 28 vidlyftiga
336 1002 142 30 utläggning,
490 1003 92 21 hvilken
604 1002 84 28 äsyftar
704 1004 33 20 att
752 1001 135 29 tillmötesgä
902 1002 113 27 petitionä-

197 1037 76 16 rernas
289 1032 141 28 önskningar.
462 1028 32 26 Är
509 1032 38 22 det
562 1038 31 16 nu
608 1032 118 28 meningen
742 1033 33 20 att
790 1032 8 20 i
813 1031 72 28 någon
896 1031 119 22 vidsträck-

197 1063 48 19 tare
262 1061 50 22 män
328 1062 55 21 söka
398 1068 80 22 genom
494 1068 45 22 nya
554 1061 279 29 undervisningsanstalter
848 1061 104 22 befordra
963 1061 53 21 kun-

197 1090 84 28 skapen
302 1091 7 21 i
330 1091 119 22 landtbruk
470 1092 54 22 eller
545 1093 25 20 är
590 1092 38 21 det
646 1092 115 27 verkligen
780 1091 57 21 blott
855 1090 62 28 fräga
933 1096 35 16 om
984 1092 32 20 att

198 1120 50 22 med
267 1120 68 28 något
351 1121 125 29 obetydligt
490 1121 170 28 anslagstillägg
675 1120 154 22 åstadkomma
844 1120 57 22 blott
915 1126 28 16 en
958 1126 57 16 reor-

196 1150 125 28 ganisation
337 1151 26 21 af
376 1151 28 21 de
418 1151 130 22 nuvarande
565 1150 323 28 undervisningsanstalterna?

269 1180 202 28 Tuomiokapitulin
494 1180 95 22 asessori
614 1180 14 22 J.
648 1180 123 22 Johansson:
796 1180 119 28 Nykyinen
935 1180 34 21 olo
988 1186 28 15 on

195 1209 87 28 käynyt
304 1210 150 22 tuskalliseksi
475 1216 39 16 sen
534 1210 80 22 kautta
634 1211 52 26 että,
705 1210 70 22 kuten
795 1210 150 21 valiokunnan
965 1209 51 21 mie-

196 1239 138 22 tinnössäkin
353 1240 179 27 huomautetaan,
547 1240 24 28 jo
587 1240 80 21 useilla
682 1240 117 21 edellisillä
814 1239 159 27 valtiopäivillä
988 1245 28 15 on

195 1269 86 27 pyyntö
303 1269 106 28 pyynnön
424 1271 88 27 perästä
528 1270 65 27 tehty
608 1270 61 21 tässä
684 1269 90 27 asiassa,
791 1270 72 20 mutta
879 1269 65 21 aivan
959 1268 57 22 vähä

195 1298 60 22 vielä
273 1299 69 21 tähän
357 1299 95 28 päivään
467 1300 85 21 saakka
567 1301 65 20 saatu
647 1299 103 21 toimeen.
783 1298 46 28 Nyt
844 1298 49 22 olisi
908 1298 107 22 tarkoitus

196 1328 47 21 ensi
259 1328 96 22 kädessä
370 1335 31 20 se,
412 1330 46 20 että
469 1329 293 28 maanviljelyshallituksen
772 1328 96 27 tekemä,
879 1328 60 22 näitä
950 1328 66 21 alhai-

195 1358 86 27 sempia
302 1358 248 28 maanviljelyskouluja
570 1359 100 21 koskeva
690 1358 101 27 ehdotus,
810 1358 55 28 joka
880 1358 47 21 tätä
941 1358 75 27 nykyä

195 1393 28 15 on
246 1388 129 26 senaatissa,
392 1388 117 28 pantaisiin
530 1388 141 22 kiiruimman
690 1388 79 22 kautta
787 1388 104 26 toimeen,
905 1388 58 27 jotta
978 1394 38 21 pu-

196 1416 136 23 heenalaisia
348 1418 92 28 kouluja
456 1418 112 22 saataisiin
584 1418 46 22 niin
645 1418 60 28 paljo
721 1418 54 21 kuin
789 1418 24 27 jo
829 1417 74 27 aikoja
918 1418 47 20 tätä
980 1423 36 15 en-

195 1452 44 16 nen
255 1452 29 16 on
299 1447 108 22 vaadittu.
438 1448 94 21 Pääasia
547 1448 166 21 valiokunnalle
727 1454 28 15 on
767 1447 55 22 ollut
833 1448 46 20 että
890 1446 126 22 tositoimiin

195 1476 52 21 ihan
263 1479 131 20 suorastaan
409 1478 163 27 ryhdyttäisiin.
604 1478 67 22 Totta
685 1484 29 15 on
724 1478 47 21 että
782 1478 61 20 tämä
853 1476 163 28 maanviljelys-

195 1505 135 23 hallituksen
351 1507 136 22 ensimäinen
505 1508 95 21 ehdotus
618 1508 19 21 ei
654 1507 75 22 sisällä
747 1506 136 23 suurtakaan
902 1506 115 22 lisämeno-
