1117 1773
219 142 42 20 428
518 140 90 18 Maalisk.
621 140 23 18 29
657 145 18 18 p.

188 199 54 16 vore
257 193 110 28 vigtigare
382 194 41 22 och
439 200 61 16 mera
515 194 134 28 nödvändig.
680 193 44 22 För
737 194 34 21 att
783 192 76 22 kunna
869 193 57 22 fatta
937 193 74 22 beslut

188 223 7 21 i
216 224 73 21 denna
304 223 69 29 fråga,
389 229 67 23 synes
474 224 39 21 det
527 224 48 28 mig
590 225 34 20 att
639 230 28 15 en
683 223 118 27 utredning
816 222 69 22 borde
900 223 110 28 föreligga

188 258 37 16 om
245 253 183 29 utgiftsposterna
446 253 114 28 jemförda
580 253 52 22 med
652 253 132 22 hvarandra.
815 252 44 22 För
879 254 34 21 att
927 252 83 23 erhålla

189 288 28 16 en
232 282 69 23 sådan
316 283 118 28 utredning
449 289 36 16 ser
498 284 40 27 jag
554 283 50 22 icke
619 282 73 29 någon
707 288 74 16 annan
796 282 123 28 möjlighet,
933 284 29 20 än
977 284 33 20 att

189 313 165 21 statsutskottet
368 313 90 28 pröfvar
474 313 41 22 och
530 313 110 28 granskar
654 312 105 28 samtliga
774 312 99 28 utgifter.
884 312 75 22 förrän
973 312 36 22 be-

189 342 45 22 slut
253 343 74 21 fattas.
358 342 68 22 Detta
445 343 45 21 kan
504 342 132 29 visserligen
652 342 59 22 stöta
725 342 29 28 på
769 342 114 28 praktiska
898 342 111 28 svårighe-

188 373 41 26 ter,
244 372 129 28 isynnerhet
388 372 72 22 såsom
475 372 96 22 sakerna
586 378 31 16 nu
631 372 115 22 utvecklat
761 372 34 28 sig
805 372 38 22 vid
856 372 73 22 denna
938 372 71 21 landt-

189 402 50 28 dag,
250 408 51 16 men
311 402 34 22 till
356 402 61 22 detta
427 402 128 22 förfarande
565 402 70 22 borde
645 408 52 16 man
708 402 57 22 dock
775 402 86 21 sträfva
871 403 32 20 att
913 402 95 21 komma.

259 432 124 22 Professori
403 432 116 21 Danielson:
540 432 101 22 Luulisin
661 432 60 21 minä
741 432 44 21 sitä
804 432 142 27 menettelyä,
961 431 48 28 jota

189 491 52 22 nim.
257 493 64 26 sääty
341 492 65 21 tekisi
425 492 149 28 päätöksensä
596 491 142 22 ehdollisesti.
770 491 71 22 Mutta
860 492 78 27 syystä
955 492 53 26 että,

189 521 69 22 kuten
280 523 110 25 tunnettu,
411 521 154 22 kansakoulun
588 521 115 28 budgeetti
726 521 233 22 kokonaisuudessaan
980 527 29 16 on

189 551 218 22 valtiovaliokunnan
428 551 170 27 käsiteltävänä,
614 551 72 22 lienee
703 552 62 20 tässä
785 551 174 28 kysymyksessä
979 551 29 21 oi-

188 580 76 21 keinta
283 581 118 21 menetellä
421 581 65 22 toisin
504 581 31 28 ja,
557 581 119 22 ennenkun
697 581 64 28 sääty
782 581 122 22 laisinkaan
919 581 90 28 päättää

189 610 90 27 asiassa,
297 611 135 21 kuulustella
450 611 220 22 valtiovaliokuntaa.
706 611 73 21 Näillä
799 611 159 27 valtiopäivillä
980 616 28 15 on

188 639 90 23 hallitus
293 641 112 21 asettanut
420 647 54 15 arm.
490 641 128 27 esitykseen
632 640 94 27 kohdan,
736 640 55 28 joka
800 640 83 22 koskee
894 640 114 21 maamies-

187 669 25 28 ja
232 670 187 28 emäntäkouluja.
450 670 76 22 Koska
546 670 38 22 siis
600 670 199 22 valtiovaliokunta
814 670 60 21 tulee
889 672 119 19 antamaan

188 699 145 22 lausuntonsa
353 699 65 22 niistä
437 700 25 27 ja
482 700 113 22 ehdoittaa
614 700 76 21 näihin
709 700 138 27 tarpeelliset
865 701 81 26 menot,
962 699 46 22 niin

189 735 28 16 on
232 735 25 16 se
272 729 109 28 kysymys
396 730 65 21 aivan
476 729 88 27 lähellä,
581 730 68 21 missä
664 730 117 21 suhteessa
796 730 66 21 nämä
876 729 63 22 kaksi
955 729 53 28 lajia

188 759 181 28 kansanopistoja
391 761 52 20 ovat
463 759 106 27 toisiinsa,
591 759 68 22 missä
680 759 84 22 määrin
785 765 24 16 se
830 760 110 25 menoerä,
959 759 49 28 jota

189 789 135 21 ehdotetaan
347 789 145 22 varsinaisille
514 789 203 28 kansanopistoille,
738 795 29 15 on
787 795 92 16 omansa
898 789 109 21 vaikutta-

189 824 66 15 maan
275 819 86 21 toiseen
378 819 25 27 ja
422 819 144 27 päinvastoin.
599 819 71 21 Tämä
690 819 81 27 yhteys
792 825 28 15 on
840 819 45 21 niin
905 818 103 22 läheinen

189 849 47 20 että
256 848 101 27 säädyllä
377 848 132 22 luullakseni
530 855 29 15 on
578 849 73 27 syytä,
667 848 119 22 ennenkun
804 854 25 15 se
844 848 64 21 tekee
924 848 84 21 mitään

189 877 103 28 päätöstä
311 879 41 27 nyt
371 878 102 28 puheena
492 878 103 22 olevassa
616 878 89 27 asiassa,
722 879 85 27 pyytää
825 877 182 23 valtiovaliokun-

189 907 61 22 nalta
273 908 117 22 lausuntoa
410 908 50 22 eikä
480 909 60 21 tämä
560 908 79 22 seikka
658 908 123 28 myöskään
801 908 90 22 vaikuta
911 908 96 21 suuresti

189 937 62 21 asian
267 937 126 28 lykkäystä,
404 938 49 21 sillä
465 938 130 22 valiokunta
609 938 117 21 käsittelee
735 938 61 27 juuri
806 937 113 28 par'aikaa
929 938 77 21 kansa-

189 966 198 28 koulubudgeettiä
402 967 113 22 koskevaa
530 968 123 21 armollista
668 968 99 27 esitystä.

260 996 124 22 Professori
401 997 85 21 Donner:
502 997 44 28 Jag
561 997 126 28 medgifver
703 998 32 20 att
750 997 33 21 uti
797 996 112 28 professor
918 996 88 22 Daniel-

189 1032 52 15 sons
255 1026 106 28 yttrande
376 1026 70 28 ligger
461 1033 28 15 en
504 1027 46 21 viss
565 1027 101 27 sanning.
692 1026 88 28 Frägan
793 1032 37 16 om
840 1026 77 28 anslag
927 1026 8 21 i
945 1026 62 22 detta

189 1056 60 27 syfte
267 1056 44 21 kan
330 1056 49 22 icke
393 1062 69 22 gerna
478 1056 32 22 stä
526 1056 93 22 alldeles
635 1056 94 22 oberörd
745 1056 26 22 af
785 1056 77 28 frägan
877 1062 36 15 om
929 1056 78 28 anslag

189 1085 35 21 för
243 1085 140 22 husmoders-
399 1086 41 21 och
460 1086 226 26 landtmannaskolor,
702 1092 48 16 som
769 1086 7 21 i
794 1086 163 28 propositionen
972 1085 33 22 rö-

188 1114 70 22 rande
273 1115 79 28 anslag
367 1115 34 21 för
417 1116 219 21 folkskoleväsendet
649 1116 155 21 förekommer.
830 1115 51 21 Men
891 1115 38 21 det
939 1121 67 21 synes

189 1144 46 28 mig
255 1144 73 22 säsom
349 1150 36 16 om
405 1145 38 21 det
462 1151 54 16 vore
536 1145 68 28 nägot
624 1145 141 28 formvidrigt
781 1146 32 20 att
832 1144 27 22 dä
877 1146 32 20 ett
924 1145 82 21 ärende

188 1174 58 21 varit
261 1174 130 28 hänskjutet
405 1174 34 22 till
454 1176 33 20 ett
499 1175 97 21 utskotts
607 1175 135 27 behandling
753 1174 41 22 och
805 1175 51 21 dess
866 1174 140 22 betänkande

188 1203 7 21 i
211 1203 70 22 saken
296 1204 126 28 föreligger,
439 1210 85 16 samma
540 1204 83 22 ärende
639 1204 57 28 änyo
711 1204 131 28 hänskjutes
853 1204 33 21 till
896 1205 33 20 ett
938 1205 68 20 annat

188 1233 87 21 utskott
290 1233 35 22 för
340 1235 33 20 att
388 1234 110 21 materielt
512 1234 98 28 pröfvas.
642 1234 34 21 Dä
692 1234 63 28 fräga
770 1234 49 22 icke
834 1234 44 21 kan
889 1233 69 22 blifva
969 1239 36 15 om

188 1262 68 28 nägot
277 1265 68 19 annat
364 1264 29 20 än
413 1264 154 21 fastställande
588 1264 26 21 af
632 1264 193 27 anslagssumman
842 1263 7 21 i
868 1262 137 22 förhällande

187 1292 34 21 till
241 1292 73 28 öfriga
334 1293 194 27 anslagssummor,
544 1293 25 21 sä
587 1299 67 21 synes
670 1293 38 21 det
723 1293 46 28 mig
783 1299 55 15 vara
852 1292 105 28 riktigare
973 1294 33 20 att

187 1321 28 21 dä
230 1321 45 22 låta
291 1322 131 28 afgörandet
437 1323 7 21 i
460 1322 72 22 denna
547 1323 71 27 punkt
634 1322 66 27 hvila,
716 1322 46 22 tills
777 1322 176 22 statsutskottets
968 1322 36 21 be-

187 1351 112 22 tänkande
315 1352 93 22 rörande
424 1352 150 22 folkskolorna
589 1352 124 22 inkommer
728 1352 34 22 till
777 1352 93 22 ständet.

259 1381 124 22 Professori
399 1382 114 21 Danielson:
537 1382 25 21 Ei
578 1382 121 28 professori
714 1382 122 21 Donner'in
851 1382 102 21 lausunto
969 1381 36 21 ole

187 1410 78 22 voinut
281 1412 101 20 muuttaa
398 1411 76 21 minun
489 1411 133 28 käsitystäni
637 1412 62 21 tässä
713 1411 95 22 kohden.
833 1411 34 22 On
882 1411 55 21 ollut
947 1410 59 22 ehkä

187 1440 96 28 erehdys
305 1441 46 21 että
369 1442 61 20 tämä
445 1447 93 15 anomus
553 1441 127 21 lähetettiin
695 1441 100 27 yleiseen
809 1440 196 22 valitusvaliokun-

186 1470 59 20 taan.
269 1469 30 22 Se
315 1470 48 22 olisi
379 1470 55 22 ollut
444 1470 58 22 ehkä
510 1470 117 28 lykättävä
637 1470 228 22 valtiovaliokuntaan
875 1470 129 26 sentähden,

187 1500 46 20 että
248 1505 25 15 se
289 1506 54 15 arm.
359 1500 75 27 esitys,
449 1500 62 28 jossa
526 1506 28 15 m.
571 1506 29 15 m.
616 1500 115 28 puhutaan
746 1500 115 22 maamies-
869 1500 25 28 ja
907 1500 97 21 emäntä-

186 1528 119 28 kouluista,
327 1530 29 21 oli
377 1530 106 27 joutunut
504 1530 235 22 valtiovaliokuntaan.
771 1530 71 22 Mutta
863 1536 39 15 sen
920 1529 83 27 seikan,
