1117 1773
229 120 43 20 526
531 118 84 19 Huhtik.
630 119 22 18 13
664 124 18 17 p.

199 171 66 29 ligen,
287 172 33 20 att
343 172 58 22 efter
423 172 69 22 orden
518 172 19 26 ,i
558 172 50 22 värt
623 172 65 22 land*
705 172 74 22 skulle
795 170 56 28 följa
868 173 72 24 ,samt
955 172 67 22 sedan

199 201 45 22 läta
259 206 81 24 genom
356 202 139 28 sakkunniga
510 202 128 22 undersöka
654 202 78 28 frägan
748 202 42 22 och
805 201 80 22 affatta
896 202 84 28 förslag
989 201 33 22 till

199 231 104 28 åtgärder
317 231 7 21 i
340 232 41 22 och
398 232 34 22 för
447 232 157 28 afhjelpandet
618 232 27 22 af
658 232 28 22 de
701 230 216 28 missförhållanden,
928 238 47 16 som
988 230 34 23 stä

199 261 7 21 i
229 261 108 21 samband
360 262 51 21 med
434 262 145 28 zigenarenas
602 262 129 22 nuvarande
750 262 72 28 läge”.
853 261 41 22 Att
908 262 57 22 blott
980 262 41 21 och

199 291 51 21 bart
272 290 89 23 anhälla
383 293 33 20 att
438 292 134 28 regeringen
595 292 73 22 skulle
683 291 132 22 införskaffa
831 291 123 23 statistiska
969 297 52 22 upp-

200 320 74 29 gifter,
284 327 67 22 synes
367 321 46 29 mig
427 322 50 22 icke
492 328 56 15 vara
562 322 130 28 tillräckligt
707 322 42 21 och
764 321 50 22 icke
829 321 71 22 heller
910 321 111 22 öfverens-

200 351 139 22 stämmande
354 352 51 21 med
420 352 160 27 petitionernas
596 351 157 29 ursprungliga
768 351 66 27 syfte.

271 381 90 22 Rehtori
385 381 109 22 Melander:
518 381 95 29 Pyydän
636 388 59 15 vaan
717 381 70 22 saada
807 381 146 22 huomauttaa
975 382 46 21 että

199 411 134 21 reservantit
360 412 53 21 ovat
440 411 153 28 kirjoittaneet
616 413 108 26 pontensa
747 411 68 21 tähän
838 412 111 20 suuntaan
971 410 50 22 siitä

200 442 78 27 syystä
299 442 46 21 että
365 447 28 16 on
412 441 68 28 hyvin
500 441 81 22 vaikea
601 441 76 28 tietää,
693 441 54 22 mitä
762 440 97 23 tuloksia
874 441 73 22 näistä
961 441 59 21 tilas-

199 471 104 22 tollisista
322 471 167 22 tutkimuksista
508 471 105 22 saadaan.
645 471 39 22 Jos
702 472 67 21 nämä
784 471 99 22 tulokset
898 472 53 21 ovat
965 477 56 15 sem-

200 501 78 22 moisia
297 501 47 21 että
364 501 74 22 niiden
452 501 106 28 johdosta
573 501 112 22 tarvitaan
701 501 133 28 tarkempiin
849 500 171 22 harkitsemisiin

199 531 88 27 ryhtyä,
304 531 45 21 niin
365 531 75 22 luulen
456 532 47 21 että
518 531 128 28 ponnenkin
659 531 105 28 johdosta
775 530 90 22 hallitus
875 530 37 22 voi
922 530 98 27 täydellä

199 560 75 28 syyllä
289 562 86 20 asettaa
390 561 113 22 komitean
518 562 121 21 antamaan
654 561 125 22 lausunnon
795 560 90 27 asiassa,
895 560 69 28 jonka
974 560 45 21 lau-

199 596 87 16 sunnon
301 591 163 27 perustuksella
479 591 96 22 voidaan
589 591 83 28 ryhtyä
686 590 145 29 tarpeellisiin
841 590 177 28 toimenpiteisin.

200 620 141 22 Mahdollista
356 627 29 15 on
400 621 122 26 kuitenkin,
538 621 48 21 että
600 621 99 21 tulokset
713 621 60 21 tästä
783 620 160 21 tilastollisesta
954 620 65 21 tutki-

199 650 115 22 muksesta
335 650 60 22 eivät
415 657 57 15 anna
492 651 85 21 aihetta
593 651 112 21 komitean
721 649 167 28 asettamiseen;
903 650 63 27 joten
981 649 38 22 siis

199 680 49 21 olisi
270 680 125 22 mielestäni
415 681 79 21 turhaa
515 681 86 27 pyytää
621 680 118 22 komiteaa.
775 679 105 22 Niinkuin
900 679 118 26 tiedetään,

199 709 80 28 löytyy
305 710 137 22 mustalaisia
467 710 171 28 pääasiallisesti
663 710 96 21 itäisissä
782 709 71 22 osissa
875 711 143 24 maatamme;

185 756 3 3 .
199 739 73 22 heistä
287 741 97 26 syntyvä
397 740 58 28 paha
469 740 20 21 ei
499 740 71 22 koske
580 740 58 21 koko
650 741 141 20 maatamme.
816 739 118 28 Löytyypä
944 739 74 22 henki-

199 769 60 27 löitä,
274 769 65 28 jotka
353 770 109 21 väittävät
476 771 47 20 että
538 776 112 15 maamme
660 769 103 22 itäosissa
773 769 128 22 vallitsevat
911 769 107 28 puutteel-

199 799 51 22 liset
270 799 46 22 olot
336 799 165 22 enimmäkseen
522 799 142 22 vaikuttavat
682 805 38 16 sen
740 800 47 21 että
802 799 139 21 mustalaiset
956 798 62 22 siellä

199 829 103 22 häiriöitä
319 829 80 22 aikaan
415 831 83 20 saavat.
530 829 60 22 Mikä
605 831 41 26 nyt
661 829 68 22 liekin
745 829 64 22 oikea
825 835 42 21 syy
883 829 68 21 tähän
969 829 48 27 epä-

199 859 104 27 kohtaan,
324 859 46 22 niin
391 865 27 16 on
434 859 115 22 kuitenkin
566 859 66 22 aivan
648 859 77 22 selvää
739 859 48 21 että
802 864 40 16 sen
857 858 161 28 poistamiseksi

199 894 29 16 on
241 889 88 27 jotakin
343 889 91 22 tehtävä
448 890 25 27 ja
488 890 43 21 sitä
541 889 51 22 olen
603 889 90 22 ainakin
703 889 60 21 minä
773 888 146 22 tarkoittanut
929 888 89 28 yhtyes-

199 918 48 22 säni
267 918 187 23 vastalauseesen.
486 919 99 21 Samalla
605 919 91 28 pyydän
717 918 60 22 vielä
796 918 155 22 nimenomaan
966 918 53 22 huo-

199 950 100 20 mauttaa
320 950 47 20 että
387 949 156 22 vastalauseen
564 949 86 27 tekijät,
666 948 149 28 yhtyessänsä
832 948 187 26 vastalauseesen,

199 978 60 22 eivät
279 978 108 22 suinkaan
406 978 35 22 ole
455 979 111 27 yhtyneet
581 978 137 22 anomuksen
734 978 94 28 tekijäin
843 977 115 28 pyyntöön
973 978 46 21 että

199 1008 110 22 olemassa
325 1008 72 22 olevia
413 1008 117 22 säädöksiä
545 1008 135 22 tarkemmin
694 1007 188 23 noudatettaisiin.

270 1038 124 22 Professori
415 1038 111 27 Runeberg:
546 1038 51 22 Med
618 1038 119 28 anledning
757 1038 27 21 af
801 1037 76 21 rektor
895 1036 123 22 Melanders

198 1069 89 19 senaste
311 1068 105 27 yttrande
438 1068 40 22 ber
498 1068 41 28 jag
559 1069 123 27 yttermera
702 1069 33 20 att
757 1067 22 22 fä
801 1066 116 22 framhälla
933 1068 32 20 att
978 1067 40 27 jag

198 1097 49 21 icke
263 1097 128 22 förblandat
405 1099 181 20 reservanternes
602 1098 85 28 förslag
702 1097 52 22 med
769 1096 183 29 petitionärernas
965 1098 54 20 utan

197 1128 98 20 tvärtom
314 1128 81 20 uttalat
410 1128 45 21 min
470 1128 140 21 tacksamhet
626 1127 36 22 för
677 1128 32 20 att
724 1128 171 21 reservanterna
910 1126 109 28 aflägsnat

198 1156 43 22 den
257 1162 79 16 senare
352 1157 66 22 delen
432 1157 26 22 af
466 1157 186 28 petitionärernas
662 1157 66 21 kläm.
753 1156 65 22 Hvad
830 1156 47 21 äter
887 1156 44 21 den
941 1161 77 16 senare

198 1186 66 22 delen
279 1186 26 22 af
318 1188 180 20 reservanternas
509 1187 61 21 kläm
582 1186 112 27 beträffar,
705 1186 24 22 sä
739 1186 82 28 gjorde
829 1186 41 28 jag
880 1192 28 15 en
918 1185 100 21 anmärk-

198 1216 53 28 ning
271 1218 60 20 emot
352 1216 129 22 densamma
500 1216 124 28 ingalunda
644 1215 28 29 pä
692 1216 43 22 den
755 1216 73 28 grund
846 1217 33 19 att
891 1215 42 28 jag
947 1214 72 22 skulle

197 1251 54 16 anse
273 1247 34 20 att
327 1246 72 28 nägon
419 1246 77 28 ätgärd
517 1246 49 22 icke
588 1246 69 22 borde
678 1246 90 22 komma
787 1244 77 29 ifräga.
895 1244 44 28 Jag
954 1250 67 16 anser

197 1275 132 29 visserligen
350 1277 33 20 att
401 1276 72 28 nägon
488 1276 160 28 tvängsätgärd
663 1276 49 22 icke
727 1276 42 21 bör
783 1274 168 29 ifrägakomma,
968 1280 50 15 men

197 1305 39 21 det
250 1305 72 22 finnes
335 1306 34 27 ju,
385 1305 72 23 säsom
472 1306 56 28 prof.
545 1306 109 22 Forsman
669 1305 86 28 antydt,
772 1304 81 28 mänga
868 1304 69 22 andra
948 1303 70 28 ätgär-

197 1334 46 27 der,
263 1341 48 15 som
330 1335 110 22 mähända
458 1336 76 21 kunna
550 1336 41 21 och
606 1335 56 22 böra
677 1335 109 28 vidtagas.
818 1334 34 22 Dä
865 1334 41 28 jag
921 1333 98 28 föreslog

197 1366 34 20 att
251 1364 44 22 den
315 1371 79 15 senare
415 1365 65 22 delen
500 1365 26 21 af
544 1366 182 21 reservanternas
747 1364 60 22 kläm
829 1364 72 21 skulle
919 1362 59 29 utgå,
995 1362 23 22 sä

197 1400 40 16 var
259 1394 38 22 det
315 1394 76 22 derför
409 1396 33 20 att
457 1395 37 21 det
510 1401 68 21 synes
594 1395 46 28 mig
655 1394 116 28 olämpligt
787 1395 33 20 att
835 1394 132 27 petitionera
982 1398 35 16 om

196 1425 34 20 att
245 1424 111 27 styrelsen
372 1424 56 22 skall
446 1425 104 27 ,vidtaga
566 1424 28 22 de
610 1424 109 28 ätgärder,
736 1430 49 16 som
801 1422 217 29 omständigheterna

196 1453 110 28 påkalla”.
338 1454 45 21 Det
403 1455 25 21 är
446 1454 38 22 väl
499 1454 123 28 styrelsens
638 1454 128 28 skyldighet
781 1455 34 19 att
830 1453 71 21 under
916 1452 45 22 alla
976 1452 42 22 för-

195 1482 120 23 hällanden
339 1484 51 21 med
413 1484 55 21 eller
491 1486 55 20 utan
566 1484 156 28 petitionering
745 1483 105 27 ,vidtaga
865 1482 28 22 de
909 1482 109 28 ätgärder,

196 1518 48 16 som
264 1514 220 28 omständigheterna
502 1514 101 28 päkalla*
621 1514 41 22 och
678 1519 28 16 en
721 1513 70 22 sädan
807 1512 93 28 petition
915 1512 40 22 har
971 1512 47 22 der-
