1117 1773
215 120 41 18 130
516 118 87 18 Helmik.
618 118 22 18 15
652 123 18 17 p.

184 170 95 22 emedan
294 171 38 21 det
347 171 66 22 beror
427 172 26 22 af
466 172 198 28 omständigheter,
681 171 155 29 egendomliga
852 171 36 22 för
903 171 49 22 vårt
962 171 41 22 fat-

184 200 47 28 tiga
251 200 54 28 folk,
326 201 77 22 hvilka
417 202 79 22 endast
511 208 82 22 genom
608 203 34 20 ett
656 201 131 29 tilltagande
803 201 141 22 ekonomiskt
958 202 45 21 väl-

184 230 65 22 stånd
264 231 117 22 efterhand
397 231 75 22 kunna
487 232 119 28 aflägsnas.

255 260 73 22 Dessa
351 261 62 21 fakta
435 268 68 21 synas
525 262 45 27 mig
589 261 77 22 bevisa
682 263 33 19 att
730 260 124 23 motionens
870 261 133 22 bestämnin-

184 296 41 22 gar
248 296 36 16 om
307 290 115 29 lärotvång
444 292 50 21 icke
514 292 39 21 äro
574 291 107 28 lämpliga
699 291 36 22 för
750 290 168 22 förhållandena
933 291 7 21 i
955 291 49 21 vårt

184 320 59 21 land.
275 320 44 28 Jag
333 320 40 22 vill
389 321 94 27 derföre,
499 321 29 28 på
542 327 87 15 samma
644 321 59 28 gång
716 321 41 27 jag
771 320 26 22 af
809 320 52 22 hela
871 321 50 21 mitt
931 321 73 27 hjerta

186 349 101 22 förordar
307 350 124 22 motionens
451 351 115 21 sändande
581 351 34 21 till
631 351 37 21 det
684 351 26 21 af
723 350 138 22 motionären
877 350 127 28 föreslagna

184 379 116 28 utskottet,
316 380 72 22 uttala
403 380 42 22 den
462 381 150 27 förhoppning
626 383 42 19 att:
686 380 35 23 för
737 380 38 22 det
790 380 72 22 första
873 386 28 16 en
911 380 92 22 omredi-

185 409 78 28 gering
287 410 26 21 af
326 410 112 22 motionen
453 410 69 22 måtte
538 410 40 22 ske
595 410 35 22 för
646 412 32 20 att
693 410 99 22 undvika
807 410 80 28 hvarje
902 410 102 22 kollision

185 439 52 22 med
259 439 104 28 gällande
386 440 110 29 kyrkolag
519 441 41 21 och
584 440 108 22 likaledes
713 440 36 22 för
764 442 33 20 att
812 440 99 22 undvika
927 440 77 28 möjlig

185 469 103 22 kollision
304 469 51 22 med
371 470 42 21 den
428 471 90 28 andliga
534 471 111 27 styrelsen
661 471 41 21 och
719 471 28 21 de
762 470 36 22 för
813 470 130 21 densamma
959 471 44 27 gäl-

185 499 66 21 lande
271 499 70 28 lagar,
362 501 58 20 samt
439 501 86 21 vidare:
547 501 33 21 att
598 500 167 28 bestämningar
779 500 95 21 rörande
889 500 116 28 lärotvång

186 529 52 21 med
254 529 106 22 afseende
376 529 13 22 å
404 530 42 21 den
462 530 69 28 högre
547 531 59 21 fasta
622 530 126 22 folkskolan
763 530 69 21 måtte
847 530 7 21 i
870 530 70 21 likhet
953 531 51 20 med

187 559 196 28 bestämningarna
399 565 35 16 om
450 560 63 21 böter
528 560 42 21 och
586 560 61 21 viten
662 567 27 14 ur
705 560 112 21 motionen
833 559 59 28 utgå.

256 588 125 23 Professori
404 589 111 28 Runeberg:
540 590 9 21 I
573 589 81 28 många
676 590 122 21 afseenden
818 589 75 22 helsar
911 590 40 27 jag
967 590 37 21 det

186 617 153 29 föreliggande
363 619 203 28 motionsförslaget
588 620 52 21 med
660 621 47 20 stor
728 620 41 21 och
790 619 111 22 oblandad
922 620 81 27 glädje.

185 647 118 28 Förslaget
318 649 25 20 är
358 649 111 28 nämligen
481 651 32 20 ett
523 649 90 28 uttryck
624 650 52 21 utaf
684 650 37 21 det
732 649 143 28 synnerligen
885 649 120 28 glädjande

187 677 190 23 sakförhållandet
400 681 32 19 att
454 679 105 22 intresset
582 679 36 22 för
640 680 127 21 folkskolan
790 679 41 22 och
847 679 158 22 medvetandet

186 713 37 16 om
245 707 44 22 den
309 709 187 28 genomgripande
517 709 117 28 betydelse
655 709 35 22 för
705 709 49 22 vårt
768 709 59 27 land,
844 715 49 15 som
909 709 95 22 folksko-

185 737 49 22 lans
257 738 130 28 utveckling
407 739 45 26 har,
474 745 93 16 numera
585 739 48 22 nått
648 739 43 22 den
707 739 78 28 styrka
800 739 42 22 och
858 739 43 21 den
916 739 88 21 utbred-

186 767 54 28 ning
255 769 34 20 att
304 773 52 16 man
371 768 44 22 kan
430 775 54 15 vara
500 769 111 22 förvissad
627 775 36 16 om
679 771 33 20 att
728 769 92 22 derutaf
829 769 58 21 skall
896 769 109 21 resultera

187 797 97 21 faktiska
299 797 104 28 åtgärder
418 798 33 22 till
467 799 189 28 folkbildningens
671 799 162 27 befrämjande,
853 798 65 22 dessa
934 798 70 28 åtgär-

186 826 39 21 der
248 826 37 22 må
302 833 30 16 nu
353 827 69 22 sedan
442 829 102 27 vidtagas
566 829 7 21 i
594 829 44 21 den
658 835 43 16 ena
716 829 55 21 eller
786 829 70 21 andra
871 828 133 28 riktningen.

185 856 118 28 Förslaget
325 858 24 20 är
365 857 75 22 vidare
456 871 28 2 —
500 859 42 21 och
556 859 40 27 jag
612 865 66 15 anser
693 859 62 21 detta
770 858 49 22 icke
835 858 36 21 för
886 858 37 21 det
939 858 67 21 minst

185 885 122 29 glädjande
323 900 27 2 —
367 889 33 19 ett
421 888 63 22 bevis
507 888 36 22 för
565 890 34 20 att
618 888 181 22 folkskolesaken
820 888 41 22 har
882 888 64 21 vuxit
960 894 44 22 upp

186 916 34 21 till
243 918 34 19 ett
299 916 94 22 intresse
414 918 51 21 utaf
483 918 43 22 den
541 918 117 28 betydelse
675 920 32 20 att
723 918 38 22 det
777 918 92 22 förmått
883 918 73 28 ikring
971 918 35 28 sig

185 946 72 21 samla
272 946 35 22 till
327 949 139 25 gemensamt
481 948 77 22 arbete
575 948 35 22 för
625 954 86 16 samma
726 948 44 22 mål
785 948 148 28 medborgare
947 947 58 22 ifrån

186 975 59 22 olika
260 976 105 27 politiska
380 977 41 21 och
436 977 112 29 språkliga
563 978 69 28 läger.
654 978 28 21 Vi
693 978 97 22 behöfva
800 984 45 22 nog
855 978 7 21 i
873 977 53 22 våra
937 978 69 27 dagar

185 1005 137 29 lifskraftiga
336 1006 110 22 intressen
468 1008 52 21 utaf
540 1008 74 21 denna
636 1009 34 20 art
690 1008 36 22 för
746 1009 33 20 att
799 1008 67 27 bryta
889 1007 27 21 de
931 1007 75 28 gamla

185 1034 119 29 söndrings
320 1036 122 22 formernas
458 1037 68 21 makt.
557 1037 45 21 Det
618 1038 25 21 är
658 1038 35 21 för
709 1037 65 22 dessa
789 1037 92 22 orsaker
901 1043 48 15 som
965 1037 41 27 jag

187 1064 51 22 med
254 1065 111 22 oblandad
380 1066 76 28 glädje
471 1067 74 21 helsar
560 1067 114 28 förslaget.

258 1094 65 22 Hvad
347 1096 51 21 dess
418 1096 87 28 sakliga
520 1096 97 22 innehåll
632 1097 140 22 vidkommer
787 1096 25 22 så
827 1096 125 28 medgifver
965 1096 41 28 jag

185 1125 34 20 att
239 1124 42 28 jag
303 1125 8 21 i
331 1125 61 22 vissa
413 1126 128 27 afseenden,
560 1126 124 22 tillsvidare
699 1127 140 26 åtminstone,
856 1126 45 22 står
916 1126 90 27 mycket

185 1154 113 22 tvekande
321 1154 93 23 framför
432 1156 44 21 den
492 1156 91 22 fordran
598 1156 28 28 på
640 1156 75 28 tvång,
732 1162 48 16 som
795 1156 33 22 uti
844 1156 62 21 detta
922 1156 84 26 förslag

186 1184 130 22 frambäres.
342 1184 80 22 Denna
438 1186 82 21 tvekan
535 1186 72 28 gäller
621 1186 130 28 isynnerhet
765 1185 148 29 lärotvänget,
929 1185 7 21 i
951 1185 55 21 hvil-

185 1213 38 21 ket
246 1214 108 22 afseende
372 1215 41 27 jag
430 1215 8 21 i
456 1215 80 29 många
557 1216 94 27 stycken
672 1216 63 22 delar
753 1216 28 21 de
797 1216 90 27 åsigter,
903 1221 47 15 som
965 1215 41 21 här

186 1243 51 21 utaf
250 1249 89 17 asessor
353 1244 60 28 Lyra
428 1245 42 21 och
485 1245 79 28 biskop
580 1245 103 29 Råbergh
698 1246 69 21 hafva
783 1245 99 22 uttalats.
913 1245 44 27 Jag
967 1244 39 22 vill

185 1272 58 22 dock
258 1273 49 22 icke
323 1275 102 21 närmare
440 1274 52 28 ingå
506 1275 28 28 på
550 1275 66 21 dessa
631 1275 74 28 frågor
721 1276 7 21 i
744 1276 120 27 förslagets
877 1274 129 22 nuvarande

185 1302 76 26 skede,
279 1303 76 22 förrän
371 1304 38 21 det
423 1304 149 22 återkommer
588 1304 48 22 från
651 1305 115 22 utskottet.
793 1305 44 28 Jag
852 1304 53 22 ville
921 1304 85 26 endast,

186 1344 27 2 —
230 1332 42 21 och
294 1333 38 21 det
355 1334 24 21 är
403 1334 75 22 derför
498 1335 42 27 jag
559 1335 98 27 begärde
678 1335 69 26 ordet,
765 1347 26 3 —
808 1334 87 29 påpeka
915 1340 28 15 en
961 1340 44 15 om-

185 1362 129 28 ständighet
336 1363 32 21 uti
392 1364 114 28 förslaget,
527 1364 91 22 hvilken
638 1365 70 27 enligt
728 1364 50 22 mitt
796 1364 146 22 förmenande
957 1363 49 22 icke

185 1392 24 20 är
232 1391 35 21 till
291 1392 135 23 detsammas
447 1394 100 21 fromma.
579 1394 39 22 Uti
638 1394 13 27 $
672 1397 12 19 2
700 1394 64 22 heter
779 1394 39 22 det
834 1395 33 20 att
885 1393 121 27 ,Barnsko-

184 1420 65 22 lorna
264 1421 56 22 eller
335 1422 62 28 lägre
413 1423 122 22 folkskolor
550 1424 94 21 inrättas
660 1424 41 22 och
711 1423 163 29 upprätthållas
885 1424 7 21 i
903 1423 103 21 städerna

185 1450 26 22 af
231 1450 137 23 kommunen
391 1453 41 21 och
453 1452 28 29 på
495 1453 155 28 landsbygden
666 1454 26 21 af
696 1451 52 24 den
763 1454 105 27 kyrkliga
884 1452 122 22 församlin-

184 1482 65 25 gen”.
282 1481 38 21 Uti
343 1482 54 21 sista
420 1484 122 20 momentet
564 1483 27 21 af
611 1484 13 26 &
645 1486 13 19 8
679 1484 64 21 heter
763 1484 38 21 det
820 1483 87 22 vidare:
926 1482 80 26 ,Barn-

184 1510 117 22 skolornas
312 1511 143 23 verksamhet
465 1512 28 28 på
502 1512 77 22 landet
589 1513 81 22 ordnas
681 1513 41 22 och
733 1513 135 22 öfvervakas
879 1512 26 22 af
913 1514 93 26 prester-
