<?xml version="1.0" encoding="UTF-8"?>
<alto xmlns="http://www.loc.gov/standards/alto/ns-v3#" xmlns:xlink="http://www.w3.org/1999/xlink" xmlns:xsi="http://www.w3.org/2001/XMLSchema-instance" xsi:schemaLocation="http://www.loc.gov/standards/alto/ns-v3# http://www.loc.gov/alto/v3/alto-3-0.xsd">
	<Description>
		<MeasurementUnit>pixel</MeasurementUnit>
		<sourceImageInformation>
			<fileName>/tmp/tess_gof591mv_input.PNG</fileName>
		</sourceImageInformation>
		<OCRProcessing ID="OCR_0">
			<ocrProcessingStep>
				<processingSoftware>
					<softwareName>tesseract 5.3.4</softwareName>
				</processingSoftware>
			</ocrProcessingStep>
		</OCRProcessing>
	</Description>
	<Layout>
		<Page WIDTH="1117" HEIGHT="1773" PHYSICAL_IMG_NR="0" ID="page_0">
			<PrintSpace HPOS="0" VPOS="0" WIDTH="1117" HEIGHT="1773">
				<ComposedBlock ID="cblock_0" HPOS="218" VPOS="109" WIDTH="456" HEIGHT="24">
					<TextBlock ID="block_0" HPOS="218" VPOS="109" WIDTH="456" HEIGHT="24">
						<TextLine ID="line_0" HPOS="218" VPOS="109" WIDTH="456" HEIGHT="24">
							<String ID="string_0" HPOS="218" VPOS="112" WIDTH="42" HEIGHT="20" WC="0.96" CONTENT="656"/><SP WIDTH="261" VPOS="112" HPOS="260"/>
							<String ID="string_1" HPOS="521" VPOS="109" WIDTH="86" HEIGHT="19" WC="0.87" CONTENT="Huhtik."/><SP WIDTH="14" VPOS="109" HPOS="607"/>
							<String ID="string_2" HPOS="621" VPOS="110" WIDTH="23" HEIGHT="18" WC="0.92" CONTENT="19"/><SP WIDTH="12" VPOS="110" HPOS="644"/>
							<String ID="string_3" HPOS="656" VPOS="115" WIDTH="18" HEIGHT="18" WC="0.90" CONTENT="p."/>
						</TextLine>
					</TextBlock>
				</ComposedBlock>
				<ComposedBlock ID="cblock_1" HPOS="180" VPOS="163" WIDTH="831" HEIGHT="1365">
					<TextBlock ID="block_1" HPOS="184" VPOS="163" WIDTH="827" HEIGHT="508">
						<TextLine ID="line_1" HPOS="187" VPOS="163" WIDTH="824" HEIGHT="29">
							<String ID="string_4" HPOS="187" VPOS="163" WIDTH="146" HEIGHT="28" WC="0.96" CONTENT="förekomma,"/><SP WIDTH="16" VPOS="163" HPOS="333"/>
							<String ID="string_5" HPOS="349" VPOS="169" WIDTH="49" HEIGHT="16" WC="0.96" CONTENT="som"/><SP WIDTH="15" VPOS="169" HPOS="398"/>
							<String ID="string_6" HPOS="413" VPOS="163" WIDTH="95" HEIGHT="23" WC="0.96" CONTENT="framför"/><SP WIDTH="14" VPOS="163" HPOS="508"/>
							<String ID="string_7" HPOS="522" VPOS="164" WIDTH="71" HEIGHT="22" WC="0.93" CONTENT="andra"/><SP WIDTH="15" VPOS="164" HPOS="593"/>
							<String ID="string_8" HPOS="608" VPOS="164" WIDTH="95" HEIGHT="28" WC="0.91" CONTENT="ådrager"/><SP WIDTH="15" VPOS="164" HPOS="703"/>
							<String ID="string_9" HPOS="718" VPOS="164" WIDTH="35" HEIGHT="28" WC="0.96" CONTENT="sig"/><SP WIDTH="7" VPOS="164" HPOS="753"/>
							<String ID="string_10" HPOS="760" VPOS="164" WIDTH="95" HEIGHT="22" WC="0.96" CONTENT="allmänt"/><SP WIDTH="10" VPOS="164" HPOS="855"/>
							<String ID="string_11" HPOS="865" VPOS="164" WIDTH="94" HEIGHT="22" WC="0.95" CONTENT="intresse"/><SP WIDTH="10" VPOS="164" HPOS="959"/>
							<String ID="string_12" HPOS="969" VPOS="164" WIDTH="42" HEIGHT="22" WC="0.97" CONTENT="och"/>
						</TextLine>
						<TextLine ID="line_2" HPOS="187" VPOS="193" WIDTH="824" HEIGHT="29">
							<String ID="string_13" HPOS="187" VPOS="200" WIDTH="49" HEIGHT="16" WC="0.96" CONTENT="som"/><SP WIDTH="15" VPOS="200" HPOS="236"/>
							<String ID="string_14" HPOS="251" VPOS="193" WIDTH="76" HEIGHT="23" WC="0.96" CONTENT="derför"/><SP WIDTH="14" VPOS="193" HPOS="327"/>
							<String ID="string_15" HPOS="341" VPOS="193" WIDTH="45" HEIGHT="22" WC="0.96" CONTENT="kan"/><SP WIDTH="15" VPOS="193" HPOS="386"/>
							<String ID="string_16" HPOS="401" VPOS="194" WIDTH="71" HEIGHT="22" WC="0.96" CONTENT="kallas"/><SP WIDTH="16" VPOS="194" HPOS="472"/>
							<String ID="string_17" HPOS="488" VPOS="194" WIDTH="44" HEIGHT="22" WC="0.96" CONTENT="den"/><SP WIDTH="15" VPOS="194" HPOS="532"/>
							<String ID="string_18" HPOS="547" VPOS="195" WIDTH="62" HEIGHT="21" WC="0.96" CONTENT="stora"/><SP WIDTH="16" VPOS="195" HPOS="609"/>
							<String ID="string_19" HPOS="625" VPOS="193" WIDTH="84" HEIGHT="29" WC="0.93" CONTENT="frågan."/><SP WIDTH="32" VPOS="193" HPOS="709"/>
							<String ID="string_20" HPOS="741" VPOS="194" WIDTH="70" HEIGHT="22" WC="0.96" CONTENT="Detta"/><SP WIDTH="15" VPOS="194" HPOS="811"/>
							<String ID="string_21" HPOS="826" VPOS="194" WIDTH="26" HEIGHT="21" WC="0.96" CONTENT="är"/><SP WIDTH="15" VPOS="194" HPOS="852"/>
							<String ID="string_22" HPOS="867" VPOS="194" WIDTH="68" HEIGHT="22" WC="0.96" CONTENT="också"/><SP WIDTH="13" VPOS="194" HPOS="935"/>
							<String ID="string_23" HPOS="948" VPOS="194" WIDTH="63" HEIGHT="22" WC="0.96" CONTENT="fallet"/>
						</TextLine>
						<TextLine ID="line_3" HPOS="186" VPOS="223" WIDTH="824" HEIGHT="29">
							<String ID="string_24" HPOS="186" VPOS="224" WIDTH="39" HEIGHT="21" WC="0.96" CONTENT="vid"/><SP WIDTH="20" VPOS="224" HPOS="225"/>
							<String ID="string_25" HPOS="245" VPOS="223" WIDTH="73" HEIGHT="22" WC="0.93" CONTENT="denna"/><SP WIDTH="20" VPOS="223" HPOS="318"/>
							<String ID="string_26" HPOS="338" VPOS="223" WIDTH="114" HEIGHT="29" WC="0.91" CONTENT="landtdag."/><SP WIDTH="31" VPOS="223" HPOS="452"/>
							<String ID="string_27" HPOS="483" VPOS="223" WIDTH="51" HEIGHT="23" WC="0.96" CONTENT="Den"/><SP WIDTH="15" VPOS="223" HPOS="534"/>
							<String ID="string_28" HPOS="549" VPOS="225" WIDTH="62" HEIGHT="21" WC="0.96" CONTENT="stora"/><SP WIDTH="15" VPOS="225" HPOS="611"/>
							<String ID="string_29" HPOS="626" VPOS="223" WIDTH="79" HEIGHT="29" WC="0.96" CONTENT="frågan"/><SP WIDTH="15" VPOS="223" HPOS="705"/>
							<String ID="string_30" HPOS="720" VPOS="224" WIDTH="39" HEIGHT="22" WC="0.96" CONTENT="vid"/><SP WIDTH="16" VPOS="224" HPOS="759"/>
							<String ID="string_31" HPOS="775" VPOS="224" WIDTH="73" HEIGHT="22" WC="0.93" CONTENT="denna"/><SP WIDTH="15" VPOS="224" HPOS="848"/>
							<String ID="string_32" HPOS="863" VPOS="223" WIDTH="108" HEIGHT="29" WC="0.91" CONTENT="landtdag"/><SP WIDTH="15" VPOS="223" HPOS="971"/>
							<String ID="string_33" HPOS="986" VPOS="224" WIDTH="24" HEIGHT="21" WC="0.96" CONTENT="är"/>
						</TextLine>
						<TextLine ID="line_4" HPOS="184" VPOS="253" WIDTH="826" HEIGHT="29">
							<String ID="string_34" HPOS="184" VPOS="253" WIDTH="49" HEIGHT="28" WC="0.96" CONTENT="just"/><SP WIDTH="23" VPOS="253" HPOS="233"/>
							<String ID="string_35" HPOS="256" VPOS="253" WIDTH="49" HEIGHT="27" WC="0.96" CONTENT="den,"/><SP WIDTH="24" VPOS="253" HPOS="305"/>
							<String ID="string_36" HPOS="329" VPOS="259" WIDTH="48" HEIGHT="16" WC="0.96" CONTENT="som"/><SP WIDTH="22" VPOS="259" HPOS="377"/>
							<String ID="string_37" HPOS="399" VPOS="254" WIDTH="8" HEIGHT="21" WC="0.91" CONTENT="i"/><SP WIDTH="19" VPOS="254" HPOS="407"/>
							<String ID="string_38" HPOS="426" VPOS="254" WIDTH="64" HEIGHT="22" WC="0.91" CONTENT="afton"/><SP WIDTH="21" VPOS="254" HPOS="490"/>
							<String ID="string_39" HPOS="511" VPOS="253" WIDTH="123" HEIGHT="29" WC="0.93" CONTENT="föreligger"/><SP WIDTH="17" VPOS="253" HPOS="634"/>
							<String ID="string_40" HPOS="651" VPOS="254" WIDTH="34" HEIGHT="22" WC="0.93" CONTENT="till"/><SP WIDTH="16" VPOS="254" HPOS="685"/>
							<String ID="string_41" HPOS="701" VPOS="253" WIDTH="130" HEIGHT="29" WC="0.92" CONTENT="afgörande."/><SP WIDTH="31" VPOS="253" HPOS="831"/>
							<String ID="string_42" HPOS="862" VPOS="253" WIDTH="47" HEIGHT="23" WC="0.95" CONTENT="Här"/><SP WIDTH="15" VPOS="253" HPOS="909"/>
							<String ID="string_43" HPOS="924" VPOS="254" WIDTH="34" HEIGHT="22" WC="0.93" CONTENT="stä"/><SP WIDTH="15" VPOS="254" HPOS="958"/>
							<String ID="string_44" HPOS="973" VPOS="253" WIDTH="37" HEIGHT="23" WC="0.92" CONTENT="tvä"/>
						</TextLine>
						<TextLine ID="line_5" HPOS="186" VPOS="283" WIDTH="823" HEIGHT="29">
							<String ID="string_45" HPOS="186" VPOS="283" WIDTH="83" HEIGHT="28" WC="0.92" CONTENT="äsigter"/><SP WIDTH="20" VPOS="283" HPOS="269"/>
							<String ID="string_46" HPOS="289" VPOS="284" WIDTH="47" HEIGHT="21" WC="0.93" CONTENT="mot"/><SP WIDTH="19" VPOS="284" HPOS="336"/>
							<String ID="string_47" HPOS="355" VPOS="283" WIDTH="132" HEIGHT="23" WC="0.91" CONTENT="hvarandra."/><SP WIDTH="31" VPOS="283" HPOS="487"/>
							<String ID="string_48" HPOS="518" VPOS="283" WIDTH="77" HEIGHT="29" WC="0.95" CONTENT="Enligt"/><SP WIDTH="21" VPOS="283" HPOS="595"/>
							<String ID="string_49" HPOS="616" VPOS="284" WIDTH="44" HEIGHT="22" WC="0.96" CONTENT="den"/><SP WIDTH="18" VPOS="284" HPOS="660"/>
							<String ID="string_50" HPOS="678" VPOS="290" WIDTH="42" HEIGHT="15" WC="0.93" CONTENT="ena"/><SP WIDTH="15" VPOS="290" HPOS="720"/>
							<String ID="string_51" HPOS="735" VPOS="284" WIDTH="76" HEIGHT="28" WC="0.93" CONTENT="yrkas,"/><SP WIDTH="16" VPOS="284" HPOS="811"/>
							<String ID="string_52" HPOS="827" VPOS="284" WIDTH="34" HEIGHT="21" WC="0.96" CONTENT="att"/><SP WIDTH="15" VPOS="284" HPOS="861"/>
							<String ID="string_53" HPOS="876" VPOS="284" WIDTH="39" HEIGHT="21" WC="0.96" CONTENT="det"/><SP WIDTH="14" VPOS="284" HPOS="915"/>
							<String ID="string_54" HPOS="929" VPOS="284" WIDTH="80" HEIGHT="26" WC="0.96" CONTENT="deficit,"/>
						</TextLine>
						<TextLine ID="line_6" HPOS="186" VPOS="313" WIDTH="824" HEIGHT="29">
							<String ID="string_55" HPOS="186" VPOS="319" WIDTH="49" HEIGHT="16" WC="0.93" CONTENT="som"/><SP WIDTH="20" VPOS="319" HPOS="235"/>
							<String ID="string_56" HPOS="255" VPOS="313" WIDTH="92" HEIGHT="28" WC="0.93" CONTENT="uppstår"/><SP WIDTH="20" VPOS="313" HPOS="347"/>
							<String ID="string_57" HPOS="367" VPOS="314" WIDTH="128" HEIGHT="28" WC="0.92" CONTENT="derigenom"/><SP WIDTH="20" VPOS="314" HPOS="495"/>
							<String ID="string_58" HPOS="515" VPOS="315" WIDTH="34" HEIGHT="20" WC="0.80" CONTENT="att"/><SP WIDTH="20" VPOS="315" HPOS="549"/>
							<String ID="string_59" HPOS="569" VPOS="313" WIDTH="180" HEIGHT="29" WC="0.92" CONTENT="statsutgifterna"/><SP WIDTH="22" VPOS="313" HPOS="749"/>
							<String ID="string_60" HPOS="771" VPOS="314" WIDTH="36" HEIGHT="22" WC="0.96" CONTENT="för"/><SP WIDTH="15" VPOS="314" HPOS="807"/>
							<String ID="string_61" HPOS="822" VPOS="313" WIDTH="55" HEIGHT="22" WC="0.93" CONTENT="sista"/><SP WIDTH="15" VPOS="313" HPOS="877"/>
							<String ID="string_62" HPOS="892" VPOS="314" WIDTH="118" HEIGHT="22" WC="0.91" CONTENT="triennium"/>
						</TextLine>
						<TextLine ID="line_7" HPOS="186" VPOS="342" WIDTH="824" HEIGHT="30">
							<String ID="string_63" HPOS="186" VPOS="342" WIDTH="111" HEIGHT="23" WC="0.92" CONTENT="beräknas"/><SP WIDTH="23" VPOS="342" HPOS="297"/>
							<String ID="string_64" HPOS="320" VPOS="343" WIDTH="122" HEIGHT="29" WC="0.86" CONTENT="öfverstiga"/><SP WIDTH="23" VPOS="343" HPOS="442"/>
							<String ID="string_65" HPOS="465" VPOS="343" WIDTH="217" HEIGHT="27" WC="0.92" CONTENT="statsinkomsterna,"/><SP WIDTH="21" VPOS="343" HPOS="682"/>
							<String ID="string_66" HPOS="703" VPOS="343" WIDTH="58" HEIGHT="22" WC="0.95" CONTENT="skall"/><SP WIDTH="20" VPOS="343" HPOS="761"/>
							<String ID="string_67" HPOS="781" VPOS="343" WIDTH="7" HEIGHT="22" WC="0.93" CONTENT="i"/><SP WIDTH="17" VPOS="343" HPOS="788"/>
							<String ID="string_68" HPOS="805" VPOS="343" WIDTH="94" HEIGHT="22" WC="0.96" CONTENT="främsta"/><SP WIDTH="15" VPOS="343" HPOS="899"/>
							<String ID="string_69" HPOS="914" VPOS="344" WIDTH="96" HEIGHT="21" WC="0.96" CONTENT="rummet"/>
						</TextLine>
						<TextLine ID="line_8" HPOS="187" VPOS="372" WIDTH="823" HEIGHT="28">
							<String ID="string_70" HPOS="187" VPOS="372" WIDTH="68" HEIGHT="28" WC="0.96" CONTENT="fyllas"/><SP WIDTH="20" VPOS="372" HPOS="255"/>
							<String ID="string_71" HPOS="275" VPOS="373" WIDTH="52" HEIGHT="22" WC="0.93" CONTENT="med"/><SP WIDTH="20" VPOS="373" HPOS="327"/>
							<String ID="string_72" HPOS="347" VPOS="373" WIDTH="99" HEIGHT="22" WC="0.93" CONTENT="bankens"/><SP WIDTH="19" VPOS="373" HPOS="446"/>
							<String ID="string_73" HPOS="465" VPOS="373" WIDTH="116" HEIGHT="22" WC="0.92" CONTENT="blifvande"/><SP WIDTH="15" VPOS="373" HPOS="581"/>
							<String ID="string_74" HPOS="596" VPOS="373" WIDTH="135" HEIGHT="22" WC="0.83" CONTENT="vinstmedel"/><SP WIDTH="16" VPOS="373" HPOS="731"/>
							<String ID="string_75" HPOS="747" VPOS="373" WIDTH="43" HEIGHT="22" WC="0.96" CONTENT="och"/><SP WIDTH="15" VPOS="373" HPOS="790"/>
							<String ID="string_76" HPOS="805" VPOS="373" WIDTH="8" HEIGHT="21" WC="0.96" CONTENT="i"/><SP WIDTH="16" VPOS="373" HPOS="813"/>
							<String ID="string_77" HPOS="829" VPOS="373" WIDTH="70" HEIGHT="21" WC="0.93" CONTENT="andra"/><SP WIDTH="15" VPOS="373" HPOS="899"/>
							<String ID="string_78" HPOS="914" VPOS="375" WIDTH="96" HEIGHT="20" WC="0.95" CONTENT="rummet"/>
						</TextLine>
						<TextLine ID="line_9" HPOS="186" VPOS="402" WIDTH="824" HEIGHT="29">
							<String ID="string_79" HPOS="186" VPOS="408" WIDTH="82" HEIGHT="23" WC="0.89" CONTENT="genom"/><SP WIDTH="15" VPOS="408" HPOS="268"/>
							<String ID="string_80" HPOS="283" VPOS="403" WIDTH="128" HEIGHT="28" WC="0.89" CONTENT="bevillning;"/><SP WIDTH="17" VPOS="403" HPOS="411"/>
							<String ID="string_81" HPOS="428" VPOS="403" WIDTH="70" HEIGHT="28" WC="0.96" CONTENT="enligt"/><SP WIDTH="16" VPOS="403" HPOS="498"/>
							<String ID="string_82" HPOS="514" VPOS="403" WIDTH="43" HEIGHT="22" WC="0.96" CONTENT="den"/><SP WIDTH="16" VPOS="403" HPOS="557"/>
							<String ID="string_83" HPOS="573" VPOS="403" WIDTH="71" HEIGHT="22" WC="0.93" CONTENT="andra"/><SP WIDTH="14" VPOS="403" HPOS="644"/>
							<String ID="string_84" HPOS="658" VPOS="403" WIDTH="75" HEIGHT="28" WC="0.92" CONTENT="yrkas,"/><SP WIDTH="17" VPOS="403" HPOS="733"/>
							<String ID="string_85" HPOS="750" VPOS="404" WIDTH="34" HEIGHT="21" WC="0.97" CONTENT="att"/><SP WIDTH="11" VPOS="404" HPOS="784"/>
							<String ID="string_86" HPOS="795" VPOS="403" WIDTH="62" HEIGHT="22" WC="0.97" CONTENT="detta"/><SP WIDTH="11" VPOS="403" HPOS="857"/>
							<String ID="string_87" HPOS="868" VPOS="402" WIDTH="75" HEIGHT="23" WC="0.96" CONTENT="deficit"/><SP WIDTH="10" VPOS="402" HPOS="943"/>
							<String ID="string_88" HPOS="953" VPOS="403" WIDTH="57" HEIGHT="22" WC="0.96" CONTENT="skall"/>
						</TextLine>
						<TextLine ID="line_10" HPOS="186" VPOS="432" WIDTH="822" HEIGHT="29">
							<String ID="string_89" HPOS="186" VPOS="433" WIDTH="7" HEIGHT="21" WC="0.96" CONTENT="i"/><SP WIDTH="20" VPOS="433" HPOS="193"/>
							<String ID="string_90" HPOS="213" VPOS="432" WIDTH="54" HEIGHT="22" WC="0.93" CONTENT="sista"/><SP WIDTH="15" VPOS="432" HPOS="267"/>
							<String ID="string_91" HPOS="282" VPOS="434" WIDTH="97" HEIGHT="20" WC="0.92" CONTENT="rummet"/><SP WIDTH="15" VPOS="434" HPOS="379"/>
							<String ID="string_92" HPOS="394" VPOS="433" WIDTH="67" HEIGHT="28" WC="0.91" CONTENT="fyllas"/><SP WIDTH="16" VPOS="433" HPOS="461"/>
							<String ID="string_93" HPOS="477" VPOS="439" WIDTH="82" HEIGHT="22" WC="0.96" CONTENT="genom"/><SP WIDTH="15" VPOS="439" HPOS="559"/>
							<String ID="string_94" HPOS="574" VPOS="433" WIDTH="119" HEIGHT="28" WC="0.96" CONTENT="anvisning"/><SP WIDTH="15" VPOS="433" HPOS="693"/>
							<String ID="string_95" HPOS="708" VPOS="433" WIDTH="28" HEIGHT="28" WC="0.93" CONTENT="pä"/><SP WIDTH="15" VPOS="433" HPOS="736"/>
							<String ID="string_96" HPOS="751" VPOS="433" WIDTH="102" HEIGHT="22" WC="0.92" CONTENT="bankens"/><SP WIDTH="16" VPOS="433" HPOS="853"/>
							<String ID="string_97" HPOS="869" VPOS="433" WIDTH="139" HEIGHT="27" WC="0.92" CONTENT="vinstmedel,"/>
						</TextLine>
						<TextLine ID="line_11" HPOS="186" VPOS="463" WIDTH="824" HEIGHT="28">
							<String ID="string_98" HPOS="186" VPOS="469" WIDTH="52" HEIGHT="16" WC="0.95" CONTENT="men"/><SP WIDTH="20" VPOS="469" HPOS="238"/>
							<String ID="string_99" HPOS="258" VPOS="463" WIDTH="7" HEIGHT="22" WC="0.96" CONTENT="i"/><SP WIDTH="23" VPOS="463" HPOS="265"/>
							<String ID="string_100" HPOS="288" VPOS="463" WIDTH="70" HEIGHT="22" WC="0.93" CONTENT="första"/><SP WIDTH="20" VPOS="463" HPOS="358"/>
							<String ID="string_101" HPOS="378" VPOS="465" WIDTH="96" HEIGHT="20" WC="0.96" CONTENT="rummet"/><SP WIDTH="20" VPOS="465" HPOS="474"/>
							<String ID="string_102" HPOS="494" VPOS="469" WIDTH="82" HEIGHT="22" WC="0.90" CONTENT="genom"/><SP WIDTH="20" VPOS="469" HPOS="576"/>
							<String ID="string_103" HPOS="596" VPOS="463" WIDTH="129" HEIGHT="28" WC="0.72" CONTENT="bevillning."/><SP WIDTH="31" VPOS="463" HPOS="725"/>
							<String ID="string_104" HPOS="756" VPOS="463" WIDTH="71" HEIGHT="22" WC="0.96" CONTENT="Detta"/><SP WIDTH="20" VPOS="463" HPOS="827"/>
							<String ID="string_105" HPOS="847" VPOS="464" WIDTH="25" HEIGHT="21" WC="0.96" CONTENT="är"/><SP WIDTH="19" VPOS="464" HPOS="872"/>
							<String ID="string_106" HPOS="891" VPOS="463" WIDTH="43" HEIGHT="22" WC="0.96" CONTENT="den"/><SP WIDTH="16" VPOS="463" HPOS="934"/>
							<String ID="string_107" HPOS="950" VPOS="465" WIDTH="60" HEIGHT="20" WC="0.96" CONTENT="stora"/>
						</TextLine>
						<TextLine ID="line_12" HPOS="187" VPOS="492" WIDTH="822" HEIGHT="29">
							<String ID="string_108" HPOS="187" VPOS="492" WIDTH="78" HEIGHT="29" WC="0.95" CONTENT="frågan"/><SP WIDTH="23" VPOS="492" HPOS="265"/>
							<String ID="string_109" HPOS="288" VPOS="493" WIDTH="38" HEIGHT="21" WC="0.96" CONTENT="vid"/><SP WIDTH="23" VPOS="493" HPOS="326"/>
							<String ID="string_110" HPOS="349" VPOS="493" WIDTH="72" HEIGHT="22" WC="0.93" CONTENT="denna"/><SP WIDTH="23" VPOS="493" HPOS="421"/>
							<String ID="string_111" HPOS="444" VPOS="493" WIDTH="114" HEIGHT="28" WC="0.92" CONTENT="landtdag."/><SP WIDTH="32" VPOS="493" HPOS="558"/>
							<String ID="string_112" HPOS="590" VPOS="493" WIDTH="99" HEIGHT="28" WC="0.90" CONTENT="Frägans"/><SP WIDTH="23" VPOS="493" HPOS="689"/>
							<String ID="string_113" HPOS="712" VPOS="493" WIDTH="125" HEIGHT="28" WC="0.90" CONTENT="afgörande"/><SP WIDTH="22" VPOS="493" HPOS="837"/>
							<String ID="string_114" HPOS="859" VPOS="493" WIDTH="45" HEIGHT="22" WC="0.96" CONTENT="kan"/><SP WIDTH="20" VPOS="493" HPOS="904"/>
							<String ID="string_115" HPOS="924" VPOS="493" WIDTH="8" HEIGHT="22" WC="0.68" CONTENT="i"/><SP WIDTH="15" VPOS="493" HPOS="932"/>
							<String ID="string_116" HPOS="947" VPOS="493" WIDTH="62" HEIGHT="22" WC="0.95" CONTENT="afton"/>
						</TextLine>
						<TextLine ID="line_13" HPOS="186" VPOS="522" WIDTH="823" HEIGHT="29">
							<String ID="string_117" HPOS="186" VPOS="522" WIDTH="133" HEIGHT="28" WC="0.92" CONTENT="uppskjutas"/><SP WIDTH="21" VPOS="522" HPOS="319"/>
							<String ID="string_118" HPOS="340" VPOS="523" WIDTH="41" HEIGHT="22" WC="0.96" CONTENT="och"/><SP WIDTH="16" VPOS="523" HPOS="381"/>
							<String ID="string_119" HPOS="397" VPOS="523" WIDTH="37" HEIGHT="22" WC="0.96" CONTENT="det"/><SP WIDTH="16" VPOS="523" HPOS="434"/>
							<String ID="string_120" HPOS="450" VPOS="524" WIDTH="25" HEIGHT="21" WC="0.96" CONTENT="är"/><SP WIDTH="15" VPOS="524" HPOS="475"/>
							<String ID="string_121" HPOS="490" VPOS="523" WIDTH="69" HEIGHT="26" WC="0.97" CONTENT="detta,"/><SP WIDTH="16" VPOS="523" HPOS="559"/>
							<String ID="string_122" HPOS="575" VPOS="523" WIDTH="114" HEIGHT="28" WC="0.96" CONTENT="professor"/><SP WIDTH="14" VPOS="523" HPOS="689"/>
							<String ID="string_123" HPOS="703" VPOS="523" WIDTH="122" HEIGHT="28" WC="0.92" CONTENT="Runeberg"/><SP WIDTH="15" VPOS="523" HPOS="825"/>
							<String ID="string_124" HPOS="840" VPOS="522" WIDTH="101" HEIGHT="29" WC="0.92" CONTENT="päyrkat,"/><SP WIDTH="17" VPOS="522" HPOS="941"/>
							<String ID="string_125" HPOS="958" VPOS="529" WIDTH="51" HEIGHT="16" WC="0.96" CONTENT="men"/>
						</TextLine>
						<TextLine ID="line_14" HPOS="186" VPOS="552" WIDTH="822" HEIGHT="29">
							<String ID="string_126" HPOS="186" VPOS="552" WIDTH="43" HEIGHT="22" WC="0.96" CONTENT="den"/><SP WIDTH="20" VPOS="552" HPOS="229"/>
							<String ID="string_127" HPOS="249" VPOS="552" WIDTH="44" HEIGHT="22" WC="0.93" CONTENT="kan"/><SP WIDTH="21" VPOS="552" HPOS="293"/>
							<String ID="string_128" HPOS="314" VPOS="552" WIDTH="67" HEIGHT="23" WC="0.93" CONTENT="ocksä"/><SP WIDTH="18" VPOS="552" HPOS="381"/>
							<String ID="string_129" HPOS="399" VPOS="553" WIDTH="125" HEIGHT="28" WC="0.92" CONTENT="principielt"/><SP WIDTH="16" VPOS="553" HPOS="524"/>
							<String ID="string_130" HPOS="540" VPOS="553" WIDTH="97" HEIGHT="28" WC="0.91" CONTENT="afgöras."/><SP WIDTH="31" VPOS="553" HPOS="637"/>
							<String ID="string_131" HPOS="668" VPOS="552" WIDTH="89" HEIGHT="29" WC="0.91" CONTENT="Frägan"/><SP WIDTH="16" VPOS="552" HPOS="757"/>
							<String ID="string_132" HPOS="773" VPOS="553" WIDTH="26" HEIGHT="21" WC="0.96" CONTENT="är"/><SP WIDTH="13" VPOS="553" HPOS="799"/>
							<String ID="string_133" HPOS="812" VPOS="553" WIDTH="27" HEIGHT="27" WC="0.93" CONTENT="ju"/><SP WIDTH="16" VPOS="553" HPOS="839"/>
							<String ID="string_134" HPOS="855" VPOS="553" WIDTH="42" HEIGHT="21" WC="0.91" CONTENT="ock"/><SP WIDTH="15" VPOS="553" HPOS="897"/>
							<String ID="string_135" HPOS="912" VPOS="553" WIDTH="27" HEIGHT="22" WC="0.93" CONTENT="af"/><SP WIDTH="12" VPOS="553" HPOS="939"/>
							<String ID="string_136" HPOS="951" VPOS="553" WIDTH="57" HEIGHT="28" WC="0.93" CONTENT="prin-"/>
						</TextLine>
						<TextLine ID="line_15" HPOS="186" VPOS="582" WIDTH="822" HEIGHT="29">
							<String ID="string_137" HPOS="186" VPOS="582" WIDTH="65" HEIGHT="28" WC="0.91" CONTENT="cipiel"/><SP WIDTH="22" VPOS="582" HPOS="251"/>
							<String ID="string_138" HPOS="273" VPOS="583" WIDTH="72" HEIGHT="26" WC="0.96" CONTENT="natur,"/><SP WIDTH="23" VPOS="583" HPOS="345"/>
							<String ID="string_139" HPOS="368" VPOS="583" WIDTH="41" HEIGHT="22" WC="0.96" CONTENT="och"/><SP WIDTH="21" VPOS="583" HPOS="409"/>
							<String ID="string_140" HPOS="430" VPOS="583" WIDTH="35" HEIGHT="22" WC="0.96" CONTENT="för"/><SP WIDTH="22" VPOS="583" HPOS="465"/>
							<String ID="string_141" HPOS="487" VPOS="583" WIDTH="46" HEIGHT="22" WC="0.96" CONTENT="min"/><SP WIDTH="19" VPOS="583" HPOS="533"/>
							<String ID="string_142" HPOS="552" VPOS="583" WIDTH="36" HEIGHT="21" WC="0.96" CONTENT="del"/><SP WIDTH="16" VPOS="583" HPOS="588"/>
							<String ID="string_143" HPOS="604" VPOS="589" WIDTH="66" HEIGHT="16" WC="0.96" CONTENT="anser"/><SP WIDTH="13" VPOS="589" HPOS="670"/>
							<String ID="string_144" HPOS="683" VPOS="583" WIDTH="47" HEIGHT="28" WC="0.96" CONTENT="jag,"/><SP WIDTH="17" VPOS="583" HPOS="730"/>
							<String ID="string_145" HPOS="747" VPOS="584" WIDTH="34" HEIGHT="20" WC="0.95" CONTENT="att"/><SP WIDTH="16" VPOS="584" HPOS="781"/>
							<String ID="string_146" HPOS="797" VPOS="583" WIDTH="44" HEIGHT="22" WC="0.96" CONTENT="den"/><SP WIDTH="14" VPOS="583" HPOS="841"/>
							<String ID="string_147" HPOS="855" VPOS="582" WIDTH="41" HEIGHT="22" WC="0.93" CONTENT="bör"/><SP WIDTH="15" VPOS="582" HPOS="896"/>
							<String ID="string_148" HPOS="911" VPOS="582" WIDTH="97" HEIGHT="29" WC="0.91" CONTENT="afgöras,"/>
						</TextLine>
						<TextLine ID="line_16" HPOS="186" VPOS="612" WIDTH="822" HEIGHT="29">
							<String ID="string_149" HPOS="186" VPOS="612" WIDTH="105" HEIGHT="22" WC="0.92" CONTENT="särskildt"/><SP WIDTH="15" VPOS="612" HPOS="291"/>
							<String ID="string_150" HPOS="306" VPOS="612" WIDTH="28" HEIGHT="29" WC="0.96" CONTENT="pä"/><SP WIDTH="15" VPOS="612" HPOS="334"/>
							<String ID="string_151" HPOS="349" VPOS="613" WIDTH="38" HEIGHT="21" WC="0.96" CONTENT="det"/><SP WIDTH="16" VPOS="613" HPOS="387"/>
							<String ID="string_152" HPOS="403" VPOS="614" WIDTH="32" HEIGHT="21" WC="0.93" CONTENT="att"/><SP WIDTH="15" VPOS="614" HPOS="435"/>
							<String ID="string_153" HPOS="450" VPOS="613" WIDTH="246" HEIGHT="28" WC="0.91" CONTENT="bevillningsutskottet"/><SP WIDTH="14" VPOS="613" HPOS="696"/>
							<String ID="string_154" HPOS="710" VPOS="612" WIDTH="70" HEIGHT="23" WC="0.93" CONTENT="mätte"/><SP WIDTH="17" VPOS="612" HPOS="780"/>
							<String ID="string_155" HPOS="797" VPOS="612" WIDTH="22" HEIGHT="22" WC="0.93" CONTENT="fä"/><SP WIDTH="15" VPOS="612" HPOS="819"/>
							<String ID="string_156" HPOS="834" VPOS="613" WIDTH="59" HEIGHT="26" WC="0.93" CONTENT="veta,"/><SP WIDTH="16" VPOS="613" HPOS="893"/>
							<String ID="string_157" HPOS="909" VPOS="612" WIDTH="99" HEIGHT="23" WC="0.93" CONTENT="hvilken-"/>
						</TextLine>
						<TextLine ID="line_17" HPOS="185" VPOS="641" WIDTH="526" HEIGHT="30">
							<String ID="string_158" HPOS="185" VPOS="642" WIDTH="55" HEIGHT="21" WC="0.92" CONTENT="dera"/><SP WIDTH="15" VPOS="642" HPOS="240"/>
							<String ID="string_159" HPOS="255" VPOS="641" WIDTH="87" HEIGHT="30" WC="0.92" CONTENT="äsigten"/><SP WIDTH="14" VPOS="641" HPOS="342"/>
							<String ID="string_160" HPOS="356" VPOS="643" WIDTH="61" HEIGHT="21" WC="0.93" CONTENT="inom"/><SP WIDTH="15" VPOS="643" HPOS="417"/>
							<String ID="string_161" HPOS="432" VPOS="642" WIDTH="88" HEIGHT="22" WC="0.92" CONTENT="ständet"/><SP WIDTH="15" VPOS="642" HPOS="520"/>
							<String ID="string_162" HPOS="535" VPOS="643" WIDTH="41" HEIGHT="21" WC="0.93" CONTENT="har"/><SP WIDTH="16" VPOS="643" HPOS="576"/>
							<String ID="string_163" HPOS="592" VPOS="643" WIDTH="119" HEIGHT="27" WC="0.91" CONTENT="majoritet."/>
						</TextLine>
					</TextBlock>
					<TextBlock ID="block_2" HPOS="181" VPOS="672" WIDTH="827" HEIGHT="767">
						<TextLine ID="line_18" HPOS="256" VPOS="672" WIDTH="752" HEIGHT="29">
							<String ID="string_164" HPOS="256" VPOS="672" WIDTH="44" HEIGHT="29" WC="0.96" CONTENT="Jag"/><SP WIDTH="16" VPOS="672" HPOS="300"/>
							<String ID="string_165" HPOS="316" VPOS="672" WIDTH="34" HEIGHT="22" WC="0.96" CONTENT="för"/><SP WIDTH="15" VPOS="672" HPOS="350"/>
							<String ID="string_166" HPOS="365" VPOS="673" WIDTH="46" HEIGHT="21" WC="0.96" CONTENT="min"/><SP WIDTH="15" VPOS="673" HPOS="411"/>
							<String ID="string_167" HPOS="426" VPOS="673" WIDTH="36" HEIGHT="22" WC="0.96" CONTENT="del"/><SP WIDTH="16" VPOS="673" HPOS="462"/>
							<String ID="string_168" HPOS="478" VPOS="673" WIDTH="106" HEIGHT="21" WC="0.96" CONTENT="omfattar"/><SP WIDTH="16" VPOS="673" HPOS="584"/>
							<String ID="string_169" HPOS="600" VPOS="672" WIDTH="44" HEIGHT="22" WC="0.93" CONTENT="den"/><SP WIDTH="15" VPOS="672" HPOS="644"/>
							<String ID="string_170" HPOS="659" VPOS="672" WIDTH="63" HEIGHT="28" WC="0.90" CONTENT="äsigt,"/><SP WIDTH="16" VPOS="672" HPOS="722"/>
							<String ID="string_171" HPOS="738" VPOS="678" WIDTH="50" HEIGHT="16" WC="0.96" CONTENT="som"/><SP WIDTH="15" VPOS="678" HPOS="788"/>
							<String ID="string_172" HPOS="803" VPOS="672" WIDTH="41" HEIGHT="22" WC="0.96" CONTENT="här"/><SP WIDTH="15" VPOS="672" HPOS="844"/>
							<String ID="string_173" HPOS="859" VPOS="672" WIDTH="26" HEIGHT="22" WC="0.93" CONTENT="af"/><SP WIDTH="14" VPOS="672" HPOS="885"/>
							<String ID="string_174" HPOS="899" VPOS="672" WIDTH="109" HEIGHT="28" WC="0.93" CONTENT="professo-"/>
						</TextLine>
						<TextLine ID="line_19" HPOS="185" VPOS="702" WIDTH="823" HEIGHT="28">
							<String ID="string_175" HPOS="185" VPOS="707" WIDTH="66" HEIGHT="16" WC="0.96" CONTENT="rerna"/><SP WIDTH="22" VPOS="707" HPOS="251"/>
							<String ID="string_176" HPOS="273" VPOS="702" WIDTH="122" HEIGHT="22" WC="0.96" CONTENT="Danielson"/><SP WIDTH="22" VPOS="702" HPOS="395"/>
							<String ID="string_177" HPOS="417" VPOS="703" WIDTH="42" HEIGHT="22" WC="0.96" CONTENT="och"/><SP WIDTH="20" VPOS="703" HPOS="459"/>
							<String ID="string_178" HPOS="479" VPOS="703" WIDTH="109" HEIGHT="21" WC="0.96" CONTENT="Forsman"/><SP WIDTH="21" VPOS="703" HPOS="588"/>
							<String ID="string_179" HPOS="609" VPOS="709" WIDTH="29" HEIGHT="15" WC="0.96" CONTENT="m."/><SP WIDTH="21" VPOS="709" HPOS="638"/>
							<String ID="string_180" HPOS="659" VPOS="702" WIDTH="22" HEIGHT="22" WC="0.95" CONTENT="fl."/><SP WIDTH="22" VPOS="702" HPOS="681"/>
							<String ID="string_181" HPOS="703" VPOS="702" WIDTH="136" HEIGHT="28" WC="0.96" CONTENT="föregående"/><SP WIDTH="16" VPOS="702" HPOS="839"/>
							<String ID="string_182" HPOS="855" VPOS="702" WIDTH="67" HEIGHT="21" WC="0.96" CONTENT="ärade"/><SP WIDTH="16" VPOS="702" HPOS="922"/>
							<String ID="string_183" HPOS="938" VPOS="702" WIDTH="70" HEIGHT="21" WC="0.96" CONTENT="talare"/>
						</TextLine>
						<TextLine ID="line_20" HPOS="185" VPOS="731" WIDTH="823" HEIGHT="30">
							<String ID="string_184" HPOS="185" VPOS="731" WIDTH="74" HEIGHT="22" WC="0.95" CONTENT="blifvit"/><SP WIDTH="23" VPOS="731" HPOS="259"/>
							<String ID="string_185" HPOS="282" VPOS="732" WIDTH="93" HEIGHT="22" WC="0.94" CONTENT="uttalad."/><SP WIDTH="32" VPOS="732" HPOS="375"/>
							<String ID="string_186" HPOS="407" VPOS="733" WIDTH="43" HEIGHT="28" WC="0.96" CONTENT="Jag"/><SP WIDTH="20" VPOS="733" HPOS="450"/>
							<String ID="string_187" HPOS="470" VPOS="738" WIDTH="66" HEIGHT="16" WC="0.95" CONTENT="anser"/><SP WIDTH="23" VPOS="738" HPOS="536"/>
							<String ID="string_188" HPOS="559" VPOS="733" WIDTH="34" HEIGHT="20" WC="0.93" CONTENT="att"/><SP WIDTH="30" VPOS="733" HPOS="593"/>
							<String ID="string_189" HPOS="623" VPOS="732" WIDTH="150" HEIGHT="22" WC="0.92" CONTENT="bankvinsten"/><SP WIDTH="26" VPOS="732" HPOS="773"/>
							<String ID="string_190" HPOS="799" VPOS="732" WIDTH="7" HEIGHT="21" WC="0.95" CONTENT="i"/><SP WIDTH="26" VPOS="732" HPOS="806"/>
							<String ID="string_191" HPOS="832" VPOS="732" WIDTH="55" HEIGHT="21" WC="0.95" CONTENT="sista"/><SP WIDTH="25" VPOS="732" HPOS="887"/>
							<String ID="string_192" HPOS="912" VPOS="733" WIDTH="96" HEIGHT="20" WC="0.96" CONTENT="rummet"/>
						</TextLine>
						<TextLine ID="line_21" HPOS="184" VPOS="761" WIDTH="824" HEIGHT="29">
							<String ID="string_193" HPOS="184" VPOS="761" WIDTH="41" HEIGHT="22" WC="0.96" CONTENT="bör"/><SP WIDTH="15" VPOS="761" HPOS="225"/>
							<String ID="string_194" HPOS="240" VPOS="763" WIDTH="65" HEIGHT="26" WC="0.96" CONTENT="tagas"/><SP WIDTH="15" VPOS="763" HPOS="305"/>
							<String ID="string_195" HPOS="320" VPOS="762" WIDTH="7" HEIGHT="21" WC="0.96" CONTENT="i"/><SP WIDTH="16" VPOS="762" HPOS="327"/>
							<String ID="string_196" HPOS="343" VPOS="761" WIDTH="101" HEIGHT="29" WC="0.96" CONTENT="anspråk,"/><SP WIDTH="17" VPOS="761" HPOS="444"/>
							<String ID="string_197" HPOS="461" VPOS="762" WIDTH="41" HEIGHT="22" WC="0.96" CONTENT="och"/><SP WIDTH="14" VPOS="762" HPOS="502"/>
							<String ID="string_198" HPOS="516" VPOS="762" WIDTH="41" HEIGHT="28" WC="0.96" CONTENT="jag"/><SP WIDTH="15" VPOS="762" HPOS="557"/>
							<String ID="string_199" HPOS="572" VPOS="763" WIDTH="26" HEIGHT="20" WC="0.97" CONTENT="är"/><SP WIDTH="15" VPOS="763" HPOS="598"/>
							<String ID="string_200" HPOS="613" VPOS="762" WIDTH="27" HEIGHT="22" WC="0.96" CONTENT="af"/><SP WIDTH="13" VPOS="762" HPOS="640"/>
							<String ID="string_201" HPOS="653" VPOS="762" WIDTH="72" HEIGHT="21" WC="0.96" CONTENT="denna"/><SP WIDTH="16" VPOS="762" HPOS="725"/>
							<String ID="string_202" HPOS="741" VPOS="762" WIDTH="92" HEIGHT="27" WC="0.96" CONTENT="mening"/><SP WIDTH="15" VPOS="762" HPOS="833"/>
							<String ID="string_203" HPOS="848" VPOS="761" WIDTH="49" HEIGHT="22" WC="0.96" CONTENT="icke"/><SP WIDTH="11" VPOS="761" HPOS="897"/>
							<String ID="string_204" HPOS="908" VPOS="761" WIDTH="57" HEIGHT="22" WC="0.96" CONTENT="blott"/><SP WIDTH="9" VPOS="761" HPOS="965"/>
							<String ID="string_205" HPOS="974" VPOS="761" WIDTH="34" HEIGHT="22" WC="0.96" CONTENT="för"/>
						</TextLine>
						<TextLine ID="line_22" HPOS="184" VPOS="791" WIDTH="822" HEIGHT="28">
							<String ID="string_206" HPOS="184" VPOS="791" WIDTH="101" HEIGHT="22" WC="0.96" CONTENT="bankens"/><SP WIDTH="23" VPOS="791" HPOS="285"/>
							<String ID="string_207" HPOS="308" VPOS="792" WIDTH="65" HEIGHT="27" WC="0.96" CONTENT="skull,"/><SP WIDTH="23" VPOS="792" HPOS="373"/>
							<String ID="string_208" HPOS="396" VPOS="793" WIDTH="54" HEIGHT="21" WC="0.96" CONTENT="utan"/><SP WIDTH="23" VPOS="793" HPOS="450"/>
							<String ID="string_209" HPOS="473" VPOS="791" WIDTH="67" HEIGHT="22" WC="0.96" CONTENT="också"/><SP WIDTH="21" VPOS="791" HPOS="540"/>
							<String ID="string_210" HPOS="561" VPOS="792" WIDTH="35" HEIGHT="21" WC="0.96" CONTENT="för"/><SP WIDTH="21" VPOS="792" HPOS="596"/>
							<String ID="string_211" HPOS="617" VPOS="792" WIDTH="108" HEIGHT="21" WC="0.96" CONTENT="handelns"/><SP WIDTH="22" VPOS="792" HPOS="725"/>
							<String ID="string_212" HPOS="747" VPOS="792" WIDTH="42" HEIGHT="21" WC="0.96" CONTENT="och"/><SP WIDTH="16" VPOS="792" HPOS="789"/>
							<String ID="string_213" HPOS="805" VPOS="791" WIDTH="120" HEIGHT="22" WC="0.92" CONTENT="industrins"/><SP WIDTH="16" VPOS="791" HPOS="925"/>
							<String ID="string_214" HPOS="941" VPOS="791" WIDTH="65" HEIGHT="27" WC="0.96" CONTENT="skull,"/>
						</TextLine>
						<TextLine ID="line_23" HPOS="184" VPOS="821" WIDTH="822" HEIGHT="29">
							<String ID="string_215" HPOS="184" VPOS="821" WIDTH="87" HEIGHT="22" WC="0.96" CONTENT="således"/><SP WIDTH="24" VPOS="821" HPOS="271"/>
							<String ID="string_216" HPOS="295" VPOS="822" WIDTH="93" HEIGHT="21" WC="0.96" CONTENT="emedan"/><SP WIDTH="21" VPOS="822" HPOS="388"/>
							<String ID="string_217" HPOS="409" VPOS="822" WIDTH="70" HEIGHT="28" WC="0.96" CONTENT="enligt"/><SP WIDTH="23" VPOS="822" HPOS="479"/>
							<String ID="string_218" HPOS="502" VPOS="821" WIDTH="73" HEIGHT="22" WC="0.93" CONTENT="denna"/><SP WIDTH="23" VPOS="821" HPOS="575"/>
							<String ID="string_219" HPOS="598" VPOS="821" WIDTH="58" HEIGHT="28" WC="0.92" CONTENT="åsigt"/><SP WIDTH="20" VPOS="821" HPOS="656"/>
							<String ID="string_220" HPOS="676" VPOS="821" WIDTH="88" HEIGHT="22" WC="0.96" CONTENT="landets"/><SP WIDTH="21" VPOS="821" HPOS="764"/>
							<String ID="string_221" HPOS="785" VPOS="821" WIDTH="129" HEIGHT="28" WC="0.95" CONTENT="utveckling"/><SP WIDTH="20" VPOS="821" HPOS="914"/>
							<String ID="string_222" HPOS="934" VPOS="821" WIDTH="72" HEIGHT="22" WC="0.95" CONTENT="bättre"/>
						</TextLine>
						<TextLine ID="line_24" HPOS="184" VPOS="851" WIDTH="822" HEIGHT="28">
							<String ID="string_223" HPOS="184" VPOS="851" WIDTH="129" HEIGHT="28" WC="0.91" CONTENT="befrämjes."/><SP WIDTH="31" VPOS="851" HPOS="313"/>
							<String ID="string_224" HPOS="344" VPOS="851" WIDTH="43" HEIGHT="28" WC="0.96" CONTENT="Jag"/><SP WIDTH="24" VPOS="851" HPOS="387"/>
							<String ID="string_225" HPOS="411" VPOS="857" WIDTH="65" HEIGHT="16" WC="0.96" CONTENT="anser"/><SP WIDTH="20" VPOS="857" HPOS="476"/>
							<String ID="string_226" HPOS="496" VPOS="851" WIDTH="36" HEIGHT="22" WC="0.96" CONTENT="för"/><SP WIDTH="20" VPOS="851" HPOS="532"/>
							<String ID="string_227" HPOS="552" VPOS="853" WIDTH="34" HEIGHT="20" WC="0.96" CONTENT="att"/><SP WIDTH="19" VPOS="853" HPOS="586"/>
							<String ID="string_228" HPOS="605" VPOS="853" WIDTH="53" HEIGHT="26" WC="0.96" CONTENT="taga"/><SP WIDTH="19" VPOS="853" HPOS="658"/>
							<String ID="string_229" HPOS="677" VPOS="853" WIDTH="32" HEIGHT="20" WC="0.96" CONTENT="ett"/><SP WIDTH="16" VPOS="853" HPOS="709"/>
							<String ID="string_230" HPOS="725" VPOS="851" WIDTH="111" HEIGHT="28" WC="0.96" CONTENT="exempel,"/><SP WIDTH="16" VPOS="851" HPOS="836"/>
							<String ID="string_231" HPOS="852" VPOS="853" WIDTH="33" HEIGHT="19" WC="0.96" CONTENT="att"/><SP WIDTH="15" VPOS="853" HPOS="885"/>
							<String ID="string_232" HPOS="900" VPOS="851" WIDTH="38" HEIGHT="21" WC="0.96" CONTENT="det"/><SP WIDTH="15" VPOS="851" HPOS="938"/>
							<String ID="string_233" HPOS="953" VPOS="857" WIDTH="53" HEIGHT="15" WC="0.95" CONTENT="vore"/>
						</TextLine>
						<TextLine ID="line_25" HPOS="184" VPOS="880" WIDTH="822" HEIGHT="29">
							<String ID="string_234" HPOS="184" VPOS="880" WIDTH="65" HEIGHT="29" WC="0.96" CONTENT="högst"/><SP WIDTH="16" VPOS="880" HPOS="249"/>
							<String ID="string_235" HPOS="265" VPOS="881" WIDTH="38" HEIGHT="22" WC="0.93" CONTENT="illa"/><SP WIDTH="15" VPOS="881" HPOS="303"/>
							<String ID="string_236" HPOS="318" VPOS="881" WIDTH="75" HEIGHT="27" WC="0.92" CONTENT="stäldt,"/><SP WIDTH="16" VPOS="881" HPOS="393"/>
							<String ID="string_237" HPOS="409" VPOS="888" WIDTH="36" HEIGHT="16" WC="0.96" CONTENT="om"/><SP WIDTH="11" VPOS="888" HPOS="445"/>
							<String ID="string_238" HPOS="456" VPOS="881" WIDTH="106" HEIGHT="22" WC="0.96" CONTENT="Finlands"/><SP WIDTH="10" VPOS="881" HPOS="562"/>
							<String ID="string_239" HPOS="572" VPOS="881" WIDTH="71" HEIGHT="27" WC="0.96" CONTENT="Bank,"/><SP WIDTH="12" VPOS="881" HPOS="643"/>
							<String ID="string_240" HPOS="655" VPOS="881" WIDTH="27" HEIGHT="22" WC="0.96" CONTENT="då"/><SP WIDTH="10" VPOS="881" HPOS="682"/>
							<String ID="string_241" HPOS="692" VPOS="888" WIDTH="29" HEIGHT="15" WC="0.96" CONTENT="en"/><SP WIDTH="9" VPOS="888" HPOS="721"/>
							<String ID="string_242" HPOS="730" VPOS="881" WIDTH="174" HEIGHT="22" WC="0.96" CONTENT="industriidkare"/><SP WIDTH="10" VPOS="881" HPOS="904"/>
							<String ID="string_243" HPOS="914" VPOS="881" WIDTH="39" HEIGHT="21" WC="0.93" CONTENT="vill"/><SP WIDTH="12" VPOS="881" HPOS="953"/>
							<String ID="string_244" HPOS="965" VPOS="881" WIDTH="41" HEIGHT="21" WC="0.91" CONTENT="dis-"/>
						</TextLine>
						<TextLine ID="line_26" HPOS="183" VPOS="910" WIDTH="823" HEIGHT="29">
							<String ID="string_245" HPOS="183" VPOS="910" WIDTH="94" HEIGHT="22" WC="0.92" CONTENT="kontera"/><SP WIDTH="24" VPOS="910" HPOS="277"/>
							<String ID="string_246" HPOS="301" VPOS="917" WIDTH="28" HEIGHT="16" WC="0.93" CONTENT="en"/><SP WIDTH="22" VPOS="917" HPOS="329"/>
							<String ID="string_247" HPOS="351" VPOS="912" WIDTH="66" HEIGHT="21" WC="0.91" CONTENT="vexel"/><SP WIDTH="23" VPOS="912" HPOS="417"/>
							<String ID="string_248" HPOS="440" VPOS="912" WIDTH="26" HEIGHT="21" WC="0.96" CONTENT="af"/><SP WIDTH="20" VPOS="912" HPOS="466"/>
							<String ID="string_249" HPOS="486" VPOS="912" WIDTH="72" HEIGHT="27" WC="0.96" CONTENT="prima"/><SP WIDTH="22" VPOS="912" HPOS="558"/>
							<String ID="string_250" HPOS="580" VPOS="911" WIDTH="163" HEIGHT="27" WC="0.94" CONTENT="beskaffenhet,"/><SP WIDTH="25" VPOS="911" HPOS="743"/>
							<String ID="string_251" HPOS="768" VPOS="911" WIDTH="73" HEIGHT="21" WC="0.95" CONTENT="denna"/><SP WIDTH="18" VPOS="911" HPOS="841"/>
							<String ID="string_252" HPOS="859" VPOS="911" WIDTH="60" HEIGHT="21" WC="0.96" CONTENT="bank"/><SP WIDTH="15" VPOS="911" HPOS="919"/>
							<String ID="string_253" HPOS="934" VPOS="910" WIDTH="72" HEIGHT="22" WC="0.95" CONTENT="skulle"/>
						</TextLine>
						<TextLine ID="line_27" HPOS="183" VPOS="940" WIDTH="822" HEIGHT="29">
							<String ID="string_254" HPOS="183" VPOS="940" WIDTH="86" HEIGHT="28" WC="0.92" CONTENT="nödgas"/><SP WIDTH="16" VPOS="940" HPOS="269"/>
							<String ID="string_255" HPOS="285" VPOS="947" WIDTH="75" HEIGHT="16" WC="0.93" CONTENT="svara:"/><SP WIDTH="19" VPOS="947" HPOS="360"/>
							<String ID="string_256" HPOS="379" VPOS="942" WIDTH="34" HEIGHT="25" WC="0.92" CONTENT=",vi"/><SP WIDTH="15" VPOS="942" HPOS="413"/>
							<String ID="string_257" HPOS="428" VPOS="941" WIDTH="72" HEIGHT="22" WC="0.96" CONTENT="skulle"/><SP WIDTH="22" VPOS="941" HPOS="500"/>
							<String ID="string_258" HPOS="522" VPOS="941" WIDTH="91" HEIGHT="28" WC="0.96" CONTENT="mycket"/><SP WIDTH="15" VPOS="941" HPOS="613"/>
							<String ID="string_259" HPOS="628" VPOS="947" WIDTH="69" HEIGHT="22" WC="0.93" CONTENT="gerna"/><SP WIDTH="16" VPOS="947" HPOS="697"/>
							<String ID="string_260" HPOS="713" VPOS="942" WIDTH="116" HEIGHT="27" WC="0.92" CONTENT="emottaga"/><SP WIDTH="15" VPOS="942" HPOS="829"/>
							<String ID="string_261" HPOS="844" VPOS="940" WIDTH="73" HEIGHT="22" WC="0.93" CONTENT="denna"/><SP WIDTH="15" VPOS="940" HPOS="917"/>
							<String ID="string_262" HPOS="932" VPOS="940" WIDTH="73" HEIGHT="27" WC="0.91" CONTENT="vexel,"/>
						</TextLine>
						<TextLine ID="line_28" HPOS="184" VPOS="970" WIDTH="822" HEIGHT="29">
							<String ID="string_263" HPOS="184" VPOS="976" WIDTH="51" HEIGHT="16" WC="0.96" CONTENT="men"/><SP WIDTH="16" VPOS="976" HPOS="235"/>
							<String ID="string_264" HPOS="251" VPOS="970" WIDTH="22" HEIGHT="22" WC="0.96" CONTENT="vi"/><SP WIDTH="16" VPOS="970" HPOS="273"/>
							<String ID="string_265" HPOS="289" VPOS="971" WIDTH="76" HEIGHT="22" WC="0.96" CONTENT="kunna"/><SP WIDTH="14" VPOS="971" HPOS="365"/>
							<String ID="string_266" HPOS="379" VPOS="971" WIDTH="56" HEIGHT="26" WC="0.96" CONTENT="icke,"/><SP WIDTH="16" VPOS="971" HPOS="435"/>
							<String ID="string_267" HPOS="451" VPOS="972" WIDTH="25" HEIGHT="26" WC="0.96" CONTENT="ty"/><SP WIDTH="15" VPOS="972" HPOS="476"/>
							<String ID="string_268" HPOS="491" VPOS="970" WIDTH="50" HEIGHT="23" WC="0.96" CONTENT="vårt"/><SP WIDTH="15" VPOS="970" HPOS="541"/>
							<String ID="string_269" HPOS="556" VPOS="971" WIDTH="85" HEIGHT="28" WC="0.95" CONTENT="kapital"/><SP WIDTH="16" VPOS="971" HPOS="641"/>
							<String ID="string_270" HPOS="657" VPOS="972" WIDTH="24" HEIGHT="20" WC="0.93" CONTENT="är"/><SP WIDTH="16" VPOS="972" HPOS="681"/>
							<String ID="string_271" HPOS="697" VPOS="970" WIDTH="170" HEIGHT="22" WC="0.76" CONTENT="förminskadt*."/><SP WIDTH="32" VPOS="970" HPOS="867"/>
							<String ID="string_272" HPOS="899" VPOS="970" WIDTH="107" HEIGHT="22" WC="0.91" CONTENT="Deremot"/>
						</TextLine>
						<TextLine ID="line_29" HPOS="183" VPOS="1000" WIDTH="823" HEIGHT="29">
							<String ID="string_273" HPOS="183" VPOS="1006" WIDTH="54" HEIGHT="16" WC="0.96" CONTENT="vore"/><SP WIDTH="19" VPOS="1006" HPOS="237"/>
							<String ID="string_274" HPOS="256" VPOS="1000" WIDTH="71" HEIGHT="28" WC="0.96" CONTENT="enligt"/><SP WIDTH="18" VPOS="1000" HPOS="327"/>
							<String ID="string_275" HPOS="345" VPOS="1001" WIDTH="45" HEIGHT="21" WC="0.96" CONTENT="min"/><SP WIDTH="15" VPOS="1001" HPOS="390"/>
							<String ID="string_276" HPOS="405" VPOS="1001" WIDTH="90" HEIGHT="28" WC="0.93" CONTENT="mening"/><SP WIDTH="15" VPOS="1001" HPOS="495"/>
							<String ID="string_277" HPOS="510" VPOS="1001" WIDTH="150" HEIGHT="27" WC="0.93" CONTENT="olägenheten"/><SP WIDTH="16" VPOS="1001" HPOS="660"/>
							<String ID="string_278" HPOS="676" VPOS="1000" WIDTH="35" HEIGHT="22" WC="0.96" CONTENT="för"/><SP WIDTH="15" VPOS="1000" HPOS="711"/>
							<String ID="string_279" HPOS="726" VPOS="1000" WIDTH="173" HEIGHT="22" WC="0.96" CONTENT="industriidkare"/><SP WIDTH="16" VPOS="1000" HPOS="899"/>
							<String ID="string_280" HPOS="915" VPOS="1000" WIDTH="91" HEIGHT="28" WC="0.96" CONTENT="mycket"/>
						</TextLine>
						<TextLine ID="line_30" HPOS="183" VPOS="1030" WIDTH="823" HEIGHT="28">
							<String ID="string_281" HPOS="183" VPOS="1030" WIDTH="93" HEIGHT="27" WC="0.96" CONTENT="mindre,"/><SP WIDTH="9" VPOS="1030" HPOS="276"/>
							<String ID="string_282" HPOS="285" VPOS="1036" WIDTH="37" HEIGHT="16" WC="0.93" CONTENT="om"/><SP WIDTH="15" VPOS="1036" HPOS="322"/>
							<String ID="string_283" HPOS="337" VPOS="1030" WIDTH="88" HEIGHT="27" WC="0.91" CONTENT="vexeln,"/><SP WIDTH="17" VPOS="1030" HPOS="425"/>
							<String ID="string_284" HPOS="442" VPOS="1030" WIDTH="34" HEIGHT="22" WC="0.96" CONTENT="för"/><SP WIDTH="12" VPOS="1030" HPOS="476"/>
							<String ID="string_285" HPOS="488" VPOS="1032" WIDTH="34" HEIGHT="20" WC="0.96" CONTENT="att"/><SP WIDTH="10" VPOS="1032" HPOS="522"/>
							<String ID="string_286" HPOS="532" VPOS="1030" WIDTH="77" HEIGHT="22" WC="0.93" CONTENT="kunna"/><SP WIDTH="11" VPOS="1030" HPOS="609"/>
							<String ID="string_287" HPOS="620" VPOS="1030" WIDTH="147" HEIGHT="27" WC="0.92" CONTENT="diskonteras,"/><SP WIDTH="12" VPOS="1030" HPOS="767"/>
							<String ID="string_288" HPOS="779" VPOS="1030" WIDTH="71" HEIGHT="22" WC="0.96" CONTENT="måste"/><SP WIDTH="10" VPOS="1030" HPOS="850"/>
							<String ID="string_289" HPOS="860" VPOS="1036" WIDTH="55" HEIGHT="16" WC="0.96" CONTENT="vara"/><SP WIDTH="10" VPOS="1036" HPOS="915"/>
							<String ID="string_290" HPOS="925" VPOS="1030" WIDTH="81" HEIGHT="28" WC="0.96" CONTENT="belagd"/>
						</TextLine>
						<TextLine ID="line_31" HPOS="183" VPOS="1059" WIDTH="823" HEIGHT="29">
							<String ID="string_291" HPOS="183" VPOS="1060" WIDTH="52" HEIGHT="21" WC="0.93" CONTENT="med"/><SP WIDTH="16" VPOS="1060" HPOS="235"/>
							<String ID="string_292" HPOS="251" VPOS="1060" WIDTH="179" HEIGHT="28" WC="0.90" CONTENT="stämpelmärke."/><SP WIDTH="23" VPOS="1060" HPOS="430"/>
							<String ID="string_293" HPOS="453" VPOS="1060" WIDTH="45" HEIGHT="22" WC="0.96" CONTENT="Det"/><SP WIDTH="16" VPOS="1060" HPOS="498"/>
							<String ID="string_294" HPOS="514" VPOS="1060" WIDTH="61" HEIGHT="22" WC="0.96" CONTENT="förra"/><SP WIDTH="16" VPOS="1060" HPOS="575"/>
							<String ID="string_295" HPOS="591" VPOS="1060" WIDTH="63" HEIGHT="22" WC="0.96" CONTENT="fallet"/><SP WIDTH="16" VPOS="1060" HPOS="654"/>
							<String ID="string_296" HPOS="670" VPOS="1060" WIDTH="72" HEIGHT="22" WC="0.96" CONTENT="skulle"/><SP WIDTH="12" VPOS="1060" HPOS="742"/>
							<String ID="string_297" HPOS="754" VPOS="1066" WIDTH="55" HEIGHT="16" WC="0.96" CONTENT="vara"/><SP WIDTH="11" VPOS="1066" HPOS="809"/>
							<String ID="string_298" HPOS="820" VPOS="1066" WIDTH="28" HEIGHT="15" WC="0.96" CONTENT="en"/><SP WIDTH="11" VPOS="1066" HPOS="848"/>
							<String ID="string_299" HPOS="859" VPOS="1059" WIDTH="90" HEIGHT="28" WC="0.96" CONTENT="mycket"/><SP WIDTH="11" VPOS="1059" HPOS="949"/>
							<String ID="string_300" HPOS="960" VPOS="1061" WIDTH="46" HEIGHT="20" WC="0.96" CONTENT="stor"/>
						</TextLine>
						<TextLine ID="line_32" HPOS="183" VPOS="1089" WIDTH="822" HEIGHT="29">
							<String ID="string_301" HPOS="183" VPOS="1089" WIDTH="120" HEIGHT="28" WC="0.96" CONTENT="olägenhet"/><SP WIDTH="16" VPOS="1089" HPOS="303"/>
							<String ID="string_302" HPOS="319" VPOS="1090" WIDTH="35" HEIGHT="22" WC="0.96" CONTENT="för"/><SP WIDTH="15" VPOS="1090" HPOS="354"/>
							<String ID="string_303" HPOS="369" VPOS="1090" WIDTH="96" HEIGHT="22" WC="0.96" CONTENT="handeln"/><SP WIDTH="16" VPOS="1090" HPOS="465"/>
							<String ID="string_304" HPOS="481" VPOS="1090" WIDTH="42" HEIGHT="22" WC="0.96" CONTENT="och"/><SP WIDTH="15" VPOS="1090" HPOS="523"/>
							<String ID="string_305" HPOS="538" VPOS="1090" WIDTH="111" HEIGHT="22" WC="0.96" CONTENT="industrin"/><SP WIDTH="15" VPOS="1090" HPOS="649"/>
							<String ID="string_306" HPOS="664" VPOS="1090" WIDTH="41" HEIGHT="22" WC="0.93" CONTENT="och"/><SP WIDTH="16" VPOS="1090" HPOS="705"/>
							<String ID="string_307" HPOS="721" VPOS="1090" WIDTH="131" HEIGHT="28" WC="0.92" CONTENT="derigenom"/><SP WIDTH="17" VPOS="1090" HPOS="852"/>
							<String ID="string_308" HPOS="869" VPOS="1089" WIDTH="34" HEIGHT="22" WC="0.96" CONTENT="för"/><SP WIDTH="16" VPOS="1089" HPOS="903"/>
							<String ID="string_309" HPOS="919" VPOS="1089" WIDTH="86" HEIGHT="22" WC="0.96" CONTENT="landets"/>
						</TextLine>
						<TextLine ID="line_33" HPOS="184" VPOS="1119" WIDTH="821" HEIGHT="29">
							<String ID="string_310" HPOS="184" VPOS="1119" WIDTH="201" HEIGHT="22" WC="0.96" CONTENT="framåtskridande"/><SP WIDTH="24" VPOS="1119" HPOS="385"/>
							<String ID="string_311" HPOS="409" VPOS="1120" WIDTH="8" HEIGHT="21" WC="0.96" CONTENT="i"/><SP WIDTH="25" VPOS="1120" HPOS="417"/>
							<String ID="string_312" HPOS="442" VPOS="1120" WIDTH="128" HEIGHT="22" WC="0.96" CONTENT="allmänhet."/><SP WIDTH="38" VPOS="1120" HPOS="570"/>
							<String ID="string_313" HPOS="608" VPOS="1119" WIDTH="34" HEIGHT="22" WC="0.93" CONTENT="Då"/><SP WIDTH="25" VPOS="1119" HPOS="642"/>
							<String ID="string_314" HPOS="667" VPOS="1119" WIDTH="166" HEIGHT="29" WC="0.90" CONTENT="presteståndet"/><SP WIDTH="24" VPOS="1119" HPOS="833"/>
							<String ID="string_315" HPOS="857" VPOS="1119" WIDTH="37" HEIGHT="21" WC="0.96" CONTENT="vid"/><SP WIDTH="23" VPOS="1119" HPOS="894"/>
							<String ID="string_316" HPOS="917" VPOS="1121" WIDTH="88" HEIGHT="19" WC="0.95" CONTENT="senaste"/>
						</TextLine>
						<TextLine ID="line_34" HPOS="182" VPOS="1148" WIDTH="824" HEIGHT="29">
							<String ID="string_317" HPOS="182" VPOS="1149" WIDTH="92" HEIGHT="27" WC="0.95" CONTENT="plenum"/><SP WIDTH="23" VPOS="1149" HPOS="274"/>
							<String ID="string_318" HPOS="297" VPOS="1149" WIDTH="72" HEIGHT="22" WC="0.95" CONTENT="beslöt"/><SP WIDTH="23" VPOS="1149" HPOS="369"/>
							<String ID="string_319" HPOS="392" VPOS="1151" WIDTH="32" HEIGHT="20" WC="0.96" CONTENT="att"/><SP WIDTH="23" VPOS="1151" HPOS="424"/>
							<String ID="string_320" HPOS="447" VPOS="1149" WIDTH="53" HEIGHT="28" WC="0.91" CONTENT="höja"/><SP WIDTH="20" VPOS="1149" HPOS="500"/>
							<String ID="string_321" HPOS="520" VPOS="1149" WIDTH="161" HEIGHT="22" WC="0.91" CONTENT="reservfonden"/><SP WIDTH="20" VPOS="1149" HPOS="681"/>
							<String ID="string_322" HPOS="701" VPOS="1149" WIDTH="34" HEIGHT="22" WC="0.96" CONTENT="till"/><SP WIDTH="22" VPOS="1149" HPOS="735"/>
							<String ID="string_323" HPOS="757" VPOS="1152" WIDTH="28" HEIGHT="19" WC="0.96" CONTENT="20"/><SP WIDTH="17" VPOS="1152" HPOS="785"/>
							<String ID="string_324" HPOS="802" VPOS="1149" WIDTH="109" HEIGHT="27" WC="0.95" CONTENT="miljoner,"/><SP WIDTH="16" VPOS="1149" HPOS="911"/>
							<String ID="string_325" HPOS="927" VPOS="1148" WIDTH="24" HEIGHT="22" WC="0.96" CONTENT="så"/><SP WIDTH="15" VPOS="1148" HPOS="951"/>
							<String ID="string_326" HPOS="966" VPOS="1149" WIDTH="40" HEIGHT="21" WC="0.95" CONTENT="har"/>
						</TextLine>
						<TextLine ID="line_35" HPOS="183" VPOS="1178" WIDTH="823" HEIGHT="29">
							<String ID="string_327" HPOS="183" VPOS="1178" WIDTH="164" HEIGHT="28" WC="0.90" CONTENT="presteståndet"/><SP WIDTH="23" VPOS="1178" HPOS="347"/>
							<String ID="string_328" HPOS="370" VPOS="1179" WIDTH="128" HEIGHT="28" WC="0.92" CONTENT="derigenom"/><SP WIDTH="23" VPOS="1179" HPOS="498"/>
							<String ID="string_329" HPOS="521" VPOS="1179" WIDTH="70" HEIGHT="22" WC="0.96" CONTENT="redan"/><SP WIDTH="23" VPOS="1179" HPOS="591"/>
							<String ID="string_330" HPOS="614" VPOS="1179" WIDTH="24" HEIGHT="21" WC="0.96" CONTENT="så"/><SP WIDTH="20" VPOS="1179" HPOS="638"/>
							<String ID="string_331" HPOS="658" VPOS="1179" WIDTH="82" HEIGHT="28" WC="0.96" CONTENT="tydligt"/><SP WIDTH="20" VPOS="1179" HPOS="740"/>
							<String ID="string_332" HPOS="760" VPOS="1179" WIDTH="83" HEIGHT="21" WC="0.96" CONTENT="uttalat"/><SP WIDTH="19" VPOS="1179" HPOS="843"/>
							<String ID="string_333" HPOS="862" VPOS="1179" WIDTH="34" HEIGHT="21" WC="0.96" CONTENT="sin"/><SP WIDTH="21" VPOS="1179" HPOS="896"/>
							<String ID="string_334" HPOS="917" VPOS="1179" WIDTH="89" HEIGHT="27" WC="0.96" CONTENT="mening"/>
						</TextLine>
						<TextLine ID="line_36" HPOS="182" VPOS="1208" WIDTH="824" HEIGHT="29">
							<String ID="string_335" HPOS="182" VPOS="1208" WIDTH="116" HEIGHT="28" WC="0.95" CONTENT="angående"/><SP WIDTH="19" VPOS="1208" HPOS="298"/>
							<String ID="string_336" HPOS="317" VPOS="1209" WIDTH="195" HEIGHT="28" WC="0.96" CONTENT="nödvändigheten"/><SP WIDTH="18" VPOS="1209" HPOS="512"/>
							<String ID="string_337" HPOS="530" VPOS="1209" WIDTH="67" HEIGHT="21" WC="0.96" CONTENT="deraf"/><SP WIDTH="16" VPOS="1209" HPOS="597"/>
							<String ID="string_338" HPOS="613" VPOS="1210" WIDTH="33" HEIGHT="20" WC="0.96" CONTENT="att"/><SP WIDTH="15" VPOS="1210" HPOS="646"/>
							<String ID="string_339" HPOS="661" VPOS="1209" WIDTH="101" HEIGHT="21" WC="0.93" CONTENT="bankens"/><SP WIDTH="17" VPOS="1209" HPOS="762"/>
							<String ID="string_340" HPOS="779" VPOS="1208" WIDTH="227" HEIGHT="28" WC="0.90" CONTENT="operationsförmåga"/>
						</TextLine>
						<TextLine ID="line_37" HPOS="182" VPOS="1238" WIDTH="824" HEIGHT="29">
							<String ID="string_341" HPOS="182" VPOS="1238" WIDTH="57" HEIGHT="21" WC="0.96" CONTENT="skall"/><SP WIDTH="21" VPOS="1238" HPOS="239"/>
							<String ID="string_342" HPOS="260" VPOS="1245" WIDTH="55" HEIGHT="15" WC="0.93" CONTENT="vara"/><SP WIDTH="18" VPOS="1245" HPOS="315"/>
							<String ID="string_343" HPOS="333" VPOS="1239" WIDTH="131" HEIGHT="28" WC="0.91" CONTENT="betryggad,"/><SP WIDTH="22" VPOS="1239" HPOS="464"/>
							<String ID="string_344" HPOS="486" VPOS="1240" WIDTH="33" HEIGHT="20" WC="0.96" CONTENT="att"/><SP WIDTH="13" VPOS="1240" HPOS="519"/>
							<String ID="string_345" HPOS="532" VPOS="1239" WIDTH="42" HEIGHT="27" WC="0.96" CONTENT="jag"/><SP WIDTH="15" VPOS="1239" HPOS="574"/>
							<String ID="string_346" HPOS="589" VPOS="1238" WIDTH="49" HEIGHT="22" WC="0.96" CONTENT="icke"/><SP WIDTH="16" VPOS="1238" HPOS="638"/>
							<String ID="string_347" HPOS="654" VPOS="1239" WIDTH="44" HEIGHT="21" WC="0.97" CONTENT="kan"/><SP WIDTH="15" VPOS="1239" HPOS="698"/>
							<String ID="string_348" HPOS="713" VPOS="1239" WIDTH="71" HEIGHT="21" WC="0.96" CONTENT="tänka"/><SP WIDTH="15" VPOS="1239" HPOS="784"/>
							<String ID="string_349" HPOS="799" VPOS="1238" WIDTH="46" HEIGHT="28" WC="0.96" CONTENT="mig"/><SP WIDTH="16" VPOS="1238" HPOS="845"/>
							<String ID="string_350" HPOS="861" VPOS="1238" WIDTH="145" HEIGHT="28" WC="0.95" CONTENT="möjligheten"/>
						</TextLine>
						<TextLine ID="line_38" HPOS="182" VPOS="1267" WIDTH="824" HEIGHT="29">
							<String ID="string_351" HPOS="182" VPOS="1269" WIDTH="34" HEIGHT="20" WC="0.96" CONTENT="att"/><SP WIDTH="15" VPOS="1269" HPOS="216"/>
							<String ID="string_352" HPOS="231" VPOS="1268" WIDTH="89" HEIGHT="22" WC="0.96" CONTENT="ståndet"/><SP WIDTH="15" VPOS="1268" HPOS="320"/>
							<String ID="string_353" HPOS="335" VPOS="1268" WIDTH="72" HEIGHT="22" WC="0.96" CONTENT="skulle"/><SP WIDTH="16" VPOS="1268" HPOS="407"/>
							<String ID="string_354" HPOS="423" VPOS="1269" WIDTH="37" HEIGHT="21" WC="0.96" CONTENT="vid"/><SP WIDTH="16" VPOS="1269" HPOS="460"/>
							<String ID="string_355" HPOS="476" VPOS="1269" WIDTH="72" HEIGHT="21" WC="0.93" CONTENT="denna"/><SP WIDTH="14" VPOS="1269" HPOS="548"/>
							<String ID="string_356" HPOS="562" VPOS="1268" WIDTH="108" HEIGHT="28" WC="0.89" CONTENT="landtdag"/><SP WIDTH="10" VPOS="1268" HPOS="670"/>
							<String ID="string_357" HPOS="680" VPOS="1269" WIDTH="57" HEIGHT="21" WC="0.96" CONTENT="fatta"/><SP WIDTH="11" VPOS="1269" HPOS="737"/>
							<String ID="string_358" HPOS="748" VPOS="1270" WIDTH="33" HEIGHT="20" WC="0.96" CONTENT="ett"/><SP WIDTH="10" VPOS="1270" HPOS="781"/>
							<String ID="string_359" HPOS="791" VPOS="1268" WIDTH="81" HEIGHT="26" WC="0.96" CONTENT="beslut,"/><SP WIDTH="12" VPOS="1268" HPOS="872"/>
							<String ID="string_360" HPOS="884" VPOS="1274" WIDTH="47" HEIGHT="15" WC="0.93" CONTENT="som"/><SP WIDTH="12" VPOS="1274" HPOS="931"/>
							<String ID="string_361" HPOS="943" VPOS="1267" WIDTH="63" HEIGHT="22" WC="0.92" CONTENT="stode"/>
						</TextLine>
						<TextLine ID="line_39" HPOS="181" VPOS="1297" WIDTH="825" HEIGHT="29">
							<String ID="string_362" HPOS="181" VPOS="1297" WIDTH="8" HEIGHT="21" WC="0.96" CONTENT="i"/><SP WIDTH="20" VPOS="1297" HPOS="189"/>
							<String ID="string_363" HPOS="209" VPOS="1298" WIDTH="55" HEIGHT="21" WC="0.95" CONTENT="strid"/><SP WIDTH="20" VPOS="1298" HPOS="264"/>
							<String ID="string_364" HPOS="284" VPOS="1298" WIDTH="51" HEIGHT="22" WC="0.96" CONTENT="med"/><SP WIDTH="16" VPOS="1298" HPOS="335"/>
							<String ID="string_365" HPOS="351" VPOS="1298" WIDTH="38" HEIGHT="22" WC="0.96" CONTENT="det"/><SP WIDTH="15" VPOS="1298" HPOS="389"/>
							<String ID="string_366" HPOS="404" VPOS="1298" WIDTH="102" HEIGHT="22" WC="0.96" CONTENT="nämnda."/><SP WIDTH="31" VPOS="1298" HPOS="506"/>
							<String ID="string_367" HPOS="537" VPOS="1298" WIDTH="52" HEIGHT="22" WC="0.96" CONTENT="Men"/><SP WIDTH="16" VPOS="1298" HPOS="589"/>
							<String ID="string_368" HPOS="605" VPOS="1298" WIDTH="28" HEIGHT="22" WC="0.96" CONTENT="då"/><SP WIDTH="15" VPOS="1298" HPOS="633"/>
							<String ID="string_369" HPOS="648" VPOS="1298" WIDTH="73" HEIGHT="22" WC="0.96" CONTENT="denna"/><SP WIDTH="16" VPOS="1298" HPOS="721"/>
							<String ID="string_370" HPOS="737" VPOS="1298" WIDTH="71" HEIGHT="28" WC="0.96" CONTENT="fråga,"/><SP WIDTH="17" VPOS="1298" HPOS="808"/>
							<String ID="string_371" HPOS="825" VPOS="1298" WIDTH="70" HEIGHT="21" WC="0.96" CONTENT="ehuru"/><SP WIDTH="15" VPOS="1298" HPOS="895"/>
							<String ID="string_372" HPOS="910" VPOS="1298" WIDTH="7" HEIGHT="20" WC="0.96" CONTENT="i"/><SP WIDTH="16" VPOS="1298" HPOS="917"/>
							<String ID="string_373" HPOS="933" VPOS="1303" WIDTH="73" HEIGHT="15" WC="0.96" CONTENT="annan"/>
						</TextLine>
						<TextLine ID="line_40" HPOS="182" VPOS="1326" WIDTH="823" HEIGHT="30">
							<String ID="string_374" HPOS="182" VPOS="1327" WIDTH="64" HEIGHT="27" WC="0.96" CONTENT="form,"/><SP WIDTH="17" VPOS="1327" HPOS="246"/>
							<String ID="string_375" HPOS="263" VPOS="1327" WIDTH="48" HEIGHT="23" WC="0.96" CONTENT="åter"/><SP WIDTH="15" VPOS="1327" HPOS="311"/>
							<String ID="string_376" HPOS="326" VPOS="1328" WIDTH="140" HEIGHT="27" WC="0.96" CONTENT="framställes,"/><SP WIDTH="17" VPOS="1328" HPOS="466"/>
							<String ID="string_377" HPOS="483" VPOS="1328" WIDTH="25" HEIGHT="22" WC="0.96" CONTENT="så"/><SP WIDTH="15" VPOS="1328" HPOS="508"/>
							<String ID="string_378" HPOS="523" VPOS="1328" WIDTH="40" HEIGHT="22" WC="0.91" CONTENT="bör"/><SP WIDTH="10" VPOS="1328" HPOS="563"/>
							<String ID="string_379" HPOS="573" VPOS="1328" WIDTH="164" HEIGHT="28" WC="0.91" CONTENT="presteståndet"/><SP WIDTH="10" VPOS="1328" HPOS="737"/>
							<String ID="string_380" HPOS="747" VPOS="1328" WIDTH="50" HEIGHT="21" WC="0.93" CONTENT="icke"/><SP WIDTH="11" VPOS="1328" HPOS="797"/>
							<String ID="string_381" HPOS="808" VPOS="1327" WIDTH="145" HEIGHT="27" WC="0.91" CONTENT="undandraga"/><SP WIDTH="12" VPOS="1327" HPOS="953"/>
							<String ID="string_382" HPOS="965" VPOS="1326" WIDTH="40" HEIGHT="28" WC="0.96" CONTENT="sig,"/>
						</TextLine>
						<TextLine ID="line_41" HPOS="182" VPOS="1356" WIDTH="823" HEIGHT="30">
							<String ID="string_383" HPOS="182" VPOS="1358" WIDTH="33" HEIGHT="20" WC="0.96" CONTENT="att"/><SP WIDTH="16" VPOS="1358" HPOS="215"/>
							<String ID="string_384" HPOS="231" VPOS="1356" WIDTH="48" HEIGHT="23" WC="0.96" CONTENT="åter"/><SP WIDTH="15" VPOS="1356" HPOS="279"/>
							<String ID="string_385" HPOS="294" VPOS="1358" WIDTH="42" HEIGHT="21" WC="0.95" CONTENT="och"/><SP WIDTH="15" VPOS="1358" HPOS="336"/>
							<String ID="string_386" HPOS="351" VPOS="1360" WIDTH="55" HEIGHT="20" WC="0.93" CONTENT="utan"/><SP WIDTH="15" VPOS="1360" HPOS="406"/>
							<String ID="string_387" HPOS="421" VPOS="1358" WIDTH="99" HEIGHT="28" WC="0.93" CONTENT="uppskof"/><SP WIDTH="13" VPOS="1358" HPOS="520"/>
							<String ID="string_388" HPOS="533" VPOS="1364" WIDTH="30" HEIGHT="16" WC="0.96" CONTENT="nu"/><SP WIDTH="16" VPOS="1364" HPOS="563"/>
							<String ID="string_389" HPOS="579" VPOS="1358" WIDTH="71" HEIGHT="21" WC="0.96" CONTENT="uttala"/><SP WIDTH="17" VPOS="1358" HPOS="650"/>
							<String ID="string_390" HPOS="667" VPOS="1358" WIDTH="58" HEIGHT="21" WC="0.96" CONTENT="hvad"/><SP WIDTH="17" VPOS="1358" HPOS="725"/>
							<String ID="string_391" HPOS="742" VPOS="1357" WIDTH="89" HEIGHT="22" WC="0.96" CONTENT="ståndet"/><SP WIDTH="15" VPOS="1357" HPOS="831"/>
							<String ID="string_392" HPOS="846" VPOS="1357" WIDTH="87" HEIGHT="26" WC="0.92" CONTENT="tänker,"/><SP WIDTH="13" VPOS="1357" HPOS="933"/>
							<String ID="string_393" HPOS="946" VPOS="1356" WIDTH="59" HEIGHT="28" WC="0.91" CONTENT="isyn-"/>
						</TextLine>
						<TextLine ID="line_42" HPOS="181" VPOS="1386" WIDTH="825" HEIGHT="30">
							<String ID="string_394" HPOS="181" VPOS="1386" WIDTH="80" HEIGHT="22" WC="0.91" CONTENT="nerhet"/><SP WIDTH="26" VPOS="1386" HPOS="261"/>
							<String ID="string_395" HPOS="287" VPOS="1387" WIDTH="28" HEIGHT="22" WC="0.96" CONTENT="då"/><SP WIDTH="25" VPOS="1387" HPOS="315"/>
							<String ID="string_396" HPOS="340" VPOS="1389" WIDTH="32" HEIGHT="20" WC="0.95" CONTENT="ett"/><SP WIDTH="26" VPOS="1389" HPOS="372"/>
							<String ID="string_397" HPOS="398" VPOS="1388" WIDTH="114" HEIGHT="21" WC="0.95" CONTENT="uttalande"/><SP WIDTH="23" VPOS="1388" HPOS="512"/>
							<String ID="string_398" HPOS="535" VPOS="1387" WIDTH="101" HEIGHT="28" WC="0.96" CONTENT="påkallas"/><SP WIDTH="22" VPOS="1387" HPOS="636"/>
							<String ID="string_399" HPOS="658" VPOS="1393" WIDTH="81" HEIGHT="23" WC="0.96" CONTENT="genom"/><SP WIDTH="25" VPOS="1393" HPOS="739"/>
							<String ID="string_400" HPOS="764" VPOS="1388" WIDTH="123" HEIGHT="20" WC="0.94" CONTENT="motsatsen"/><SP WIDTH="24" VPOS="1388" HPOS="887"/>
							<String ID="string_401" HPOS="911" VPOS="1386" WIDTH="95" HEIGHT="22" WC="0.95" CONTENT="emellan"/>
						</TextLine>
						<TextLine ID="line_43" HPOS="181" VPOS="1416" WIDTH="659" HEIGHT="23">
							<String ID="string_402" HPOS="181" VPOS="1416" WIDTH="122" HEIGHT="22" WC="0.96" CONTENT="utskottets"/><SP WIDTH="15" VPOS="1416" HPOS="303"/>
							<String ID="string_403" HPOS="318" VPOS="1417" WIDTH="55" HEIGHT="21" WC="0.96" CONTENT="sista"/><SP WIDTH="15" VPOS="1417" HPOS="373"/>
							<String ID="string_404" HPOS="388" VPOS="1417" WIDTH="60" HEIGHT="22" WC="0.96" CONTENT="kläm"/><SP WIDTH="16" VPOS="1417" HPOS="448"/>
							<String ID="string_405" HPOS="464" VPOS="1418" WIDTH="41" HEIGHT="21" WC="0.96" CONTENT="och"/><SP WIDTH="16" VPOS="1418" HPOS="505"/>
							<String ID="string_406" HPOS="521" VPOS="1417" WIDTH="43" HEIGHT="22" WC="0.97" CONTENT="den"/><SP WIDTH="16" VPOS="1417" HPOS="564"/>
							<String ID="string_407" HPOS="580" VPOS="1417" WIDTH="70" HEIGHT="21" WC="0.96" CONTENT="första"/><SP WIDTH="16" VPOS="1417" HPOS="650"/>
							<String ID="string_408" HPOS="666" VPOS="1417" WIDTH="174" HEIGHT="22" WC="0.95" CONTENT="reservationen."/>
						</TextLine>
					</TextBlock>
					<TextBlock ID="block_3" HPOS="180" VPOS="1446" WIDTH="826" HEIGHT="82">
						<TextLine ID="line_44" HPOS="253" VPOS="1446" WIDTH="753" HEIGHT="28">
							<String ID="string_409" HPOS="253" VPOS="1446" WIDTH="10" HEIGHT="21" WC="0.96" CONTENT="I"/><SP WIDTH="24" VPOS="1446" HPOS="263"/>
							<String ID="string_410" HPOS="287" VPOS="1446" WIDTH="107" HEIGHT="22" WC="0.93" CONTENT="afseende"/><SP WIDTH="23" VPOS="1446" HPOS="394"/>
							<String ID="string_411" HPOS="417" VPOS="1446" WIDTH="13" HEIGHT="22" WC="0.92" CONTENT="å"/><SP WIDTH="22" VPOS="1446" HPOS="430"/>
							<String ID="string_412" HPOS="452" VPOS="1447" WIDTH="73" HEIGHT="21" WC="0.96" CONTENT="denna"/><SP WIDTH="23" VPOS="1447" HPOS="525"/>
							<String ID="string_413" HPOS="548" VPOS="1447" WIDTH="138" HEIGHT="21" WC="0.96" CONTENT="reservation"/><SP WIDTH="20" VPOS="1447" HPOS="686"/>
							<String ID="string_414" HPOS="706" VPOS="1448" WIDTH="48" HEIGHT="20" WC="0.96" CONTENT="tror"/><SP WIDTH="20" VPOS="1448" HPOS="754"/>
							<String ID="string_415" HPOS="774" VPOS="1447" WIDTH="41" HEIGHT="27" WC="0.95" CONTENT="jag"/><SP WIDTH="20" VPOS="1447" HPOS="815"/>
							<String ID="string_416" HPOS="835" VPOS="1446" WIDTH="70" HEIGHT="22" WC="0.96" CONTENT="likväl"/><SP WIDTH="20" VPOS="1446" HPOS="905"/>
							<String ID="string_417" HPOS="925" VPOS="1447" WIDTH="34" HEIGHT="20" WC="0.95" CONTENT="att"/><SP WIDTH="15" VPOS="1447" HPOS="959"/>
							<String ID="string_418" HPOS="974" VPOS="1447" WIDTH="32" HEIGHT="20" WC="0.97" CONTENT="ett"/>
						</TextLine>
						<TextLine ID="line_45" HPOS="181" VPOS="1475" WIDTH="823" HEIGHT="30">
							<String ID="string_419" HPOS="181" VPOS="1475" WIDTH="156" HEIGHT="23" WC="0.96" CONTENT="missförstånd"/><SP WIDTH="23" VPOS="1475" HPOS="337"/>
							<String ID="string_420" HPOS="360" VPOS="1482" WIDTH="54" HEIGHT="23" WC="0.96" CONTENT="eger"/><SP WIDTH="19" VPOS="1482" HPOS="414"/>
							<String ID="string_421" HPOS="433" VPOS="1483" WIDTH="55" HEIGHT="15" WC="0.94" CONTENT="rum."/><SP WIDTH="32" VPOS="1483" HPOS="488"/>
							<String ID="string_422" HPOS="520" VPOS="1476" WIDTH="35" HEIGHT="22" WC="0.92" CONTENT="De"/><SP WIDTH="21" VPOS="1476" HPOS="555"/>
							<String ID="string_423" HPOS="576" VPOS="1477" WIDTH="66" HEIGHT="21" WC="0.95" CONTENT="flesta"/><SP WIDTH="19" VPOS="1477" HPOS="642"/>
							<String ID="string_424" HPOS="661" VPOS="1477" WIDTH="80" HEIGHT="27" WC="0.96" CONTENT="tyckas"/><SP WIDTH="22" VPOS="1477" HPOS="741"/>
							<String ID="string_425" HPOS="763" VPOS="1476" WIDTH="69" HEIGHT="22" WC="0.95" CONTENT="hafva"/><SP WIDTH="21" VPOS="1476" HPOS="832"/>
							<String ID="string_426" HPOS="853" VPOS="1476" WIDTH="67" HEIGHT="21" WC="0.92" CONTENT="fattat"/><SP WIDTH="15" VPOS="1476" HPOS="920"/>
							<String ID="string_427" HPOS="935" VPOS="1481" WIDTH="69" HEIGHT="16" WC="0.88" CONTENT="reser-"/>
						</TextLine>
						<TextLine ID="line_46" HPOS="180" VPOS="1504" WIDTH="825" HEIGHT="24">
							<String ID="string_428" HPOS="180" VPOS="1506" WIDTH="121" HEIGHT="22" WC="0.91" CONTENT="vanternas"/><SP WIDTH="28" VPOS="1506" HPOS="301"/>
							<String ID="string_429" HPOS="329" VPOS="1506" WIDTH="55" HEIGHT="22" WC="0.95" CONTENT="sista"/><SP WIDTH="23" VPOS="1506" HPOS="384"/>
							<String ID="string_430" HPOS="407" VPOS="1506" WIDTH="60" HEIGHT="22" WC="0.96" CONTENT="kläm"/><SP WIDTH="20" VPOS="1506" HPOS="467"/>
							<String ID="string_431" HPOS="487" VPOS="1506" WIDTH="73" HEIGHT="22" WC="0.96" CONTENT="såsom"/><SP WIDTH="21" VPOS="1506" HPOS="560"/>
							<String ID="string_432" HPOS="581" VPOS="1506" WIDTH="72" HEIGHT="22" WC="0.93" CONTENT="skulle"/><SP WIDTH="19" VPOS="1506" HPOS="653"/>
							<String ID="string_433" HPOS="672" VPOS="1507" WIDTH="172" HEIGHT="21" WC="0.92" CONTENT="reservanterna"/><SP WIDTH="24" VPOS="1507" HPOS="844"/>
							<String ID="string_434" HPOS="868" VPOS="1504" WIDTH="82" HEIGHT="23" WC="0.95" CONTENT="föreslå"/><SP WIDTH="23" VPOS="1504" HPOS="950"/>
							<String ID="string_435" HPOS="973" VPOS="1507" WIDTH="32" HEIGHT="20" WC="0.96" CONTENT="att"/>
						</TextLine>
					</TextBlock>
				</ComposedBlock>
			</PrintSpace>
		</Page>
	</Layout>
</alto>
