1117 1773
440 120 90 18 Maalisk.
545 120 23 17 16
580 124 18 18 p.
857 124 42 19 339

105 179 73 16 sessor
194 173 112 22 Stenbäck
321 174 8 22 i
344 179 86 17 samma
446 174 66 20 ämne
525 173 127 22 inlemnade
663 174 113 21 motionen
787 174 7 21 i
805 174 51 21 dess
867 177 13 19 4
891 175 13 26 $
915 177 13 19 3

104 209 67 16 mom.
193 203 40 21 der
249 203 37 21 det
300 204 73 22 heter:
400 202 64 26 ,Kun
480 203 62 21 asiaa
558 203 209 27 juovutusjuomien
782 204 148 27 myymisestä

105 233 46 21 tahi
173 232 206 24 anniskelemisesta
399 233 130 27 kaupungin
544 233 176 21 valtuusmiehet
735 233 48 21 tahi
798 235 129 20 raastuvan-

104 262 87 22 kokous
213 262 145 28 käyttelevät,
375 262 81 22 älköön
471 263 139 27 väkijuoma-
626 262 47 22 tahi
688 263 147 21 viinitehtaan
850 263 80 27 haltija

106 292 50 22 eikä
179 292 80 22 osakas
281 292 102 28 yhtiössä
402 292 99 22 tällaista
519 292 87 22 liikettä
621 294 80 20 varten
718 292 76 22 ottako
811 298 54 16 osaa
880 293 49 21 kes-

105 322 121 22 kusteluun
249 322 50 22 eikä
321 322 159 28 päätökseen*.
511 322 82 22 Denna
615 322 143 28 bestämning
781 322 119 22 återfinnes
921 322 8 22 i

105 352 318 28 bränvinsförsäljningslagen
439 352 42 21 och
496 352 47 28 mig
558 358 68 22 synes
637 354 33 19 att
681 352 44 22 den
735 352 116 28 sjelffallet
862 352 67 22 äfven

105 382 69 21 borde
198 381 52 29 ingä
266 382 8 21 i
290 382 158 27 förordningen
464 382 116 28 angäende
596 388 96 22 svagare
707 382 140 28 rusdrycker.
879 382 51 22 Den

105 412 41 21 har
159 412 26 27 ju
201 418 45 22 nog
261 412 34 21 sin
311 412 86 27 ganska
411 413 61 20 stora
487 412 117 27 betydelse
620 412 28 28 pä
663 412 55 21 flere
733 411 51 22 häll.

177 441 51 22 Med
252 442 27 21 de
299 441 135 28 föregäende
456 442 68 21 ärade
539 442 100 21 talarene
656 442 90 21 förenar
759 442 41 28 jag
815 442 46 28 mig
877 442 53 21 slut-

106 471 59 28 ligen
189 472 76 21 derom
288 473 33 20 att
344 471 160 28 förordningen
523 471 69 22 mätte
615 472 82 21 sändas
712 472 35 21 till
762 472 168 28 bevillningsut-

106 501 84 22 skottet
211 501 36 22 för
270 501 165 22 fastställandet
458 501 26 22 af
505 502 61 21 skatt
587 501 35 22 för
643 502 73 21 denna
733 501 138 29 försäljning,
888 502 41 21 och

107 531 99 22 anhäller
223 531 40 28 jag
284 531 71 22 tillika
375 532 34 20 att
424 531 62 22 detta
502 531 51 22 mitt
568 531 144 28 andragande
728 531 69 22 mätte
813 531 22 22 fä
851 531 79 28 ätfölja

108 561 108 22 remissen
232 561 33 22 till
281 561 219 22 ekonomiutskottet.

177 591 124 22 Professori
317 591 112 26 Runeberg:
448 591 77 22 Ehuru
538 591 41 28 jag
594 591 49 22 icke
654 591 75 22 tviflar
739 591 28 28 pä
777 593 33 20 att
821 592 110 21 utskottet

106 621 101 22 kommer
228 622 33 20 att
281 627 58 22 egna
359 621 28 21 de
407 627 30 15 nu
458 621 80 28 gjorda
554 621 203 28 anmärkningarna
772 621 30 22 all
818 621 43 22 den
876 627 55 22 upp-

107 651 152 22 märksamhet
279 651 41 21 och
341 651 43 21 den
405 650 73 27 kritik,
499 657 48 15 som
574 651 51 21 dem
648 651 41 21 hör
704 651 131 26 tillkomma,
851 651 25 22 sä
891 651 40 21 ber

105 681 40 28 jag
167 681 58 21 dock
248 682 33 20 att
302 680 22 22 fä
344 680 55 28 göra
418 680 70 28 nägra
509 681 173 27 anmärkningar
703 681 51 21 med
771 681 121 27 anledning
907 680 26 21 af

106 711 59 21 hvad
186 711 8 21 i
214 711 73 20 denna
307 710 77 21 debatt
404 710 140 27 framhällits,
566 710 140 22 beträffande
727 711 28 20 de
773 717 96 21 svagare
883 716 48 15 rus-

108 740 135 27 dryckernas
263 740 137 21 alkoholhalt
420 741 42 20 och
484 740 29 21 de
531 740 197 28 omständigheter,
745 746 48 16 som
809 741 76 21 kunna
900 740 31 21 in-

106 770 69 21 verka
191 770 28 28 pä
234 770 233 28 lagbestämningarna
482 770 8 21 i
506 770 62 21 detta
583 770 113 21 afseende.
721 769 50 22 Den
786 776 31 15 nu
827 769 104 29 gällande

107 801 96 27 gränsen
223 800 26 21 af
268 799 61 28 220/,
352 801 25 20 är
396 800 50 21 icke
464 799 25 22 sä
505 800 141 27 godtyckligt
661 800 60 26 vald,
737 806 48 15 som
801 800 44 21 den
860 799 71 28 möjli-

107 836 43 21 gen
165 829 76 22 kunde
257 829 109 22 förefalla.
390 829 44 22 Det
451 829 106 22 förhäller
573 829 34 28 sig
623 829 113 28 nämligen
751 829 30 27 sä,
799 831 32 20 att
842 829 28 22 de
881 835 16 16 s.
909 829 21 21 k.

107 859 75 22 starka
205 859 93 22 vinerna
320 859 73 22 såsom
413 859 106 27 madeira,
541 859 92 28 scherry
654 859 41 22 och
715 859 96 29 portvin,
827 859 7 21 i
849 859 84 28 sjelfva

107 890 78 21 verket
200 889 76 22 kunna
290 889 95 28 uppvisa
400 895 28 15 en
443 889 145 27 alkoholhalt,
604 896 49 15 som
669 889 70 28 stiger
753 890 34 21 till
799 890 73 21 denna
883 894 48 22 pro-

108 921 56 20 cent.
195 919 163 28 Kyrkoherden
380 919 84 21 Wallin
488 919 41 21 har
552 919 132 28 visserligen
707 919 122 22 framhållit
851 920 34 20 att
899 918 33 22 uti

108 949 114 21 drufviner
243 955 28 15 en
291 948 25 22 så
335 949 45 27 hög
401 949 139 21 alkoholhalt
559 949 49 21 icke
630 949 72 21 skulle
719 949 145 26 förekomma,
880 954 53 15 men

108 979 72 21 denna
195 979 90 27 uppgift
299 978 46 22 står
360 979 7 21 i
383 978 54 22 strid
454 979 52 21 med
525 979 43 21 den
582 979 40 27 jag
639 978 79 27 funnit,
735 979 41 21 och
792 978 91 22 hvilken
891 978 42 28 jag

108 1009 35 21 för
162 1008 46 22 min
228 1008 36 22 del
285 1008 70 22 måste
374 1008 105 22 betrakta
498 1008 74 22 såsom
588 1008 52 22 fullt
654 1008 135 28 tillförlitlig,
806 1009 33 20 att
854 1008 78 21 nämli-

108 1044 43 22 gen
171 1038 77 22 starka
268 1038 62 22 viner
349 1038 116 28 verkligen
480 1038 70 22 hafva
565 1044 28 16 en
609 1038 138 22 alkoholhalt
763 1038 25 21 af
803 1040 86 19 17—22
897 1038 34 26 %.

107 1068 80 22 Denna
202 1068 141 28 bestämning
359 1068 26 21 af
398 1068 64 27 229/,
479 1069 25 20 är
520 1068 93 21 sålunda
628 1068 140 21 tillkommen
783 1068 36 21 för
834 1068 33 20 att
882 1067 50 21 icke

108 1099 58 21 sätta
186 1104 86 15 samma
291 1098 79 21 hinder
384 1098 8 20 i
407 1098 74 28 vägen
498 1098 34 21 för
548 1098 98 21 handeln
661 1098 51 21 med
729 1098 65 21 dessa
809 1097 77 21 starka
901 1096 31 22 vi-

107 1134 47 20 ner,
169 1133 50 16 som
235 1127 35 22 för
284 1128 98 21 handeln
397 1128 51 20 med
464 1128 28 20 de
509 1128 113 27 egentliga
640 1127 170 28 rusdryckerna.
837 1127 45 21 Det
892 1126 41 22 har

107 1164 31 15 nu
158 1158 59 20 visat
237 1157 40 28 sig,
299 1159 33 20 att
353 1157 72 21 denna
443 1157 143 28 bestämning
601 1157 71 22 delvis
688 1157 59 21 varit
762 1156 107 28 olämplig
885 1156 48 21 der-

108 1188 95 27 igenom,
219 1188 34 20 att
268 1187 254 28 bränvinsblandningar
538 1187 52 21 utaf
604 1187 72 21 denna
692 1186 144 26 alkoholhalt,
849 1186 20 21 d.
881 1192 20 16 v.
914 1192 17 15 8.

108 1217 102 28 omkring
233 1217 62 27 209/,
319 1218 38 20 äro
381 1216 51 22 fullt
455 1217 106 27 njutbara
582 1216 35 22 för
640 1222 28 16 en
688 1216 67 22 talrik
775 1216 62 22 klass
852 1216 81 21 konsu-

108 1248 93 25 menter,
222 1246 90 22 hvilken
333 1246 115 22 använder
469 1246 51 22 dem
542 1252 48 16 som
610 1246 147 28 rusgifvande
772 1246 102 28 drycker,
891 1245 42 21 och

108 1276 93 22 sålunda
222 1276 59 22 vålla
295 1277 80 21 nästan
391 1282 86 15 samma
492 1276 126 28 olägenhet,
635 1282 49 15 som
699 1276 28 21 de
743 1276 76 21 starka
835 1275 99 21 alkohol-

107 1306 184 28 blandningarna,
311 1306 77 21 hvilka
407 1305 29 29 gå
451 1306 72 21 under
538 1312 68 15 namn
621 1306 27 21 af
661 1306 100 26 bränvin,
777 1312 48 15 rom
841 1311 20 15 o.
878 1310 17 16 s.
911 1310 22 16 v.

108 1337 45 21 Det
169 1337 24 20 är
209 1336 76 21 derför
300 1336 51 21 fullt
366 1336 8 21 i
389 1336 34 21 sin
439 1336 95 28 ordning
550 1336 41 21 och
608 1336 68 21 äfven
687 1335 144 28 nödvändigt,
843 1336 34 20 att
887 1334 47 21 vid-

108 1368 53 26 taga
181 1366 28 21 de
229 1366 193 27 inskränkningar,
438 1371 50 15 som
503 1366 33 20 uti
551 1365 166 28 propositionen
733 1364 100 27 föreslås,
850 1364 35 22 för
901 1365 34 19 att

108 1396 125 27 förebygga
253 1395 118 27 missbruk,
392 1395 141 21 beträffande
554 1395 66 21 dessa
640 1394 255 28 bränvinsblandningar
911 1393 26 21 af

108 1425 103 27 omkring
231 1425 62 26 209,
315 1425 83 27 styrka.
430 1424 51 22 Men
504 1424 64 28 fråga
585 1424 99 28 uppstår,
700 1424 111 22 huruvida
827 1424 38 21 det
880 1428 54 16 vore

108 1454 185 28 ändamålsenligt
316 1455 41 21 och
380 1454 110 28 lämpligt,
512 1456 34 20 att
568 1454 115 22 utsträcka
699 1454 66 21 dessa
779 1452 155 23 inskränknin-

108 1492 47 21 gar,
176 1484 73 22 såsom
270 1484 40 22 här
332 1484 135 28 föreslagits,
484 1484 34 21 till
534 1484 148 27 blandningar
697 1484 52 21 utaf
762 1483 25 22 så
802 1489 56 21 svag
873 1482 62 21 alko-

108 1514 85 22 holhalt
216 1520 49 15 som
288 1516 13 20 4
325 1514 61 26 eller,
410 1514 74 21 såsom
504 1515 16 20 t.
542 1520 20 15 o.
584 1520 28 15 m.
629 1514 96 26 nämnts,
742 1513 53 27 29/,.
827 1512 52 22 Man
894 1512 42 21 har
