1073 1759
222 102 47 18 1140
540 105 11 17 6
564 110 17 17 p.
596 105 81 17 Toukok.

200 163 85 26 kusten,
303 164 42 21 och
361 164 39 21 der
416 165 63 21 fisket
495 167 167 24 representerar
678 167 30 19 ett
724 164 51 22 vida
796 165 70 21 större
887 164 81 27 kapital
993 165 28 19 än

198 193 40 21 här
249 200 58 15 nere.

271 224 223 27 Landtdagsmannen
515 224 126 22 Ehrström:
673 225 8 21 1
701 224 49 22 vårt
766 224 51 21 land
834 224 40 21 har
894 224 62 28 bygts
980 224 42 21 och

199 253 82 27 bygges
297 254 136 21 fortfarande
450 254 88 28 mycket
554 255 197 24 ödemarksbanor,
769 261 51 15 men
836 255 35 20 det
889 255 66 26 ligger
971 255 7 20 i
989 260 33 14 sa-

198 284 55 20 kens
265 286 70 23 natur,
353 286 37 23 att,
408 284 28 22 dä
452 284 49 22 värt
517 284 50 21 land
586 285 32 20 till
635 286 80 20 största
732 284 64 21 delen
806 286 24 19 är
839 284 54 27 glest
902 284 118 25 befolkadt,

197 314 145 26 jernvägarne
365 314 32 20 till
422 321 27 14 en
473 314 36 22 del
533 314 70 22 måste
628 314 27 27 gå
678 321 79 20 genom
779 314 42 21 öde
837 314 88 26 trakter,
943 321 35 14 om
994 314 28 20 de

198 343 69 21 ocksä
282 344 48 20 icke
347 344 68 21 blifva
431 344 109 21 räntabla.
572 344 32 22 Dä
620 345 37 21 det
673 352 29 14 nu
720 344 78 21 endast
815 346 24 19 är
855 344 76 27 frägan
947 350 36 15 om
995 350 28 14 en

199 373 170 27 undersökning,
391 374 35 21 för
442 377 31 19 att
490 381 52 14 man
558 374 119 22 framdeles
695 374 36 22 mä
747 374 75 21 kunna
838 374 70 28 bygga
925 380 26 15 en
965 374 58 21 bana

199 403 95 21 emellan
313 404 86 20 landets
416 404 37 21 tvä
469 406 82 19 största
567 404 81 26 städer,
666 405 42 21 och
724 404 74 21 denna
813 404 57 21 bana
888 404 87 21 komme
991 406 32 19 att

198 433 52 27 löpa
266 434 87 26 igenom
369 434 28 21 de
413 436 58 19 mäst
487 434 80 22 odlade
584 435 42 21 och
643 434 96 22 folkrika
755 434 89 26 trakter,
859 434 40 21 där
909 434 114 21 dessutom

197 462 73 22 finnes
287 463 79 27 många
385 464 139 21 industriella
540 464 61 26 värk,
619 464 24 22 sä
660 466 31 20 att
707 471 35 15 om
760 464 72 27 någon
841 464 58 21 bana
907 464 40 21 har
956 464 66 20 utsikt

199 493 35 21 för
250 493 33 27 sig
299 496 30 18 att
345 494 76 21 kunna
437 494 54 21 bära
508 495 38 26 sig,
565 494 73 21 denna
654 494 69 22 borde
739 496 54 25 göra
809 494 42 26 det,
869 494 25 21 så
910 494 36 21 vill
955 493 68 21 också

198 523 37 26 jag
259 523 136 22 understöda
418 524 118 22 utskottets
560 524 120 21 utlåtande.
712 524 41 27 Jag
772 524 44 21 kan
833 524 56 21 dock
906 524 47 20 icke
969 530 54 14 anse

199 553 44 27 mig
259 554 52 26 nöjd
328 554 50 20 med
395 554 117 22 utskottets
529 554 66 26 kläm,
613 556 53 20 utan
683 555 52 26 såge
746 555 37 26 jag
793 556 68 25 gärna
873 556 30 19 att
914 554 32 20 till
957 554 67 20 slutet

198 583 24 21 af
238 583 111 21 klämmen
366 584 71 21 skulle
454 584 100 27 tilläggas
571 585 78 21 orden:
667 586 72 24 ,,samt
756 584 123 27 föreläggas
891 586 63 19 nästa
968 590 55 14 sam-

198 614 160 20 manträdande
382 614 120 21 ständerna
518 614 32 21 till
575 614 123 27 pröfning'.
731 614 40 21 Det
795 616 24 19 är
842 614 49 21 icke
907 614 68 26 sagdt,
993 616 31 18 att

198 643 74 21 banan
296 643 88 21 därföre
409 644 71 21 skulle
504 646 62 19 snart
586 644 68 21 blifva
671 644 64 28 bygd,
753 644 55 21 allra
825 644 66 21 minst
907 644 22 21 af
945 646 77 23 staten,

198 679 51 15 men
265 673 36 21 det
317 673 74 21 kunde
407 674 80 26 hända,
505 676 31 19 att
552 674 29 21 dä
596 674 74 21 denna
686 674 59 22 bana
761 674 40 21 har
817 674 66 21 utsikt
896 676 31 19 att
935 674 89 21 komma

198 705 31 18 att
250 702 53 22 bära
324 704 39 26 sig,
389 704 42 21 och
451 704 29 21 dä
501 705 42 20 den
560 704 48 22 icke
629 706 24 19 är
674 704 72 27 nägon
762 704 150 25 hufvudbana,
937 703 86 22 enskild

199 732 140 27 spekulation
363 734 98 27 företoge
485 734 33 26 sig
542 734 124 28 byggandet
691 734 70 21 däraf.
794 734 96 22 Därföre
914 740 52 15 vore
987 734 37 20 det

200 762 55 26 skäl,
281 765 30 19 att
335 763 42 21 den
394 764 96 21 blefvei
511 764 30 20 tid
559 764 127 26 undersökt,
705 764 42 21 och
764 764 34 21 för
814 764 45 20 min
876 764 35 21 del
928 766 45 18 tror
988 764 36 26 jag

202 792 37 21 det
254 799 54 15 vara
323 793 50 21 bäst
389 796 31 18 att
437 794 195 26 undersökningen
648 796 63 25 göres
729 794 28 26 pä
769 796 82 19 statens
863 794 129 21 bekostnad.

271 822 62 22 Hvad
358 823 68 27 angär
450 824 43 21 den
510 824 30 29 af
564 824 105 21 utskottet
693 824 78 27 gjorda
795 824 179 26 anmärkningen,
992 825 31 19 att

198 858 80 20 genom
302 852 125 28 byggandet
450 854 23 20 af
498 854 218 27 Äbo—Helsingfors
743 854 73 20 banan
837 854 95 20 trafiken
951 853 71 20 skulle

199 882 104 21 bortfalla
329 882 48 22 frän
394 890 29 14 nu
440 884 140 21 existerande
597 884 71 21 banor
684 884 34 21 för
735 886 31 18 att
783 884 136 26 öfverflyttas
937 883 26 27 pä
979 883 44 21 den

199 918 50 20 nya,
271 912 38 21 ber
328 913 36 26 jag
380 914 79 20 endast
475 913 22 21 få
513 913 106 27 påminna
635 920 36 15 om
688 916 37 23 att,
743 913 29 21 dä
788 908 47 26 Åbo
852 916 25 18 är
893 920 28 14 en
937 912 24 22 sä
977 915 47 19 stor

198 942 56 25 stad,
279 944 31 19 att
334 942 42 21 den
392 943 31 21 till
441 943 157 27 folkmängden
619 945 25 19 är
660 944 42 20 den
720 944 71 20 andra
806 944 7 20 i
830 944 99 24 Finland,
946 943 36 21 det
999 944 25 19 är

198 972 105 26 naturligt
327 974 31 19 att
381 973 96 21 trafiken
501 973 31 21 dit
556 974 111 20 norrifrän
691 974 57 20 skall
766 973 84 27 tilltaga
866 973 98 25 altmera,
981 972 43 22 och

219 1001 46 21 bo—
273 997 91 37 Toijala
380 1002 74 22 banan
470 1003 65 21 äfven
552 1003 119 21 framdeles
688 1004 91 20 komma
790 1005 31 19 att
832 1003 54 21 bära
897 1004 32 26 sig
940 1002 84 28 ganska

198 1031 42 21 väl.
273 1032 142 22 Beträffande
431 1032 48 22 åter
495 1033 77 27 Hangö
589 1033 79 25 banan,
686 1033 25 21 sä
730 1035 25 19 är
774 1033 42 21 den
820 1027 11 38 i
846 1033 69 21 första
926 1034 95 19 rummet

199 1061 79 21 afsedd
300 1062 35 20 för
355 1062 142 26 vintertrafik,
519 1063 43 21 och
578 1063 100 21 kommer
694 1063 37 21 väl
749 1063 65 21 äfven
831 1063 119 21 framdeles
966 1062 57 21 trafi-

199 1090 43 22 ken
259 1091 40 21 där
315 1093 30 19 att
361 1094 60 19 ännu
438 1099 47 15 mer
501 1093 135 27 upparbetas
653 1092 28 27 pä
697 1093 86 26 Hangö,
799 1093 132 26 Petersburg
942 1092 41 21 och
994 1092 29 20 vi-

198 1120 54 21 dare
276 1124 83 23 norrut,
384 1122 25 21 sä
432 1124 32 19 att
479 1122 69 22 ocksä
564 1123 155 27 Hangö-banas
737 1123 42 21 öde
795 1122 106 22 behöfver
913 1128 50 15 man
975 1122 49 21 icke

198 1150 75 21 frukta
289 1151 66 21 altför
371 1152 93 27 mycket.

271 1180 116 22 Edusmies
413 1182 95 28 Ojanen:
531 1182 76 21 Minun
631 1183 63 20 ensin
710 1184 76 25 täytyy
803 1184 120 19 tunnustaa
939 1182 85 20 kiitolli-

198 1211 89 20 suuteni
303 1211 144 21 valiokuntaa
463 1212 103 26 kohtaan,
584 1214 44 19 että
639 1218 24 15 se
675 1219 27 14 on
715 1214 87 19 ottanut
813 1212 52 21 edes
877 1212 147 21 huomioonsa

198 1241 76 19 tämän
297 1241 76 25 radan,
394 1242 53 25 joka
463 1242 89 20 ainakin
568 1242 259 27 talonpoikaissäädyssä
843 1242 58 21 tulee
918 1248 106 14 saamaan

198 1269 106 27 hyvinkin
325 1270 89 27 kylmän
431 1272 21 26 ja
469 1272 141 26 äitipuolisen
627 1272 113 20 kohtelun.
773 1272 76 20 Täällä
866 1272 59 26 kyllä
941 1271 83 21 innolla

197 1299 89 26 ajetaan
307 1301 117 21 rautatietä
444 1301 122 26 Raumalle,
588 1302 88 26 ajetaan
697 1302 85 20 innolla
798 1302 117 20 rautatietä
931 1300 93 22 Oulusta

197 1328 119 28 Tornioon,
339 1330 22 26 ja
377 1331 54 21 niitä
448 1333 76 19 varten
540 1332 98 20 tuodaan
655 1332 143 20 erinomaiset
814 1331 99 21 ainekset
929 1331 95 21 kaikista

198 1360 155 20 maanääristä.
386 1360 43 27 Nyt
446 1361 44 21 kun
506 1361 58 21 tulee
576 1361 105 27 kysymys
697 1362 134 26 Helsingistä
842 1361 106 21 Turkuun
959 1360 65 21 ehdo-

197 1390 83 20 tetusta
304 1390 95 26 radasta,
417 1391 47 20 niin
480 1390 73 22 ollaan
570 1391 67 21 kohta
654 1391 85 21 valmiit
755 1391 143 25 huutamaan,
916 1392 44 20 että
976 1390 41 21 Hel

198 1418 138 26 singistähän
360 1421 107 25 päästään
491 1421 21 25 jo
535 1421 160 21 ennestäänkin
719 1421 114 25 Turkuun,
855 1420 99 21 niinkuin
975 1420 49 21 olisi

198 1448 105 28 kysymys
320 1449 107 22 rakentaa
443 1450 93 21 rautatie
553 1457 57 14 vaan
626 1450 162 22 helsinkiläisiä
803 1451 22 26 ja
836 1450 131 21 turkulaisia
977 1456 47 15 var-

197 1479 44 24 ten,
259 1479 45 25 jota
320 1480 89 26 myöten
426 1480 67 21 muka
510 1480 20 21 ei
547 1480 90 22 muiden
653 1480 175 27 paikkakuntien
844 1480 109 22 asukkaat
964 1480 60 21 tulisi

198 1507 142 23 kulkemaan.
373 1509 50 21 Kun
447 1510 29 20 oli
500 1510 104 27 kysymys
629 1510 73 22 Oulun
719 1511 23 26 ja
758 1510 97 21 Tornion
872 1510 104 21 välisestä
992 1516 32 15 ra-
