1075 1756
375 102 22 17 15
410 107 17 16 p.
441 102 81 17 Toukok.
803 103 44 17 1827

45 162 52 26 joku
114 162 81 27 isompi
211 162 48 20 silta
278 168 27 14 on
322 162 100 26 jossakin
444 162 110 26 paikassa,
573 162 45 20 niin
635 162 49 20 siitä
701 162 59 26 pitää
784 162 88 26 paikka-

47 192 89 22 kunnan
160 192 84 21 itsensä
260 191 69 27 sopia.
362 191 33 21 Me
420 192 109 20 olisimme
553 192 114 26 joutuneet
688 192 57 20 siinä
760 192 57 21 vielä
837 198 35 20 pa-

46 222 109 27 hempaan
173 222 80 26 pulaan
278 221 53 21 kuin
353 223 44 25 nyt,
416 221 48 21 sillä
481 228 24 15 se
521 228 28 14 on
569 222 234 21 hämeenlääniläisten
825 222 47 20 asia

46 252 62 26 sopia
126 251 130 21 maanteistä
272 251 21 26 ja
310 251 100 22 silloista,
428 251 81 21 kuinka
528 258 27 14 ne
573 252 147 26 ylläpidetään
734 252 22 26 ja
767 252 105 20 rakenne-

46 284 57 18 taan.
124 282 38 21 Jos
180 282 26 20 he
223 281 58 21 eivät
297 281 66 21 tahdo
381 283 78 19 nostaa
476 282 151 26 oikeusjuttua
644 282 99 20 Hämeen
760 282 64 20 sillan
841 288 31 14 ra-

47 312 162 24 kentamisesta,
220 311 72 21 silloin
301 311 80 21 heidän
391 312 74 26 täytyy
475 311 98 24 maksaa,
592 313 69 19 multa
677 312 34 26 jos
728 312 73 20 voivat
813 313 59 25 näyt-

48 343 40 21 tää,
106 343 43 19 että
166 342 57 20 tämä
241 341 50 21 silta
307 341 19 21 ei
343 341 35 21 ole
394 341 80 21 heidän
495 341 203 27 ylläpidettävänsä,
715 342 72 20 silloin
799 342 73 21 voivat

48 372 26 20 he
92 372 76 26 päästä
186 371 121 21 maksuista
324 371 101 26 vapaiksi
442 377 39 15 sen
498 371 118 21 asetuksen
633 371 89 27 nojalla,
739 372 57 26 josta
811 371 61 21 edus-

48 402 55 20 mies
120 401 87 21 Hoikka
218 400 66 22 täällä
297 401 103 21 mainitsi.
432 400 69 22 Tämä
518 403 74 19 asetus
604 401 19 21 ei
635 401 122 21 sentähden
769 401 103 21 lainkaan

48 432 48 20 olisi
114 431 79 27 sopiva
209 430 136 27 perusteeksi
363 430 150 22 valiokunnan
531 431 142 21 mietinnölle.

120 461 115 21 Edusmies
259 461 120 22 Packalön:
404 461 96 20 Minäkin
526 461 101 27 yhdistyn
655 461 111 21 edusmies
791 461 81 26 Ojasen

48 491 159 27 mielipiteesen
224 491 21 26 ja
263 491 127 20 ihmeltelen
408 491 83 21 kuinka
508 491 102 21 tällainen
628 492 45 20 asia
692 498 28 14 on
733 492 74 20 voinut
819 491 54 21 tulla

50 521 156 21 valiokuntaan
227 521 124 20 ollenkaan.
386 521 178 21 Puheenalainen
583 521 49 21 silta
649 528 27 14 on
691 521 24 28 jo
732 521 65 22 toista
815 521 58 27 kym-

48 553 72 19 mentä
145 553 76 19 vuotta
237 551 53 20 ollut
308 551 57 20 siina
381 551 77 21 tilassa
478 552 50 20 ettei
553 551 55 21 siinä
634 551 63 21 sillan
723 551 150 21 molemmissa

49 581 72 26 päissä
146 581 87 21 olevain
258 580 169 27 sakkotaulujen
453 582 138 26 määräysten
617 581 95 21 mukaan
738 581 34 22 ole
794 583 79 19 saanut

48 611 50 26 ajaa
115 613 76 18 muuta
207 611 53 20 kuin
277 611 72 26 hiljaa.
384 611 23 20 Ei
426 611 122 21 sentähden
566 611 47 21 sovi
631 611 102 26 kassojen
751 611 122 21 hävittämi-

48 643 59 19 sestä
125 643 75 19 ruveta
217 641 134 26 puhumaan,
370 641 125 20 ennenkuin
521 641 50 21 silta
588 647 28 15 on
633 643 67 24 pantu
726 641 146 21 asianmukai-

49 677 52 15 seen
126 671 103 21 kuntoon.
263 671 132 20 Haittaahan
419 672 58 19 tästä
501 671 63 21 sillan
589 671 152 21 huonoudesta
767 677 28 15 on
820 671 52 21 sekä

49 701 144 21 hämäläisille
218 701 99 20 itselleen
333 702 45 19 että
396 701 80 25 muille,
498 701 60 26 jotka
575 701 61 21 siellä
653 701 51 26 päin
723 701 81 21 tulevat
822 703 51 18 mat-

49 731 137 20 kustamaan.

120 761 222 26 Landtdagsmannen
358 760 120 29 Lindberg:
496 761 117 20 Allmänna
624 761 199 20 besvärsutskottet
834 760 40 21 har

49 791 48 20 med
116 791 57 20 detta
192 791 71 20 beslut
279 790 171 22 dokumenterat
467 791 32 26 sig
515 790 67 21 hafva
598 791 85 20 kunnat
699 791 97 20 ransaka
812 790 61 21 skrif-

50 823 61 18 terna
128 821 70 20 bättre
215 822 26 19 än
259 820 56 21 bäde
331 820 139 21 Tavastehus
487 821 143 26 länestyrelse
647 821 41 20 och
704 821 169 26 petitionärerne

49 850 206 27 tillsammantagna,
273 856 50 15 men
340 850 37 21 det
393 852 25 19 är
434 850 27 21 dä
478 851 34 20 väl
530 850 47 21 icke
595 850 32 21 als
644 851 114 26 underligt,
776 850 29 21 dä
822 850 5 20 i
843 852 30 19 ut-

49 880 80 21 skottet
145 881 62 20 sitter
223 881 48 20 icke
287 880 79 21 endast
386 880 47 27 fyra
456 880 126 21 skriftlärde
603 886 39 21 per
662 881 132 26 preference,
821 882 52 19 utan

49 909 67 22 också
132 910 51 21 flere
200 911 69 20 andra
281 927 4 4 ,
289 910 154 25 skriftlärde''!
462 910 44 21 Här
517 910 40 21 har
569 912 44 19 mot
629 910 243 21 utskottsbetänkandet

49 940 39 21 och
107 940 94 21 särskild
219 942 42 19 mot
280 940 50 21 dess
347 940 59 20 kläm
423 940 72 21 blifvit
511 940 131 25 framhället,
668 940 66 21 bland
758 942 69 19 annat
843 941 28 20 att

50 970 35 21 det
102 971 24 20 är
142 970 146 27 egendomligt
305 970 39 21 och
363 971 84 26 säreget
466 971 29 20 att
513 977 50 14 man
581 970 123 27 onödigtvis
722 970 85 27 uppbär
824 976 41 20 pen

48 1000 77 26 ningar
142 1000 41 21 och
199 1002 31 19 att
247 999 76 21 sädant
342 1000 48 21 icke
407 1000 149 21 förekommer
573 999 27 28 pä
617 1000 68 21 andra
703 1000 85 21 ställen.
807 1000 66 20 Hvar-

49 1029 45 22 före
112 1029 73 21 kunde
202 1030 34 20 väl
253 1030 47 20 icke
317 1029 137 22 Tavastehus
472 1030 66 21 hafva
554 1030 86 26 fröjden
658 1032 30 19 att
703 1036 40 21 ega
754 1029 119 28 nägonting

48 1059 147 28 egendomligt
211 1060 40 21 och
269 1059 101 27 originelt
390 1059 67 21 ocksä
475 1060 33 21 för
525 1060 38 27 sig,
581 1060 67 27 (utom
667 1060 36 21 det
719 1062 30 19 att
766 1059 40 21 där
818 1059 55 21 finns

50 1089 50 27 rysk
117 1089 80 21 militär
214 1096 46 14 mer
276 1091 28 19 än
321 1089 147 21 annorstädes
485 1090 5 20 i
508 1089 48 22 värt
573 1090 68 27 land!)
659 1089 30 21 En
707 1089 22 21 af
745 1090 27 20 de
785 1091 88 19 senaste

49 1119 67 21 ärade
134 1119 73 25 talare,
226 1126 46 14 som
290 1119 48 21 icke
355 1119 111 21 försvarat
476 1115 250 35 utskottsbetänkandet,
742 1120 40 20 har
794 1119 81 27 påstått

49 1149 66 21 bland
140 1152 67 18 annat
224 1152 28 18 att
271 1149 161 21 bondeståndet
449 1149 5 21 i
472 1149 120 21 allmänhet
612 1149 103 22 tenderar
732 1152 29 19 att
779 1149 96 21 förstöra

50 1179 41 21 alla
110 1179 88 27 möjliga
215 1179 78 21 kassor
309 1179 42 21 och
368 1181 29 19 att
415 1179 85 22 ståndet
518 1186 28 14 nu
557 1179 48 21 icke
614 1179 71 21 skulle
694 1179 82 21 handla
788 1179 85 26 logiskt,

50 1215 36 14 om
103 1209 40 20 det
156 1209 70 21 skulle
244 1209 88 21 förorda
349 1209 72 21 denna
448 1209 77 21 kassas
550 1209 159 22 bibehållande.
743 1209 77 21 Härtill
838 1209 36 20 vill

51 1239 35 26 jag
102 1239 101 26 genmäla
220 1241 36 20 att,
274 1239 28 21 då
319 1239 35 20 det
372 1245 40 15 var
429 1239 61 26 fråga
510 1245 36 15 om
563 1242 29 18 att
610 1239 51 26 höja
685 1239 148 25 maltskatten,
851 1238 24 21 så

50 1269 74 20 visade
141 1269 32 26 sig
190 1269 161 21 bondeståndet
369 1269 88 26 mycket
472 1269 79 21 lifvadt
567 1271 30 19 att
615 1269 70 21 samla
702 1269 84 21 fonder.

121 1299 62 20 Hvad
201 1305 28 14 nu
247 1299 78 26 själfva
342 1299 69 21 saken
428 1299 110 25 beträffar,
556 1299 24 21 så
597 1298 45 22 står
651 1299 36 21 det
698 1299 5 20 i
715 1299 15 28 &
743 1299 42 20 14i
797 1298 77 27 ifråga-

50 1329 96 20 varande
163 1329 139 26 reglemente,
321 1335 46 14 som
386 1329 110 20 allmänna
515 1329 198 21 besvärsutskottet
724 1329 86 27 lyckats
822 1335 52 20 upp-

49 1358 69 25 täcka,
137 1360 30 19 att
184 1365 35 14 om
237 1358 119 21 fondernas
374 1358 115 27 tillgångar
506 1359 6 20 i
529 1365 26 15 en
573 1359 87 20 framtid
679 1359 70 20 skulle
770 1358 106 27 betydligt

50 1388 94 24 tillväxa,
162 1387 25 22 så
204 1388 73 21 kunde
294 1389 66 20 dessa
377 1389 114 20 användas
508 1389 49 20 icke
573 1389 77 20 endast
668 1389 31 20 till
716 1389 48 20 bro-
774 1389 42 20 och
827 1389 48 26 väg-

51 1418 110 27 bygnader
178 1418 6 20 i
202 1418 63 21 länet,
286 1421 49 18 utan
355 1418 64 21 äfven
436 1419 31 20 till
485 1418 83 21 sådana
585 1419 145 20 ekonomiska
747 1418 68 21 behof
829 1417 46 21 där-

49 1448 80 22 städes,
147 1448 31 20 till
197 1448 73 21 hvilka
288 1448 112 21 allmänna
417 1448 54 21 eller
487 1449 99 20 enskilda
605 1448 70 21 medel
692 1449 48 20 icke
757 1448 71 21 finnas
840 1453 36 15 an-

49 1477 82 27 slagna.
164 1478 40 27 Jag
220 1478 75 27 tycker
313 1478 89 21 därföre
419 1480 37 23 att,
474 1485 36 14 om
528 1478 81 21 kassan
626 1478 69 21 skulle
712 1478 68 21 blifva
802 1477 74 22 alltför

50 1509 51 23 stor,
119 1507 137 27 öfverloppet
274 1507 73 22 kunde
368 1507 74 22 anslås
459 1508 30 21 till
508 1508 89 27 uppköp
615 1508 22 21 af
653 1507 177 26 hektolitermått,
849 1507 27 20 då
