1075 1756
217 105 46 18 1164
539 106 10 17 9
563 110 16 18 p.
594 104 79 18 Toukok.

193 165 103 27 Karjalan
313 166 70 20 radan
400 165 159 21 rakentamista
575 167 83 23 varten,
675 163 89 28 jäisikin
782 164 61 20 esim.
861 162 96 26 300,000
972 162 45 21 tahi

192 195 97 25 400,000
311 195 108 21 markkaa
442 195 30 27 yli
497 200 44 20 sen,
560 195 53 21 mitä
629 195 66 21 tähän
711 196 79 19 rataan
806 193 116 25 tarvitaan,
939 193 22 26 ja
977 192 40 21 Ha-

193 225 98 21 rakkaan
308 225 176 21 rakennettavan
501 224 70 22 radan
587 224 183 22 kustannuksista
787 223 108 27 puuttuisi
911 223 52 26 joku
975 222 42 27 pie-

193 253 73 29 nempi
283 262 93 18 summa,
394 254 150 22 hallituksella
561 255 19 21 ei
598 255 49 21 olisi
659 255 98 21 oikeutta
768 254 82 20 mennä
861 254 156 26 myöntämään

193 286 45 20 tätä
261 285 74 27 pientä
351 287 123 25 puuttuvaa
491 291 108 15 summaa.
632 285 56 21 Moni
713 284 86 27 puhuja
823 290 29 14 on
875 283 22 26 jo
914 283 104 21 lausunut

193 315 160 27 mielipiteensä
364 316 75 20 tämän
451 315 70 21 radan
532 315 214 27 tarpeellisuudesta.
774 314 93 20 Tahdon
878 319 57 15 vaan
947 313 70 24 lisätä,

193 346 45 20 että
253 345 34 26 jos
303 345 96 21 Imatran
416 345 91 21 radasta
522 345 85 26 jotakin
623 345 80 27 hyötyä
720 344 122 21 tahdotaan
859 343 75 25 saada,
950 349 28 15 on
995 348 23 15 se

193 375 116 21 vedettävä
326 374 105 22 Saimaan
448 375 112 21 vesistöön
577 375 49 21 asti.
661 375 57 21 Minä
735 373 117 28 hyväksyn
869 372 149 22 valiokunnan

194 404 170 22 muodostaman
380 411 94 21 ponnen.

266 434 116 22 Edusmies
398 435 127 27 Häyrinen:
542 435 77 21 Täällä
635 436 50 20 ovat
701 433 140 23 edusmiehet
858 432 123 22 Pulkkinen
997 432 22 26 ja

194 464 103 28 Kyander
321 465 136 21 maininneet
480 465 66 21 niistä
569 464 169 25 näkökohdista,
764 464 55 26 joita
843 462 98 22 minäkin
961 462 58 22 aioin

194 495 68 21 tuoda
278 494 61 22 esiin.
372 495 108 27 Yhdistyn
497 495 123 21 sentähden
636 494 80 22 heidän
733 493 186 22 lausuntoihinsa.

266 524 223 28 Landtdagsmannen
506 524 123 22 Ehrström:
646 524 41 28 Jag
697 530 67 16 anser
775 525 32 19 att
819 524 36 20 det
866 530 39 14 var
917 524 30 20 ett
958 522 60 21 miss-

194 556 42 26 tag,
258 554 29 22 dä
310 555 120 21 ständerna
456 554 85 22 hbeslöto
565 557 31 19 att
613 555 79 21 Imatra
708 554 75 22 banan
800 553 72 21 skulle
889 555 78 19 stanna
983 552 36 21 vid

195 585 80 21 Imatra
288 584 116 26 värdshus,
414 585 91 21 hvarför
515 585 42 27 jag,
569 584 29 22 dä
609 585 38 21 det
657 592 29 14 nu
698 586 24 20 är
733 584 79 27 frägan
825 590 35 14 om
872 585 31 19 att
914 583 106 27 godtgöra

195 615 60 21 detta
278 615 97 27 misstag,
400 615 130 27 godkänner
554 615 116 21 utskottets
686 615 66 24 kläm,
770 614 43 21 och
829 614 86 26 hoppas
931 613 41 26 jag,
989 614 32 19 att

195 644 72 22 medel
284 644 62 22 skola
363 644 71 22 finnas
451 647 31 19 att
498 644 93 22 slutföra
608 645 73 21 banan
697 644 59 22 ända
767 644 33 21 till
813 643 110 21 Harakka.
944 642 77 22 Denna

195 674 58 22 bana
277 680 52 16 vore
346 675 69 27 nyttig
431 675 48 21 icke
496 675 79 21 endast
590 675 35 21 för
641 675 95 25 turister,
755 676 53 19 utan
826 673 65 21 äfven
908 673 34 21 för
958 679 62 15 varu-

194 706 147 25 transporten.

266 734 116 22 Edusmies
399 734 132 23 Konttinen:
549 735 31 21 En
591 735 118 21 minäkään
721 734 61 22 luule
794 734 80 20 olevan
886 734 63 26 syytä
960 734 61 20 erota

194 764 151 21 valiokunnan
369 766 115 25 ponnesta,
509 764 50 22 sillä
583 765 104 26 Karjalan
711 767 49 19 rata
784 770 30 15 on
839 765 38 25 nyt
895 762 88 22 tekeillä
999 762 22 26 ja

195 794 62 21 siellä
282 800 28 15 on
335 794 99 22 valmiita
458 794 114 28 työkaluja
589 795 23 26 ja
628 795 120 27 työmiehet
764 793 132 27 saapuvilla,
913 793 60 26 joten
989 798 32 15 ra-

195 824 142 21 kentaminen
352 824 60 21 tulee
428 824 168 28 helpommaksi.
621 824 58 22 Minä
696 824 116 28 hyväksyn
824 823 123 21 sentähden
955 822 66 22 valio-

195 854 90 21 kunnan
302 854 128 22 mietinnön.

267 884 116 21 Edusmies
401 884 108 22 Heikura:
531 884 75 22 Minun
623 885 20 21 ei
659 884 90 22 tarvitse
766 884 78 27 puhua
861 883 104 21 Harakan
981 883 40 21 las-

195 914 152 26 tauspaikasta
368 914 105 21 Saimaan
492 914 107 22 rannalla.
632 914 104 22 Harakan
752 916 50 19 rata
819 914 76 26 puhuu
912 914 41 20 itse
970 920 51 20 puo-

195 944 92 21 lestaan.
320 944 58 20 Minä
394 944 113 21 kannatan
523 944 151 22 valiokunnan
691 944 122 22 mietintöä.

268 973 222 27 Landtdagsmannen
507 974 118 28 Lindberg:
642 974 41 27 Jag
699 974 124 27 medgifver
839 974 130 26 visserligen
985 973 36 21 det

195 1010 54 14 vara
272 1005 31 19 ett
326 1004 91 26 misstag
433 1004 23 20 af
473 1004 57 20 1888
547 1003 36 22 ärs
600 1004 95 26 ständer,
713 1006 31 19 att
760 1004 107 21 Harakka
884 1004 73 20 banan
973 1003 48 21 icke

195 1032 45 22 blef
256 1033 101 21 besluten
374 1035 31 19 att
421 1033 82 28 byggas
520 1033 28 27 pä
565 1040 85 15 samma
666 1034 56 27 gäng
738 1040 49 15 som
804 1034 45 20 den
861 1033 70 27 öfriga
942 1033 80 21 Imatra

195 1063 80 25 banan,
300 1069 50 15 men
374 1064 36 26 jag
433 1070 66 15 anser
524 1064 55 21 1891
597 1064 36 21 ärs
650 1064 89 21 ständer
755 1063 74 22 skulle
845 1063 56 27 begä
917 1065 30 19 ett
963 1065 58 19 ännu

195 1093 71 20 större
290 1093 97 27 misstag,
405 1099 37 15 om
458 1093 28 21 de
503 1093 71 21 skulle
591 1093 86 22 besluta
693 1096 32 19 att
740 1094 51 21 frän
808 1093 72 21 andra
896 1093 126 26 disponibla

196 1122 71 21 medel
290 1122 59 27 gifva
366 1123 77 27 anslag
459 1123 35 21 för
511 1123 123 27 byggandet
649 1123 24 21 af
689 1124 72 21 denna
778 1123 66 21 bana.
878 1122 41 22 Om
936 1122 87 22 ständet

195 1152 71 21 skulle
283 1152 87 21 besluta
386 1155 32 18 att
433 1153 49 21 frän
499 1153 70 21 andra
585 1153 127 27 disponibla
728 1153 73 22 medel
818 1153 61 26 gifva
895 1153 77 26 anslag
988 1153 34 21 för

184 1181 126 30 "byggande
334 1182 23 21 af
380 1183 74 20 denna
474 1183 65 26 bana,
557 1182 24 22 sä
597 1189 52 15 vore
667 1184 36 20 det
719 1185 31 19 att
760 1183 62 28 gifva
839 1189 27 14 en
883 1182 102 21 fullmakt
1001 1182 22 21 ät

195 1212 128 27 regeringen
347 1214 32 19 att
402 1215 50 24 taga
479 1213 43 21 den
545 1213 76 21 härför
640 1213 108 27 behöfliga
764 1219 106 15 summan
887 1212 48 21 frän
953 1213 70 20 andra

195 1242 134 25 statsmedel,
355 1242 70 21 ehuru
449 1242 73 27 nägon
546 1243 69 21 sädan
639 1243 64 27 utgift
722 1243 47 21 icke
786 1243 65 26 ingär
867 1243 7 20 i
891 1243 131 20 ständernas

195 1271 172 28 budgetförslag.
400 1272 40 21 Det
456 1273 41 20 har
516 1273 69 20 händt
601 1273 85 27 engäng
701 1273 59 21 förut
776 1275 32 19 att
826 1273 129 26 regeringen
972 1273 51 26 bygt

195 1307 27 15 en
246 1301 64 26 bana,
328 1302 66 21 näml.
412 1302 267 26 Villmanstrandsbanan,
700 1305 52 19 utan
769 1305 31 19 att
817 1303 57 20 höra
891 1302 131 21 ständernas

195 1331 62 21 äsikt.
291 1331 77 22 Denna
384 1332 58 21 bana
459 1332 105 21 skänktes
581 1333 68 20 sedan
666 1333 45 21 helt
727 1333 41 21 och
784 1332 70 22 hället
870 1332 32 21 till
917 1332 104 21 Finlands

195 1361 70 27 öfriga
287 1361 187 27 stambanelinjer,
492 1369 51 14 men
565 1363 51 20 kom
633 1363 42 20 den
693 1365 31 19 att
738 1369 54 15 vara
809 1369 29 14 en
855 1361 23 22 af
894 1362 27 21 de
938 1362 83 25 länkar,

195 1397 48 15 som
267 1391 69 28 draga
360 1398 61 15 mera
444 1392 93 21 tillbaka
553 1394 27 19 än
597 1393 91 26 bidraga
704 1393 32 20 till
752 1393 166 20 inkomsternas
935 1392 86 21 ökande

195 1420 28 27 pä
239 1420 54 22 vära
316 1421 133 22 statsbanor.
481 1422 42 27 Jag
539 1422 39 21 har
593 1422 48 21 icke
658 1423 57 20 varit
731 1425 44 18 mot
792 1422 83 27 själfva
891 1421 130 28 byggandet,

195 1452 53 19 utan
272 1457 36 15 ser
331 1451 36 27 jag
387 1458 68 21 gerna
471 1454 32 19 att
519 1452 36 21 det
571 1452 97 27 misstag,
686 1459 47 14 som
750 1452 90 27 gjordes
857 1451 37 21 vid
913 1452 56 21 1888
985 1451 36 22 ärs

194 1481 157 26 ständermöte,
369 1481 57 22 skall
443 1483 75 20 rättas.
543 1482 41 21 Det
600 1483 24 20 är
640 1482 23 21 af
679 1482 150 27 princip-skäl,
848 1488 49 14 som
913 1482 36 27 jag
969 1484 53 19 mot-

195 1511 68 21 sätter
286 1511 44 27 mig
354 1513 32 19 att
402 1518 27 15 en
446 1511 70 22 sädan
533 1511 45 22 fras
595 1512 56 22 skall
667 1512 90 22 komma
773 1513 22 20 in
811 1512 8 21 i
836 1511 119 27 klämmen,
973 1518 48 15 som
