1073 1756
63 106 6 5 .
380 100 10 17 6
403 105 17 17 p.
434 100 83 17 Toukok.
807 100 45 18 1133

51 161 77 21 Näistä
144 161 68 26 syistä
228 160 60 20 minä
304 160 119 26 puolustan
440 160 103 20 Rauman
560 161 67 24 rataa,
646 159 190 22 rakennettakoon
852 166 24 15 se

52 191 48 20 sitte
120 190 130 28 yksityisten
272 190 27 20 tai
321 189 83 21 valtion
424 190 109 21 toimesta.
566 189 141 21 Kuitenkaan
729 190 19 21 ei
769 189 49 21 olisi
838 190 38 19 mi-

51 223 66 18 nusta
133 219 194 27 johdonmukaista
343 221 45 19 että
405 219 115 27 yksityiset
536 221 75 19 tämän
627 219 71 21 radan
709 219 165 25 rakentaisivat,

51 256 58 15 vaan
134 249 68 21 soisin
228 249 64 26 minä,
320 251 44 19 että
385 249 67 21 valtio
474 249 58 21 vielä
554 251 52 19 tuon
627 249 81 27 pienen
730 249 82 27 pätkän
833 249 43 20 val

52 279 99 21 mistaisi.

123 309 115 21 Edusmies
260 309 117 22 Vitikkala:
394 305 75 25 Äsken
485 309 46 20 kun
548 309 28 20 oli
593 309 59 26 puhe
669 309 158 27 Mäntyluodon
844 315 32 14 ra-

52 340 69 24 dasta,
139 339 68 20 tahtoi
224 339 111 20 edusmies
352 339 93 21 Avellan
462 339 43 20 sitä
520 339 108 26 johonkin
645 345 75 15 meren
737 345 100 19 saareen,
854 339 23 26 ja

52 369 45 20 kun
117 375 23 14 se
160 369 19 20 ei
196 369 134 25 onnistunut,
352 369 76 26 rupesi
444 369 44 20 hän
506 369 42 20 sitä
564 369 157 26 puuhaamaan
738 369 139 21 Uuteenkau-

52 399 98 26 punkiin.
183 399 127 20 Merkillistä
331 405 34 19 on,
388 400 44 19 että
454 399 42 20 sitä
517 399 60 26 pitää
597 399 65 20 viedä
678 399 106 26 johonkin
802 405 75 14 meren

52 429 104 25 salmeen,
178 429 101 20 niemeen
299 429 30 20 tai
346 429 98 21 luotoon.
477 428 33 21 On
527 429 138 25 ihmeellistä,
683 430 45 19 että
743 429 53 20 näin
813 429 63 20 itsek-

52 459 72 20 käästi
139 460 150 19 vastustetaan
306 459 46 20 niin
368 459 135 26 hyödyllistä
519 459 76 25 tointa,
613 459 53 20 kuin
683 459 102 26 puheena
797 459 78 20 olevan

52 489 70 20 radan
151 489 127 20 tutkimista.
311 489 61 21 Koko
394 489 102 26 säätykin
517 489 103 25 huomaa,
645 490 45 19 että
711 488 75 27 lyhyin
803 488 75 21 matka

52 525 28 15 on
98 518 88 21 kaikille
203 518 86 27 sopivin
305 519 22 25 ja
343 519 100 20 tottahan
460 519 57 26 sopii
535 519 76 24 uskoa,
629 519 45 20 kun
691 519 91 20 merellä
799 518 78 21 seilan-

52 551 50 18 neet
123 548 149 27 kapteenitkin
293 549 42 20 sitä
355 549 151 25 vakuuttavat,
532 549 45 20 että
595 548 116 21 Raumalle
733 555 28 14 on
778 549 100 26 sopivata

52 578 98 21 laivoilla
171 578 86 21 kulkea.
288 578 70 21 Tämä
378 579 19 20 ei
418 578 135 21 kuitenkaan
569 579 45 26 näy
631 578 111 21 edusmies
759 578 117 21 Avellanin

53 608 86 27 päähän
156 608 126 21 mahtuvan.

124 638 221 27 Landtdagsmannen
370 638 120 28 Lindberg:
514 638 41 29 Det
575 638 76 27 tyckes
667 645 54 14 vara
737 638 46 26 här,
801 637 74 22 säsom

52 667 36 21 vid
113 667 79 28 många
216 668 69 21 andra
308 668 101 21 tillfällen
426 668 7 21 i
449 668 68 25 lifvet,
534 671 32 18 att
582 668 37 21 det
635 669 24 20 är
675 668 96 27 kampen
788 668 34 21 för
838 667 40 21 till-

52 703 69 16 varon
146 704 47 15 som
218 698 92 21 blandar
334 698 49 21 bort
407 698 58 21 folks
489 698 97 27 begrepp
611 698 42 21 och
677 698 72 21 sunda
770 697 106 22 förständ.

53 727 45 21 Här
114 729 24 19 är
154 734 36 19 nu,
208 728 65 27 enligt
290 728 57 21 hvad
364 728 36 27 jag
416 728 44 21 kan
476 728 61 25 fatta,
555 730 32 19 tre
604 727 124 22 smästäder
753 734 48 15 som
825 734 53 20 upp-

52 757 68 22 häfva
135 758 85 26 nödrop
237 764 36 15 om
290 760 30 19 att
336 757 74 22 banan
427 758 56 21 skall
500 758 62 21 ledas
578 758 32 21 till
627 758 43 21 den
687 764 42 15 ena
743 758 54 21 eller
808 757 69 21 andra

52 794 62 15 mera
130 788 53 21 eller
199 788 85 20 mindre
308 788 57 27 goda
388 788 156 27 hamnplatsen
561 788 7 20 i
585 788 116 27 sydvästra
717 788 64 21 delen
797 788 23 20 af
831 788 47 20 Fin-

54 818 57 20 land.
136 818 43 21 Det
194 819 25 19 är
234 818 138 26 naturligtvis
388 818 92 21 alldeles
497 818 7 20 i
521 818 34 21 sin
572 818 99 26 ordning,
689 820 31 18 att
736 818 43 21 den
795 817 85 27 gnäller

54 854 48 14 som
127 849 89 19 snärten
239 848 74 26 gäller,
338 848 91 21 hvarför
452 854 37 15 om
513 847 66 27 nägot
599 848 22 21 af
637 848 66 20 dessa
719 848 110 20 intressen
845 847 34 21 fär

54 878 33 26 sig
107 884 28 14 en
155 879 66 24 snärt,
240 877 24 21 sä
280 878 74 20 svider
370 878 42 21 och
428 878 78 20 kvider
523 878 43 20 det.
599 878 44 20 Här
660 878 41 20 har
717 884 51 14 man
785 877 93 25 befarat,

54 910 31 18 att
108 914 37 14 om
162 907 177 21 Raumo-boarne
356 907 22 21 fä
395 914 27 14 en
439 907 134 22 subvention
589 908 34 20 för
639 908 34 20 sin
690 908 115 20 tillernade
822 908 56 25 järn-

54 937 148 27 vägsbygnad,
214 937 25 21 sä
255 937 72 21 blefve
344 938 137 26 Björneborg
497 938 42 20 och
553 937 84 28 Nystad
649 938 87 26 mycket
746 938 74 20 ilskna
831 937 47 20 där-

54 967 68 21 öfver.
155 967 222 27 Landtdagsmannen
398 968 92 20 Bremer
505 968 42 21 har
567 968 92 25 befarat,
677 969 31 19 att
724 967 90 27 Nystad,
831 966 47 22 ifall

55 998 86 20 Raumo
160 997 34 21 fär
210 997 127 25 understöd,
355 998 119 26 möjligtvis
491 998 71 20 skulle
587 997 89 21 komma
693 998 34 20 att
742 997 69 21 blifva
827 999 52 18 utan

55 1027 41 21 och
112 1027 95 27 Nystads
224 1027 58 21 bana
298 1027 71 21 skulle
386 1027 64 21 torka
466 1028 28 20 in.
523 1027 36 21 Alt
575 1027 60 21 detta
649 1029 25 19 är
685 1028 22 25 ju
721 1033 27 15 en
760 1027 118 26 möjlighet.

55 1056 30 22 Sä
108 1057 118 21 förefinnes
251 1057 36 21 det
303 1056 68 22 ocksä
387 1057 44 21 den
447 1057 144 27 möjligheten
607 1059 32 19 att
655 1057 73 21 banan
745 1057 32 21 till
793 1056 85 28 Nystad

55 1087 33 21 als
108 1087 49 21 icke
176 1087 100 21 kommer
292 1089 30 19 att
339 1087 80 27 dragas
435 1087 59 21 ifrän
510 1087 206 21 Satakunta-banan
740 1089 53 19 utan
810 1086 69 26 möjli-

55 1123 41 21 gen
120 1116 48 22 från
185 1116 164 27 abo—Toijala
365 1117 75 21 banan
456 1119 14 19 t.
488 1123 33 15 ex.
540 1116 48 22 från
605 1117 116 26 Loimijoki
737 1117 54 21 eller
807 1116 73 27 någon

55 1153 74 15 annan
153 1146 69 27 punkt
250 1146 28 27 pä
308 1140 65 27 Äbo—
382 1136 92 41 Toijala
490 1146 80 22 banan.
595 1147 82 21 Vidare
688 1146 70 22 tinnes
770 1146 37 22 det
818 1148 59 19 ännu

56 1182 27 15 en
94 1176 118 27 möjlighet,
225 1183 47 14 som
290 1176 67 21 ocksä
373 1177 33 20 als
422 1176 49 22 icke
488 1176 44 22 kan
543 1183 54 15 vara
613 1176 25 22 sä
654 1183 26 14 ur
695 1178 70 25 vägen
777 1178 30 19 att
818 1178 62 24 tagas

55 1206 7 20 i
78 1206 150 25 betraktande,
253 1206 66 21 näml.
344 1206 49 25 den,
419 1208 31 19 att
477 1213 51 14 man
553 1206 43 22 kan
613 1206 22 22 få
651 1213 27 14 en
690 1206 58 21 bana
759 1206 57 21 ifrån
828 1199 48 28 Äbo

55 1236 32 20 till
103 1236 83 27 Nystad
204 1236 73 21 säsom
294 1242 27 15 en
338 1236 111 21 kustbana
464 1236 23 21 in
504 1242 46 21 spe,
567 1237 122 26 utgörande
701 1242 26 15 en
740 1236 140 26 fortsättning

56 1266 23 20 af
106 1266 125 20 kustbanan
259 1266 95 21 emellan
378 1266 225 27 abo—Helsingfors.
643 1266 91 21 Således
765 1266 67 21 hafva
858 1265 22 21 vi

55 1296 41 20 här
112 1302 27 14 en
159 1298 45 18 stor
224 1296 112 26 rektangel
353 1296 76 20 bildad
446 1296 23 21 af
485 1296 175 26 järnvägslinjer,
678 1302 48 15 som
743 1296 76 20 kunna
834 1296 46 20 tän-

56 1325 40 21 kas
112 1326 89 20 utförda
221 1325 57 21 både
294 1326 21 20 in
333 1332 39 20 spe
388 1326 43 20 och
447 1338 29 3 —
493 1326 43 26 ,,pä
553 1326 62 26 spe"!
648 1326 41 26 Jag
704 1326 76 26 tycker
796 1327 32 19 att
843 1325 37 21 det

56 1355 48 21 icke
128 1355 70 21 finnes
214 1355 66 27 något
296 1356 48 20 skäl
360 1356 35 20 för
412 1356 136 26 regeringen,
565 1356 35 20 för
616 1356 37 20 det
669 1356 75 24 första,
762 1357 31 19 att
809 1355 71 27 bygga

56 1384 72 28 någon
145 1385 22 21 af
183 1386 27 20 de
226 1385 126 27 föreslagna
368 1385 107 26 banorna,
493 1386 42 20 och
551 1386 35 20 för
602 1386 37 20 det
657 1386 70 21 andra
746 1387 31 19 att
787 1384 94 22 förneka

56 1415 121 21 understöd
198 1414 22 22 åt
240 1414 72 28 någon
333 1415 23 21 af
372 1415 66 21 dessa
455 1416 81 25 städer,
555 1422 36 15 om
607 1416 28 21 de
651 1415 28 27 på
695 1421 54 21 egen
765 1415 47 21 risk
828 1414 53 27 vilja

56 1445 71 26 bygga
143 1445 33 27 sig
192 1451 26 15 en
234 1445 97 26 järnväg.
364 1445 149 21 Understödet
529 1445 70 21 borde
615 1446 22 26 ju
654 1451 59 20 vara,
727 1445 73 21 såsom
812 1444 69 21 landt-

56 1475 151 26 dagsmannen
224 1474 93 21 Castrén
333 1475 7 20 i
356 1475 35 20 sin
407 1475 60 20 kläm
484 1475 123 27 föreslagit:
624 1475 131 26 tillräckligt,
771 1481 50 14 men
834 1474 47 21 där-

56 1504 50 21 med
130 1506 26 19 är
178 1505 48 20 icke
250 1507 54 24 sagt,
326 1507 31 18 att
373 1505 37 20 det
426 1505 70 20 borde
512 1511 55 15 vara
583 1505 25 21 så
623 1505 97 26 rundligt
737 1506 30 19 att
783 1504 74 21 banan
874 1503 7 20 i
