1081 1761
229 117 47 18 1562
551 120 23 17 25
586 125 18 18 p.
617 120 81 18 Toukok.

204 177 146 22 understöder
369 181 182 20 reservanternas
571 179 84 28 förslag
670 180 32 21 till
718 179 130 28 förändring
864 180 22 21 af
902 180 73 21 denna
991 185 35 21 pa-

204 207 80 28 ragraf.
316 207 71 28 Enligt
406 209 73 21 denna
498 209 130 27 förändring
649 210 100 21 kommer
765 210 132 26 paragrafen
914 212 31 19 att
960 209 66 22 hafva

204 237 105 22 afseende
325 238 78 21 endast
419 239 28 26 pä
463 239 57 26 dem,
537 246 49 15 som
603 239 56 22 efter
675 240 75 21 hunna
766 239 27 22 21
812 240 25 21 är
854 240 87 27 begifva
956 240 34 27 sig
1000 245 26 15 ur

204 267 82 22 landet.

274 297 221 27 Landtdagsmannen
511 298 96 23 Stråhle:
637 299 42 27 Jag
694 299 57 21 hade
767 299 35 21 för
819 299 67 21 afsikt
896 301 32 19 att
938 299 89 21 bemöta

204 326 212 28 landtdagsmannen
437 328 139 26 Tensikkala,
595 335 42 15 som
651 329 7 21 i
667 329 111 27 egenskap
795 329 24 21 af
834 329 192 21 utskottsmedlem

205 357 103 27 uppträdt
333 357 32 21 till
391 358 86 21 försvar
503 358 35 22 för
561 359 118 21 utskottets
703 359 113 27 synpunkt
838 359 8 21 i
869 359 73 21 denna
958 358 67 28 fräga.

203 386 76 22 Ehuru
303 387 35 27 jag
361 388 32 20 till
417 394 27 15 en
465 388 35 21 del
516 388 73 21 blifvit
604 390 152 20 förekommen
774 389 23 21 af
813 389 213 27 landtdagsmannen

204 416 131 26 Hollmerus,
357 417 37 21 vill
413 418 36 26 jag
469 418 57 21 dock
547 420 60 19 ännu
624 419 88 27 tillägga
728 418 69 28 nägra
813 419 47 21 ord.
893 418 132 28 Landtdags-

204 453 95 15 mannen
316 447 132 22 Tensikkala
464 449 41 20 har
520 451 54 25 sagt,
592 451 31 19 att
639 449 241 21 fosterlandskärleken
897 449 41 21 bör
954 449 72 20 drifva

203 476 27 21 de
254 477 162 28 värnepligtige,
441 485 48 14 som
510 480 39 19 äro
566 479 133 25 utomlands,
716 479 51 21 hem
783 479 36 20 för
835 481 31 19 att
882 479 94 27 fullgöra
992 479 34 21 sin

202 507 129 27 värnepligt.
363 507 115 22 Huruvida
497 509 44 20 han
558 509 92 21 därmed
667 509 78 21 uttalat
761 515 28 15 en
806 508 58 22 äsikt
877 509 16 21 &
909 509 116 21 utskottets

203 537 83 26 vägnar
309 537 34 21 för
367 538 161 21 motiverandet
551 539 24 20 af
590 539 74 21 denna
681 539 40 21 sak
737 539 54 21 eller
807 539 111 21 huruvida
934 539 37 21 det
987 545 39 14 var

202 566 56 21 hans
275 573 54 20 egen
345 568 126 26 personliga
486 568 63 25 äsikt,
567 571 36 18 vet
618 569 36 26 jag
670 569 54 21 icke.
757 569 42 26 Jag
815 569 38 20 vill
870 569 78 20 endast
964 568 62 27 fräga

202 596 82 21 honom
301 597 42 21 och
359 596 92 27 ständet,
468 598 56 21 huru
541 598 81 27 mänga
638 604 106 21 personer
755 598 85 21 drifvas
852 598 23 21 af
885 598 141 22 fosterlands-

202 626 77 21 kärlek
295 628 31 19 att
342 627 94 27 fullgöra
452 628 34 20 sin
502 628 129 27 värnepligt.
663 628 78 22 Männe
757 628 62 21 detta
835 628 48 21 icke
900 628 51 21 sker
965 634 61 15 mera

202 656 23 20 af
247 656 90 21 fruktan
360 657 35 21 för
419 657 42 21 den
485 658 136 21 drakoniska
641 658 63 27 lagen
721 660 28 19 än
766 658 23 21 af
806 658 218 22 fosterlandskärlek.

203 686 62 21 Huru
286 686 55 21 skall
363 694 51 14 man
435 687 28 21 dä
483 688 76 20 fordra
575 690 31 18 att
622 688 73 21 denna
711 688 79 21 känsla
807 688 57 21 skall
880 695 54 14 vara
950 688 76 20 mäkti-

202 722 52 20 gare
276 716 40 21 hos
341 723 105 20 personer
463 724 47 14 som
526 718 97 27 tillbragt
639 724 27 15 en
683 718 35 21 del
735 718 23 21 af
775 718 34 21 sin
826 718 38 25 tid,
881 718 75 27 längre
972 718 54 21 eller

202 746 94 26 kortare,
314 749 60 18 utom
391 747 86 21 landets
493 749 97 25 gränser.
615 748 41 27 Jag
672 750 35 19 vet
723 748 50 21 icke
790 750 32 19 att
838 748 49 25 den,
905 754 47 15 som
964 748 23 20 af
998 754 27 14 en

201 776 55 20 eller
279 782 73 15 annan
377 777 66 21 orsak
467 777 39 21 fätt
522 778 43 20 den
582 778 65 21 svära
663 778 68 21 lotten
748 780 32 19 att
796 778 65 21 borta
877 777 49 21 frän
942 778 37 20 sitt
995 777 29 21 fä-

202 806 132 21 dernesland
351 806 54 22 söka
421 807 38 21 sitt
474 808 123 26 uppehälle,
615 808 56 21 skall
687 808 90 27 äläggas
794 810 114 24 strängare
924 808 62 20 straff
996 809 29 19 än

202 836 42 20 den
266 842 48 15 som
335 836 40 21 bor
391 837 7 20 i
414 837 75 21 landet
505 838 41 20 och
564 838 77 21 lättare
658 838 43 21 kan
717 838 85 20 infinna
819 838 34 26 sig
868 838 32 20 till
916 837 108 27 uppbäds-

201 865 192 27 förrättningarna.
425 867 41 26 Jag
486 867 70 21 finner
572 867 87 21 säledes
675 870 31 19 att
721 868 28 21 de
766 868 75 25 motiv,
859 874 48 14 som
923 866 102 22 framhäl-

201 895 35 20 lits
258 895 23 21 af
299 895 213 28 landtdagsmannen
531 897 140 25 Tensikkala,
692 899 38 20 äro
751 897 86 27 ganska
856 897 46 21 litet
918 897 106 21 hällbara.

271 925 122 26 Edusmies,
411 926 116 22 lautamies
544 927 107 22 Koivisto:
667 927 66 21 Niillä
745 927 143 25 mietelmillä,
900 927 62 26 jotka
973 927 52 20 kun-

201 954 151 22 nallisneuvos
375 955 114 23 Meurman
513 963 28 15 on
565 957 87 21 asiassa
671 957 112 25 lausunut,
801 957 60 21 minä
878 957 147 27 mielihyvällä

201 984 116 28 hyväksyn
332 986 161 21 vastalauseen.

271 1015 116 21 FEdusmies
403 1016 115 22 Punttala:
550 1017 97 21 Minäkin
664 1017 88 27 pyydän
769 1023 59 14 vaan
844 1016 92 28 lyhyesti
948 1016 78 22 ilmoit-

200 1046 42 24 taa,
265 1046 44 20 että
330 1046 59 20 minä
408 1046 60 21 tulen
485 1046 172 22 kannattamaan
674 1046 175 28 kysymyksessä
865 1046 79 21 olevan
961 1046 65 27 pykä-

201 1074 36 21 län
261 1074 166 28 hyväksymistä
450 1076 155 22 vastalauseen
629 1077 102 21 mukaan.
765 1076 117 21 Minunkin
898 1082 77 15 varma
990 1082 36 15 va-

200 1104 136 22 kuutukseni
355 1112 35 18 on,
411 1107 44 19 että
471 1106 135 21 kovennetut
622 1107 216 27 rangaistusmäärät
854 1106 58 21 eivät
928 1107 48 20 estä
991 1106 35 20 ke-

200 1135 52 20 tään
276 1136 159 20 muuttamasta
459 1138 84 19 maasta
559 1136 55 27 pois,
631 1138 70 19 mutta
717 1136 131 27 peloittavat
864 1136 110 21 useitakin
990 1136 36 20 ko-

200 1164 39 20 tiin
256 1164 153 26 palajamasta.

270 1193 117 22 Edusmies
408 1195 119 22 Teittinen:
559 1195 206 22 Periaatteelliselta
785 1195 107 21 kannalta
911 1197 115 19 saatetaan

200 1224 46 20 tätä
269 1223 128 28 kysymystä
420 1224 94 21 katsella
537 1225 98 27 puolelta
657 1226 22 26 ja
702 1225 95 22 toiselta.
831 1225 101 21 Voidaan
948 1225 78 21 katsoa

200 1253 133 21 liikanaisen
349 1254 160 26 personallisen
525 1255 118 26 vapauden
660 1255 162 25 sortamiseksi,
840 1255 34 26 jos
890 1255 136 21 asevelvolli-

202 1283 87 20 suuden
311 1283 90 22 nimellä
425 1285 252 21 asevelvollisuuslakiin
701 1291 107 21 pannaan
832 1285 53 20 liian
901 1284 126 27 rajoittavia

200 1313 141 26 määräyksiä
365 1316 85 19 maasta
474 1314 132 27 siirtymisen
631 1315 98 21 suhteen.
763 1315 99 20 Toiselta
886 1314 80 27 puolen
983 1314 43 21 voi-

200 1342 59 21 daan
276 1343 76 20 minun
369 1343 158 22 käsittääkseni
544 1345 98 26 kylläkin
659 1345 127 26 painavalla
803 1344 69 27 syyllä
890 1345 79 20 katsoa
980 1350 45 15 ase-

200 1372 177 22 velvollisuuden
397 1374 159 21 suorittamista
572 1374 54 21 siksi
642 1375 112 20 tärkeäksi
771 1373 256 22 kansalaisvelvollisuu-

200 1401 64 22 deksi
280 1402 115 26 jokaiselle
411 1403 257 22 asevelvollisuus-ikään
684 1404 98 21 tulleelle
799 1404 23 26 ja
838 1403 188 22 asevelvolliseksi

200 1431 145 27 kelpaavalle,
371 1435 44 18 että
439 1439 29 15 on
483 1434 185 27 väärinkäytöstä,
685 1435 34 26 jos
735 1435 49 20 tätä
799 1433 167 22 velvollisuutta
982 1433 44 20 tah-

200 1463 37 19 too
261 1465 66 23 paeta
350 1463 181 21 mielivaltaisesti
547 1463 106 27 taikkapa
668 1463 210 27 vähäpätöistenkin
894 1463 81 27 syitten
991 1468 36 15 no-

200 1490 60 27 jalla.
292 1491 228 23 Lakivaliokunnassa
543 1494 46 20 tätä
612 1493 61 22 asiaa
697 1492 157 23 käsiteltäessä
878 1495 52 19 ovat
953 1493 75 20 nämät

200 1521 181 26 periaatteelliset
400 1523 143 21 näkökannat
559 1523 76 21 tulleet
651 1524 56 21 esiin
723 1524 22 26 ja
763 1529 42 15 sen
821 1523 154 21 seurauksena
991 1528 35 19 on,

572 1567 13 14 ”

886 1585 2 8 (
