1078 1756
233 102 44 17 1192
552 104 10 17 9
576 110 16 16 p.
606 103 80 18 Toukok.

206 161 89 22 komma
318 169 59 15 norr-
401 164 42 20 och
460 163 90 22 söderut
574 163 28 28 på
625 163 103 22 karelska
751 163 81 25 banan,
857 169 65 14 anser
942 163 36 26 jag
994 162 36 21 det

207 198 53 15 vara
284 193 125 27 lämpligast
432 195 32 20 att
487 193 66 21 äfven
574 194 29 21 då
623 194 53 26 följa
692 199 86 15 samma
794 193 92 26 princip,
903 193 42 20 och
962 193 67 26 draga

207 222 72 21 banan
303 223 43 21 den
371 223 98 22 kortaste
494 223 41 21 och
556 224 89 21 rakaste
661 225 75 26 vägen.
769 223 51 20 Man
837 223 100 21 kommer
953 222 28 21 då
999 222 29 21 till

206 251 71 28 någon
301 253 58 21 trakt
383 253 103 22 söderom
507 253 146 22 Pieksämäki.
686 254 43 21 För
753 253 45 20 min
824 253 34 20 del
883 252 146 22 understöder

205 283 36 26 jag
258 283 250 22 utskottsbetänkandet.

278 313 221 27 Landtdagsmannen
516 313 96 23 Stråhle:
629 313 223 27 Landtdagsmannen
870 313 102 27 Kyander
988 313 40 20 har

206 342 57 21 velat
287 342 62 27 påstå
373 345 31 20 att
427 350 51 15 man
499 343 37 21 vill
553 344 68 21 hafva
637 343 96 28 uppskof
748 343 7 21 i
772 343 74 20 denna
862 342 62 27 fråga
940 343 42 21 och
998 345 30 18 att

206 378 50 15 man
281 373 88 21 därföre
393 375 24 20 är
441 376 59 19 emot
524 373 85 22 banans
633 373 120 28 byggande.
787 373 43 20 För
851 373 37 20 det
904 373 69 20 första
989 373 40 20 har

206 402 64 27 ingen
287 403 56 21 varit
360 406 45 19 mot
421 403 124 28 byggandet
561 404 23 21 af
600 404 73 21 denna
688 404 64 25 bana,
771 403 71 20 ehuru
859 402 112 22 åsikterna
987 402 41 21 för-

205 432 116 27 nämligast
345 439 36 15 om
401 434 157 27 sträckningen
574 434 24 21 af
613 434 130 21 densamma
759 435 39 19 äro
816 433 65 25 olika,
899 433 32 20 till
948 434 81 19 största

205 461 64 22 delen
281 463 112 22 beroende
409 463 23 22 af
448 464 54 21 brist
518 463 28 28 på
563 464 185 21 lokalkännedom
765 463 43 21 och
823 469 153 21 noggrannare
993 469 35 14 un-

206 492 135 28 dersökning
364 493 61 22 såväl
449 493 29 28 på
501 494 43 21 den
561 500 42 15 ena
619 501 47 14 som
684 495 42 20 den
742 493 72 21 andra
830 493 74 26 linjen.
937 493 91 21 Således

204 521 70 22 håller
294 523 37 21 det
347 523 135 27 påståendet,
500 526 31 19 att
548 531 51 14 man
615 531 78 20 genom
710 526 31 19 att
757 522 91 22 anhålla
863 529 36 14 om
923 529 105 21 noggran-

204 559 53 15 nare
274 553 190 28 undersökningar
483 554 23 21 af
522 561 29 14 nu
568 554 128 27 ifrågasatta
712 553 148 26 sräckningen
881 553 71 21 skulle
976 555 52 19 mot-

204 584 57 19 sätta
284 583 33 27 sig
340 583 124 28 byggandet
487 584 23 21 af
534 584 72 21 denna
630 584 63 26 bana,
718 583 48 22 icke
791 583 69 21 heller
880 583 73 21 sträck
969 583 57 20 hvad

204 612 131 22 åtminstone
352 614 44 26 mig
412 614 112 21 beträffar.
545 614 207 27 Landtdagsmanen
766 613 105 27 Kyander
882 613 69 21 borde
961 613 67 21 hafva

204 643 53 20 reda
273 643 34 26 på,
325 645 31 19 att
371 644 21 20 vi
409 644 48 21 icke
474 644 70 21 under
553 645 43 20 den
612 646 111 19 närmaste
739 646 33 19 tre
789 643 37 21 års
836 643 105 26 perioden
953 643 75 21 kunna

203 672 70 28 bygga
290 673 71 27 någon
377 674 85 27 järväg;
480 675 41 20 och
537 675 36 27 jag
589 675 44 21 kan
649 675 47 21 icke
712 674 68 22 tänka
798 673 50 27 mig,
865 675 32 19 att
909 673 119 21 ständerna

203 703 72 21 skulle
298 710 54 15 vara
375 704 25 21 så
416 704 102 22 tanklösa
539 705 41 21 och
604 705 86 21 besluta
706 704 126 28 byggandet
848 704 23 20 af
887 710 27 14 en
930 704 97 26 järnväg,

203 739 48 15 som
267 733 49 21 icke
331 734 60 21 inom
408 736 32 19 tre
456 734 25 22 år
497 734 44 22 kan
552 734 103 28 beläggas
667 735 49 21 med
734 734 84 21 arbete.
852 733 116 27 Samtidigt
979 740 47 14 som

203 763 120 21 ständerna
339 765 38 20 äro
384 759 12 37 i
417 764 85 21 tillfälle
518 767 32 19 att
565 764 80 27 bevilja
657 765 70 21 medel
739 764 35 21 för
785 763 126 27 byggandet
921 763 23 21 af
955 763 73 21 denna

204 792 64 26 bana,
293 793 76 21 kunna
392 794 27 21 de
440 794 66 22 äfven
522 794 87 22 besluta
625 801 36 15 om
678 794 156 26 sträckningen
852 793 23 21 af
890 794 136 20 densamma.

204 836 28 2 —
256 823 223 27 Landtdagsmannen
506 824 93 22 Castrén
619 824 46 22 åter
691 825 40 21 har
747 824 29 27 på
792 825 32 19 ett
839 823 84 27 ganska
939 823 88 21 bomba-

203 853 64 21 stiskt
291 855 42 19 sätt
349 854 121 21 framhållit
493 857 31 18 att
548 854 87 22 ståndet
659 855 68 21 borde
743 854 61 21 hålla
821 853 38 21 sitt
881 853 36 21 vid
938 855 88 19 senaste

202 883 105 27 landtdag
323 883 83 22 fattade
422 884 73 21 beslut
510 884 7 20 i
533 884 71 27 helgd.
636 884 40 27 Jag
692 885 34 21 för
742 884 46 21 min
805 883 36 21 del
858 883 43 21 kan
913 883 48 21 icke
973 883 54 21 fatta

202 914 31 20 att
257 912 98 22 ståndets
379 914 61 21 förra
464 914 72 21 beslut
558 914 28 27 på
602 914 66 27 något
684 916 42 20 sätt
743 914 74 20 blefve
833 913 140 27 vanhelgadt,
991 920 34 14 om

202 942 21 21 vi
247 949 30 15 nu
301 943 55 21 fatta
381 946 30 19 ett
434 944 73 21 beslut
523 944 6 21 i
546 944 37 21 det
606 944 56 28 syfte
686 951 47 15 som
750 944 37 26 jag
804 943 48 21 haft
867 944 55 20 äran
938 942 88 22 föreslå.

202 972 91 22 Ståndet
310 973 71 21 beslöt
392 974 36 20 vid
440 976 88 19 senaste
540 974 110 27 landidag,
663 974 65 27 enligt
740 973 59 22 hvad
812 973 214 27 landtdagsmannen

201 1002 92 22 Castrén
305 1004 113 26 uppgifvit,
431 1006 31 19 att
473 1004 166 27 undersökning
649 1004 71 21 skulle
731 1003 135 22 värkställas
878 1002 28 27 på
917 1009 108 15 samman-

200 1032 193 28 bindningsbanan
413 1034 50 21 från
479 1034 72 27 någon
567 1034 70 27 punkt
653 1034 28 27 på
697 1034 136 21 Vasabanan
850 1032 32 21 till
898 1032 126 28 Jyväskylä,

200 1062 42 21 och
258 1064 31 20 att
305 1069 28 15 en
354 1064 138 26 proposition
508 1064 78 21 därom
602 1064 72 21 skulle
690 1064 124 26 föreläggas
832 1064 65 20 nästa
913 1062 111 27 landtdag.

200 1091 32 22 Då
248 1099 29 14 nu
294 1099 28 15 en
338 1092 69 22 sådan
424 1094 137 26 proposition
578 1094 47 21 icke
642 1094 70 21 blifvit
728 1092 101 28 förelagd
846 1092 127 26 ständerna,
986 1092 40 21 har

200 1122 161 22 bondeståndet
385 1123 124 27 fullkomlig
530 1124 65 21 frihet
618 1126 32 18 att
673 1124 85 21 besluta
776 1124 6 20 i
799 1122 71 22 saken
887 1122 28 26 på
931 1124 30 19 ett
972 1122 54 21 eller

200 1154 67 19 annat
291 1154 49 20 sätt.
373 1152 41 22 Om
437 1153 88 21 ståndet
546 1154 71 20 skulle
633 1153 67 22 hafva
716 1154 58 21 velat
791 1152 61 22 hålla
868 1152 29 26 på
913 1152 37 21 sitt
965 1152 61 21 förra

199 1181 78 26 beslut,
295 1182 69 22 borde
381 1183 123 21 detsamma
520 1184 48 20 icke
584 1184 68 20 heller
668 1184 67 20 hafva
743 1183 125 21 remitterat
879 1182 146 26 petitionerna

199 1218 35 14 om
252 1212 103 26 Filppula
378 1213 54 21 eller
458 1213 74 21 Keuru
556 1214 100 20 banorna
672 1214 31 20 till
720 1213 91 25 utskott,
830 1218 51 14 men
898 1211 25 21 så
939 1212 40 21 har
995 1218 29 14 nu

199 1241 69 23 skedt.
290 1254 16 3 —
321 1242 109 26 Föröfrigt
446 1245 36 19 vet
502 1243 36 27 jag
553 1243 54 25 icke,
625 1243 102 21 hvarföre
747 1243 67 21 deras
832 1242 100 25 motiver,
949 1242 75 20 hvilka

198 1271 70 22 önska
291 1278 28 15 en
338 1279 152 20 noggrannare
515 1273 165 27 undersökning
702 1273 23 21 af
748 1273 71 26 begge
843 1271 100 26 linierna,
961 1272 63 21 skola

198 1301 125 28 misstydas.
356 1302 31 21 De
404 1303 70 21 önska
490 1303 137 27 naturligtvis
644 1303 66 21 hafva
726 1303 25 22 så
766 1308 132 21 noggranna
915 1301 110 27 uppgifter

197 1337 47 15 som
269 1332 85 27 möjligt
377 1339 36 14 om
430 1335 122 24 terrängen,
573 1333 40 20 där
637 1333 73 21 banan
726 1333 56 21 skall
799 1332 92 27 byggas,
908 1331 115 21 äfvensom

197 1367 36 14 om
250 1361 71 22 andra
337 1361 28 28 på
381 1363 80 20 liniens
480 1363 139 26 bestämning
635 1363 135 21 inverkande
787 1362 102 21 faktorer
913 1361 42 21 och
971 1361 52 26 vilja

196 1390 48 22 icke
268 1391 153 28 hufvudstupa
436 1392 64 21 kasta
516 1393 183 21 hundrataltusen
716 1393 34 20 för
765 1394 32 19 att
814 1392 20 25 ej
852 1393 54 24 säga
922 1391 102 26 miljoner

196 1421 62 20 mark
275 1421 24 21 så
315 1421 52 27 godt
384 1429 47 14 som
448 1422 29 27 pä
492 1422 141 27 hällebärget,
650 1429 36 15 om
703 1423 36 20 det
755 1423 19 26 ej
787 1423 26 20 är
825 1423 31 19 ett
867 1420 76 22 måste.
982 1420 40 21 Om

195 1456 27 15 en
246 1450 105 22 framtida
375 1452 166 27 undersökning
563 1453 70 26 gifver
656 1453 35 20 vid
709 1452 88 21 handen
814 1453 33 19 att
863 1451 75 20 Keuru
955 1451 67 26 linjen

195 1479 79 22 blifver
299 1481 171 28 fördelaktigare
495 1482 41 21 och
552 1482 43 21 kan
612 1482 81 27 byggas
710 1482 34 21 för
760 1481 102 26 billigare
879 1481 46 26 pris
942 1482 28 19 än
987 1481 35 20 nå-

194 1516 42 20 gon
255 1509 86 27 annan,
367 1512 25 20 så
416 1513 24 19 är
469 1518 27 20 ag
512 1512 44 21 den
573 1512 69 21 första
658 1514 31 19 att
705 1511 138 22 understöda
860 1511 139 26 proposition
1015 1511 7 20 i
