1078 1756
385 120 11 16 4
409 125 18 17 p.
440 119 80 18 Toukok.
799 119 45 17 1061

45 179 130 22 valiokunta
199 185 27 14 on
250 178 166 22 tarkoitukseen
440 180 131 26 määrännyt
590 179 133 21 kerrassaan
743 178 80 27 puolet,
841 178 28 20 45

49 209 86 21 tuhatta
144 209 79 24 m:kaa,
233 209 66 20 niistä
308 209 104 25 varoista,
422 209 60 26 jotka
492 216 22 14 se
524 216 27 14 on
564 209 172 26 jatko-opelusta
747 210 77 18 varten
836 207 34 21 eh-

48 239 107 25 dottanut,
180 240 118 25 näyttääpä
320 239 58 21 vielä
398 239 79 21 olevan
499 240 52 20 liian
568 239 94 21 aikaista
679 240 99 19 määrätä
794 237 76 26 varoja

45 269 134 27 yritykseen,
196 269 57 25 josta
269 269 19 20 ei
305 268 34 21 ole
357 269 132 20 varsinaista
505 269 131 21 kokemusta
653 268 117 21 olemassa.
803 268 68 20 Mutta

46 299 87 21 toiselta
158 298 88 27 puolen,
271 298 100 21 niinkuin
396 305 28 14 on
446 301 108 23 tunnettu,
571 298 301 27 kansanopistoharrastusta

49 335 28 15 on
94 328 89 21 meidän
199 334 148 15 maassamme
364 328 104 27 vleisesti,
486 329 44 20 niin
548 329 37 20 itä-
602 328 53 20 kuin
673 328 130 21 länsiosissa
814 333 57 15 maa-

47 361 82 18 tamme
145 358 133 27 ilmestynyt,
294 358 22 26 ja
332 358 115 26 varojakin
465 365 28 14 on
510 358 86 21 useissa
613 358 113 26 paikoissa
743 358 41 20 sitä
795 359 77 19 varten

47 388 88 21 kokoon
152 390 70 19 saatu.
254 387 34 22 On
304 388 38 21 siis
359 388 105 25 luultava,
483 390 43 19 että
538 388 125 21 tämmöiset
675 388 156 26 oppilaitokset
841 389 31 19 tu-

48 418 59 21 levat
127 418 102 21 olemaan
250 418 86 21 kansan
357 418 141 27 lempilapsia
513 418 22 26 ja
551 419 119 25 etupäässä
687 418 49 21 olisi
752 418 67 20 niistä
835 417 37 21 siis

50 448 77 21 huolta
150 448 118 27 pidettävä.
300 448 58 21 Minä
383 448 125 27 puolestani
529 450 92 19 muuten
642 448 102 27 yhdistyn
761 447 112 21 edusmies

49 479 117 20 Avellanin
187 478 163 27 loppuponteen
371 478 62 21 niillä
454 479 134 26 perusteilla,
606 478 60 26 jotka
683 478 43 21 hän
743 484 28 14 on
788 477 86 21 asiassa

48 509 141 20 esiintuonut.

121 538 116 21 Edusmies
258 538 109 21 Packalen
388 538 64 21 sanoi
469 538 265 21 tuomiokuntalaisiltaan
751 542 123 16 saaneensa

51 568 137 21 toimekseen
212 568 50 26 ajaa
285 568 176 26 kansanopiston
486 569 61 20 asiaa
567 567 168 28 valtiopäivillä;
753 567 122 21 sentähden

52 598 51 25 hän,
125 598 45 21 kun
191 598 111 21 edusmies
323 597 104 22 Duncker
442 598 31 21 oli
489 598 102 27 puhunut
608 598 70 21 siihen
695 599 110 19 suuntaan
822 596 53 21 kuin

51 628 84 27 puhuja
151 628 79 21 itsekin
246 628 29 20 oli
292 628 97 25 aikonut,
407 630 39 25 nyt
462 628 59 27 yhtyi
539 628 173 21 kannattamaan
728 627 67 21 toista
806 628 70 19 vasta-

51 658 100 25 lausetta,
169 657 60 22 mikä
244 658 130 20 mietintöön
390 664 30 15 on
436 658 84 27 liitetty.

123 687 223 27 Landtdagsmannen
366 688 121 28 Lindberg:
519 688 7 20 1
548 687 96 28 enlighet
664 693 35 15 med
733 687 58 20 hvad
808 685 68 22 landt-

53 717 152 27 dagsmannen
226 717 102 21 Duncker
348 724 53 20 nyss
423 718 71 20 under
514 718 157 21 diskussionen
691 716 126 26 framhällit,
835 715 42 22 och

52 747 29 27 pä
97 754 86 14 samma
199 747 101 27 grunder,
318 747 43 21 kan
377 747 50 21 icke
443 747 70 22 heller
528 748 36 26 jag
578 747 119 27 godkänna
707 746 170 21 utskottsbetän-

52 777 94 21 kandets
163 777 109 21 slutkläm.
305 777 41 21 Det
362 779 24 19 är
402 777 36 21 för
454 778 50 26 mig,
522 777 74 22 säsom
611 777 35 21 för
656 777 52 21 flere
720 777 70 20 andra
800 776 76 24 talare,

53 807 40 21 bra
113 813 44 21 nog
177 807 137 26 oförklarligt
332 807 57 20 huru
412 807 106 21 utskottet
538 807 56 21 efter
610 813 26 15 en
654 806 69 21 sädan
740 805 136 26 motivering,

53 843 48 15 som
124 837 62 27 ingär
206 837 7 20 i
234 837 154 25 betänkandet,
410 837 94 21 kommit
520 837 31 21 till
568 843 27 15 en
612 836 70 21 sädan
698 836 65 21 kläm.
796 835 82 21 Beträf-

54 867 67 21 fande
142 867 56 20 först
216 867 266 26 fortsättningskurserna
497 867 32 21 till
546 867 129 25 folkskolor,
693 868 63 25 säger
773 865 105 22 utskottet

54 896 28 27 pä
104 903 48 20 pag.
176 897 36 20 14:
245 914 4 8 ,
252 896 40 26 Då
308 897 73 20 denna
397 897 324 27 organisationsangelägenhet
737 896 64 21 äfven
819 895 60 21 inom

54 927 134 20 fackmanna
204 927 85 20 kretsar
306 933 65 20 synes
388 927 71 25 oklar,
477 927 39 21 har
532 927 106 20 utskottet
654 929 51 18 trott
721 927 33 26 sig
765 926 48 21 icke
825 925 55 21 böra

54 956 51 27 ingå
125 957 7 20 i
153 957 202 26 detaljeranskning
374 956 22 21 af
413 956 85 27 frågan,
516 959 52 18 utan
585 957 78 20 endast
679 955 117 22 framhålla
812 954 68 27 några

55 987 142 26 synpunkter,
222 993 47 14 som
294 986 67 27 enligt
384 987 120 21 utskottets
527 987 67 20 tanke
617 987 95 26 förtjena
735 986 92 21 beaktas
843 984 37 21 vid

57 1017 92 26 planens
171 1016 183 27 förverkligande.
386 1016 39 21 Att
444 1017 42 20 här
502 1017 48 20 icke
566 1017 44 20 kan
627 1016 29 21 bli
673 1016 30 21 tal
719 1023 35 14 om
772 1015 108 26 själfstän-

56 1046 50 27 diga
117 1047 195 26 skolinrättningar
323 1046 50 21 med
385 1053 58 20 egna
455 1047 71 20 lärare
535 1047 107 20 behöfver
651 1046 68 27 knapt
727 1046 153 21 omnämnas.''

125 1076 119 27 Angäende
265 1076 47 21 äter
331 1076 27 21 de
380 1076 6 21 i
404 1077 73 20 andra
493 1079 120 18 momentet
629 1076 126 27 föreslagna
771 1074 111 22 särskilda

56 1106 77 21 kurser
150 1106 50 21 med
216 1106 56 27 syfte
289 1108 31 19 att
336 1105 83 22 bereda
436 1107 127 26 ungdomen
580 1106 66 21 bland
663 1105 219 26 landtbefolkningen

56 1136 85 21 tillfälle
162 1138 31 19 att
214 1136 86 21 utöfver
316 1135 142 22 folkskolans
474 1137 53 20 kurs
543 1136 99 21 inhämta
658 1135 113 28 gagneliga
787 1134 95 21 kunska-

57 1171 38 21 per
119 1165 157 22 företrädesvis
301 1166 93 21 afsedda
419 1166 37 21 för
480 1166 100 27 praktisk
596 1165 157 28 tillämplighet,
771 1166 64 25 säger
851 1166 31 19 ut-

57 1195 89 21 skottet:
169 1195 172 27 ,,Grundplanen
362 1195 32 21 till
417 1202 29 15 en
467 1196 91 21 alldeles
579 1203 28 20 ny
629 1198 33 19 art
678 1195 23 21 af
716 1195 166 25 folkbildnings-

57 1225 106 21 anstalter
183 1227 25 19 är
228 1225 104 21 utstakad
354 1226 6 19 i
381 1225 38 21 det
436 1226 72 21 andra
524 1225 22 22 af
562 1226 28 21 de
606 1225 149 28 föreliggande
772 1224 111 27 petitions-

57 1255 133 26 förslagen."
222 1255 107 27 Slutligen
345 1257 71 25 yttrar
434 1256 106 21 utskottet
557 1262 36 15 om
610 1255 166 27 folkhögskolor
793 1253 28 28 pä
833 1260 49 20 pag.

58 1285 27 20 26
110 1285 42 21 och
176 1285 37 20 27:
239 1285 71 26 ,,Utan
333 1285 145 27 regeringens
498 1285 155 21 mellankomst
674 1285 69 21 måste
760 1283 54 22 våra
830 1283 54 21 folk-

58 1315 257 26 högskolesträfvanden,
337 1321 37 14 om
395 1315 43 21 ock
460 1316 35 21 för
514 1315 139 21 närvarande
675 1315 118 26 uppburna
809 1313 22 21 af
847 1313 37 21 all-

59 1345 130 20 mänhetens
213 1345 121 21 entusiasm
358 1345 43 20 och
427 1345 160 27 offervillighet,
610 1345 22 21 af
648 1345 54 20 brist
717 1344 29 27 på
762 1342 124 23 materiella

59 1374 115 27 tillgångar
198 1375 49 20 med
272 1375 60 20 tiden
356 1375 110 21 förlamas
491 1375 41 21 och
554 1375 6 20 i
581 1375 64 20 bästa
661 1375 37 20 fall
715 1374 50 21 leda
782 1373 55 21 blott
853 1372 32 21 till

57 1404 76 21 halfva
149 1405 112 20 resultat."
294 1404 59 21 Efter
370 1406 32 19 att
419 1405 61 21 förut
495 1405 67 21 hafva
573 1405 120 20 framhållit
703 1403 183 27 folkhögskolans

60 1436 61 25 nytta
141 1434 41 21 och
199 1434 36 21 det
254 1441 56 20 gagn
326 1434 43 21 den
386 1434 37 21 för
440 1435 51 21 med
508 1435 32 26 sig
556 1434 94 21 föreslår
665 1434 106 21 utskottet
787 1432 57 21 dock
855 1433 31 20 att

60 1463 34 21 för
117 1464 233 27 fortsättningskurser
374 1467 60 18 samt
452 1464 149 21 landtmanna-
619 1464 42 21 och
676 1462 211 22 husmodersskolor

59 1493 67 22 måtte
142 1493 92 27 beviljas
252 1500 27 15 en
296 1500 88 15 summa
400 1494 25 21 af
442 1494 82 24 90,000
539 1494 63 21 mark
618 1496 31 19 att
665 1493 70 21 under
751 1493 53 20 åren
822 1491 64 25 1892,

61 1523 57 20 1893
138 1523 42 21 och
197 1523 57 21 1894
271 1523 51 27 utgå
338 1523 51 21 med
407 1523 85 26 30,000
507 1524 63 21 mark
586 1523 89 27 årligen.
707 1523 110 21 Utskottet
832 1521 56 21 före-

816 1563 23 17 67
