<?xml version="1.0" encoding="UTF-8"?>
<alto xmlns="http://www.loc.gov/standards/alto/ns-v3#" xmlns:xlink="http://www.w3.org/1999/xlink" xmlns:xsi="http://www.w3.org/2001/XMLSchema-instance" xsi:schemaLocation="http://www.loc.gov/standards/alto/ns-v3# http://www.loc.gov/alto/v3/alto-3-0.xsd">
	<Description>
		<MeasurementUnit>pixel</MeasurementUnit>
		<sourceImageInformation>
			<fileName>/tmp/tess_mt5_gv9p_input.PNG</fileName>
		</sourceImageInformation>
		<OCRProcessing ID="OCR_0">
			<ocrProcessingStep>
				<processingSoftware>
					<softwareName>tesseract 5.3.4</softwareName>
				</processingSoftware>
			</ocrProcessingStep>
		</OCRProcessing>
	</Description>
	<Layout>
		<Page WIDTH="1075" HEIGHT="1753" PHYSICAL_IMG_NR="0" ID="page_0">
			<PrintSpace HPOS="0" VPOS="0" WIDTH="1075" HEIGHT="1753">
				<ComposedBlock ID="cblock_0" HPOS="395" VPOS="101" WIDTH="460" HEIGHT="23">
					<TextBlock ID="block_0" HPOS="395" VPOS="101" WIDTH="460" HEIGHT="23">
						<TextLine ID="line_0" HPOS="395" VPOS="101" WIDTH="460" HEIGHT="23">
							<String ID="string_0" HPOS="395" VPOS="102" WIDTH="11" HEIGHT="17" WC="0.96" CONTENT="6"/><SP WIDTH="13" VPOS="102" HPOS="406"/>
							<String ID="string_1" HPOS="419" VPOS="107" WIDTH="17" HEIGHT="17" WC="0.91" CONTENT="p."/><SP WIDTH="15" VPOS="107" HPOS="436"/>
							<String ID="string_2" HPOS="451" VPOS="102" WIDTH="80" HEIGHT="18" WC="0.92" CONTENT="Toukok."/><SP WIDTH="278" VPOS="102" HPOS="531"/>
							<String ID="string_3" HPOS="809" VPOS="101" WIDTH="46" HEIGHT="18" WC="0.96" CONTENT="1087"/>
						</TextLine>
					</TextBlock>
				</ComposedBlock>
				<ComposedBlock ID="cblock_1" HPOS="55" VPOS="161" WIDTH="832" HEIGHT="1372">
					<TextBlock ID="block_1" HPOS="55" VPOS="161" WIDTH="823" HEIGHT="57">
						<TextLine ID="line_1" HPOS="115" VPOS="161" WIDTH="763" HEIGHT="28">
							<String ID="string_4" HPOS="115" VPOS="161" WIDTH="115" HEIGHT="21" WC="0.92" CONTENT="Edusmies"/><SP WIDTH="24" VPOS="161" HPOS="230"/>
							<String ID="string_5" HPOS="254" VPOS="161" WIDTH="125" HEIGHT="22" WC="0.63" CONTENT="Alahanho:"/><SP WIDTH="24" VPOS="161" HPOS="379"/>
							<String ID="string_6" HPOS="403" VPOS="161" WIDTH="59" HEIGHT="21" WC="0.95" CONTENT="Minä"/><SP WIDTH="21" VPOS="161" HPOS="462"/>
							<String ID="string_7" HPOS="483" VPOS="169" WIDTH="57" HEIGHT="14" WC="0.96" CONTENT="vaan"/><SP WIDTH="16" VPOS="169" HPOS="540"/>
							<String ID="string_8" HPOS="556" VPOS="161" WIDTH="93" HEIGHT="28" WC="0.96" CONTENT="lyhyesti"/><SP WIDTH="24" VPOS="161" HPOS="649"/>
							<String ID="string_9" HPOS="673" VPOS="161" WIDTH="83" HEIGHT="20" WC="0.96" CONTENT="tahdon"/><SP WIDTH="26" VPOS="161" HPOS="756"/>
							<String ID="string_10" HPOS="782" VPOS="161" WIDTH="96" HEIGHT="22" WC="0.95" CONTENT="mainita,"/>
						</TextLine>
						<TextLine ID="line_2" HPOS="55" VPOS="191" WIDTH="489" HEIGHT="27">
							<String ID="string_11" HPOS="55" VPOS="193" WIDTH="45" HEIGHT="20" WC="0.96" CONTENT="että"/><SP WIDTH="16" VPOS="193" HPOS="100"/>
							<String ID="string_12" HPOS="116" VPOS="191" WIDTH="116" HEIGHT="27" WC="0.96" CONTENT="hyväksyn"/><SP WIDTH="15" VPOS="191" HPOS="232"/>
							<String ID="string_13" HPOS="247" VPOS="191" WIDTH="151" HEIGHT="21" WC="0.95" CONTENT="valiokunnan"/><SP WIDTH="17" VPOS="191" HPOS="398"/>
							<String ID="string_14" HPOS="415" VPOS="191" WIDTH="129" HEIGHT="22" WC="0.96" CONTENT="mietinnön."/>
						</TextLine>
					</TextBlock>
					<TextBlock ID="block_2" HPOS="55" VPOS="220" WIDTH="827" HEIGHT="388">
						<TextLine ID="line_3" HPOS="127" VPOS="220" WIDTH="753" HEIGHT="28">
							<String ID="string_15" HPOS="127" VPOS="221" WIDTH="115" HEIGHT="21" WC="0.92" CONTENT="Edusmies"/><SP WIDTH="22" VPOS="221" HPOS="242"/>
							<String ID="string_16" HPOS="264" VPOS="221" WIDTH="101" HEIGHT="27" WC="0.91" CONTENT="Kiipula:"/><SP WIDTH="25" VPOS="221" HPOS="365"/>
							<String ID="string_17" HPOS="390" VPOS="221" WIDTH="91" HEIGHT="27" WC="0.95" CONTENT="Pyydän"/><SP WIDTH="16" VPOS="221" HPOS="481"/>
							<String ID="string_18" HPOS="497" VPOS="222" WIDTH="113" HEIGHT="24" WC="0.96" CONTENT="ilmoittaa,"/><SP WIDTH="18" VPOS="222" HPOS="610"/>
							<String ID="string_19" HPOS="628" VPOS="223" WIDTH="44" HEIGHT="19" WC="0.96" CONTENT="että"/><SP WIDTH="17" VPOS="223" HPOS="672"/>
							<String ID="string_20" HPOS="689" VPOS="221" WIDTH="60" HEIGHT="20" WC="0.96" CONTENT="minä"/><SP WIDTH="19" VPOS="221" HPOS="749"/>
							<String ID="string_21" HPOS="768" VPOS="220" WIDTH="112" HEIGHT="21" WC="0.96" CONTENT="kannatan"/>
						</TextLine>
						<TextLine ID="line_4" HPOS="55" VPOS="250" WIDTH="824" HEIGHT="27">
							<String ID="string_22" HPOS="55" VPOS="251" WIDTH="150" HEIGHT="21" WC="0.96" CONTENT="valiokunnan"/><SP WIDTH="23" VPOS="251" HPOS="205"/>
							<String ID="string_23" HPOS="228" VPOS="251" WIDTH="119" HEIGHT="21" WC="0.96" CONTENT="mietintöä."/><SP WIDTH="33" VPOS="251" HPOS="347"/>
							<String ID="string_24" HPOS="380" VPOS="251" WIDTH="59" HEIGHT="21" WC="0.96" CONTENT="Minä"/><SP WIDTH="16" VPOS="251" HPOS="439"/>
							<String ID="string_25" HPOS="455" VPOS="258" WIDTH="28" HEIGHT="14" WC="0.96" CONTENT="en"/><SP WIDTH="16" VPOS="258" HPOS="483"/>
							<String ID="string_26" HPOS="499" VPOS="251" WIDTH="146" HEIGHT="22" WC="0.96" CONTENT="tosiaankaan"/><SP WIDTH="21" VPOS="251" HPOS="645"/>
							<String ID="string_27" HPOS="666" VPOS="251" WIDTH="73" HEIGHT="20" WC="0.96" CONTENT="käsitä"/><SP WIDTH="20" VPOS="251" HPOS="739"/>
							<String ID="string_28" HPOS="759" VPOS="250" WIDTH="60" HEIGHT="21" WC="0.96" CONTENT="mikä"/><SP WIDTH="22" VPOS="250" HPOS="819"/>
							<String ID="string_29" HPOS="841" VPOS="256" WIDTH="38" HEIGHT="21" WC="0.96" CONTENT="syy"/>
						</TextLine>
						<TextLine ID="line_5" HPOS="55" VPOS="279" WIDTH="825" HEIGHT="29">
							<String ID="string_30" HPOS="55" VPOS="283" WIDTH="38" HEIGHT="25" WC="0.96" CONTENT="nyt"/><SP WIDTH="15" VPOS="283" HPOS="93"/>
							<String ID="string_31" HPOS="108" VPOS="281" WIDTH="50" HEIGHT="21" WC="0.96" CONTENT="olisi"/><SP WIDTH="16" VPOS="281" HPOS="158"/>
							<String ID="string_32" HPOS="174" VPOS="281" WIDTH="58" HEIGHT="26" WC="0.96" CONTENT="juuri"/><SP WIDTH="16" VPOS="281" HPOS="232"/>
							<String ID="string_33" HPOS="248" VPOS="281" WIDTH="74" HEIGHT="21" WC="0.96" CONTENT="vaatia"/><SP WIDTH="16" VPOS="281" HPOS="322"/>
							<String ID="string_34" HPOS="338" VPOS="281" WIDTH="91" HEIGHT="27" WC="0.96" CONTENT="esitystä"/><SP WIDTH="16" VPOS="281" HPOS="429"/>
							<String ID="string_35" HPOS="445" VPOS="282" WIDTH="48" HEIGHT="20" WC="0.96" CONTENT="ensi"/><SP WIDTH="16" VPOS="282" HPOS="493"/>
							<String ID="string_36" HPOS="509" VPOS="281" WIDTH="157" HEIGHT="26" WC="0.96" CONTENT="valtiopäiville"/><SP WIDTH="17" VPOS="281" HPOS="666"/>
							<String ID="string_37" HPOS="683" VPOS="282" WIDTH="58" HEIGHT="19" WC="0.96" CONTENT="tästä"/><SP WIDTH="11" VPOS="282" HPOS="741"/>
							<String ID="string_38" HPOS="752" VPOS="281" WIDTH="71" HEIGHT="24" WC="0.96" CONTENT="tiestä,"/><SP WIDTH="12" VPOS="281" HPOS="823"/>
							<String ID="string_39" HPOS="835" VPOS="279" WIDTH="45" HEIGHT="21" WC="0.97" CONTENT="kun"/>
						</TextLine>
						<TextLine ID="line_6" HPOS="56" VPOS="310" WIDTH="825" HEIGHT="23">
							<String ID="string_40" HPOS="56" VPOS="311" WIDTH="19" HEIGHT="21" WC="0.96" CONTENT="ei"/><SP WIDTH="17" VPOS="311" HPOS="75"/>
							<String ID="string_41" HPOS="92" VPOS="311" WIDTH="74" HEIGHT="21" WC="0.96" CONTENT="meillä"/><SP WIDTH="16" VPOS="311" HPOS="166"/>
							<String ID="string_42" HPOS="182" VPOS="311" WIDTH="34" HEIGHT="21" WC="0.96" CONTENT="ole"/><SP WIDTH="17" VPOS="311" HPOS="216"/>
							<String ID="string_43" HPOS="233" VPOS="311" WIDTH="148" HEIGHT="20" WC="0.96" CONTENT="vähintäkään"/><SP WIDTH="24" VPOS="311" HPOS="381"/>
							<String ID="string_44" HPOS="405" VPOS="311" WIDTH="84" HEIGHT="21" WC="0.96" CONTENT="takeita"/><SP WIDTH="21" VPOS="311" HPOS="489"/>
							<String ID="string_45" HPOS="510" VPOS="313" WIDTH="44" HEIGHT="20" WC="0.96" CONTENT="että"/><SP WIDTH="20" VPOS="313" HPOS="554"/>
							<String ID="string_46" HPOS="574" VPOS="311" WIDTH="119" HEIGHT="20" WC="0.96" CONTENT="rahavarat"/><SP WIDTH="23" VPOS="311" HPOS="693"/>
							<String ID="string_47" HPOS="716" VPOS="310" WIDTH="100" HEIGHT="21" WC="0.96" CONTENT="tulisivat"/><SP WIDTH="23" VPOS="310" HPOS="816"/>
							<String ID="string_48" HPOS="839" VPOS="310" WIDTH="42" HEIGHT="20" WC="0.96" CONTENT="sitä"/>
						</TextLine>
						<TextLine ID="line_7" HPOS="56" VPOS="339" WIDTH="825" HEIGHT="29">
							<String ID="string_49" HPOS="56" VPOS="342" WIDTH="162" HEIGHT="26" WC="0.95" CONTENT="myöntämään."/><SP WIDTH="32" VPOS="342" HPOS="218"/>
							<String ID="string_50" HPOS="250" VPOS="341" WIDTH="58" HEIGHT="20" WC="0.96" CONTENT="Minä"/><SP WIDTH="16" VPOS="341" HPOS="308"/>
							<String ID="string_51" HPOS="324" VPOS="341" WIDTH="145" HEIGHT="27" WC="0.95" CONTENT="täydellisesti"/><SP WIDTH="20" VPOS="341" HPOS="469"/>
							<String ID="string_52" HPOS="489" VPOS="343" WIDTH="121" HEIGHT="19" WC="0.95" CONTENT="tunnustan"/><SP WIDTH="16" VPOS="343" HPOS="610"/>
							<String ID="string_53" HPOS="626" VPOS="342" WIDTH="76" HEIGHT="19" WC="0.96" CONTENT="tämän"/><SP WIDTH="17" VPOS="342" HPOS="702"/>
							<String ID="string_54" HPOS="719" VPOS="341" WIDTH="70" HEIGHT="20" WC="0.93" CONTENT="radan"/><SP WIDTH="17" VPOS="341" HPOS="789"/>
							<String ID="string_55" HPOS="806" VPOS="339" WIDTH="75" HEIGHT="21" WC="0.92" CONTENT="välttä-"/>
						</TextLine>
						<TextLine ID="line_8" HPOS="56" VPOS="369" WIDTH="824" HEIGHT="28">
							<String ID="string_56" HPOS="56" VPOS="370" WIDTH="171" HEIGHT="27" WC="0.92" CONTENT="mättömyyden,"/><SP WIDTH="17" VPOS="370" HPOS="227"/>
							<String ID="string_57" HPOS="244" VPOS="372" WIDTH="70" HEIGHT="19" WC="0.96" CONTENT="mutta"/><SP WIDTH="16" VPOS="372" HPOS="314"/>
							<String ID="string_58" HPOS="330" VPOS="370" WIDTH="20" HEIGHT="21" WC="0.96" CONTENT="ei"/><SP WIDTH="17" VPOS="370" HPOS="350"/>
							<String ID="string_59" HPOS="367" VPOS="370" WIDTH="124" HEIGHT="22" WC="0.96" CONTENT="mielestäni"/><SP WIDTH="17" VPOS="370" HPOS="491"/>
							<String ID="string_60" HPOS="508" VPOS="371" WIDTH="50" HEIGHT="21" WC="0.96" CONTENT="siitä"/><SP WIDTH="16" VPOS="371" HPOS="558"/>
							<String ID="string_61" HPOS="574" VPOS="376" WIDTH="80" HEIGHT="16" WC="0.96" CONTENT="seuraa"/><SP WIDTH="21" VPOS="376" HPOS="654"/>
							<String ID="string_62" HPOS="675" VPOS="371" WIDTH="45" HEIGHT="20" WC="0.96" CONTENT="että"/><SP WIDTH="16" VPOS="371" HPOS="720"/>
							<String ID="string_63" HPOS="736" VPOS="376" WIDTH="23" HEIGHT="14" WC="0.96" CONTENT="se"/><SP WIDTH="17" VPOS="376" HPOS="759"/>
							<String ID="string_64" HPOS="776" VPOS="369" WIDTH="104" HEIGHT="21" WC="0.96" CONTENT="kaikkein"/>
						</TextLine>
						<TextLine ID="line_9" HPOS="56" VPOS="399" WIDTH="825" HEIGHT="27">
							<String ID="string_65" HPOS="56" VPOS="400" WIDTH="62" HEIGHT="21" WC="0.96" CONTENT="ensin"/><SP WIDTH="16" VPOS="400" HPOS="118"/>
							<String ID="string_66" HPOS="134" VPOS="400" WIDTH="37" HEIGHT="21" WC="0.96" CONTENT="voi"/><SP WIDTH="16" VPOS="400" HPOS="171"/>
							<String ID="string_67" HPOS="187" VPOS="400" WIDTH="54" HEIGHT="21" WC="0.96" CONTENT="tulla"/><SP WIDTH="14" VPOS="400" HPOS="241"/>
							<String ID="string_68" HPOS="255" VPOS="400" WIDTH="201" HEIGHT="22" WC="0.95" CONTENT="rakennettavaksi."/><SP WIDTH="33" VPOS="400" HPOS="456"/>
							<String ID="string_69" HPOS="489" VPOS="401" WIDTH="59" HEIGHT="21" WC="0.96" CONTENT="Minä"/><SP WIDTH="11" VPOS="401" HPOS="548"/>
							<String ID="string_70" HPOS="559" VPOS="400" WIDTH="75" HEIGHT="21" WC="0.96" CONTENT="luulen"/><SP WIDTH="12" VPOS="400" HPOS="634"/>
							<String ID="string_71" HPOS="646" VPOS="402" WIDTH="44" HEIGHT="19" WC="0.96" CONTENT="että"/><SP WIDTH="11" VPOS="402" HPOS="690"/>
							<String ID="string_72" HPOS="701" VPOS="401" WIDTH="62" HEIGHT="20" WC="0.93" CONTENT="tässä"/><SP WIDTH="11" VPOS="401" HPOS="763"/>
							<String ID="string_73" HPOS="774" VPOS="399" WIDTH="107" HEIGHT="27" WC="0.92" CONTENT="säädyssä"/>
						</TextLine>
						<TextLine ID="line_10" HPOS="56" VPOS="429" WIDTH="825" HEIGHT="28">
							<String ID="string_74" HPOS="56" VPOS="430" WIDTH="114" HEIGHT="21" WC="0.96" CONTENT="kuitenkin"/><SP WIDTH="16" VPOS="430" HPOS="170"/>
							<String ID="string_75" HPOS="186" VPOS="430" WIDTH="103" HEIGHT="27" WC="0.96" CONTENT="pidetään"/><SP WIDTH="17" VPOS="430" HPOS="289"/>
							<String ID="string_76" HPOS="306" VPOS="430" WIDTH="160" HEIGHT="27" WC="0.96" CONTENT="tärkeämpänä"/><SP WIDTH="16" VPOS="430" HPOS="466"/>
							<String ID="string_77" HPOS="482" VPOS="431" WIDTH="69" HEIGHT="21" WC="0.96" CONTENT="saada"/><SP WIDTH="11" VPOS="431" HPOS="551"/>
							<String ID="string_78" HPOS="562" VPOS="436" WIDTH="72" HEIGHT="15" WC="0.96" CONTENT="ennen"/><SP WIDTH="11" VPOS="436" HPOS="634"/>
							<String ID="string_79" HPOS="645" VPOS="431" WIDTH="46" HEIGHT="20" WC="0.96" CONTENT="tätä"/><SP WIDTH="11" VPOS="431" HPOS="691"/>
							<String ID="string_80" HPOS="702" VPOS="432" WIDTH="63" HEIGHT="18" WC="0.93" CONTENT="rataa"/><SP WIDTH="11" VPOS="432" HPOS="765"/>
							<String ID="string_81" HPOS="776" VPOS="429" WIDTH="105" HEIGHT="21" WC="0.93" CONTENT="rakenne-"/>
						</TextLine>
						<TextLine ID="line_11" HPOS="56" VPOS="460" WIDTH="825" HEIGHT="27">
							<String ID="string_82" HPOS="56" VPOS="460" WIDTH="58" HEIGHT="21" WC="0.93" CONTENT="tuksi"/><SP WIDTH="17" VPOS="460" HPOS="114"/>
							<String ID="string_83" HPOS="131" VPOS="460" WIDTH="119" HEIGHT="27" WC="0.92" CONTENT="yhdysrata"/><SP WIDTH="17" VPOS="460" HPOS="250"/>
							<String ID="string_84" HPOS="267" VPOS="460" WIDTH="153" HEIGHT="26" WC="0.96" CONTENT="Pohjanmaan"/><SP WIDTH="16" VPOS="460" HPOS="420"/>
							<String ID="string_85" HPOS="436" VPOS="460" WIDTH="23" HEIGHT="26" WC="0.96" CONTENT="ja"/><SP WIDTH="16" VPOS="460" HPOS="459"/>
							<String ID="string_86" HPOS="475" VPOS="460" WIDTH="74" HEIGHT="22" WC="0.96" CONTENT="Savon"/><SP WIDTH="16" VPOS="460" HPOS="549"/>
							<String ID="string_87" HPOS="565" VPOS="460" WIDTH="80" HEIGHT="21" WC="0.96" CONTENT="välille."/><SP WIDTH="26" VPOS="460" HPOS="645"/>
							<String ID="string_88" HPOS="671" VPOS="460" WIDTH="113" HEIGHT="26" WC="0.96" CONTENT="Sitäpaitsi"/><SP WIDTH="13" VPOS="460" HPOS="784"/>
							<String ID="string_89" HPOS="797" VPOS="461" WIDTH="84" HEIGHT="19" WC="0.96" CONTENT="saattaa"/>
						</TextLine>
						<TextLine ID="line_12" HPOS="56" VPOS="490" WIDTH="825" HEIGHT="27">
							<String ID="string_90" HPOS="56" VPOS="490" WIDTH="85" HEIGHT="21" WC="0.96" CONTENT="kenties"/><SP WIDTH="17" VPOS="490" HPOS="141"/>
							<String ID="string_91" HPOS="158" VPOS="490" WIDTH="54" HEIGHT="20" WC="0.96" CONTENT="tulla"/><SP WIDTH="16" VPOS="490" HPOS="212"/>
							<String ID="string_92" HPOS="228" VPOS="490" WIDTH="164" HEIGHT="27" WC="0.96" CONTENT="kysymykseen"/><SP WIDTH="16" VPOS="490" HPOS="392"/>
							<String ID="string_93" HPOS="408" VPOS="492" WIDTH="55" HEIGHT="24" WC="0.96" CONTENT="rata,"/><SP WIDTH="18" VPOS="492" HPOS="463"/>
							<String ID="string_94" HPOS="481" VPOS="491" WIDTH="52" HEIGHT="26" WC="0.96" CONTENT="joka"/><SP WIDTH="16" VPOS="491" HPOS="533"/>
							<String ID="string_95" HPOS="549" VPOS="497" WIDTH="29" HEIGHT="15" WC="0.96" CONTENT="on"/><SP WIDTH="16" VPOS="497" HPOS="578"/>
							<String ID="string_96" HPOS="594" VPOS="490" WIDTH="52" HEIGHT="27" WC="0.96" CONTENT="yhtä"/><SP WIDTH="16" VPOS="490" HPOS="646"/>
							<String ID="string_97" HPOS="662" VPOS="490" WIDTH="78" HEIGHT="21" WC="0.96" CONTENT="tärkeä"/><SP WIDTH="11" VPOS="490" HPOS="740"/>
							<String ID="string_98" HPOS="751" VPOS="490" WIDTH="53" HEIGHT="20" WC="0.93" CONTENT="kuin"/><SP WIDTH="11" VPOS="490" HPOS="804"/>
							<String ID="string_99" HPOS="815" VPOS="490" WIDTH="66" HEIGHT="20" WC="0.92" CONTENT="tämä-"/>
						</TextLine>
						<TextLine ID="line_13" HPOS="56" VPOS="519" WIDTH="825" HEIGHT="29">
							<String ID="string_100" HPOS="56" VPOS="520" WIDTH="44" HEIGHT="21" WC="0.95" CONTENT="kin."/><SP WIDTH="32" VPOS="520" HPOS="100"/>
							<String ID="string_101" HPOS="132" VPOS="520" WIDTH="122" HEIGHT="21" WC="0.95" CONTENT="Mielestäni"/><SP WIDTH="16" VPOS="520" HPOS="254"/>
							<String ID="string_102" HPOS="270" VPOS="526" WIDTH="29" HEIGHT="15" WC="0.96" CONTENT="on"/><SP WIDTH="17" VPOS="526" HPOS="299"/>
							<String ID="string_103" HPOS="316" VPOS="520" WIDTH="38" HEIGHT="21" WC="0.96" CONTENT="siis"/><SP WIDTH="18" VPOS="520" HPOS="354"/>
							<String ID="string_104" HPOS="372" VPOS="520" WIDTH="89" HEIGHT="27" WC="0.96" CONTENT="kylliksi"/><SP WIDTH="17" VPOS="520" HPOS="461"/>
							<String ID="string_105" HPOS="478" VPOS="522" WIDTH="50" HEIGHT="26" WC="0.96" CONTENT="että,"/><SP WIDTH="18" VPOS="522" HPOS="528"/>
							<String ID="string_106" HPOS="546" VPOS="520" WIDTH="67" HEIGHT="21" WC="0.96" CONTENT="kuten"/><SP WIDTH="16" VPOS="520" HPOS="613"/>
							<String ID="string_107" HPOS="629" VPOS="520" WIDTH="130" HEIGHT="21" WC="0.96" CONTENT="valiokunta"/><SP WIDTH="12" VPOS="520" HPOS="759"/>
							<String ID="string_108" HPOS="771" VPOS="519" WIDTH="110" HEIGHT="25" WC="0.96" CONTENT="ehdottaa,"/>
						</TextLine>
						<TextLine ID="line_14" HPOS="56" VPOS="549" WIDTH="826" HEIGHT="28">
							<String ID="string_109" HPOS="56" VPOS="550" WIDTH="53" HEIGHT="21" WC="0.96" CONTENT="tällä"/><SP WIDTH="15" VPOS="550" HPOS="109"/>
							<String ID="string_110" HPOS="124" VPOS="550" WIDTH="77" HEIGHT="21" WC="0.96" CONTENT="kertaa"/><SP WIDTH="8" VPOS="550" HPOS="201"/>
							<String ID="string_111" HPOS="209" VPOS="550" WIDTH="124" HEIGHT="27" WC="0.96" CONTENT="pyydetään"/><SP WIDTH="11" VPOS="550" HPOS="333"/>
							<String ID="string_112" HPOS="344" VPOS="556" WIDTH="59" HEIGHT="15" WC="0.96" CONTENT="vaan"/><SP WIDTH="11" VPOS="556" HPOS="403"/>
							<String ID="string_113" HPOS="414" VPOS="550" WIDTH="71" HEIGHT="21" WC="0.96" CONTENT="radan"/><SP WIDTH="11" VPOS="550" HPOS="485"/>
							<String ID="string_114" HPOS="496" VPOS="550" WIDTH="130" HEIGHT="22" WC="0.96" CONTENT="koneellista"/><SP WIDTH="11" VPOS="550" HPOS="626"/>
							<String ID="string_115" HPOS="637" VPOS="550" WIDTH="123" HEIGHT="21" WC="0.96" CONTENT="tutkimista"/><SP WIDTH="11" VPOS="550" HPOS="760"/>
							<String ID="string_116" HPOS="771" VPOS="550" WIDTH="28" HEIGHT="26" WC="0.93" CONTENT="ja,"/><SP WIDTH="10" VPOS="550" HPOS="799"/>
							<String ID="string_117" HPOS="809" VPOS="549" WIDTH="73" HEIGHT="21" WC="0.92" CONTENT="sitten-"/>
						</TextLine>
						<TextLine ID="line_15" HPOS="56" VPOS="579" WIDTH="825" HEIGHT="29">
							<String ID="string_118" HPOS="56" VPOS="580" WIDTH="54" HEIGHT="21" WC="0.92" CONTENT="kuin"/><SP WIDTH="24" VPOS="580" HPOS="110"/>
							<String ID="string_119" HPOS="134" VPOS="580" WIDTH="142" HEIGHT="21" WC="0.90" CONTENT="asianhaarat"/><SP WIDTH="23" VPOS="580" HPOS="276"/>
							<String ID="string_120" HPOS="299" VPOS="581" WIDTH="134" HEIGHT="26" WC="0.96" CONTENT="myöntävät,"/><SP WIDTH="26" VPOS="581" HPOS="433"/>
							<String ID="string_121" HPOS="459" VPOS="581" WIDTH="124" HEIGHT="27" WC="0.81" CONTENT="pyydetään"/><SP WIDTH="25" VPOS="581" HPOS="583"/>
							<String ID="string_122" HPOS="608" VPOS="580" WIDTH="67" HEIGHT="27" WC="0.96" CONTENT="esitys"/><SP WIDTH="21" VPOS="580" HPOS="675"/>
							<String ID="string_123" HPOS="696" VPOS="580" WIDTH="51" HEIGHT="20" WC="0.93" CONTENT="siitä"/><SP WIDTH="22" VPOS="580" HPOS="747"/>
							<String ID="string_124" HPOS="769" VPOS="579" WIDTH="112" HEIGHT="27" WC="0.92" CONTENT="säädyille."/>
						</TextLine>
					</TextBlock>
					<TextBlock ID="block_3" HPOS="57" VPOS="609" WIDTH="826" HEIGHT="231">
						<TextLine ID="line_16" HPOS="128" VPOS="609" WIDTH="753" HEIGHT="29">
							<String ID="string_125" HPOS="128" VPOS="610" WIDTH="116" HEIGHT="20" WC="0.91" CONTENT="Edusmies"/><SP WIDTH="26" VPOS="610" HPOS="244"/>
							<String ID="string_126" HPOS="270" VPOS="610" WIDTH="97" HEIGHT="22" WC="0.94" CONTENT="Hoikka:"/><SP WIDTH="25" VPOS="610" HPOS="367"/>
							<String ID="string_127" HPOS="392" VPOS="610" WIDTH="50" HEIGHT="21" WC="0.96" CONTENT="Kun"/><SP WIDTH="24" VPOS="610" HPOS="442"/>
							<String ID="string_128" HPOS="466" VPOS="610" WIDTH="67" HEIGHT="22" WC="0.96" CONTENT="täällä"/><SP WIDTH="21" VPOS="610" HPOS="533"/>
							<String ID="string_129" HPOS="554" VPOS="617" WIDTH="28" HEIGHT="14" WC="0.96" CONTENT="on"/><SP WIDTH="22" VPOS="617" HPOS="582"/>
							<String ID="string_130" HPOS="604" VPOS="610" WIDTH="94" HEIGHT="28" WC="0.93" CONTENT="kysytty,"/><SP WIDTH="26" VPOS="610" HPOS="698"/>
							<String ID="string_131" HPOS="724" VPOS="609" WIDTH="157" HEIGHT="21" WC="0.92" CONTENT="minkätähden"/>
						</TextLine>
						<TextLine ID="line_17" HPOS="57" VPOS="639" WIDTH="824" HEIGHT="28">
							<String ID="string_132" HPOS="57" VPOS="639" WIDTH="73" HEIGHT="22" WC="0.96" CONTENT="Oulun"/><SP WIDTH="16" VPOS="639" HPOS="130"/>
							<String ID="string_133" HPOS="146" VPOS="641" WIDTH="22" HEIGHT="26" WC="0.96" CONTENT="ja"/><SP WIDTH="16" VPOS="641" HPOS="168"/>
							<String ID="string_134" HPOS="184" VPOS="640" WIDTH="96" HEIGHT="21" WC="0.96" CONTENT="Tornion"/><SP WIDTH="20" VPOS="640" HPOS="280"/>
							<String ID="string_135" HPOS="300" VPOS="640" WIDTH="89" HEIGHT="21" WC="0.96" CONTENT="välinen"/><SP WIDTH="22" VPOS="640" HPOS="389"/>
							<String ID="string_136" HPOS="411" VPOS="641" WIDTH="95" HEIGHT="21" WC="0.96" CONTENT="rautatie"/><SP WIDTH="21" VPOS="641" HPOS="506"/>
							<String ID="string_137" HPOS="527" VPOS="641" WIDTH="49" HEIGHT="21" WC="0.96" CONTENT="olisi"/><SP WIDTH="17" VPOS="641" HPOS="576"/>
							<String ID="string_138" HPOS="593" VPOS="641" WIDTH="47" HEIGHT="20" WC="0.97" CONTENT="ensi"/><SP WIDTH="17" VPOS="641" HPOS="640"/>
							<String ID="string_139" HPOS="657" VPOS="641" WIDTH="72" HEIGHT="25" WC="0.96" CONTENT="sijaan"/><SP WIDTH="24" VPOS="641" HPOS="729"/>
							<String ID="string_140" HPOS="753" VPOS="641" WIDTH="128" HEIGHT="24" WC="0.96" CONTENT="asetettava,"/>
						</TextLine>
						<TextLine ID="line_18" HPOS="57" VPOS="669" WIDTH="824" HEIGHT="28">
							<String ID="string_141" HPOS="57" VPOS="670" WIDTH="88" HEIGHT="27" WC="0.96" CONTENT="pyydän"/><SP WIDTH="21" VPOS="670" HPOS="145"/>
							<String ID="string_142" HPOS="166" VPOS="670" WIDTH="68" HEIGHT="21" WC="0.96" CONTENT="saada"/><SP WIDTH="21" VPOS="670" HPOS="234"/>
							<String ID="string_143" HPOS="255" VPOS="670" WIDTH="91" HEIGHT="21" WC="0.96" CONTENT="mainita"/><SP WIDTH="17" VPOS="670" HPOS="346"/>
							<String ID="string_144" HPOS="363" VPOS="672" WIDTH="70" HEIGHT="25" WC="0.96" CONTENT="syynä"/><SP WIDTH="17" VPOS="672" HPOS="433"/>
							<String ID="string_145" HPOS="450" VPOS="671" WIDTH="70" HEIGHT="20" WC="0.96" CONTENT="siihen"/><SP WIDTH="17" VPOS="671" HPOS="520"/>
							<String ID="string_146" HPOS="537" VPOS="671" WIDTH="77" HEIGHT="20" WC="0.96" CONTENT="minun"/><SP WIDTH="17" VPOS="671" HPOS="614"/>
							<String ID="string_147" HPOS="631" VPOS="670" WIDTH="136" HEIGHT="27" WC="0.96" CONTENT="käsitykseni"/><SP WIDTH="18" VPOS="670" HPOS="767"/>
							<String ID="string_148" HPOS="785" VPOS="669" WIDTH="96" HEIGHT="21" WC="0.96" CONTENT="mukaan"/>
						</TextLine>
						<TextLine ID="line_19" HPOS="57" VPOS="699" WIDTH="825" HEIGHT="27">
							<String ID="string_149" HPOS="57" VPOS="700" WIDTH="79" HEIGHT="21" WC="0.96" CONTENT="olevan"/><SP WIDTH="16" VPOS="700" HPOS="136"/>
							<String ID="string_150" HPOS="152" VPOS="706" WIDTH="46" HEIGHT="19" WC="0.96" CONTENT="sen,"/><SP WIDTH="17" VPOS="706" HPOS="198"/>
							<String ID="string_151" HPOS="215" VPOS="701" WIDTH="45" HEIGHT="19" WC="0.96" CONTENT="että"/><SP WIDTH="16" VPOS="701" HPOS="260"/>
							<String ID="string_152" HPOS="276" VPOS="700" WIDTH="70" HEIGHT="20" WC="0.96" CONTENT="koska"/><SP WIDTH="20" VPOS="700" HPOS="346"/>
							<String ID="string_153" HPOS="366" VPOS="701" WIDTH="60" HEIGHT="25" WC="0.96" CONTENT="juuri"/><SP WIDTH="17" VPOS="701" HPOS="426"/>
							<String ID="string_154" HPOS="443" VPOS="702" WIDTH="52" HEIGHT="19" WC="0.96" CONTENT="tänä"/><SP WIDTH="16" VPOS="702" HPOS="495"/>
							<String ID="string_155" HPOS="511" VPOS="701" WIDTH="88" HEIGHT="20" WC="0.96" CONTENT="talvena"/><SP WIDTH="17" VPOS="701" HPOS="599"/>
							<String ID="string_156" HPOS="616" VPOS="700" WIDTH="94" HEIGHT="20" WC="0.93" CONTENT="Ruotsin"/><SP WIDTH="23" VPOS="700" HPOS="710"/>
							<String ID="string_157" HPOS="733" VPOS="699" WIDTH="149" HEIGHT="27" WC="0.90" CONTENT="valtiosäädyt"/>
						</TextLine>
						<TextLine ID="line_20" HPOS="57" VPOS="729" WIDTH="826" HEIGHT="22">
							<String ID="string_158" HPOS="57" VPOS="732" WIDTH="51" HEIGHT="18" WC="0.92" CONTENT="ovat"/><SP WIDTH="16" VPOS="732" HPOS="108"/>
							<String ID="string_159" HPOS="124" VPOS="731" WIDTH="143" HEIGHT="19" WC="0.92" CONTENT="määränneet"/><SP WIDTH="17" VPOS="731" HPOS="267"/>
							<String ID="string_160" HPOS="284" VPOS="730" WIDTH="97" HEIGHT="20" WC="0.96" CONTENT="riittävät"/><SP WIDTH="16" VPOS="730" HPOS="381"/>
							<String ID="string_161" HPOS="397" VPOS="733" WIDTH="64" HEIGHT="18" WC="0.96" CONTENT="varat"/><SP WIDTH="11" VPOS="733" HPOS="461"/>
							<String ID="string_162" HPOS="472" VPOS="730" WIDTH="109" HEIGHT="21" WC="0.96" CONTENT="rautatien"/><SP WIDTH="12" VPOS="730" HPOS="581"/>
							<String ID="string_163" HPOS="593" VPOS="730" WIDTH="185" HEIGHT="21" WC="0.96" CONTENT="rakentamiseksi"/><SP WIDTH="12" VPOS="730" HPOS="778"/>
							<String ID="string_164" HPOS="790" VPOS="729" WIDTH="93" HEIGHT="21" WC="0.96" CONTENT="Ruotsin"/>
						</TextLine>
						<TextLine ID="line_21" HPOS="57" VPOS="760" WIDTH="826" HEIGHT="27">
							<String ID="string_165" HPOS="57" VPOS="760" WIDTH="98" HEIGHT="26" WC="0.95" CONTENT="puolelta"/><SP WIDTH="23" VPOS="760" HPOS="155"/>
							<String ID="string_166" HPOS="178" VPOS="760" WIDTH="51" HEIGHT="20" WC="0.93" CONTENT="aina"/><SP WIDTH="16" VPOS="760" HPOS="229"/>
							<String ID="string_167" HPOS="245" VPOS="760" WIDTH="140" HEIGHT="26" WC="0.92" CONTENT="Peräpohjan"/><SP WIDTH="16" VPOS="760" HPOS="385"/>
							<String ID="string_168" HPOS="401" VPOS="760" WIDTH="82" HEIGHT="21" WC="0.96" CONTENT="maalle"/><SP WIDTH="16" VPOS="760" HPOS="483"/>
							<String ID="string_169" HPOS="499" VPOS="760" WIDTH="48" HEIGHT="26" WC="0.96" CONTENT="asti,"/><SP WIDTH="18" VPOS="760" HPOS="547"/>
							<String ID="string_170" HPOS="565" VPOS="760" WIDTH="172" HEIGHT="27" WC="0.96" CONTENT="kysymyksessä"/><SP WIDTH="19" VPOS="760" HPOS="737"/>
							<String ID="string_171" HPOS="756" VPOS="760" WIDTH="64" HEIGHT="20" WC="0.96" CONTENT="oleva"/><SP WIDTH="16" VPOS="760" HPOS="820"/>
							<String ID="string_172" HPOS="836" VPOS="760" WIDTH="47" HEIGHT="19" WC="0.96" CONTENT="rata"/>
						</TextLine>
						<TextLine ID="line_22" HPOS="57" VPOS="789" WIDTH="826" HEIGHT="28">
							<String ID="string_173" HPOS="57" VPOS="789" WIDTH="60" HEIGHT="21" WC="0.96" CONTENT="tulisi"/><SP WIDTH="17" VPOS="789" HPOS="117"/>
							<String ID="string_174" HPOS="134" VPOS="789" WIDTH="104" HEIGHT="21" WC="0.96" CONTENT="kaikkien"/><SP WIDTH="16" VPOS="789" HPOS="238"/>
							<String ID="string_175" HPOS="254" VPOS="790" WIDTH="52" HEIGHT="20" WC="0.93" CONTENT="enin"/><SP WIDTH="15" VPOS="790" HPOS="306"/>
							<String ID="string_176" HPOS="321" VPOS="790" WIDTH="176" HEIGHT="27" WC="0.92" CONTENT="hyödyttämään"/><SP WIDTH="16" VPOS="790" HPOS="497"/>
							<String ID="string_177" HPOS="513" VPOS="790" WIDTH="179" HEIGHT="21" WC="0.92" CONTENT="rautatieliikettä"/><SP WIDTH="17" VPOS="790" HPOS="692"/>
							<String ID="string_178" HPOS="709" VPOS="789" WIDTH="89" HEIGHT="21" WC="0.93" CONTENT="meidän"/><SP WIDTH="16" VPOS="789" HPOS="798"/>
							<String ID="string_179" HPOS="814" VPOS="795" WIDTH="69" HEIGHT="15" WC="0.93" CONTENT="maas-"/>
						</TextLine>
						<TextLine ID="line_23" HPOS="58" VPOS="826" WIDTH="91" HEIGHT="14">
							<String ID="string_180" HPOS="58" VPOS="826" WIDTH="91" HEIGHT="14" WC="0.92" CONTENT="samme."/>
						</TextLine>
					</TextBlock>
					<TextBlock ID="block_4" HPOS="56" VPOS="848" WIDTH="831" HEIGHT="685">
						<TextLine ID="line_24" HPOS="130" VPOS="848" WIDTH="754" HEIGHT="29">
							<String ID="string_181" HPOS="130" VPOS="849" WIDTH="222" HEIGHT="27" WC="0.91" CONTENT="Landtdagsmannen"/><SP WIDTH="23" VPOS="849" HPOS="352"/>
							<String ID="string_182" HPOS="375" VPOS="849" WIDTH="98" HEIGHT="23" WC="0.91" CONTENT="Strähle:"/><SP WIDTH="24" VPOS="849" HPOS="473"/>
							<String ID="string_183" HPOS="497" VPOS="850" WIDTH="39" HEIGHT="27" WC="0.96" CONTENT="Jag"/><SP WIDTH="16" VPOS="850" HPOS="536"/>
							<String ID="string_184" HPOS="552" VPOS="849" WIDTH="40" HEIGHT="21" WC="0.93" CONTENT="ber"/><SP WIDTH="16" VPOS="849" HPOS="592"/>
							<String ID="string_185" HPOS="608" VPOS="849" WIDTH="88" HEIGHT="21" WC="0.91" CONTENT="ständet"/><SP WIDTH="16" VPOS="849" HPOS="696"/>
							<String ID="string_186" HPOS="712" VPOS="856" WIDTH="35" HEIGHT="14" WC="0.93" CONTENT="om"/><SP WIDTH="17" VPOS="856" HPOS="747"/>
							<String ID="string_187" HPOS="764" VPOS="848" WIDTH="73" HEIGHT="28" WC="0.91" CONTENT="tillgift"/><SP WIDTH="16" VPOS="848" HPOS="837"/>
							<String ID="string_188" HPOS="853" VPOS="850" WIDTH="31" HEIGHT="19" WC="0.97" CONTENT="att"/>
						</TextLine>
						<TextLine ID="line_25" HPOS="56" VPOS="878" WIDTH="827" HEIGHT="28">
							<String ID="string_189" HPOS="56" VPOS="880" WIDTH="36" HEIGHT="26" WC="0.96" CONTENT="jag"/><SP WIDTH="16" VPOS="880" HPOS="92"/>
							<String ID="string_190" HPOS="108" VPOS="880" WIDTH="59" HEIGHT="20" WC="0.96" CONTENT="ännu"/><SP WIDTH="17" VPOS="880" HPOS="167"/>
							<String ID="string_191" HPOS="184" VPOS="885" WIDTH="27" HEIGHT="15" WC="0.93" CONTENT="en"/><SP WIDTH="16" VPOS="885" HPOS="211"/>
							<String ID="string_192" HPOS="227" VPOS="878" WIDTH="56" HEIGHT="28" WC="0.92" CONTENT="gäng"/><SP WIDTH="16" VPOS="878" HPOS="283"/>
							<String ID="string_193" HPOS="299" VPOS="879" WIDTH="100" HEIGHT="21" WC="0.92" CONTENT="anhäller"/><SP WIDTH="16" VPOS="879" HPOS="399"/>
							<String ID="string_194" HPOS="415" VPOS="886" WIDTH="38" HEIGHT="14" WC="0.93" CONTENT="om"/><SP WIDTH="16" VPOS="886" HPOS="453"/>
							<String ID="string_195" HPOS="469" VPOS="880" WIDTH="68" HEIGHT="25" WC="0.93" CONTENT="ordet,"/><SP WIDTH="19" VPOS="880" HPOS="537"/>
							<String ID="string_196" HPOS="556" VPOS="880" WIDTH="34" HEIGHT="20" WC="0.96" CONTENT="för"/><SP WIDTH="16" VPOS="880" HPOS="590"/>
							<String ID="string_197" HPOS="606" VPOS="882" WIDTH="31" HEIGHT="18" WC="0.93" CONTENT="att"/><SP WIDTH="11" VPOS="882" HPOS="637"/>
							<String ID="string_198" HPOS="648" VPOS="880" WIDTH="89" HEIGHT="20" WC="0.92" CONTENT="bemöta"/><SP WIDTH="12" VPOS="880" HPOS="737"/>
							<String ID="string_199" HPOS="749" VPOS="878" WIDTH="68" HEIGHT="28" WC="0.92" CONTENT="nägra"/><SP WIDTH="11" VPOS="878" HPOS="817"/>
							<String ID="string_200" HPOS="828" VPOS="878" WIDTH="55" HEIGHT="21" WC="0.93" CONTENT="före-"/>
						</TextLine>
						<TextLine ID="line_26" HPOS="57" VPOS="908" WIDTH="825" HEIGHT="28">
							<String ID="string_201" HPOS="57" VPOS="908" WIDTH="85" HEIGHT="28" WC="0.91" CONTENT="gäende"/><SP WIDTH="23" VPOS="908" HPOS="142"/>
							<String ID="string_202" HPOS="165" VPOS="909" WIDTH="76" HEIGHT="21" WC="0.90" CONTENT="talare."/><SP WIDTH="33" VPOS="909" HPOS="241"/>
							<String ID="string_203" HPOS="274" VPOS="909" WIDTH="225" HEIGHT="27" WC="0.90" CONTENT="Landtdagsmannen"/><SP WIDTH="24" VPOS="909" HPOS="499"/>
							<String ID="string_204" HPOS="523" VPOS="910" WIDTH="117" HEIGHT="26" WC="0.91" CONTENT="Landgren"/><SP WIDTH="24" VPOS="910" HPOS="640"/>
							<String ID="string_205" HPOS="664" VPOS="909" WIDTH="107" HEIGHT="21" WC="0.92" CONTENT="förenade"/><SP WIDTH="24" VPOS="909" HPOS="771"/>
							<String ID="string_206" HPOS="795" VPOS="909" WIDTH="32" HEIGHT="27" WC="0.96" CONTENT="sig"/><SP WIDTH="21" VPOS="909" HPOS="827"/>
							<String ID="string_207" HPOS="848" VPOS="915" WIDTH="34" HEIGHT="14" WC="0.96" CONTENT="om"/>
						</TextLine>
						<TextLine ID="line_27" HPOS="58" VPOS="938" WIDTH="826" HEIGHT="28">
							<String ID="string_208" HPOS="58" VPOS="939" WIDTH="117" HEIGHT="21" WC="0.92" CONTENT="utskottets"/><SP WIDTH="17" VPOS="939" HPOS="175"/>
							<String ID="string_209" HPOS="192" VPOS="939" WIDTH="58" HEIGHT="21" WC="0.92" CONTENT="kläm"/><SP WIDTH="17" VPOS="939" HPOS="250"/>
							<String ID="string_210" HPOS="267" VPOS="938" WIDTH="29" HEIGHT="28" WC="0.96" CONTENT="pä"/><SP WIDTH="15" VPOS="938" HPOS="296"/>
							<String ID="string_211" HPOS="311" VPOS="939" WIDTH="71" HEIGHT="27" WC="0.96" CONTENT="grund"/><SP WIDTH="18" VPOS="939" HPOS="382"/>
							<String ID="string_212" HPOS="400" VPOS="939" WIDTH="23" HEIGHT="21" WC="0.96" CONTENT="af"/><SP WIDTH="17" VPOS="939" HPOS="423"/>
							<String ID="string_213" HPOS="440" VPOS="942" WIDTH="31" HEIGHT="18" WC="0.93" CONTENT="att"/><SP WIDTH="17" VPOS="942" HPOS="471"/>
							<String ID="string_214" HPOS="488" VPOS="940" WIDTH="120" HEIGHT="20" WC="0.92" CONTENT="ständerna"/><SP WIDTH="16" VPOS="940" HPOS="608"/>
							<String ID="string_215" HPOS="624" VPOS="939" WIDTH="28" HEIGHT="27" WC="0.92" CONTENT="pä"/><SP WIDTH="16" VPOS="939" HPOS="652"/>
							<String ID="string_216" HPOS="668" VPOS="939" WIDTH="133" HEIGHT="27" WC="0.92" CONTENT="föregäende"/><SP WIDTH="15" VPOS="939" HPOS="801"/>
							<String ID="string_217" HPOS="816" VPOS="938" WIDTH="68" HEIGHT="21" WC="0.91" CONTENT="landt-"/>
						</TextLine>
						<TextLine ID="line_28" HPOS="58" VPOS="968" WIDTH="825" HEIGHT="28">
							<String ID="string_218" HPOS="58" VPOS="969" WIDTH="42" HEIGHT="27" WC="0.96" CONTENT="dag"/><SP WIDTH="16" VPOS="969" HPOS="100"/>
							<String ID="string_219" HPOS="116" VPOS="969" WIDTH="115" HEIGHT="27" WC="0.96" CONTENT="godkände"/><SP WIDTH="11" VPOS="969" HPOS="231"/>
							<String ID="string_220" HPOS="242" VPOS="975" WIDTH="27" HEIGHT="15" WC="0.96" CONTENT="en"/><SP WIDTH="17" VPOS="975" HPOS="269"/>
							<String ID="string_221" HPOS="286" VPOS="969" WIDTH="45" HEIGHT="21" WC="0.93" CONTENT="lika"/><SP WIDTH="16" VPOS="969" HPOS="331"/>
							<String ID="string_222" HPOS="347" VPOS="969" WIDTH="98" HEIGHT="27" WC="0.90" CONTENT="lydande"/><SP WIDTH="17" VPOS="969" HPOS="445"/>
							<String ID="string_223" HPOS="462" VPOS="970" WIDTH="64" HEIGHT="20" WC="0.92" CONTENT="kläm."/><SP WIDTH="28" VPOS="970" HPOS="526"/>
							<String ID="string_224" HPOS="554" VPOS="969" WIDTH="68" HEIGHT="21" WC="0.92" CONTENT="Skola"/><SP WIDTH="14" VPOS="969" HPOS="622"/>
							<String ID="string_225" HPOS="636" VPOS="970" WIDTH="21" HEIGHT="20" WC="0.96" CONTENT="vi"/><SP WIDTH="14" VPOS="970" HPOS="657"/>
							<String ID="string_226" HPOS="671" VPOS="976" WIDTH="30" HEIGHT="14" WC="0.96" CONTENT="nu"/><SP WIDTH="15" VPOS="976" HPOS="701"/>
							<String ID="string_227" HPOS="716" VPOS="969" WIDTH="102" HEIGHT="21" WC="0.96" CONTENT="fortsätta"/><SP WIDTH="16" VPOS="969" HPOS="818"/>
							<String ID="string_228" HPOS="834" VPOS="968" WIDTH="49" HEIGHT="21" WC="0.96" CONTENT="med"/>
						</TextLine>
						<TextLine ID="line_29" HPOS="58" VPOS="998" WIDTH="826" HEIGHT="28">
							<String ID="string_229" HPOS="58" VPOS="999" WIDTH="60" HEIGHT="21" WC="0.95" CONTENT="detta"/><SP WIDTH="16" VPOS="999" HPOS="118"/>
							<String ID="string_230" HPOS="134" VPOS="1001" WIDTH="116" HEIGHT="25" WC="0.96" CONTENT="argument"/><SP WIDTH="16" VPOS="1001" HPOS="250"/>
							<String ID="string_231" HPOS="266" VPOS="998" WIDTH="25" HEIGHT="22" WC="0.93" CONTENT="sä"/><SP WIDTH="15" VPOS="998" HPOS="291"/>
							<String ID="string_232" HPOS="306" VPOS="999" WIDTH="79" HEIGHT="21" WC="0.92" CONTENT="räcker"/><SP WIDTH="16" VPOS="999" HPOS="385"/>
							<String ID="string_233" HPOS="401" VPOS="999" WIDTH="38" HEIGHT="21" WC="0.93" CONTENT="det"/><SP WIDTH="14" VPOS="999" HPOS="439"/>
							<String ID="string_234" HPOS="453" VPOS="1000" WIDTH="84" HEIGHT="20" WC="0.93" CONTENT="kanske"/><SP WIDTH="15" VPOS="1000" HPOS="537"/>
							<String ID="string_235" HPOS="552" VPOS="1001" WIDTH="30" HEIGHT="19" WC="0.93" CONTENT="ett"/><SP WIDTH="11" VPOS="1001" HPOS="582"/>
							<String ID="string_236" HPOS="593" VPOS="999" WIDTH="55" HEIGHT="21" WC="0.92" CONTENT="halft"/><SP WIDTH="12" VPOS="999" HPOS="648"/>
							<String ID="string_237" HPOS="660" VPOS="999" WIDTH="60" HEIGHT="21" WC="0.91" CONTENT="sekel"/><SP WIDTH="12" VPOS="999" HPOS="720"/>
							<String ID="string_238" HPOS="732" VPOS="999" WIDTH="68" HEIGHT="21" WC="0.92" CONTENT="innan"/><SP WIDTH="12" VPOS="999" HPOS="800"/>
							<String ID="string_239" HPOS="812" VPOS="998" WIDTH="72" HEIGHT="21" WC="0.96" CONTENT="denna"/>
						</TextLine>
						<TextLine ID="line_30" HPOS="58" VPOS="1028" WIDTH="825" HEIGHT="27">
							<String ID="string_240" HPOS="58" VPOS="1028" WIDTH="58" HEIGHT="22" WC="0.92" CONTENT="bana"/><SP WIDTH="16" VPOS="1028" HPOS="116"/>
							<String ID="string_241" HPOS="132" VPOS="1029" WIDTH="42" HEIGHT="21" WC="0.93" CONTENT="blir"/><SP WIDTH="17" VPOS="1029" HPOS="174"/>
							<String ID="string_242" HPOS="191" VPOS="1028" WIDTH="79" HEIGHT="22" WC="0.92" CONTENT="utförd."/><SP WIDTH="28" VPOS="1028" HPOS="270"/>
							<String ID="string_243" HPOS="298" VPOS="1028" WIDTH="40" HEIGHT="22" WC="0.96" CONTENT="Om"/><SP WIDTH="17" VPOS="1028" HPOS="338"/>
							<String ID="string_244" HPOS="355" VPOS="1029" WIDTH="21" HEIGHT="21" WC="0.96" CONTENT="vi"/><SP WIDTH="18" VPOS="1029" HPOS="376"/>
							<String ID="string_245" HPOS="394" VPOS="1036" WIDTH="29" HEIGHT="14" WC="0.93" CONTENT="nu"/><SP WIDTH="18" VPOS="1036" HPOS="423"/>
							<String ID="string_246" HPOS="441" VPOS="1029" WIDTH="68" HEIGHT="21" WC="0.92" CONTENT="ocksä"/><SP WIDTH="16" VPOS="1029" HPOS="509"/>
							<String ID="string_247" HPOS="525" VPOS="1029" WIDTH="84" HEIGHT="21" WC="0.93" CONTENT="erhälla"/><SP WIDTH="17" VPOS="1029" HPOS="609"/>
							<String ID="string_248" HPOS="626" VPOS="1029" WIDTH="139" HEIGHT="26" WC="0.96" CONTENT="proposition"/><SP WIDTH="11" VPOS="1029" HPOS="765"/>
							<String ID="string_249" HPOS="776" VPOS="1028" WIDTH="32" HEIGHT="21" WC="0.96" CONTENT="till"/><SP WIDTH="12" VPOS="1028" HPOS="808"/>
							<String ID="string_250" HPOS="820" VPOS="1030" WIDTH="63" HEIGHT="19" WC="0.95" CONTENT="nästa"/>
						</TextLine>
						<TextLine ID="line_31" HPOS="58" VPOS="1057" WIDTH="826" HEIGHT="28">
							<String ID="string_251" HPOS="58" VPOS="1058" WIDTH="110" HEIGHT="27" WC="0.92" CONTENT="landtdag,"/><SP WIDTH="16" VPOS="1058" HPOS="168"/>
							<String ID="string_252" HPOS="184" VPOS="1058" WIDTH="25" HEIGHT="21" WC="0.96" CONTENT="sä"/><SP WIDTH="19" VPOS="1058" HPOS="209"/>
							<String ID="string_253" HPOS="228" VPOS="1060" WIDTH="24" HEIGHT="19" WC="0.93" CONTENT="är"/><SP WIDTH="20" VPOS="1060" HPOS="252"/>
							<String ID="string_254" HPOS="272" VPOS="1058" WIDTH="91" HEIGHT="21" WC="0.93" CONTENT="därmed"/><SP WIDTH="17" VPOS="1058" HPOS="363"/>
							<String ID="string_255" HPOS="380" VPOS="1059" WIDTH="50" HEIGHT="21" WC="0.92" CONTENT="icke"/><SP WIDTH="18" VPOS="1059" HPOS="430"/>
							<String ID="string_256" HPOS="448" VPOS="1061" WIDTH="47" HEIGHT="24" WC="0.93" CONTENT="sagt"/><SP WIDTH="17" VPOS="1061" HPOS="495"/>
							<String ID="string_257" HPOS="512" VPOS="1061" WIDTH="30" HEIGHT="19" WC="0.95" CONTENT="att"/><SP WIDTH="16" VPOS="1061" HPOS="542"/>
							<String ID="string_258" HPOS="558" VPOS="1059" WIDTH="74" HEIGHT="21" WC="0.93" CONTENT="denna"/><SP WIDTH="15" VPOS="1059" HPOS="632"/>
							<String ID="string_259" HPOS="647" VPOS="1059" WIDTH="59" HEIGHT="21" WC="0.91" CONTENT="bana"/><SP WIDTH="17" VPOS="1059" HPOS="706"/>
							<String ID="string_260" HPOS="723" VPOS="1058" WIDTH="88" HEIGHT="21" WC="0.91" CONTENT="därföre"/><SP WIDTH="17" VPOS="1058" HPOS="811"/>
							<String ID="string_261" HPOS="828" VPOS="1057" WIDTH="56" HEIGHT="22" WC="0.96" CONTENT="skall"/>
						</TextLine>
						<TextLine ID="line_32" HPOS="58" VPOS="1087" WIDTH="827" HEIGHT="28">
							<String ID="string_262" HPOS="58" VPOS="1088" WIDTH="88" HEIGHT="27" WC="0.92" CONTENT="byggas."/><SP WIDTH="32" VPOS="1088" HPOS="146"/>
							<String ID="string_263" HPOS="178" VPOS="1088" WIDTH="45" HEIGHT="21" WC="0.96" CONTENT="När"/><SP WIDTH="24" VPOS="1088" HPOS="223"/>
							<String ID="string_264" HPOS="247" VPOS="1089" WIDTH="167" HEIGHT="26" WC="0.96" CONTENT="propositionen"/><SP WIDTH="26" VPOS="1089" HPOS="414"/>
							<String ID="string_265" HPOS="440" VPOS="1089" WIDTH="69" HEIGHT="21" WC="0.93" CONTENT="sedan"/><SP WIDTH="23" VPOS="1089" HPOS="509"/>
							<String ID="string_266" HPOS="532" VPOS="1089" WIDTH="122" HEIGHT="21" WC="0.89" CONTENT="behandlas"/><SP WIDTH="20" VPOS="1089" HPOS="654"/>
							<String ID="string_267" HPOS="674" VPOS="1089" WIDTH="22" HEIGHT="20" WC="0.93" CONTENT="af"/><SP WIDTH="20" VPOS="1089" HPOS="696"/>
							<String ID="string_268" HPOS="716" VPOS="1088" WIDTH="126" HEIGHT="25" WC="0.90" CONTENT="ständerna,"/><SP WIDTH="18" VPOS="1088" HPOS="842"/>
							<String ID="string_269" HPOS="860" VPOS="1087" WIDTH="25" HEIGHT="21" WC="0.96" CONTENT="sä"/>
						</TextLine>
						<TextLine ID="line_33" HPOS="58" VPOS="1117" WIDTH="826" HEIGHT="29">
							<String ID="string_270" HPOS="58" VPOS="1118" WIDTH="75" HEIGHT="21" WC="0.96" CONTENT="kunna"/><SP WIDTH="16" VPOS="1118" HPOS="133"/>
							<String ID="string_271" HPOS="149" VPOS="1118" WIDTH="27" HEIGHT="21" WC="0.96" CONTENT="de"/><SP WIDTH="16" VPOS="1118" HPOS="176"/>
							<String ID="string_272" HPOS="192" VPOS="1119" WIDTH="23" HEIGHT="26" WC="0.93" CONTENT="ju"/><SP WIDTH="17" VPOS="1119" HPOS="215"/>
							<String ID="string_273" HPOS="232" VPOS="1118" WIDTH="86" HEIGHT="21" WC="0.96" CONTENT="besluta"/><SP WIDTH="20" VPOS="1118" HPOS="318"/>
							<String ID="string_274" HPOS="338" VPOS="1125" WIDTH="37" HEIGHT="14" WC="0.93" CONTENT="om"/><SP WIDTH="16" VPOS="1125" HPOS="375"/>
							<String ID="string_275" HPOS="391" VPOS="1118" WIDTH="76" HEIGHT="22" WC="0.96" CONTENT="banan"/><SP WIDTH="17" VPOS="1118" HPOS="467"/>
							<String ID="string_276" HPOS="484" VPOS="1119" WIDTH="55" HEIGHT="21" WC="0.93" CONTENT="skall"/><SP WIDTH="25" VPOS="1119" HPOS="539"/>
							<String ID="string_277" HPOS="564" VPOS="1119" WIDTH="81" HEIGHT="27" WC="0.96" CONTENT="byggas"/><SP WIDTH="17" VPOS="1119" HPOS="645"/>
							<String ID="string_278" HPOS="662" VPOS="1119" WIDTH="53" HEIGHT="20" WC="0.93" CONTENT="eller"/><SP WIDTH="17" VPOS="1119" HPOS="715"/>
							<String ID="string_279" HPOS="732" VPOS="1119" WIDTH="26" HEIGHT="26" WC="0.93" CONTENT="ej."/><SP WIDTH="18" VPOS="1119" HPOS="758"/>
							<String ID="string_280" HPOS="776" VPOS="1131" WIDTH="29" HEIGHT="2" WC="0.92" CONTENT="—"/><SP WIDTH="17" VPOS="1131" HPOS="805"/>
							<String ID="string_281" HPOS="822" VPOS="1117" WIDTH="62" HEIGHT="22" WC="0.96" CONTENT="Hvad"/>
						</TextLine>
						<TextLine ID="line_34" HPOS="58" VPOS="1148" WIDTH="826" HEIGHT="27">
							<String ID="string_282" HPOS="58" VPOS="1148" WIDTH="104" HEIGHT="21" WC="0.93" CONTENT="beträffar"/><SP WIDTH="16" VPOS="1148" HPOS="162"/>
							<String ID="string_283" HPOS="178" VPOS="1148" WIDTH="214" HEIGHT="27" WC="0.91" CONTENT="landtdagsmannen"/><SP WIDTH="18" VPOS="1148" HPOS="392"/>
							<String ID="string_284" HPOS="410" VPOS="1149" WIDTH="126" HEIGHT="21" WC="0.93" CONTENT="Meurmans"/><SP WIDTH="18" VPOS="1149" HPOS="536"/>
							<String ID="string_285" HPOS="554" VPOS="1149" WIDTH="140" HEIGHT="20" WC="0.92" CONTENT="framställda"/><SP WIDTH="17" VPOS="1149" HPOS="694"/>
							<String ID="string_286" HPOS="711" VPOS="1148" WIDTH="82" HEIGHT="27" WC="0.96" CONTENT="förslag"/><SP WIDTH="18" VPOS="1148" HPOS="793"/>
							<String ID="string_287" HPOS="811" VPOS="1155" WIDTH="35" HEIGHT="14" WC="0.96" CONTENT="om"/><SP WIDTH="12" VPOS="1155" HPOS="846"/>
							<String ID="string_288" HPOS="858" VPOS="1154" WIDTH="26" HEIGHT="14" WC="0.96" CONTENT="en"/>
						</TextLine>
						<TextLine ID="line_35" HPOS="58" VPOS="1178" WIDTH="827" HEIGHT="27">
							<String ID="string_289" HPOS="58" VPOS="1178" WIDTH="163" HEIGHT="21" WC="0.93" CONTENT="internationell"/><SP WIDTH="17" VPOS="1178" HPOS="221"/>
							<String ID="string_290" HPOS="238" VPOS="1178" WIDTH="235" HEIGHT="26" WC="0.92" CONTENT="öfverenskommelse,"/><SP WIDTH="18" VPOS="1178" HPOS="473"/>
							<String ID="string_291" HPOS="491" VPOS="1178" WIDTH="25" HEIGHT="22" WC="0.93" CONTENT="sä"/><SP WIDTH="16" VPOS="1178" HPOS="516"/>
							<String ID="string_292" HPOS="532" VPOS="1178" WIDTH="70" HEIGHT="22" WC="0.93" CONTENT="mäste"/><SP WIDTH="16" VPOS="1178" HPOS="602"/>
							<String ID="string_293" HPOS="618" VPOS="1179" WIDTH="36" HEIGHT="26" WC="0.93" CONTENT="jag"/><SP WIDTH="17" VPOS="1179" HPOS="654"/>
							<String ID="string_294" HPOS="671" VPOS="1180" WIDTH="104" HEIGHT="19" WC="0.92" CONTENT="motsätta"/><SP WIDTH="12" VPOS="1180" HPOS="775"/>
							<String ID="string_295" HPOS="787" VPOS="1178" WIDTH="44" HEIGHT="26" WC="0.93" CONTENT="mig"/><SP WIDTH="10" VPOS="1178" HPOS="831"/>
							<String ID="string_296" HPOS="841" VPOS="1178" WIDTH="44" HEIGHT="20" WC="0.89" CONTENT="det-"/>
						</TextLine>
						<TextLine ID="line_36" HPOS="58" VPOS="1208" WIDTH="828" HEIGHT="27">
							<String ID="string_297" HPOS="58" VPOS="1214" WIDTH="92" HEIGHT="15" WC="0.95" CONTENT="samma."/><SP WIDTH="32" VPOS="1214" HPOS="150"/>
							<String ID="string_298" HPOS="182" VPOS="1208" WIDTH="8" HEIGHT="21" WC="0.94" CONTENT="I"/><SP WIDTH="17" VPOS="1208" HPOS="190"/>
							<String ID="string_299" HPOS="207" VPOS="1208" WIDTH="145" HEIGHT="21" WC="0.95" CONTENT="betraktande"/><SP WIDTH="15" VPOS="1208" HPOS="352"/>
							<String ID="string_300" HPOS="367" VPOS="1208" WIDTH="23" HEIGHT="21" WC="0.96" CONTENT="af"/><SP WIDTH="11" VPOS="1208" HPOS="390"/>
							<String ID="string_301" HPOS="401" VPOS="1210" WIDTH="32" HEIGHT="19" WC="0.96" CONTENT="att"/><SP WIDTH="12" VPOS="1210" HPOS="433"/>
							<String ID="string_302" HPOS="445" VPOS="1209" WIDTH="21" HEIGHT="20" WC="0.93" CONTENT="vi"/><SP WIDTH="12" VPOS="1209" HPOS="466"/>
							<String ID="string_303" HPOS="478" VPOS="1209" WIDTH="67" HEIGHT="20" WC="0.93" CONTENT="hafva"/><SP WIDTH="17" VPOS="1209" HPOS="545"/>
							<String ID="string_304" HPOS="562" VPOS="1209" WIDTH="130" HEIGHT="26" WC="0.92" CONTENT="landtdagar"/><SP WIDTH="19" VPOS="1209" HPOS="692"/>
							<String ID="string_305" HPOS="711" VPOS="1209" WIDTH="41" HEIGHT="20" WC="0.96" CONTENT="hos"/><SP WIDTH="20" VPOS="1209" HPOS="752"/>
							<String ID="string_306" HPOS="772" VPOS="1214" WIDTH="37" HEIGHT="15" WC="0.92" CONTENT="oss"/><SP WIDTH="13" VPOS="1214" HPOS="809"/>
							<String ID="string_307" HPOS="822" VPOS="1208" WIDTH="64" HEIGHT="20" WC="0.92" CONTENT="hvart"/>
						</TextLine>
						<TextLine ID="line_37" HPOS="58" VPOS="1237" WIDTH="827" HEIGHT="28">
							<String ID="string_308" HPOS="58" VPOS="1237" WIDTH="70" HEIGHT="26" WC="0.92" CONTENT="tredje"/><SP WIDTH="16" VPOS="1237" HPOS="128"/>
							<String ID="string_309" HPOS="144" VPOS="1237" WIDTH="30" HEIGHT="26" WC="0.96" CONTENT="är,"/><SP WIDTH="18" VPOS="1237" HPOS="174"/>
							<String ID="string_310" HPOS="192" VPOS="1237" WIDTH="28" HEIGHT="22" WC="0.93" CONTENT="dä"/><SP WIDTH="20" VPOS="1237" HPOS="220"/>
							<String ID="string_311" HPOS="240" VPOS="1238" WIDTH="100" HEIGHT="21" WC="0.91" CONTENT="deremot"/><SP WIDTH="16" VPOS="1238" HPOS="340"/>
							<String ID="string_312" HPOS="356" VPOS="1239" WIDTH="99" HEIGHT="20" WC="0.96" CONTENT="svenska"/><SP WIDTH="21" VPOS="1239" HPOS="455"/>
							<String ID="string_313" HPOS="476" VPOS="1239" WIDTH="117" HEIGHT="26" WC="0.93" CONTENT="riksdagen"/><SP WIDTH="22" VPOS="1239" HPOS="593"/>
							<String ID="string_314" HPOS="615" VPOS="1238" WIDTH="178" HEIGHT="21" WC="0.91" CONTENT="sammanträder"/><SP WIDTH="16" VPOS="1238" HPOS="793"/>
							<String ID="string_315" HPOS="809" VPOS="1237" WIDTH="76" HEIGHT="26" WC="0.92" CONTENT="hvarje"/>
						</TextLine>
						<TextLine ID="line_38" HPOS="59" VPOS="1267" WIDTH="827" HEIGHT="28">
							<String ID="string_316" HPOS="59" VPOS="1268" WIDTH="31" HEIGHT="25" WC="0.90" CONTENT="är,"/><SP WIDTH="22" VPOS="1268" HPOS="90"/>
							<String ID="string_317" HPOS="112" VPOS="1267" WIDTH="75" HEIGHT="22" WC="0.96" CONTENT="kunna"/><SP WIDTH="16" VPOS="1267" HPOS="187"/>
							<String ID="string_318" HPOS="203" VPOS="1268" WIDTH="21" HEIGHT="20" WC="0.93" CONTENT="vi"/><SP WIDTH="16" VPOS="1268" HPOS="224"/>
							<String ID="string_319" HPOS="240" VPOS="1268" WIDTH="86" HEIGHT="27" WC="0.91" CONTENT="hoppas"/><SP WIDTH="17" VPOS="1268" HPOS="326"/>
							<String ID="string_320" HPOS="343" VPOS="1270" WIDTH="32" HEIGHT="19" WC="0.96" CONTENT="att"/><SP WIDTH="16" VPOS="1270" HPOS="375"/>
							<String ID="string_321" HPOS="391" VPOS="1275" WIDTH="38" HEIGHT="14" WC="0.96" CONTENT="om"/><SP WIDTH="16" VPOS="1275" HPOS="429"/>
							<String ID="string_322" HPOS="445" VPOS="1269" WIDTH="22" HEIGHT="20" WC="0.96" CONTENT="vi"/><SP WIDTH="16" VPOS="1269" HPOS="467"/>
							<String ID="string_323" HPOS="483" VPOS="1275" WIDTH="42" HEIGHT="14" WC="0.93" CONTENT="ena"/><SP WIDTH="20" VPOS="1275" HPOS="525"/>
							<String ID="string_324" HPOS="545" VPOS="1269" WIDTH="134" HEIGHT="26" WC="0.91" CONTENT="landtdagen"/><SP WIDTH="20" VPOS="1269" HPOS="679"/>
							<String ID="string_325" HPOS="699" VPOS="1268" WIDTH="88" HEIGHT="21" WC="0.89" CONTENT="besluta"/><SP WIDTH="16" VPOS="1268" HPOS="787"/>
							<String ID="string_326" HPOS="803" VPOS="1274" WIDTH="35" HEIGHT="15" WC="0.92" CONTENT="om"/><SP WIDTH="17" VPOS="1274" HPOS="838"/>
							<String ID="string_327" HPOS="855" VPOS="1269" WIDTH="31" HEIGHT="18" WC="0.92" CONTENT="ut-"/>
						</TextLine>
						<TextLine ID="line_39" HPOS="58" VPOS="1297" WIDTH="827" HEIGHT="28">
							<String ID="string_328" HPOS="58" VPOS="1297" WIDTH="102" HEIGHT="22" WC="0.92" CONTENT="förandet"/><SP WIDTH="22" VPOS="1297" HPOS="160"/>
							<String ID="string_329" HPOS="182" VPOS="1297" WIDTH="22" HEIGHT="22" WC="0.96" CONTENT="af"/><SP WIDTH="21" VPOS="1297" HPOS="204"/>
							<String ID="string_330" HPOS="225" VPOS="1298" WIDTH="73" HEIGHT="21" WC="0.91" CONTENT="denna"/><SP WIDTH="24" VPOS="1298" HPOS="298"/>
							<String ID="string_331" HPOS="322" VPOS="1297" WIDTH="59" HEIGHT="22" WC="0.96" CONTENT="bana"/><SP WIDTH="25" VPOS="1297" HPOS="381"/>
							<String ID="string_332" HPOS="406" VPOS="1299" WIDTH="72" HEIGHT="20" WC="0.93" CONTENT="under"/><SP WIDTH="22" VPOS="1299" HPOS="478"/>
							<String ID="string_333" HPOS="500" VPOS="1298" WIDTH="167" HEIGHT="27" WC="0.92" CONTENT="derpäföljande"/><SP WIDTH="17" VPOS="1298" HPOS="667"/>
							<String ID="string_334" HPOS="684" VPOS="1297" WIDTH="201" HEIGHT="27" WC="0.92" CONTENT="landtdagsperiod,"/>
						</TextLine>
						<TextLine ID="line_40" HPOS="59" VPOS="1327" WIDTH="825" HEIGHT="28">
							<String ID="string_335" HPOS="59" VPOS="1327" WIDTH="135" HEIGHT="21" WC="0.91" CONTENT="svenskarne"/><SP WIDTH="24" VPOS="1327" HPOS="194"/>
							<String ID="string_336" HPOS="218" VPOS="1334" WIDTH="42" HEIGHT="20" WC="0.91" CONTENT="nog"/><SP WIDTH="20" VPOS="1334" HPOS="260"/>
							<String ID="string_337" HPOS="280" VPOS="1327" WIDTH="68" HEIGHT="22" WC="0.91" CONTENT="hinna"/><SP WIDTH="17" VPOS="1327" HPOS="348"/>
							<String ID="string_338" HPOS="365" VPOS="1328" WIDTH="33" HEIGHT="20" WC="0.93" CONTENT="till"/><SP WIDTH="17" VPOS="1328" HPOS="398"/>
							<String ID="string_339" HPOS="415" VPOS="1328" WIDTH="152" HEIGHT="27" WC="0.92" CONTENT="Haaparanda"/><SP WIDTH="16" VPOS="1328" HPOS="567"/>
							<String ID="string_340" HPOS="583" VPOS="1328" WIDTH="39" HEIGHT="21" WC="0.96" CONTENT="bro"/><SP WIDTH="17" VPOS="1328" HPOS="622"/>
							<String ID="string_341" HPOS="639" VPOS="1335" WIDTH="43" HEIGHT="20" WC="0.96" CONTENT="nog"/><SP WIDTH="20" VPOS="1335" HPOS="682"/>
							<String ID="string_342" HPOS="702" VPOS="1327" WIDTH="113" HEIGHT="27" WC="0.96" CONTENT="samtidigt"/><SP WIDTH="23" VPOS="1327" HPOS="815"/>
							<String ID="string_343" HPOS="838" VPOS="1333" WIDTH="46" HEIGHT="15" WC="0.96" CONTENT="som"/>
						</TextLine>
						<TextLine ID="line_41" HPOS="59" VPOS="1357" WIDTH="827" HEIGHT="29">
							<String ID="string_344" HPOS="59" VPOS="1357" WIDTH="21" HEIGHT="20" WC="0.97" CONTENT="vi"/><SP WIDTH="17" VPOS="1357" HPOS="80"/>
							<String ID="string_345" HPOS="97" VPOS="1357" WIDTH="31" HEIGHT="21" WC="0.93" CONTENT="till"/><SP WIDTH="16" VPOS="1357" HPOS="128"/>
							<String ID="string_346" HPOS="144" VPOS="1357" WIDTH="92" HEIGHT="21" WC="0.90" CONTENT="Torneä."/><SP WIDTH="33" VPOS="1357" HPOS="236"/>
							<String ID="string_347" HPOS="269" VPOS="1357" WIDTH="26" HEIGHT="21" WC="0.91" CONTENT="Vi"/><SP WIDTH="17" VPOS="1357" HPOS="295"/>
							<String ID="string_348" HPOS="312" VPOS="1357" WIDTH="84" HEIGHT="26" WC="0.91" CONTENT="arbeta,"/><SP WIDTH="11" VPOS="1357" HPOS="396"/>
							<String ID="string_349" HPOS="407" VPOS="1365" WIDTH="49" HEIGHT="14" WC="0.93" CONTENT="som"/><SP WIDTH="17" VPOS="1365" HPOS="456"/>
							<String ID="string_350" HPOS="473" VPOS="1365" WIDTH="72" HEIGHT="21" WC="0.92" CONTENT="synes,"/><SP WIDTH="11" VPOS="1365" HPOS="545"/>
							<String ID="string_351" HPOS="556" VPOS="1358" WIDTH="70" HEIGHT="21" WC="0.96" CONTENT="under"/><SP WIDTH="16" VPOS="1358" HPOS="626"/>
							<String ID="string_352" HPOS="642" VPOS="1359" WIDTH="25" HEIGHT="20" WC="0.96" CONTENT="sä"/><SP WIDTH="17" VPOS="1359" HPOS="667"/>
							<String ID="string_353" HPOS="684" VPOS="1358" WIDTH="59" HEIGHT="21" WC="0.93" CONTENT="olika"/><SP WIDTH="12" VPOS="1358" HPOS="743"/>
							<String ID="string_354" HPOS="755" VPOS="1357" WIDTH="131" HEIGHT="26" WC="0.92" CONTENT="omständig-"/>
						</TextLine>
						<TextLine ID="line_42" HPOS="58" VPOS="1387" WIDTH="829" HEIGHT="28">
							<String ID="string_355" HPOS="58" VPOS="1388" WIDTH="62" HEIGHT="20" WC="0.96" CONTENT="heter"/><SP WIDTH="16" VPOS="1388" HPOS="120"/>
							<String ID="string_356" HPOS="136" VPOS="1390" WIDTH="31" HEIGHT="18" WC="0.93" CONTENT="att"/><SP WIDTH="16" VPOS="1390" HPOS="167"/>
							<String ID="string_357" HPOS="183" VPOS="1388" WIDTH="48" HEIGHT="20" WC="0.91" CONTENT="icke"/><SP WIDTH="12" VPOS="1388" HPOS="231"/>
							<String ID="string_358" HPOS="243" VPOS="1387" WIDTH="72" HEIGHT="27" WC="0.92" CONTENT="nägon"/><SP WIDTH="11" VPOS="1387" HPOS="315"/>
							<String ID="string_359" HPOS="326" VPOS="1388" WIDTH="132" HEIGHT="25" WC="0.92" CONTENT="jämförelse"/><SP WIDTH="17" VPOS="1388" HPOS="458"/>
							<String ID="string_360" HPOS="475" VPOS="1388" WIDTH="42" HEIGHT="21" WC="0.96" CONTENT="kan"/><SP WIDTH="12" VPOS="1388" HPOS="517"/>
							<String ID="string_361" HPOS="529" VPOS="1388" WIDTH="89" HEIGHT="21" WC="0.92" CONTENT="komma"/><SP WIDTH="9" VPOS="1388" HPOS="618"/>
							<String ID="string_362" HPOS="627" VPOS="1388" WIDTH="75" HEIGHT="27" WC="0.91" CONTENT="ifräga."/><SP WIDTH="14" VPOS="1388" HPOS="702"/>
							<String ID="string_363" HPOS="716" VPOS="1400" WIDTH="28" HEIGHT="3" WC="0.92" CONTENT="—"/><SP WIDTH="17" VPOS="1400" HPOS="744"/>
							<String ID="string_364" HPOS="761" VPOS="1387" WIDTH="62" HEIGHT="21" WC="0.91" CONTENT="Hvad"/><SP WIDTH="17" VPOS="1387" HPOS="823"/>
							<String ID="string_365" HPOS="840" VPOS="1387" WIDTH="47" HEIGHT="21" WC="0.92" CONTENT="äter"/>
						</TextLine>
						<TextLine ID="line_43" HPOS="59" VPOS="1417" WIDTH="828" HEIGHT="28">
							<String ID="string_366" HPOS="59" VPOS="1417" WIDTH="67" HEIGHT="26" WC="0.92" CONTENT="angär"/><SP WIDTH="18" VPOS="1417" HPOS="126"/>
							<String ID="string_367" HPOS="144" VPOS="1417" WIDTH="26" HEIGHT="21" WC="0.96" CONTENT="de"/><SP WIDTH="17" VPOS="1417" HPOS="170"/>
							<String ID="string_368" HPOS="187" VPOS="1417" WIDTH="23" HEIGHT="21" WC="0.93" CONTENT="af"/><SP WIDTH="15" VPOS="1417" HPOS="210"/>
							<String ID="string_369" HPOS="225" VPOS="1417" WIDTH="218" HEIGHT="27" WC="0.91" CONTENT="landtdagsmannen"/><SP WIDTH="17" VPOS="1417" HPOS="443"/>
							<String ID="string_370" HPOS="460" VPOS="1418" WIDTH="89" HEIGHT="27" WC="0.91" CONTENT="Kiipula"/><SP WIDTH="17" VPOS="1418" HPOS="549"/>
							<String ID="string_371" HPOS="566" VPOS="1417" WIDTH="132" HEIGHT="22" WC="0.92" CONTENT="framhällna"/><SP WIDTH="17" VPOS="1417" HPOS="698"/>
							<String ID="string_372" HPOS="715" VPOS="1417" WIDTH="124" HEIGHT="21" WC="0.91" CONTENT="motiverna"/><SP WIDTH="16" VPOS="1417" HPOS="839"/>
							<String ID="string_373" HPOS="855" VPOS="1419" WIDTH="32" HEIGHT="18" WC="0.97" CONTENT="att"/>
						</TextLine>
						<TextLine ID="line_44" HPOS="59" VPOS="1446" WIDTH="828" HEIGHT="29">
							<String ID="string_374" HPOS="59" VPOS="1447" WIDTH="37" HEIGHT="20" WC="0.96" CONTENT="det"/><SP WIDTH="16" VPOS="1447" HPOS="96"/>
							<String ID="string_375" HPOS="112" VPOS="1447" WIDTH="56" HEIGHT="20" WC="0.96" CONTENT="finns"/><SP WIDTH="16" VPOS="1447" HPOS="168"/>
							<String ID="string_376" HPOS="184" VPOS="1447" WIDTH="7" HEIGHT="21" WC="0.93" CONTENT="i"/><SP WIDTH="16" VPOS="1447" HPOS="191"/>
							<String ID="string_377" HPOS="207" VPOS="1446" WIDTH="48" HEIGHT="22" WC="0.93" CONTENT="värt"/><SP WIDTH="11" VPOS="1446" HPOS="255"/>
							<String ID="string_378" HPOS="266" VPOS="1447" WIDTH="52" HEIGHT="21" WC="0.93" CONTENT="land"/><SP WIDTH="12" VPOS="1447" HPOS="318"/>
							<String ID="string_379" HPOS="330" VPOS="1447" WIDTH="72" HEIGHT="21" WC="0.91" CONTENT="banor"/><SP WIDTH="12" VPOS="1447" HPOS="402"/>
							<String ID="string_380" HPOS="414" VPOS="1454" WIDTH="48" HEIGHT="15" WC="0.93" CONTENT="som"/><SP WIDTH="12" VPOS="1454" HPOS="462"/>
							<String ID="string_381" HPOS="474" VPOS="1447" WIDTH="168" HEIGHT="28" WC="0.92" CONTENT="nödvändigtvis"/><SP WIDTH="12" VPOS="1447" HPOS="642"/>
							<String ID="string_382" HPOS="654" VPOS="1447" WIDTH="55" HEIGHT="21" WC="0.92" CONTENT="böra"/><SP WIDTH="8" VPOS="1447" HPOS="709"/>
							<String ID="string_383" HPOS="717" VPOS="1447" WIDTH="83" HEIGHT="27" WC="0.92" CONTENT="byggas"/><SP WIDTH="12" VPOS="1447" HPOS="800"/>
							<String ID="string_384" HPOS="812" VPOS="1447" WIDTH="75" HEIGHT="20" WC="0.92" CONTENT="förrän"/>
						</TextLine>
						<TextLine ID="line_45" HPOS="59" VPOS="1477" WIDTH="828" HEIGHT="27">
							<String ID="string_385" HPOS="59" VPOS="1477" WIDTH="43" HEIGHT="20" WC="0.96" CONTENT="den"/><SP WIDTH="16" VPOS="1477" HPOS="102"/>
							<String ID="string_386" HPOS="118" VPOS="1483" WIDTH="29" HEIGHT="14" WC="0.93" CONTENT="nu"/><SP WIDTH="17" VPOS="1483" HPOS="147"/>
							<String ID="string_387" HPOS="164" VPOS="1477" WIDTH="176" HEIGHT="26" WC="0.92" CONTENT="ifrägavarande,"/><SP WIDTH="23" VPOS="1477" HPOS="340"/>
							<String ID="string_388" HPOS="363" VPOS="1477" WIDTH="26" HEIGHT="21" WC="0.96" CONTENT="sä"/><SP WIDTH="21" VPOS="1477" HPOS="389"/>
							<String ID="string_389" HPOS="410" VPOS="1477" WIDTH="38" HEIGHT="21" WC="0.96" CONTENT="vill"/><SP WIDTH="21" VPOS="1477" HPOS="448"/>
							<String ID="string_390" HPOS="469" VPOS="1478" WIDTH="35" HEIGHT="26" WC="0.93" CONTENT="jag"/><SP WIDTH="24" VPOS="1478" HPOS="504"/>
							<String ID="string_391" HPOS="528" VPOS="1477" WIDTH="48" HEIGHT="22" WC="0.92" CONTENT="icke"/><SP WIDTH="17" VPOS="1477" HPOS="576"/>
							<String ID="string_392" HPOS="593" VPOS="1477" WIDTH="113" HEIGHT="21" WC="0.91" CONTENT="diskutera"/><SP WIDTH="24" VPOS="1477" HPOS="706"/>
							<String ID="string_393" HPOS="730" VPOS="1477" WIDTH="51" HEIGHT="21" WC="0.96" CONTENT="med"/><SP WIDTH="24" VPOS="1477" HPOS="781"/>
							<String ID="string_394" HPOS="805" VPOS="1477" WIDTH="82" HEIGHT="20" WC="0.96" CONTENT="honom"/>
						</TextLine>
						<TextLine ID="line_46" HPOS="59" VPOS="1506" WIDTH="827" HEIGHT="27">
							<String ID="string_395" HPOS="59" VPOS="1507" WIDTH="83" HEIGHT="25" WC="0.91" CONTENT="derom,"/><SP WIDTH="17" VPOS="1507" HPOS="142"/>
							<String ID="string_396" HPOS="159" VPOS="1507" WIDTH="29" HEIGHT="21" WC="0.96" CONTENT="dä"/><SP WIDTH="16" VPOS="1507" HPOS="188"/>
							<String ID="string_397" HPOS="204" VPOS="1507" WIDTH="59" HEIGHT="20" WC="0.96" CONTENT="detta"/><SP WIDTH="15" VPOS="1507" HPOS="263"/>
							<String ID="string_398" HPOS="278" VPOS="1507" WIDTH="23" HEIGHT="26" WC="0.96" CONTENT="ju"/><SP WIDTH="18" VPOS="1507" HPOS="301"/>
							<String ID="string_399" HPOS="319" VPOS="1507" WIDTH="45" HEIGHT="20" WC="0.96" CONTENT="helt"/><SP WIDTH="16" VPOS="1507" HPOS="364"/>
							<String ID="string_400" HPOS="380" VPOS="1507" WIDTH="43" HEIGHT="21" WC="0.93" CONTENT="och"/><SP WIDTH="17" VPOS="1507" HPOS="423"/>
							<String ID="string_401" HPOS="440" VPOS="1507" WIDTH="66" HEIGHT="22" WC="0.92" CONTENT="hället"/><SP WIDTH="15" VPOS="1507" HPOS="506"/>
							<String ID="string_402" HPOS="521" VPOS="1509" WIDTH="25" HEIGHT="19" WC="0.96" CONTENT="är"/><SP WIDTH="12" VPOS="1509" HPOS="546"/>
							<String ID="string_403" HPOS="558" VPOS="1513" WIDTH="26" HEIGHT="15" WC="0.93" CONTENT="en"/><SP WIDTH="12" VPOS="1513" HPOS="584"/>
							<String ID="string_404" HPOS="596" VPOS="1507" WIDTH="111" HEIGHT="23" WC="0.91" CONTENT="smaksak,"/><SP WIDTH="18" VPOS="1507" HPOS="707"/>
							<String ID="string_405" HPOS="725" VPOS="1506" WIDTH="161" HEIGHT="22" WC="0.92" CONTENT="Torneäbanan"/>
						</TextLine>
					</TextBlock>
				</ComposedBlock>
			</PrintSpace>
		</Page>
	</Layout>
</alto>
