<?xml version="1.0" encoding="UTF-8"?>
<alto xmlns="http://www.loc.gov/standards/alto/ns-v3#" xmlns:xlink="http://www.w3.org/1999/xlink" xmlns:xsi="http://www.w3.org/2001/XMLSchema-instance" xsi:schemaLocation="http://www.loc.gov/standards/alto/ns-v3# http://www.loc.gov/alto/v3/alto-3-0.xsd">
	<Description>
		<MeasurementUnit>pixel</MeasurementUnit>
		<sourceImageInformation>
			<fileName>/tmp/tess_ytgr0ol1_input.PNG</fileName>
		</sourceImageInformation>
		<OCRProcessing ID="OCR_0">
			<ocrProcessingStep>
				<processingSoftware>
					<softwareName>tesseract 5.3.4</softwareName>
				</processingSoftware>
			</ocrProcessingStep>
		</OCRProcessing>
	</Description>
	<Layout>
		<Page WIDTH="1078" HEIGHT="1753" PHYSICAL_IMG_NR="0" ID="page_0">
			<PrintSpace HPOS="0" VPOS="0" WIDTH="1078" HEIGHT="1753">
				<ComposedBlock ID="cblock_0" HPOS="404" VPOS="98" WIDTH="452" HEIGHT="22">
					<TextBlock ID="block_0" HPOS="404" VPOS="98" WIDTH="452" HEIGHT="22">
						<TextLine ID="line_0" HPOS="404" VPOS="98" WIDTH="452" HEIGHT="22">
							<String ID="string_0" HPOS="404" VPOS="99" WIDTH="11" HEIGHT="16" WC="0.92" CONTENT="9"/><SP WIDTH="13" VPOS="99" HPOS="415"/>
							<String ID="string_1" HPOS="428" VPOS="104" WIDTH="17" HEIGHT="16" WC="0.90" CONTENT="p."/><SP WIDTH="14" VPOS="104" HPOS="445"/>
							<String ID="string_2" HPOS="459" VPOS="98" WIDTH="82" HEIGHT="17" WC="0.91" CONTENT="Toukok."/><SP WIDTH="270" VPOS="98" HPOS="541"/>
							<String ID="string_3" HPOS="811" VPOS="99" WIDTH="45" HEIGHT="17" WC="0.96" CONTENT="1231"/>
						</TextLine>
					</TextBlock>
				</ComposedBlock>
				<ComposedBlock ID="cblock_1" HPOS="57" VPOS="157" WIDTH="829" HEIGHT="1367">
					<TextBlock ID="block_1" HPOS="57" VPOS="157" WIDTH="829" HEIGHT="1367">
						<TextLine ID="line_1" HPOS="57" VPOS="157" WIDTH="823" HEIGHT="27">
							<String ID="string_4" HPOS="57" VPOS="157" WIDTH="123" HEIGHT="26" WC="0.90" CONTENT="hetsskuld,"/><SP WIDTH="25" VPOS="157" HPOS="180"/>
							<String ID="string_5" HPOS="205" VPOS="157" WIDTH="62" HEIGHT="21" WC="0.92" CONTENT="hvari"/><SP WIDTH="21" VPOS="157" HPOS="267"/>
							<String ID="string_6" HPOS="288" VPOS="158" WIDTH="36" HEIGHT="21" WC="0.96" CONTENT="det"/><SP WIDTH="20" VPOS="158" HPOS="324"/>
							<String ID="string_7" HPOS="344" VPOS="157" WIDTH="72" HEIGHT="22" WC="0.96" CONTENT="finska"/><SP WIDTH="23" VPOS="157" HPOS="416"/>
							<String ID="string_8" HPOS="439" VPOS="157" WIDTH="69" HEIGHT="21" WC="0.95" CONTENT="folket"/><SP WIDTH="21" VPOS="157" HPOS="508"/>
							<String ID="string_9" HPOS="529" VPOS="157" WIDTH="52" HEIGHT="21" WC="0.96" CONTENT="stått"/><SP WIDTH="15" VPOS="157" HPOS="581"/>
							<String ID="string_10" HPOS="596" VPOS="157" WIDTH="32" HEIGHT="21" WC="0.96" CONTENT="till"/><SP WIDTH="17" VPOS="157" HPOS="628"/>
							<String ID="string_11" HPOS="645" VPOS="157" WIDTH="37" HEIGHT="21" WC="0.96" CONTENT="det"/><SP WIDTH="16" VPOS="157" HPOS="682"/>
							<String ID="string_12" HPOS="698" VPOS="157" WIDTH="113" HEIGHT="21" WC="0.93" CONTENT="lutherska"/><SP WIDTH="24" VPOS="157" HPOS="811"/>
							<String ID="string_13" HPOS="835" VPOS="164" WIDTH="45" HEIGHT="20" WC="0.92" CONTENT="pre-"/>
						</TextLine>
						<TextLine ID="line_2" HPOS="59" VPOS="187" WIDTH="822" HEIGHT="27">
							<String ID="string_14" HPOS="59" VPOS="188" WIDTH="124" HEIGHT="26" WC="0.92" CONTENT="sterskapet"/><SP WIDTH="16" VPOS="188" HPOS="183"/>
							<String ID="string_15" HPOS="199" VPOS="187" WIDTH="8" HEIGHT="20" WC="0.96" CONTENT="i"/><SP WIDTH="16" VPOS="187" HPOS="207"/>
							<String ID="string_16" HPOS="223" VPOS="187" WIDTH="74" HEIGHT="21" WC="0.96" CONTENT="landet"/><SP WIDTH="23" VPOS="187" HPOS="297"/>
							<String ID="string_17" HPOS="320" VPOS="187" WIDTH="41" HEIGHT="21" WC="0.95" CONTENT="och"/><SP WIDTH="25" VPOS="187" HPOS="361"/>
							<String ID="string_18" HPOS="386" VPOS="187" WIDTH="137" HEIGHT="21" WC="0.95" CONTENT="fortfarande"/><SP WIDTH="24" VPOS="187" HPOS="523"/>
							<String ID="string_19" HPOS="547" VPOS="187" WIDTH="45" HEIGHT="21" WC="0.95" CONTENT="står"/><SP WIDTH="22" VPOS="187" HPOS="592"/>
							<String ID="string_20" HPOS="614" VPOS="187" WIDTH="32" HEIGHT="20" WC="0.95" CONTENT="till"/><SP WIDTH="17" VPOS="187" HPOS="646"/>
							<String ID="string_21" HPOS="663" VPOS="187" WIDTH="57" HEIGHT="26" WC="0.95" CONTENT="dem,"/><SP WIDTH="18" VPOS="187" HPOS="720"/>
							<String ID="string_22" HPOS="738" VPOS="194" WIDTH="48" HEIGHT="14" WC="0.95" CONTENT="som"/><SP WIDTH="16" VPOS="194" HPOS="786"/>
							<String ID="string_23" HPOS="802" VPOS="193" WIDTH="79" HEIGHT="20" WC="0.96" CONTENT="genom"/>
						</TextLine>
						<TextLine ID="line_3" HPOS="58" VPOS="217" WIDTH="824" HEIGHT="27">
							<String ID="string_24" HPOS="58" VPOS="217" WIDTH="115" HEIGHT="21" WC="0.96" CONTENT="föredöme"/><SP WIDTH="21" VPOS="217" HPOS="173"/>
							<String ID="string_25" HPOS="194" VPOS="217" WIDTH="42" HEIGHT="20" WC="0.95" CONTENT="och"/><SP WIDTH="20" VPOS="217" HPOS="236"/>
							<String ID="string_26" HPOS="256" VPOS="217" WIDTH="47" HEIGHT="21" WC="0.95" CONTENT="lära"/><SP WIDTH="23" VPOS="217" HPOS="303"/>
							<String ID="string_27" HPOS="326" VPOS="217" WIDTH="69" HEIGHT="21" WC="0.96" CONTENT="värka"/><SP WIDTH="16" VPOS="217" HPOS="395"/>
							<String ID="string_28" HPOS="411" VPOS="217" WIDTH="7" HEIGHT="20" WC="0.93" CONTENT="i"/><SP WIDTH="16" VPOS="217" HPOS="418"/>
							<String ID="string_29" HPOS="434" VPOS="220" WIDTH="65" HEIGHT="18" WC="0.91" CONTENT="sannt"/><SP WIDTH="24" VPOS="220" HPOS="499"/>
							<String ID="string_30" HPOS="523" VPOS="217" WIDTH="86" HEIGHT="27" WC="0.96" CONTENT="kristlig"/><SP WIDTH="23" VPOS="217" HPOS="609"/>
							<String ID="string_31" HPOS="632" VPOS="217" WIDTH="102" HEIGHT="27" WC="0.96" CONTENT="riktning,"/><SP WIDTH="25" VPOS="217" HPOS="734"/>
							<String ID="string_32" HPOS="759" VPOS="223" WIDTH="65" HEIGHT="15" WC="0.95" CONTENT="anser"/><SP WIDTH="23" VPOS="223" HPOS="824"/>
							<String ID="string_33" HPOS="847" VPOS="217" WIDTH="35" HEIGHT="26" WC="0.95" CONTENT="jag"/>
						</TextLine>
						<TextLine ID="line_4" HPOS="60" VPOS="247" WIDTH="822" HEIGHT="26">
							<String ID="string_34" HPOS="60" VPOS="247" WIDTH="37" HEIGHT="21" WC="0.96" CONTENT="det"/><SP WIDTH="24" VPOS="247" HPOS="97"/>
							<String ID="string_35" HPOS="121" VPOS="247" WIDTH="57" HEIGHT="21" WC="0.96" CONTENT="dock"/><SP WIDTH="23" VPOS="247" HPOS="178"/>
							<String ID="string_36" HPOS="201" VPOS="247" WIDTH="113" HEIGHT="26" WC="0.96" CONTENT="olämpligt"/><SP WIDTH="16" VPOS="247" HPOS="314"/>
							<String ID="string_37" HPOS="330" VPOS="249" WIDTH="29" HEIGHT="19" WC="0.96" CONTENT="att"/><SP WIDTH="23" VPOS="249" HPOS="359"/>
							<String ID="string_38" HPOS="382" VPOS="247" WIDTH="85" HEIGHT="20" WC="0.93" CONTENT="fördela"/><SP WIDTH="24" VPOS="247" HPOS="467"/>
							<String ID="string_39" HPOS="491" VPOS="247" WIDTH="118" HEIGHT="26" WC="0.92" CONTENT="uppsikten"/><SP WIDTH="25" VPOS="247" HPOS="609"/>
							<String ID="string_40" HPOS="634" VPOS="247" WIDTH="62" HEIGHT="21" WC="0.92" CONTENT="öfver"/><SP WIDTH="24" VPOS="247" HPOS="696"/>
							<String ID="string_41" HPOS="720" VPOS="247" WIDTH="162" HEIGHT="21" WC="0.92" CONTENT="skolundervis-"/>
						</TextLine>
						<TextLine ID="line_5" HPOS="58" VPOS="277" WIDTH="825" HEIGHT="27">
							<String ID="string_42" HPOS="58" VPOS="277" WIDTH="82" HEIGHT="27" WC="0.96" CONTENT="ningen"/><SP WIDTH="16" VPOS="277" HPOS="140"/>
							<String ID="string_43" HPOS="156" VPOS="277" WIDTH="6" HEIGHT="20" WC="0.96" CONTENT="i"/><SP WIDTH="18" VPOS="277" HPOS="162"/>
							<String ID="string_44" HPOS="180" VPOS="277" WIDTH="74" HEIGHT="20" WC="0.96" CONTENT="landet"/><SP WIDTH="20" VPOS="277" HPOS="254"/>
							<String ID="string_45" HPOS="274" VPOS="277" WIDTH="28" HEIGHT="26" WC="0.96" CONTENT="på"/><SP WIDTH="20" VPOS="277" HPOS="302"/>
							<String ID="string_46" HPOS="322" VPOS="277" WIDTH="36" HEIGHT="20" WC="0.96" CONTENT="två"/><SP WIDTH="26" VPOS="277" HPOS="358"/>
							<String ID="string_47" HPOS="384" VPOS="277" WIDTH="71" HEIGHT="20" WC="0.96" CONTENT="skilda"/><SP WIDTH="24" VPOS="277" HPOS="455"/>
							<String ID="string_48" HPOS="479" VPOS="277" WIDTH="158" HEIGHT="26" WC="0.90" CONTENT="myndigheter,"/><SP WIDTH="25" VPOS="277" HPOS="637"/>
							<String ID="string_49" HPOS="662" VPOS="277" WIDTH="221" HEIGHT="26" WC="0.91" CONTENT="skolöfverstyrelsen"/>
						</TextLine>
						<TextLine ID="line_6" HPOS="59" VPOS="306" WIDTH="822" HEIGHT="27">
							<String ID="string_50" HPOS="59" VPOS="307" WIDTH="42" HEIGHT="20" WC="0.92" CONTENT="och"/><SP WIDTH="24" VPOS="307" HPOS="101"/>
							<String ID="string_51" HPOS="125" VPOS="307" WIDTH="157" HEIGHT="26" WC="0.89" CONTENT="domkapitlen."/><SP WIDTH="32" VPOS="307" HPOS="282"/>
							<String ID="string_52" HPOS="314" VPOS="306" WIDTH="72" HEIGHT="21" WC="0.91" CONTENT="Altför"/><SP WIDTH="23" VPOS="306" HPOS="386"/>
							<String ID="string_53" HPOS="409" VPOS="306" WIDTH="50" HEIGHT="27" WC="0.96" CONTENT="lång"/><SP WIDTH="16" VPOS="306" HPOS="459"/>
							<String ID="string_54" HPOS="475" VPOS="307" WIDTH="31" HEIGHT="20" WC="0.96" CONTENT="tid"/><SP WIDTH="17" VPOS="307" HPOS="506"/>
							<String ID="string_55" HPOS="523" VPOS="307" WIDTH="40" HEIGHT="20" WC="0.96" CONTENT="har"/><SP WIDTH="16" VPOS="307" HPOS="563"/>
							<String ID="string_56" HPOS="579" VPOS="307" WIDTH="49" HEIGHT="20" WC="0.94" CONTENT="icke"/><SP WIDTH="24" VPOS="307" HPOS="628"/>
							<String ID="string_57" HPOS="652" VPOS="306" WIDTH="92" HEIGHT="21" WC="0.94" CONTENT="förflutit"/><SP WIDTH="23" VPOS="306" HPOS="744"/>
							<String ID="string_58" HPOS="767" VPOS="307" WIDTH="68" HEIGHT="20" WC="0.93" CONTENT="sedan"/><SP WIDTH="17" VPOS="307" HPOS="835"/>
							<String ID="string_59" HPOS="852" VPOS="306" WIDTH="29" HEIGHT="21" WC="0.92" CONTENT="öf-"/>
						</TextLine>
						<TextLine ID="line_7" HPOS="59" VPOS="336" WIDTH="822" HEIGHT="26">
							<String ID="string_60" HPOS="59" VPOS="337" WIDTH="156" HEIGHT="20" WC="0.91" CONTENT="verinseendet"/><SP WIDTH="15" VPOS="337" HPOS="215"/>
							<String ID="string_61" HPOS="230" VPOS="336" WIDTH="62" HEIGHT="20" WC="0.95" CONTENT="öfver"/><SP WIDTH="16" VPOS="336" HPOS="292"/>
							<String ID="string_62" HPOS="308" VPOS="337" WIDTH="78" HEIGHT="20" WC="0.93" CONTENT="skolan"/><SP WIDTH="17" VPOS="337" HPOS="386"/>
							<String ID="string_63" HPOS="403" VPOS="336" WIDTH="133" HEIGHT="21" WC="0.92" CONTENT="frånskildes"/><SP WIDTH="17" VPOS="336" HPOS="536"/>
							<String ID="string_64" HPOS="553" VPOS="336" WIDTH="167" HEIGHT="26" WC="0.91" CONTENT="domkapitlena"/><SP WIDTH="16" VPOS="336" HPOS="720"/>
							<String ID="string_65" HPOS="736" VPOS="337" WIDTH="42" HEIGHT="20" WC="0.92" CONTENT="och"/><SP WIDTH="12" VPOS="337" HPOS="778"/>
							<String ID="string_66" HPOS="790" VPOS="338" WIDTH="91" HEIGHT="24" WC="0.92" CONTENT="präster-"/>
						</TextLine>
						<TextLine ID="line_8" HPOS="59" VPOS="365" WIDTH="822" HEIGHT="27">
							<String ID="string_67" HPOS="59" VPOS="366" WIDTH="84" HEIGHT="26" WC="0.93" CONTENT="skapet."/><SP WIDTH="33" VPOS="366" HPOS="143"/>
							<String ID="string_68" HPOS="176" VPOS="366" WIDTH="63" HEIGHT="20" WC="0.93" CONTENT="Detta"/><SP WIDTH="17" VPOS="366" HPOS="239"/>
							<String ID="string_69" HPOS="256" VPOS="366" WIDTH="82" HEIGHT="20" WC="0.93" CONTENT="skedde"/><SP WIDTH="17" VPOS="366" HPOS="338"/>
							<String ID="string_70" HPOS="355" VPOS="366" WIDTH="192" HEIGHT="26" WC="0.92" CONTENT="hufvudsakligast"/><SP WIDTH="16" VPOS="366" HPOS="547"/>
							<String ID="string_71" HPOS="563" VPOS="365" WIDTH="28" HEIGHT="27" WC="0.96" CONTENT="pä"/><SP WIDTH="16" VPOS="365" HPOS="591"/>
							<String ID="string_72" HPOS="607" VPOS="366" WIDTH="93" HEIGHT="20" WC="0.96" CONTENT="initiativ"/><SP WIDTH="17" VPOS="366" HPOS="700"/>
							<String ID="string_73" HPOS="717" VPOS="366" WIDTH="23" HEIGHT="20" WC="0.96" CONTENT="af"/><SP WIDTH="14" VPOS="366" HPOS="740"/>
							<String ID="string_74" HPOS="754" VPOS="367" WIDTH="79" HEIGHT="19" WC="0.93" CONTENT="tvänne"/><SP WIDTH="12" VPOS="367" HPOS="833"/>
							<String ID="string_75" HPOS="845" VPOS="366" WIDTH="36" HEIGHT="20" WC="0.93" CONTENT="all-"/>
						</TextLine>
						<TextLine ID="line_9" HPOS="61" VPOS="396" WIDTH="820" HEIGHT="26">
							<String ID="string_76" HPOS="61" VPOS="397" WIDTH="61" HEIGHT="19" WC="0.92" CONTENT="mänt"/><SP WIDTH="17" VPOS="397" HPOS="122"/>
							<String ID="string_77" HPOS="139" VPOS="396" WIDTH="79" HEIGHT="20" WC="0.91" CONTENT="aktade"/><SP WIDTH="16" VPOS="396" HPOS="218"/>
							<String ID="string_78" HPOS="234" VPOS="396" WIDTH="41" HEIGHT="20" WC="0.96" CONTENT="och"/><SP WIDTH="17" VPOS="396" HPOS="275"/>
							<String ID="string_79" HPOS="292" VPOS="396" WIDTH="22" HEIGHT="20" WC="0.96" CONTENT="af"/><SP WIDTH="16" VPOS="396" HPOS="314"/>
							<String ID="string_80" HPOS="330" VPOS="396" WIDTH="49" HEIGHT="20" WC="0.93" CONTENT="sina"/><SP WIDTH="17" VPOS="396" HPOS="379"/>
							<String ID="string_81" HPOS="396" VPOS="396" WIDTH="158" HEIGHT="21" WC="0.91" CONTENT="ståndsbröder"/><SP WIDTH="16" VPOS="396" HPOS="554"/>
							<String ID="string_82" HPOS="570" VPOS="396" WIDTH="117" HEIGHT="26" WC="0.91" CONTENT="uppburne"/><SP WIDTH="17" VPOS="396" HPOS="687"/>
							<String ID="string_83" HPOS="704" VPOS="397" WIDTH="113" HEIGHT="25" WC="0.92" CONTENT="prästmän"/><SP WIDTH="16" VPOS="397" HPOS="817"/>
							<String ID="string_84" HPOS="833" VPOS="396" WIDTH="48" HEIGHT="21" WC="0.96" CONTENT="Uno"/>
						</TextLine>
						<TextLine ID="line_10" HPOS="61" VPOS="425" WIDTH="821" HEIGHT="27">
							<String ID="string_85" HPOS="61" VPOS="425" WIDTH="116" HEIGHT="27" WC="0.92" CONTENT="Cygnaeus"/><SP WIDTH="17" VPOS="425" HPOS="177"/>
							<String ID="string_86" HPOS="194" VPOS="425" WIDTH="41" HEIGHT="21" WC="0.96" CONTENT="och"/><SP WIDTH="16" VPOS="425" HPOS="235"/>
							<String ID="string_87" HPOS="251" VPOS="426" WIDTH="69" HEIGHT="20" WC="0.96" CONTENT="Frans"/><SP WIDTH="17" VPOS="426" HPOS="320"/>
							<String ID="string_88" HPOS="337" VPOS="426" WIDTH="83" HEIGHT="26" WC="0.96" CONTENT="Ludvig"/><SP WIDTH="17" VPOS="426" HPOS="420"/>
							<String ID="string_89" HPOS="437" VPOS="426" WIDTH="132" HEIGHT="20" WC="0.96" CONTENT="Schauman."/><SP WIDTH="33" VPOS="426" HPOS="569"/>
							<String ID="string_90" HPOS="602" VPOS="426" WIDTH="70" HEIGHT="20" WC="0.96" CONTENT="Dessa"/><SP WIDTH="18" VPOS="426" HPOS="672"/>
							<String ID="string_91" HPOS="690" VPOS="427" WIDTH="39" HEIGHT="19" WC="0.96" CONTENT="äro"/><SP WIDTH="20" VPOS="427" HPOS="729"/>
							<String ID="string_92" HPOS="749" VPOS="432" WIDTH="72" HEIGHT="19" WC="0.96" CONTENT="namn,"/><SP WIDTH="14" VPOS="432" HPOS="821"/>
							<String ID="string_93" HPOS="835" VPOS="432" WIDTH="47" HEIGHT="14" WC="0.96" CONTENT="som"/>
						</TextLine>
						<TextLine ID="line_11" HPOS="60" VPOS="455" WIDTH="823" HEIGHT="27">
							<String ID="string_94" HPOS="60" VPOS="455" WIDTH="50" HEIGHT="21" WC="0.96" CONTENT="med"/><SP WIDTH="17" VPOS="455" HPOS="110"/>
							<String ID="string_95" HPOS="127" VPOS="456" WIDTH="90" HEIGHT="26" WC="0.96" CONTENT="aktning"/><SP WIDTH="16" VPOS="456" HPOS="217"/>
							<String ID="string_96" HPOS="233" VPOS="457" WIDTH="93" HEIGHT="19" WC="0.96" CONTENT="nämnas"/><SP WIDTH="16" VPOS="457" HPOS="326"/>
							<String ID="string_97" HPOS="342" VPOS="456" WIDTH="23" HEIGHT="20" WC="0.96" CONTENT="af"/><SP WIDTH="15" VPOS="456" HPOS="365"/>
							<String ID="string_98" HPOS="380" VPOS="456" WIDTH="77" HEIGHT="25" WC="0.96" CONTENT="hvarje"/><SP WIDTH="16" VPOS="456" HPOS="457"/>
							<String ID="string_99" HPOS="473" VPOS="455" WIDTH="57" HEIGHT="21" WC="0.96" CONTENT="finsk"/><SP WIDTH="21" VPOS="455" HPOS="530"/>
							<String ID="string_100" HPOS="551" VPOS="455" WIDTH="151" HEIGHT="27" WC="0.93" CONTENT="medborgare."/><SP WIDTH="33" VPOS="455" HPOS="702"/>
							<String ID="string_101" HPOS="735" VPOS="455" WIDTH="37" HEIGHT="21" WC="0.96" CONTENT="Att"/><SP WIDTH="19" VPOS="455" HPOS="772"/>
							<String ID="string_102" HPOS="791" VPOS="462" WIDTH="29" HEIGHT="14" WC="0.96" CONTENT="nu"/><SP WIDTH="17" VPOS="462" HPOS="820"/>
							<String ID="string_103" HPOS="837" VPOS="455" WIDTH="46" HEIGHT="21" WC="0.96" CONTENT="åter"/>
						</TextLine>
						<TextLine ID="line_12" HPOS="59" VPOS="484" WIDTH="823" HEIGHT="28">
							<String ID="string_104" HPOS="59" VPOS="485" WIDTH="82" HEIGHT="21" WC="0.96" CONTENT="inrätta"/><SP WIDTH="16" VPOS="485" HPOS="141"/>
							<String ID="string_105" HPOS="157" VPOS="485" WIDTH="80" HEIGHT="25" WC="0.96" CONTENT="skolor,"/><SP WIDTH="11" VPOS="485" HPOS="237"/>
							<String ID="string_106" HPOS="248" VPOS="484" WIDTH="90" HEIGHT="22" WC="0.96" CONTENT="stående"/><SP WIDTH="10" VPOS="484" HPOS="338"/>
							<String ID="string_107" HPOS="348" VPOS="485" WIDTH="70" HEIGHT="21" WC="0.93" CONTENT="under"/><SP WIDTH="10" VPOS="485" HPOS="418"/>
							<String ID="string_108" HPOS="428" VPOS="485" WIDTH="163" HEIGHT="27" WC="0.92" CONTENT="domkapitlens"/><SP WIDTH="15" VPOS="485" HPOS="591"/>
							<String ID="string_109" HPOS="606" VPOS="485" WIDTH="104" HEIGHT="27" WC="0.96" CONTENT="speciella"/><SP WIDTH="13" VPOS="485" HPOS="710"/>
							<String ID="string_110" HPOS="723" VPOS="485" WIDTH="94" HEIGHT="27" WC="0.95" CONTENT="uppsikt,"/><SP WIDTH="14" VPOS="485" HPOS="817"/>
							<String ID="string_111" HPOS="831" VPOS="491" WIDTH="51" HEIGHT="15" WC="0.96" CONTENT="vore"/>
						</TextLine>
						<TextLine ID="line_13" HPOS="60" VPOS="514" WIDTH="823" HEIGHT="28">
							<String ID="string_112" HPOS="60" VPOS="514" WIDTH="133" HEIGHT="28" WC="0.93" CONTENT="fullkomligt"/><SP WIDTH="16" VPOS="514" HPOS="193"/>
							<String ID="string_113" HPOS="209" VPOS="515" WIDTH="151" HEIGHT="21" WC="0.91" CONTENT="omotiveradt."/><SP WIDTH="33" VPOS="515" HPOS="360"/>
							<String ID="string_114" HPOS="393" VPOS="515" WIDTH="49" HEIGHT="21" WC="0.96" CONTENT="Icke"/><SP WIDTH="17" VPOS="515" HPOS="442"/>
							<String ID="string_115" HPOS="459" VPOS="521" WIDTH="39" HEIGHT="15" WC="0.96" CONTENT="ens"/><SP WIDTH="17" VPOS="521" HPOS="498"/>
							<String ID="string_116" HPOS="515" VPOS="515" WIDTH="26" HEIGHT="20" WC="0.93" CONTENT="hr"/><SP WIDTH="16" VPOS="515" HPOS="541"/>
							<String ID="string_117" HPOS="557" VPOS="515" WIDTH="114" HEIGHT="21" WC="0.91" CONTENT="Meurman"/><SP WIDTH="18" VPOS="515" HPOS="671"/>
							<String ID="string_118" HPOS="689" VPOS="515" WIDTH="41" HEIGHT="21" WC="0.96" CONTENT="har"/><SP WIDTH="18" VPOS="515" HPOS="730"/>
							<String ID="string_119" HPOS="748" VPOS="515" WIDTH="85" HEIGHT="21" WC="0.93" CONTENT="kunnat"/><SP WIDTH="10" VPOS="515" HPOS="833"/>
							<String ID="string_120" HPOS="843" VPOS="514" WIDTH="40" HEIGHT="21" WC="0.91" CONTENT="till-"/>
						</TextLine>
						<TextLine ID="line_14" HPOS="60" VPOS="544" WIDTH="824" HEIGHT="27">
							<String ID="string_121" HPOS="60" VPOS="544" WIDTH="159" HEIGHT="22" WC="0.91" CONTENT="fredställande"/><SP WIDTH="10" VPOS="544" HPOS="219"/>
							<String ID="string_122" HPOS="229" VPOS="545" WIDTH="106" HEIGHT="21" WC="0.96" CONTENT="motivera"/><SP WIDTH="12" VPOS="545" HPOS="335"/>
							<String ID="string_123" HPOS="347" VPOS="545" WIDTH="134" HEIGHT="21" WC="0.96" CONTENT="inrättandet"/><SP WIDTH="11" VPOS="545" HPOS="481"/>
							<String ID="string_124" HPOS="492" VPOS="545" WIDTH="23" HEIGHT="21" WC="0.96" CONTENT="af"/><SP WIDTH="10" VPOS="545" HPOS="515"/>
							<String ID="string_125" HPOS="525" VPOS="545" WIDTH="72" HEIGHT="20" WC="0.93" CONTENT="skilda"/><SP WIDTH="10" VPOS="545" HPOS="597"/>
							<String ID="string_126" HPOS="607" VPOS="545" WIDTH="142" HEIGHT="26" WC="0.92" CONTENT="prästskolor,"/><SP WIDTH="11" VPOS="545" HPOS="749"/>
							<String ID="string_127" HPOS="760" VPOS="545" WIDTH="53" HEIGHT="21" WC="0.93" CONTENT="eller"/><SP WIDTH="8" VPOS="545" HPOS="813"/>
							<String ID="string_128" HPOS="821" VPOS="544" WIDTH="63" HEIGHT="21" WC="0.91" CONTENT="fram-"/>
						</TextLine>
						<TextLine ID="line_15" HPOS="60" VPOS="574" WIDTH="822" HEIGHT="27">
							<String ID="string_129" HPOS="60" VPOS="575" WIDTH="49" HEIGHT="20" WC="0.95" CONTENT="visa"/><SP WIDTH="16" VPOS="575" HPOS="109"/>
							<String ID="string_130" HPOS="125" VPOS="574" WIDTH="60" HEIGHT="27" WC="0.95" CONTENT="giltig"/><SP WIDTH="16" VPOS="574" HPOS="185"/>
							<String ID="string_131" HPOS="201" VPOS="575" WIDTH="65" HEIGHT="21" WC="0.95" CONTENT="orsak"/><SP WIDTH="9" VPOS="575" HPOS="266"/>
							<String ID="string_132" HPOS="275" VPOS="574" WIDTH="31" HEIGHT="21" WC="0.95" CONTENT="till"/><SP WIDTH="10" VPOS="574" HPOS="306"/>
							<String ID="string_133" HPOS="316" VPOS="577" WIDTH="30" HEIGHT="18" WC="0.96" CONTENT="att"/><SP WIDTH="14" VPOS="577" HPOS="346"/>
							<String ID="string_134" HPOS="360" VPOS="575" WIDTH="64" HEIGHT="21" WC="0.96" CONTENT="endel"/><SP WIDTH="12" VPOS="575" HPOS="424"/>
							<String ID="string_135" HPOS="436" VPOS="575" WIDTH="75" HEIGHT="21" WC="0.96" CONTENT="skolor"/><SP WIDTH="12" VPOS="575" HPOS="511"/>
							<String ID="string_136" HPOS="523" VPOS="574" WIDTH="90" HEIGHT="21" WC="0.95" CONTENT="ställdes"/><SP WIDTH="13" VPOS="574" HPOS="613"/>
							<String ID="string_137" HPOS="626" VPOS="575" WIDTH="69" HEIGHT="21" WC="0.96" CONTENT="under"/><SP WIDTH="12" VPOS="575" HPOS="695"/>
							<String ID="string_138" HPOS="707" VPOS="575" WIDTH="175" HEIGHT="26" WC="0.96" CONTENT="prästerskapets"/>
						</TextLine>
						<TextLine ID="line_16" HPOS="60" VPOS="604" WIDTH="824" HEIGHT="27">
							<String ID="string_139" HPOS="60" VPOS="604" WIDTH="81" HEIGHT="27" WC="0.92" CONTENT="tillsyn."/><SP WIDTH="34" VPOS="604" HPOS="141"/>
							<String ID="string_140" HPOS="175" VPOS="604" WIDTH="47" HEIGHT="21" WC="0.93" CONTENT="Han"/><SP WIDTH="24" VPOS="604" HPOS="222"/>
							<String ID="string_141" HPOS="246" VPOS="604" WIDTH="101" HEIGHT="22" WC="0.95" CONTENT="framhöll"/><SP WIDTH="22" VPOS="604" HPOS="347"/>
							<String ID="string_142" HPOS="369" VPOS="605" WIDTH="55" HEIGHT="20" WC="0.96" CONTENT="visst"/><SP WIDTH="15" VPOS="605" HPOS="424"/>
							<String ID="string_143" HPOS="439" VPOS="611" WIDTH="48" HEIGHT="14" WC="0.96" CONTENT="som"/><SP WIDTH="17" VPOS="611" HPOS="487"/>
							<String ID="string_144" HPOS="504" VPOS="604" WIDTH="70" HEIGHT="21" WC="0.78" CONTENT="orsak"/><SP WIDTH="17" VPOS="604" HPOS="574"/>
							<String ID="string_145" HPOS="591" VPOS="604" WIDTH="67" HEIGHT="21" WC="0.96" CONTENT="bland"/><SP WIDTH="16" VPOS="604" HPOS="658"/>
							<String ID="string_146" HPOS="674" VPOS="607" WIDTH="74" HEIGHT="23" WC="0.96" CONTENT="annat,"/><SP WIDTH="18" VPOS="607" HPOS="748"/>
							<String ID="string_147" HPOS="766" VPOS="607" WIDTH="31" HEIGHT="18" WC="0.96" CONTENT="att"/><SP WIDTH="16" VPOS="607" HPOS="797"/>
							<String ID="string_148" HPOS="813" VPOS="604" WIDTH="71" HEIGHT="21" WC="0.97" CONTENT="finska"/>
						</TextLine>
						<TextLine ID="line_17" HPOS="61" VPOS="634" WIDTH="821" HEIGHT="27">
							<String ID="string_149" HPOS="61" VPOS="634" WIDTH="69" HEIGHT="20" WC="0.96" CONTENT="folket"/><SP WIDTH="16" VPOS="634" HPOS="130"/>
							<String ID="string_150" HPOS="146" VPOS="634" WIDTH="78" HEIGHT="21" WC="0.96" CONTENT="främst"/><SP WIDTH="16" VPOS="634" HPOS="224"/>
							<String ID="string_151" HPOS="240" VPOS="634" WIDTH="56" HEIGHT="21" WC="0.96" CONTENT="hade"/><SP WIDTH="17" VPOS="634" HPOS="296"/>
							<String ID="string_152" HPOS="313" VPOS="636" WIDTH="115" HEIGHT="25" WC="0.96" CONTENT="prästerna"/><SP WIDTH="16" VPOS="636" HPOS="428"/>
							<String ID="string_153" HPOS="444" VPOS="636" WIDTH="31" HEIGHT="19" WC="0.95" CONTENT="att"/><SP WIDTH="16" VPOS="636" HPOS="475"/>
							<String ID="string_154" HPOS="491" VPOS="634" WIDTH="65" HEIGHT="21" WC="0.96" CONTENT="tacka"/><SP WIDTH="16" VPOS="634" HPOS="556"/>
							<String ID="string_155" HPOS="572" VPOS="634" WIDTH="35" HEIGHT="21" WC="0.96" CONTENT="för"/><SP WIDTH="16" VPOS="634" HPOS="607"/>
							<String ID="string_156" HPOS="623" VPOS="636" WIDTH="31" HEIGHT="19" WC="0.96" CONTENT="att"/><SP WIDTH="16" VPOS="636" HPOS="654"/>
							<String ID="string_157" HPOS="670" VPOS="634" WIDTH="51" HEIGHT="21" WC="0.96" CONTENT="dess"/><SP WIDTH="17" VPOS="634" HPOS="721"/>
							<String ID="string_158" HPOS="738" VPOS="634" WIDTH="66" HEIGHT="27" WC="0.93" CONTENT="språk"/><SP WIDTH="19" VPOS="634" HPOS="804"/>
							<String ID="string_159" HPOS="823" VPOS="634" WIDTH="59" HEIGHT="21" WC="0.91" CONTENT="kom-"/>
						</TextLine>
						<TextLine ID="line_18" HPOS="61" VPOS="664" WIDTH="822" HEIGHT="27">
							<String ID="string_160" HPOS="61" VPOS="664" WIDTH="37" HEIGHT="20" WC="0.95" CONTENT="mit"/><SP WIDTH="18" VPOS="664" HPOS="98"/>
							<String ID="string_161" HPOS="116" VPOS="664" WIDTH="32" HEIGHT="20" WC="0.95" CONTENT="till"/><SP WIDTH="22" VPOS="664" HPOS="148"/>
							<String ID="string_162" HPOS="170" VPOS="664" WIDTH="48" HEIGHT="20" WC="0.96" CONTENT="sina"/><SP WIDTH="20" VPOS="664" HPOS="218"/>
							<String ID="string_163" HPOS="238" VPOS="664" WIDTH="126" HEIGHT="27" WC="0.96" CONTENT="rättigheter"/><SP WIDTH="16" VPOS="664" HPOS="364"/>
							<String ID="string_164" HPOS="380" VPOS="664" WIDTH="41" HEIGHT="21" WC="0.96" CONTENT="och"/><SP WIDTH="17" VPOS="664" HPOS="421"/>
							<String ID="string_165" HPOS="438" VPOS="664" WIDTH="57" HEIGHT="21" WC="0.96" CONTENT="dock"/><SP WIDTH="17" VPOS="664" HPOS="495"/>
							<String ID="string_166" HPOS="512" VPOS="670" WIDTH="54" HEIGHT="15" WC="0.96" CONTENT="voro"/><SP WIDTH="17" VPOS="670" HPOS="566"/>
							<String ID="string_167" HPOS="583" VPOS="664" WIDTH="28" HEIGHT="20" WC="0.96" CONTENT="de"/><SP WIDTH="17" VPOS="664" HPOS="611"/>
							<String ID="string_168" HPOS="628" VPOS="666" WIDTH="57" HEIGHT="23" WC="0.96" CONTENT="män,"/><SP WIDTH="18" VPOS="666" HPOS="685"/>
							<String ID="string_169" HPOS="703" VPOS="664" WIDTH="59" HEIGHT="21" WC="0.93" CONTENT="Elias"/><SP WIDTH="25" VPOS="664" HPOS="762"/>
							<String ID="string_170" HPOS="787" VPOS="664" WIDTH="96" HEIGHT="21" WC="0.90" CONTENT="Lönnrot"/>
						</TextLine>
						<TextLine ID="line_19" HPOS="61" VPOS="693" WIDTH="823" HEIGHT="26">
							<String ID="string_171" HPOS="61" VPOS="694" WIDTH="42" HEIGHT="20" WC="0.96" CONTENT="och"/><SP WIDTH="16" VPOS="694" HPOS="103"/>
							<String ID="string_172" HPOS="119" VPOS="694" WIDTH="72" HEIGHT="20" WC="0.96" CONTENT="Johan"/><SP WIDTH="17" VPOS="694" HPOS="191"/>
							<String ID="string_173" HPOS="208" VPOS="694" WIDTH="103" HEIGHT="21" WC="0.96" CONTENT="Wilhelm"/><SP WIDTH="24" VPOS="694" HPOS="311"/>
							<String ID="string_174" HPOS="335" VPOS="694" WIDTH="118" HEIGHT="25" WC="0.94" CONTENT="Snellman,"/><SP WIDTH="18" VPOS="694" HPOS="453"/>
							<String ID="string_175" HPOS="471" VPOS="694" WIDTH="33" HEIGHT="20" WC="0.96" CONTENT="till"/><SP WIDTH="16" VPOS="694" HPOS="504"/>
							<String ID="string_176" HPOS="520" VPOS="694" WIDTH="75" HEIGHT="20" WC="0.96" CONTENT="hvilka"/><SP WIDTH="17" VPOS="694" HPOS="595"/>
							<String ID="string_177" HPOS="612" VPOS="694" WIDTH="36" HEIGHT="21" WC="0.96" CONTENT="det"/><SP WIDTH="16" VPOS="694" HPOS="648"/>
							<String ID="string_178" HPOS="664" VPOS="694" WIDTH="70" HEIGHT="20" WC="0.96" CONTENT="finska"/><SP WIDTH="20" VPOS="694" HPOS="734"/>
							<String ID="string_179" HPOS="754" VPOS="694" WIDTH="69" HEIGHT="21" WC="0.96" CONTENT="folket"/><SP WIDTH="16" VPOS="694" HPOS="823"/>
							<String ID="string_180" HPOS="839" VPOS="693" WIDTH="45" HEIGHT="21" WC="0.96" CONTENT="står"/>
						</TextLine>
						<TextLine ID="line_20" HPOS="61" VPOS="723" WIDTH="823" HEIGHT="27">
							<String ID="string_181" HPOS="61" VPOS="723" WIDTH="7" HEIGHT="20" WC="0.96" CONTENT="i"/><SP WIDTH="24" VPOS="723" HPOS="68"/>
							<String ID="string_182" HPOS="92" VPOS="723" WIDTH="43" HEIGHT="21" WC="0.96" CONTENT="den"/><SP WIDTH="24" VPOS="723" HPOS="135"/>
							<String ID="string_183" HPOS="159" VPOS="725" WIDTH="81" HEIGHT="19" WC="0.93" CONTENT="största"/><SP WIDTH="23" VPOS="725" HPOS="240"/>
							<String ID="string_184" HPOS="263" VPOS="723" WIDTH="215" HEIGHT="22" WC="0.89" CONTENT="tacksamhetsskuld"/><SP WIDTH="24" VPOS="723" HPOS="478"/>
							<String ID="string_185" HPOS="502" VPOS="724" WIDTH="6" HEIGHT="20" WC="0.96" CONTENT="i"/><SP WIDTH="25" VPOS="724" HPOS="508"/>
							<String ID="string_186" HPOS="533" VPOS="723" WIDTH="60" HEIGHT="21" WC="0.92" CONTENT="detta"/><SP WIDTH="24" VPOS="723" HPOS="593"/>
							<String ID="string_187" HPOS="617" VPOS="723" WIDTH="120" HEIGHT="26" WC="0.90" CONTENT="afseendet,"/><SP WIDTH="28" VPOS="723" HPOS="737"/>
							<String ID="string_188" HPOS="765" VPOS="723" WIDTH="119" HEIGHT="27" WC="0.96" CONTENT="ingendera"/>
						</TextLine>
						<TextLine ID="line_21" HPOS="61" VPOS="753" WIDTH="822" HEIGHT="26">
							<String ID="string_189" HPOS="61" VPOS="754" WIDTH="92" HEIGHT="25" WC="0.95" CONTENT="präster."/><SP WIDTH="34" VPOS="754" HPOS="153"/>
							<String ID="string_190" HPOS="187" VPOS="753" WIDTH="47" HEIGHT="21" WC="0.96" CONTENT="Kan"/><SP WIDTH="16" VPOS="753" HPOS="234"/>
							<String ID="string_191" HPOS="250" VPOS="753" WIDTH="34" HEIGHT="21" WC="0.96" CONTENT="väl"/><SP WIDTH="18" VPOS="753" HPOS="284"/>
							<String ID="string_192" HPOS="302" VPOS="754" WIDTH="26" HEIGHT="20" WC="0.93" CONTENT="hr"/><SP WIDTH="20" VPOS="754" HPOS="328"/>
							<String ID="string_193" HPOS="348" VPOS="753" WIDTH="113" HEIGHT="21" WC="0.90" CONTENT="Meurman"/><SP WIDTH="24" VPOS="753" HPOS="461"/>
							<String ID="string_194" HPOS="485" VPOS="753" WIDTH="113" HEIGHT="25" WC="0.90" CONTENT="framvisa,"/><SP WIDTH="25" VPOS="753" HPOS="598"/>
							<String ID="string_195" HPOS="623" VPOS="755" WIDTH="31" HEIGHT="19" WC="0.96" CONTENT="att"/><SP WIDTH="16" VPOS="755" HPOS="654"/>
							<String ID="string_196" HPOS="670" VPOS="759" WIDTH="28" HEIGHT="15" WC="0.96" CONTENT="en"/><SP WIDTH="20" VPOS="759" HPOS="698"/>
							<String ID="string_197" HPOS="718" VPOS="753" WIDTH="58" HEIGHT="21" WC="0.95" CONTENT="enda"/><SP WIDTH="16" VPOS="753" HPOS="776"/>
							<String ID="string_198" HPOS="792" VPOS="753" WIDTH="23" HEIGHT="21" WC="0.93" CONTENT="af"/><SP WIDTH="16" VPOS="753" HPOS="815"/>
							<String ID="string_199" HPOS="831" VPOS="753" WIDTH="52" HEIGHT="20" WC="0.92" CONTENT="folk-"/>
						</TextLine>
						<TextLine ID="line_22" HPOS="62" VPOS="782" WIDTH="822" HEIGHT="28">
							<String ID="string_200" HPOS="62" VPOS="782" WIDTH="158" HEIGHT="26" WC="0.91" CONTENT="skollärarena,"/><SP WIDTH="18" VPOS="782" HPOS="220"/>
							<String ID="string_201" HPOS="238" VPOS="783" WIDTH="34" HEIGHT="20" WC="0.96" CONTENT="för"/><SP WIDTH="16" VPOS="783" HPOS="272"/>
							<String ID="string_202" HPOS="288" VPOS="783" WIDTH="74" HEIGHT="21" WC="0.96" CONTENT="hvilka"/><SP WIDTH="16" VPOS="783" HPOS="362"/>
							<String ID="string_203" HPOS="378" VPOS="783" WIDTH="43" HEIGHT="21" WC="0.96" CONTENT="han"/><SP WIDTH="16" VPOS="783" HPOS="421"/>
							<String ID="string_204" HPOS="437" VPOS="783" WIDTH="76" HEIGHT="27" WC="0.96" CONTENT="tyckes"/><SP WIDTH="17" VPOS="783" HPOS="513"/>
							<String ID="string_205" HPOS="530" VPOS="783" WIDTH="55" HEIGHT="26" WC="0.96" CONTENT="hysa"/><SP WIDTH="12" VPOS="783" HPOS="585"/>
							<String ID="string_206" HPOS="597" VPOS="783" WIDTH="95" HEIGHT="25" WC="0.96" CONTENT="fruktan,"/><SP WIDTH="12" VPOS="783" HPOS="692"/>
							<String ID="string_207" HPOS="704" VPOS="783" WIDTH="66" HEIGHT="20" WC="0.96" CONTENT="svikit"/><SP WIDTH="12" VPOS="783" HPOS="770"/>
							<String ID="string_208" HPOS="782" VPOS="783" WIDTH="33" HEIGHT="21" WC="0.93" CONTENT="sin"/><SP WIDTH="12" VPOS="783" HPOS="815"/>
							<String ID="string_209" HPOS="827" VPOS="783" WIDTH="57" HEIGHT="26" WC="0.92" CONTENT="skyl-"/>
						</TextLine>
						<TextLine ID="line_23" HPOS="62" VPOS="812" WIDTH="821" HEIGHT="27">
							<String ID="string_210" HPOS="62" VPOS="812" WIDTH="74" HEIGHT="27" WC="0.96" CONTENT="dighet"/><SP WIDTH="24" VPOS="812" HPOS="136"/>
							<String ID="string_211" HPOS="160" VPOS="813" WIDTH="6" HEIGHT="20" WC="0.96" CONTENT="i"/><SP WIDTH="25" VPOS="813" HPOS="166"/>
							<String ID="string_212" HPOS="191" VPOS="813" WIDTH="59" HEIGHT="20" WC="0.95" CONTENT="detta"/><SP WIDTH="22" VPOS="813" HPOS="250"/>
							<String ID="string_213" HPOS="272" VPOS="813" WIDTH="120" HEIGHT="21" WC="0.96" CONTENT="afseende?"/><SP WIDTH="32" VPOS="813" HPOS="392"/>
							<String ID="string_214" HPOS="424" VPOS="813" WIDTH="57" HEIGHT="21" WC="0.96" CONTENT="Eller"/><SP WIDTH="23" VPOS="813" HPOS="481"/>
							<String ID="string_215" HPOS="504" VPOS="813" WIDTH="44" HEIGHT="20" WC="0.96" CONTENT="kan"/><SP WIDTH="24" VPOS="813" HPOS="548"/>
							<String ID="string_216" HPOS="572" VPOS="813" WIDTH="43" HEIGHT="20" WC="0.95" CONTENT="han"/><SP WIDTH="25" VPOS="813" HPOS="615"/>
							<String ID="string_217" HPOS="640" VPOS="813" WIDTH="89" HEIGHT="20" WC="0.95" CONTENT="komma"/><SP WIDTH="23" VPOS="813" HPOS="729"/>
							<String ID="string_218" HPOS="752" VPOS="813" WIDTH="56" HEIGHT="21" WC="0.96" CONTENT="fram"/><SP WIDTH="26" VPOS="813" HPOS="808"/>
							<String ID="string_219" HPOS="834" VPOS="812" WIDTH="49" HEIGHT="21" WC="0.95" CONTENT="med"/>
						</TextLine>
						<TextLine ID="line_24" HPOS="62" VPOS="841" WIDTH="822" HEIGHT="28">
							<String ID="string_220" HPOS="62" VPOS="841" WIDTH="67" HEIGHT="28" WC="0.92" CONTENT="något"/><SP WIDTH="16" VPOS="841" HPOS="129"/>
							<String ID="string_221" HPOS="145" VPOS="843" WIDTH="131" HEIGHT="20" WC="0.91" CONTENT="motiveradt"/><SP WIDTH="16" VPOS="843" HPOS="276"/>
							<String ID="string_222" HPOS="292" VPOS="843" WIDTH="92" HEIGHT="21" WC="0.92" CONTENT="klander"/><SP WIDTH="16" VPOS="843" HPOS="384"/>
							<String ID="string_223" HPOS="400" VPOS="846" WIDTH="58" HEIGHT="18" WC="0.92" CONTENT="emot"/><SP WIDTH="17" VPOS="846" HPOS="458"/>
							<String ID="string_224" HPOS="475" VPOS="843" WIDTH="221" HEIGHT="26" WC="0.91" CONTENT="skolöfverstyrelsen"/><SP WIDTH="16" VPOS="843" HPOS="696"/>
							<String ID="string_225" HPOS="712" VPOS="843" WIDTH="53" HEIGHT="20" WC="0.92" CONTENT="eller"/><SP WIDTH="16" VPOS="843" HPOS="765"/>
							<String ID="string_226" HPOS="781" VPOS="842" WIDTH="103" HEIGHT="21" WC="0.92" CONTENT="folkskol-"/>
						</TextLine>
						<TextLine ID="line_25" HPOS="62" VPOS="871" WIDTH="821" HEIGHT="28">
							<String ID="string_227" HPOS="62" VPOS="871" WIDTH="72" HEIGHT="22" WC="0.96" CONTENT="lärare"/><SP WIDTH="17" VPOS="871" HPOS="134"/>
							<String ID="string_228" HPOS="151" VPOS="872" WIDTH="6" HEIGHT="21" WC="0.96" CONTENT="i"/><SP WIDTH="17" VPOS="872" HPOS="157"/>
							<String ID="string_229" HPOS="174" VPOS="873" WIDTH="124" HEIGHT="24" WC="0.95" CONTENT="allmänhet,"/><SP WIDTH="26" VPOS="873" HPOS="298"/>
							<String ID="string_230" HPOS="324" VPOS="875" WIDTH="31" HEIGHT="18" WC="0.96" CONTENT="att"/><SP WIDTH="15" VPOS="875" HPOS="355"/>
							<String ID="string_231" HPOS="370" VPOS="873" WIDTH="28" HEIGHT="20" WC="0.96" CONTENT="de"/><SP WIDTH="16" VPOS="873" HPOS="398"/>
							<String ID="string_232" HPOS="414" VPOS="873" WIDTH="47" HEIGHT="20" WC="0.96" CONTENT="icke"/><SP WIDTH="25" VPOS="873" HPOS="461"/>
							<String ID="string_233" HPOS="486" VPOS="873" WIDTH="71" HEIGHT="20" WC="0.96" CONTENT="skulle"/><SP WIDTH="24" VPOS="873" HPOS="557"/>
							<String ID="string_234" HPOS="581" VPOS="872" WIDTH="97" HEIGHT="27" WC="0.95" CONTENT="fullgjort"/><SP WIDTH="24" VPOS="872" HPOS="678"/>
							<String ID="string_235" HPOS="702" VPOS="873" WIDTH="34" HEIGHT="20" WC="0.95" CONTENT="sin"/><SP WIDTH="24" VPOS="873" HPOS="736"/>
							<String ID="string_236" HPOS="760" VPOS="872" WIDTH="123" HEIGHT="27" WC="0.95" CONTENT="skyldighet"/>
						</TextLine>
						<TextLine ID="line_26" HPOS="63" VPOS="901" WIDTH="820" HEIGHT="28">
							<String ID="string_237" HPOS="63" VPOS="901" WIDTH="74" HEIGHT="22" WC="0.96" CONTENT="såsom"/><SP WIDTH="24" VPOS="901" HPOS="137"/>
							<String ID="string_238" HPOS="161" VPOS="902" WIDTH="77" HEIGHT="21" WC="0.92" CONTENT="lärare."/><SP WIDTH="33" VPOS="902" HPOS="238"/>
							<String ID="string_239" HPOS="271" VPOS="903" WIDTH="120" HEIGHT="26" WC="0.92" CONTENT="Medgifvas"/><SP WIDTH="29" VPOS="903" HPOS="391"/>
							<String ID="string_240" HPOS="420" VPOS="902" WIDTH="69" HEIGHT="21" WC="0.95" CONTENT="måste"/><SP WIDTH="24" VPOS="902" HPOS="489"/>
							<String ID="string_241" HPOS="513" VPOS="905" WIDTH="32" HEIGHT="18" WC="0.96" CONTENT="att"/><SP WIDTH="24" VPOS="905" HPOS="545"/>
							<String ID="string_242" HPOS="569" VPOS="909" WIDTH="27" HEIGHT="14" WC="0.96" CONTENT="en"/><SP WIDTH="25" VPOS="909" HPOS="596"/>
							<String ID="string_243" HPOS="621" VPOS="902" WIDTH="53" HEIGHT="21" WC="0.96" CONTENT="eller"/><SP WIDTH="27" VPOS="902" HPOS="674"/>
							<String ID="string_244" HPOS="701" VPOS="909" WIDTH="72" HEIGHT="14" WC="0.92" CONTENT="annan"/><SP WIDTH="27" VPOS="909" HPOS="773"/>
							<String ID="string_245" HPOS="800" VPOS="902" WIDTH="83" HEIGHT="21" WC="0.92" CONTENT="individ"/>
						</TextLine>
						<TextLine ID="line_27" HPOS="62" VPOS="931" WIDTH="824" HEIGHT="28">
							<String ID="string_246" HPOS="62" VPOS="931" WIDTH="75" HEIGHT="21" WC="0.95" CONTENT="ibland"/><SP WIDTH="18" VPOS="931" HPOS="137"/>
							<String ID="string_247" HPOS="155" VPOS="932" WIDTH="169" HEIGHT="21" WC="0.95" CONTENT="folkskollärare"/><SP WIDTH="16" VPOS="932" HPOS="324"/>
							<String ID="string_248" HPOS="340" VPOS="933" WIDTH="48" HEIGHT="20" WC="0.96" CONTENT="icke"/><SP WIDTH="16" VPOS="933" HPOS="388"/>
							<String ID="string_249" HPOS="404" VPOS="933" WIDTH="35" HEIGHT="20" WC="0.92" CONTENT="väl"/><SP WIDTH="9" VPOS="933" HPOS="439"/>
							<String ID="string_250" HPOS="448" VPOS="933" WIDTH="48" HEIGHT="26" WC="0.92" CONTENT="fyllt"/><SP WIDTH="9" VPOS="933" HPOS="496"/>
							<String ID="string_251" HPOS="505" VPOS="933" WIDTH="33" HEIGHT="20" WC="0.96" CONTENT="sin"/><SP WIDTH="10" VPOS="933" HPOS="538"/>
							<String ID="string_252" HPOS="548" VPOS="933" WIDTH="63" HEIGHT="26" WC="0.96" CONTENT="plats,"/><SP WIDTH="13" VPOS="933" HPOS="611"/>
							<String ID="string_253" HPOS="624" VPOS="939" WIDTH="49" HEIGHT="14" WC="0.96" CONTENT="men"/><SP WIDTH="13" VPOS="939" HPOS="673"/>
							<String ID="string_254" HPOS="686" VPOS="931" WIDTH="83" HEIGHT="22" WC="0.96" CONTENT="sådana"/><SP WIDTH="11" VPOS="931" HPOS="769"/>
							<String ID="string_255" HPOS="780" VPOS="937" WIDTH="106" HEIGHT="22" WC="0.95" CONTENT="personer"/>
						</TextLine>
						<TextLine ID="line_28" HPOS="63" VPOS="961" WIDTH="819" HEIGHT="28">
							<String ID="string_256" HPOS="63" VPOS="961" WIDTH="71" HEIGHT="21" WC="0.96" CONTENT="finnas"/><SP WIDTH="21" VPOS="961" HPOS="134"/>
							<String ID="string_257" HPOS="155" VPOS="962" WIDTH="60" HEIGHT="21" WC="0.95" CONTENT="inom"/><SP WIDTH="16" VPOS="962" HPOS="215"/>
							<String ID="string_258" HPOS="231" VPOS="962" WIDTH="44" HEIGHT="21" WC="0.95" CONTENT="alla"/><SP WIDTH="17" VPOS="962" HPOS="275"/>
							<String ID="string_259" HPOS="292" VPOS="961" WIDTH="61" HEIGHT="22" WC="0.96" CONTENT="stånd"/><SP WIDTH="18" VPOS="961" HPOS="353"/>
							<String ID="string_260" HPOS="371" VPOS="963" WIDTH="42" HEIGHT="20" WC="0.93" CONTENT="och"/><SP WIDTH="16" VPOS="963" HPOS="413"/>
							<String ID="string_261" HPOS="429" VPOS="963" WIDTH="168" HEIGHT="26" WC="0.91" CONTENT="korporationer"/><SP WIDTH="17" VPOS="963" HPOS="597"/>
							<String ID="string_262" HPOS="614" VPOS="964" WIDTH="52" HEIGHT="19" WC="0.96" CONTENT="utan"/><SP WIDTH="18" VPOS="964" HPOS="666"/>
							<String ID="string_263" HPOS="684" VPOS="961" WIDTH="64" HEIGHT="27" WC="0.96" CONTENT="något"/><SP WIDTH="17" VPOS="961" HPOS="748"/>
							<String ID="string_264" HPOS="765" VPOS="963" WIDTH="117" HEIGHT="25" WC="0.95" CONTENT="undantag."/>
						</TextLine>
						<TextLine ID="line_29" HPOS="63" VPOS="991" WIDTH="821" HEIGHT="28">
							<String ID="string_265" HPOS="63" VPOS="991" WIDTH="46" HEIGHT="21" WC="0.96" CONTENT="Den"/><SP WIDTH="16" VPOS="991" HPOS="109"/>
							<String ID="string_266" HPOS="125" VPOS="991" WIDTH="70" HEIGHT="22" WC="0.96" CONTENT="första"/><SP WIDTH="18" VPOS="991" HPOS="195"/>
							<String ID="string_267" HPOS="213" VPOS="992" WIDTH="184" HEIGHT="27" WC="0.96" CONTENT="undervisningen"/><SP WIDTH="16" VPOS="992" HPOS="397"/>
							<String ID="string_268" HPOS="413" VPOS="993" WIDTH="6" HEIGHT="20" WC="0.96" CONTENT="i"/><SP WIDTH="17" VPOS="993" HPOS="419"/>
							<String ID="string_269" HPOS="436" VPOS="992" WIDTH="89" HEIGHT="27" WC="0.96" CONTENT="religion"/><SP WIDTH="20" VPOS="992" HPOS="525"/>
							<String ID="string_270" HPOS="545" VPOS="992" WIDTH="40" HEIGHT="20" WC="0.96" CONTENT="har"/><SP WIDTH="16" VPOS="992" HPOS="585"/>
							<String ID="string_271" HPOS="601" VPOS="991" WIDTH="49" HEIGHT="21" WC="0.96" CONTENT="från"/><SP WIDTH="18" VPOS="991" HPOS="650"/>
							<String ID="string_272" HPOS="668" VPOS="992" WIDTH="113" HEIGHT="20" WC="0.96" CONTENT="urminnes"/><SP WIDTH="17" VPOS="992" HPOS="781"/>
							<String ID="string_273" HPOS="798" VPOS="992" WIDTH="30" HEIGHT="21" WC="0.91" CONTENT="tid"/><SP WIDTH="17" VPOS="992" HPOS="828"/>
							<String ID="string_274" HPOS="845" VPOS="991" WIDTH="39" HEIGHT="21" WC="0.87" CONTENT="till-"/>
						</TextLine>
						<TextLine ID="line_30" HPOS="61" VPOS="1021" WIDTH="823" HEIGHT="27">
							<String ID="string_275" HPOS="61" VPOS="1021" WIDTH="50" HEIGHT="20" WC="0.96" CONTENT="hört"/><SP WIDTH="16" VPOS="1021" HPOS="111"/>
							<String ID="string_276" HPOS="127" VPOS="1022" WIDTH="165" HEIGHT="26" WC="0.96" CONTENT="prästerskapet"/><SP WIDTH="16" VPOS="1022" HPOS="292"/>
							<String ID="string_277" HPOS="308" VPOS="1022" WIDTH="42" HEIGHT="21" WC="0.96" CONTENT="och"/><SP WIDTH="16" VPOS="1022" HPOS="350"/>
							<String ID="string_278" HPOS="366" VPOS="1022" WIDTH="40" HEIGHT="21" WC="0.96" CONTENT="bör"/><SP WIDTH="16" VPOS="1022" HPOS="406"/>
							<String ID="string_279" HPOS="422" VPOS="1022" WIDTH="35" HEIGHT="21" WC="0.95" CONTENT="väl"/><SP WIDTH="17" VPOS="1022" HPOS="457"/>
							<String ID="string_280" HPOS="474" VPOS="1021" WIDTH="137" HEIGHT="22" WC="0.95" CONTENT="fortfarande"/><SP WIDTH="18" VPOS="1021" HPOS="611"/>
							<String ID="string_281" HPOS="629" VPOS="1021" WIDTH="24" HEIGHT="21" WC="0.96" CONTENT="så"/><SP WIDTH="17" VPOS="1021" HPOS="653"/>
							<String ID="string_282" HPOS="670" VPOS="1021" WIDTH="64" HEIGHT="21" WC="0.96" CONTENT="förbli"/><SP WIDTH="12" VPOS="1021" HPOS="734"/>
							<String ID="string_283" HPOS="746" VPOS="1021" WIDTH="32" HEIGHT="21" WC="0.96" CONTENT="till"/><SP WIDTH="20" VPOS="1021" HPOS="778"/>
							<String ID="string_284" HPOS="798" VPOS="1028" WIDTH="26" HEIGHT="14" WC="0.96" CONTENT="en"/><SP WIDTH="16" VPOS="1028" HPOS="824"/>
							<String ID="string_285" HPOS="840" VPOS="1021" WIDTH="44" HEIGHT="20" WC="0.96" CONTENT="viss"/>
						</TextLine>
						<TextLine ID="line_31" HPOS="61" VPOS="1051" WIDTH="824" HEIGHT="27">
							<String ID="string_286" HPOS="61" VPOS="1051" WIDTH="60" HEIGHT="26" WC="0.96" CONTENT="grad,"/><SP WIDTH="26" VPOS="1051" HPOS="121"/>
							<String ID="string_287" HPOS="147" VPOS="1057" WIDTH="50" HEIGHT="15" WC="0.95" CONTENT="men"/><SP WIDTH="24" VPOS="1057" HPOS="197"/>
							<String ID="string_288" HPOS="221" VPOS="1053" WIDTH="101" HEIGHT="25" WC="0.96" CONTENT="prästens"/><SP WIDTH="24" VPOS="1053" HPOS="322"/>
							<String ID="string_289" HPOS="346" VPOS="1051" WIDTH="147" HEIGHT="27" WC="0.96" CONTENT="mångfaldiga"/><SP WIDTH="24" VPOS="1051" HPOS="493"/>
							<String ID="string_290" HPOS="517" VPOS="1051" WIDTH="70" HEIGHT="21" WC="0.96" CONTENT="andra"/><SP WIDTH="21" VPOS="1051" HPOS="587"/>
							<String ID="string_291" HPOS="608" VPOS="1051" WIDTH="98" HEIGHT="27" WC="0.96" CONTENT="göromål"/><SP WIDTH="21" VPOS="1051" HPOS="706"/>
							<String ID="string_292" HPOS="727" VPOS="1052" WIDTH="39" HEIGHT="25" WC="0.96" CONTENT="gör"/><SP WIDTH="20" VPOS="1052" HPOS="766"/>
							<String ID="string_293" HPOS="786" VPOS="1053" WIDTH="31" HEIGHT="19" WC="0.95" CONTENT="att"/><SP WIDTH="25" VPOS="1053" HPOS="817"/>
							<String ID="string_294" HPOS="842" VPOS="1051" WIDTH="43" HEIGHT="20" WC="0.96" CONTENT="han"/>
						</TextLine>
						<TextLine ID="line_32" HPOS="62" VPOS="1080" WIDTH="823" HEIGHT="27">
							<String ID="string_295" HPOS="62" VPOS="1080" WIDTH="147" HEIGHT="27" WC="0.90" CONTENT="synnerligast"/><SP WIDTH="23" VPOS="1080" HPOS="209"/>
							<String ID="string_296" HPOS="232" VPOS="1081" WIDTH="40" HEIGHT="21" WC="0.96" CONTENT="där"/><SP WIDTH="24" VPOS="1081" HPOS="272"/>
							<String ID="string_297" HPOS="296" VPOS="1082" WIDTH="43" HEIGHT="20" WC="0.96" CONTENT="han"/><SP WIDTH="17" VPOS="1082" HPOS="339"/>
							<String ID="string_298" HPOS="356" VPOS="1083" WIDTH="24" HEIGHT="19" WC="0.96" CONTENT="är"/><SP WIDTH="16" VPOS="1083" HPOS="380"/>
							<String ID="string_299" HPOS="396" VPOS="1088" WIDTH="76" HEIGHT="14" WC="0.96" CONTENT="ensam"/><SP WIDTH="17" VPOS="1088" HPOS="472"/>
							<String ID="string_300" HPOS="489" VPOS="1081" WIDTH="6" HEIGHT="20" WC="0.93" CONTENT="i"/><SP WIDTH="18" VPOS="1081" HPOS="495"/>
							<String ID="string_301" HPOS="513" VPOS="1081" WIDTH="149" HEIGHT="26" WC="0.90" CONTENT="församligen,"/><SP WIDTH="23" VPOS="1081" HPOS="662"/>
							<String ID="string_302" HPOS="685" VPOS="1081" WIDTH="48" HEIGHT="20" WC="0.96" CONTENT="icke"/><SP WIDTH="24" VPOS="1081" HPOS="733"/>
							<String ID="string_303" HPOS="757" VPOS="1081" WIDTH="43" HEIGHT="20" WC="0.96" CONTENT="kan"/><SP WIDTH="17" VPOS="1081" HPOS="800"/>
							<String ID="string_304" HPOS="817" VPOS="1081" WIDTH="68" HEIGHT="20" WC="0.95" CONTENT="hinna"/>
						</TextLine>
						<TextLine ID="line_33" HPOS="62" VPOS="1110" WIDTH="823" HEIGHT="26">
							<String ID="string_305" HPOS="62" VPOS="1116" WIDTH="55" HEIGHT="20" WC="0.96" CONTENT="egna"/><SP WIDTH="24" VPOS="1116" HPOS="117"/>
							<String ID="string_306" HPOS="141" VPOS="1111" WIDTH="78" HEIGHT="21" WC="0.96" CONTENT="skolan"/><SP WIDTH="23" VPOS="1111" HPOS="219"/>
							<String ID="string_307" HPOS="242" VPOS="1112" WIDTH="70" HEIGHT="20" WC="0.95" CONTENT="större"/><SP WIDTH="17" VPOS="1112" HPOS="312"/>
							<String ID="string_308" HPOS="329" VPOS="1111" WIDTH="142" HEIGHT="21" WC="0.95" CONTENT="omvårdnad."/><SP WIDTH="34" VPOS="1111" HPOS="471"/>
							<String ID="string_309" HPOS="505" VPOS="1111" WIDTH="92" HEIGHT="20" WC="0.96" CONTENT="Prästen"/><SP WIDTH="16" VPOS="1111" HPOS="597"/>
							<String ID="string_310" HPOS="613" VPOS="1110" WIDTH="134" HEIGHT="21" WC="0.96" CONTENT="tillkommer"/><SP WIDTH="21" VPOS="1110" HPOS="747"/>
							<String ID="string_311" HPOS="768" VPOS="1113" WIDTH="30" HEIGHT="18" WC="0.95" CONTENT="att"/><SP WIDTH="20" VPOS="1113" HPOS="798"/>
							<String ID="string_312" HPOS="818" VPOS="1110" WIDTH="67" HEIGHT="21" WC="0.95" CONTENT="hafva"/>
						</TextLine>
						<TextLine ID="line_34" HPOS="61" VPOS="1139" WIDTH="823" HEIGHT="29">
							<String ID="string_313" HPOS="61" VPOS="1139" WIDTH="54" HEIGHT="22" WC="0.96" CONTENT="vård"/><SP WIDTH="17" VPOS="1139" HPOS="115"/>
							<String ID="string_314" HPOS="132" VPOS="1146" WIDTH="37" HEIGHT="15" WC="0.95" CONTENT="om"/><SP WIDTH="17" VPOS="1146" HPOS="169"/>
							<String ID="string_315" HPOS="186" VPOS="1140" WIDTH="36" HEIGHT="21" WC="0.95" CONTENT="det"/><SP WIDTH="16" VPOS="1140" HPOS="222"/>
							<String ID="string_316" HPOS="238" VPOS="1141" WIDTH="98" HEIGHT="27" WC="0.96" CONTENT="kristliga"/><SP WIDTH="17" VPOS="1141" HPOS="336"/>
							<String ID="string_317" HPOS="353" VPOS="1141" WIDTH="61" HEIGHT="21" WC="0.96" CONTENT="lifvet"/><SP WIDTH="15" VPOS="1141" HPOS="414"/>
							<String ID="string_318" HPOS="429" VPOS="1141" WIDTH="7" HEIGHT="20" WC="0.93" CONTENT="i"/><SP WIDTH="17" VPOS="1141" HPOS="436"/>
							<String ID="string_319" HPOS="453" VPOS="1140" WIDTH="144" HEIGHT="27" WC="0.90" CONTENT="församligen"/><SP WIDTH="18" VPOS="1140" HPOS="597"/>
							<String ID="string_320" HPOS="615" VPOS="1140" WIDTH="40" HEIGHT="21" WC="0.96" CONTENT="och"/><SP WIDTH="17" VPOS="1140" HPOS="655"/>
							<String ID="string_321" HPOS="672" VPOS="1140" WIDTH="38" HEIGHT="21" WC="0.96" CONTENT="det"/><SP WIDTH="15" VPOS="1140" HPOS="710"/>
							<String ID="string_322" HPOS="725" VPOS="1140" WIDTH="57" HEIGHT="21" WC="0.96" CONTENT="både"/><SP WIDTH="23" VPOS="1140" HPOS="782"/>
							<String ID="string_323" HPOS="805" VPOS="1146" WIDTH="79" HEIGHT="21" WC="0.95" CONTENT="genom"/>
						</TextLine>
						<TextLine ID="line_35" HPOS="62" VPOS="1169" WIDTH="822" HEIGHT="27">
							<String ID="string_324" HPOS="62" VPOS="1169" WIDTH="47" HEIGHT="21" WC="0.96" CONTENT="lära"/><SP WIDTH="16" VPOS="1169" HPOS="109"/>
							<String ID="string_325" HPOS="125" VPOS="1170" WIDTH="42" HEIGHT="21" WC="0.96" CONTENT="och"/><SP WIDTH="16" VPOS="1170" HPOS="167"/>
							<String ID="string_326" HPOS="183" VPOS="1170" WIDTH="121" HEIGHT="21" WC="0.96" CONTENT="föredöme."/><SP WIDTH="32" VPOS="1170" HPOS="304"/>
							<String ID="string_327" HPOS="336" VPOS="1171" WIDTH="86" HEIGHT="20" WC="0.96" CONTENT="Honom"/><SP WIDTH="15" VPOS="1171" HPOS="422"/>
							<String ID="string_328" HPOS="437" VPOS="1170" WIDTH="135" HEIGHT="21" WC="0.96" CONTENT="tillkommer"/><SP WIDTH="16" VPOS="1170" HPOS="572"/>
							<String ID="string_329" HPOS="588" VPOS="1172" WIDTH="31" HEIGHT="19" WC="0.96" CONTENT="att"/><SP WIDTH="16" VPOS="1172" HPOS="619"/>
							<String ID="string_330" HPOS="635" VPOS="1170" WIDTH="83" HEIGHT="26" WC="0.96" CONTENT="årligen"/><SP WIDTH="16" VPOS="1170" HPOS="718"/>
							<String ID="string_331" HPOS="734" VPOS="1170" WIDTH="58" HEIGHT="21" WC="0.92" CONTENT="hålla"/><SP WIDTH="17" VPOS="1170" HPOS="792"/>
							<String ID="string_332" HPOS="809" VPOS="1170" WIDTH="75" HEIGHT="21" WC="0.92" CONTENT="läsför-"/>
						</TextLine>
						<TextLine ID="line_36" HPOS="62" VPOS="1199" WIDTH="822" HEIGHT="28">
							<String ID="string_333" HPOS="62" VPOS="1199" WIDTH="41" HEIGHT="21" WC="0.96" CONTENT="hör"/><SP WIDTH="15" VPOS="1199" HPOS="103"/>
							<String ID="string_334" HPOS="118" VPOS="1200" WIDTH="35" HEIGHT="20" WC="0.96" CONTENT="för"/><SP WIDTH="16" VPOS="1200" HPOS="153"/>
							<String ID="string_335" HPOS="169" VPOS="1202" WIDTH="32" HEIGHT="19" WC="0.96" CONTENT="att"/><SP WIDTH="16" VPOS="1202" HPOS="201"/>
							<String ID="string_336" HPOS="217" VPOS="1202" WIDTH="85" HEIGHT="24" WC="0.95" CONTENT="utröna,"/><SP WIDTH="18" VPOS="1202" HPOS="302"/>
							<String ID="string_337" HPOS="320" VPOS="1200" WIDTH="27" HEIGHT="27" WC="0.97" CONTENT="på"/><SP WIDTH="16" VPOS="1200" HPOS="347"/>
							<String ID="string_338" HPOS="363" VPOS="1200" WIDTH="88" HEIGHT="21" WC="0.96" CONTENT="hvilken"/><SP WIDTH="17" VPOS="1200" HPOS="451"/>
							<String ID="string_339" HPOS="468" VPOS="1200" WIDTH="137" HEIGHT="26" WC="0.96" CONTENT="ståndpunkt"/><SP WIDTH="16" VPOS="1200" HPOS="605"/>
							<String ID="string_340" HPOS="621" VPOS="1200" WIDTH="182" HEIGHT="26" WC="0.96" CONTENT="läskunnigheten"/><SP WIDTH="17" VPOS="1200" HPOS="803"/>
							<String ID="string_341" HPOS="820" VPOS="1201" WIDTH="7" HEIGHT="19" WC="0.93" CONTENT="i"/><SP WIDTH="16" VPOS="1201" HPOS="827"/>
							<String ID="string_342" HPOS="843" VPOS="1200" WIDTH="41" HEIGHT="20" WC="0.92" CONTENT="för-"/>
						</TextLine>
						<TextLine ID="line_37" HPOS="63" VPOS="1229" WIDTH="821" HEIGHT="27">
							<String ID="string_343" HPOS="63" VPOS="1230" WIDTH="122" HEIGHT="26" WC="0.95" CONTENT="samlingen"/><SP WIDTH="22" VPOS="1230" HPOS="185"/>
							<String ID="string_344" HPOS="207" VPOS="1230" WIDTH="51" HEIGHT="25" WC="0.96" CONTENT="står,"/><SP WIDTH="18" VPOS="1230" HPOS="258"/>
							<String ID="string_345" HPOS="276" VPOS="1230" WIDTH="60" HEIGHT="21" WC="0.96" CONTENT="såväl"/><SP WIDTH="17" VPOS="1230" HPOS="336"/>
							<String ID="string_346" HPOS="353" VPOS="1230" WIDTH="74" HEIGHT="21" WC="0.96" CONTENT="ibland"/><SP WIDTH="18" VPOS="1230" HPOS="427"/>
							<String ID="string_347" HPOS="445" VPOS="1230" WIDTH="27" HEIGHT="21" WC="0.96" CONTENT="de"/><SP WIDTH="17" VPOS="1230" HPOS="472"/>
							<String ID="string_348" HPOS="489" VPOS="1230" WIDTH="60" HEIGHT="21" WC="0.96" CONTENT="äldre"/><SP WIDTH="18" VPOS="1230" HPOS="549"/>
							<String ID="string_349" HPOS="567" VPOS="1236" WIDTH="48" HEIGHT="14" WC="0.96" CONTENT="som"/><SP WIDTH="17" VPOS="1236" HPOS="615"/>
							<String ID="string_350" HPOS="632" VPOS="1236" WIDTH="74" HEIGHT="20" WC="0.96" CONTENT="yngre,"/><SP WIDTH="18" VPOS="1236" HPOS="706"/>
							<String ID="string_351" HPOS="724" VPOS="1230" WIDTH="41" HEIGHT="20" WC="0.96" CONTENT="och"/><SP WIDTH="16" VPOS="1230" HPOS="765"/>
							<String ID="string_352" HPOS="781" VPOS="1229" WIDTH="103" HEIGHT="27" WC="0.96" CONTENT="slutligen"/>
						</TextLine>
						<TextLine ID="line_38" HPOS="62" VPOS="1258" WIDTH="823" HEIGHT="28">
							<String ID="string_353" HPOS="62" VPOS="1258" WIDTH="81" HEIGHT="28" WC="0.95" CONTENT="åligger"/><SP WIDTH="25" VPOS="1258" HPOS="143"/>
							<String ID="string_354" HPOS="168" VPOS="1260" WIDTH="81" HEIGHT="21" WC="0.96" CONTENT="honom"/><SP WIDTH="24" VPOS="1260" HPOS="249"/>
							<String ID="string_355" HPOS="273" VPOS="1260" WIDTH="37" HEIGHT="21" WC="0.91" CONTENT="det"/><SP WIDTH="20" VPOS="1260" HPOS="310"/>
							<String ID="string_356" HPOS="330" VPOS="1260" WIDTH="80" HEIGHT="26" WC="0.91" CONTENT="vigtiga"/><SP WIDTH="16" VPOS="1260" HPOS="410"/>
							<String ID="string_357" HPOS="426" VPOS="1260" WIDTH="85" HEIGHT="20" WC="0.92" CONTENT="värfvet"/><SP WIDTH="16" VPOS="1260" HPOS="511"/>
							<String ID="string_358" HPOS="527" VPOS="1262" WIDTH="31" HEIGHT="18" WC="0.96" CONTENT="att"/><SP WIDTH="16" VPOS="1262" HPOS="558"/>
							<String ID="string_359" HPOS="574" VPOS="1260" WIDTH="7" HEIGHT="20" WC="0.93" CONTENT="i"/><SP WIDTH="16" VPOS="1260" HPOS="581"/>
							<String ID="string_360" HPOS="597" VPOS="1259" WIDTH="144" HEIGHT="21" WC="0.92" CONTENT="skriftskolan"/><SP WIDTH="25" VPOS="1259" HPOS="741"/>
							<String ID="string_361" HPOS="766" VPOS="1259" WIDTH="119" HEIGHT="21" WC="0.96" CONTENT="undervisa"/>
						</TextLine>
						<TextLine ID="line_39" HPOS="63" VPOS="1288" WIDTH="823" HEIGHT="28">
							<String ID="string_362" HPOS="63" VPOS="1289" WIDTH="131" HEIGHT="27" WC="0.95" CONTENT="ungdomen."/><SP WIDTH="33" VPOS="1289" HPOS="194"/>
							<String ID="string_363" HPOS="227" VPOS="1290" WIDTH="74" HEIGHT="20" WC="0.96" CONTENT="Fattar"/><SP WIDTH="16" VPOS="1290" HPOS="301"/>
							<String ID="string_364" HPOS="317" VPOS="1290" WIDTH="44" HEIGHT="20" WC="0.96" CONTENT="han"/><SP WIDTH="16" VPOS="1290" HPOS="361"/>
							<String ID="string_365" HPOS="377" VPOS="1290" WIDTH="66" HEIGHT="20" WC="0.96" CONTENT="dessa"/><SP WIDTH="16" VPOS="1290" HPOS="443"/>
							<String ID="string_366" HPOS="459" VPOS="1289" WIDTH="131" HEIGHT="27" WC="0.96" CONTENT="åligganden"/><SP WIDTH="16" VPOS="1289" HPOS="590"/>
							<String ID="string_367" HPOS="606" VPOS="1291" WIDTH="48" HEIGHT="23" WC="0.96" CONTENT="rätt,"/><SP WIDTH="18" VPOS="1291" HPOS="654"/>
							<String ID="string_368" HPOS="672" VPOS="1289" WIDTH="40" HEIGHT="21" WC="0.96" CONTENT="har"/><SP WIDTH="16" VPOS="1289" HPOS="712"/>
							<String ID="string_369" HPOS="728" VPOS="1289" WIDTH="43" HEIGHT="21" WC="0.96" CONTENT="han"/><SP WIDTH="17" VPOS="1289" HPOS="771"/>
							<String ID="string_370" HPOS="788" VPOS="1292" WIDTH="29" HEIGHT="18" WC="0.93" CONTENT="ett"/><SP WIDTH="11" VPOS="1292" HPOS="817"/>
							<String ID="string_371" HPOS="828" VPOS="1288" WIDTH="58" HEIGHT="22" WC="0.91" CONTENT="tack-"/>
						</TextLine>
						<TextLine ID="line_40" HPOS="63" VPOS="1318" WIDTH="823" HEIGHT="28">
							<String ID="string_372" HPOS="63" VPOS="1321" WIDTH="56" HEIGHT="18" WC="0.93" CONTENT="samt"/><SP WIDTH="24" VPOS="1321" HPOS="119"/>
							<String ID="string_373" HPOS="143" VPOS="1320" WIDTH="153" HEIGHT="20" WC="0.92" CONTENT="värksamhets"/><SP WIDTH="25" VPOS="1320" HPOS="296"/>
							<String ID="string_374" HPOS="321" VPOS="1320" WIDTH="39" HEIGHT="20" WC="0.96" CONTENT="fält"/><SP WIDTH="16" VPOS="1320" HPOS="360"/>
							<String ID="string_375" HPOS="376" VPOS="1326" WIDTH="43" HEIGHT="20" WC="0.96" CONTENT="nog"/><SP WIDTH="15" VPOS="1326" HPOS="419"/>
							<String ID="string_376" HPOS="434" VPOS="1320" WIDTH="29" HEIGHT="26" WC="0.96" CONTENT="på"/><SP WIDTH="16" VPOS="1320" HPOS="463"/>
							<String ID="string_377" HPOS="479" VPOS="1320" WIDTH="91" HEIGHT="20" WC="0.95" CONTENT="skolans"/><SP WIDTH="24" VPOS="1320" HPOS="570"/>
							<String ID="string_378" HPOS="594" VPOS="1318" WIDTH="97" HEIGHT="22" WC="0.94" CONTENT="område."/><SP WIDTH="34" VPOS="1318" HPOS="691"/>
							<String ID="string_379" HPOS="725" VPOS="1319" WIDTH="42" HEIGHT="21" WC="0.96" CONTENT="För"/><SP WIDTH="16" VPOS="1319" HPOS="767"/>
							<String ID="string_380" HPOS="783" VPOS="1321" WIDTH="30" HEIGHT="19" WC="0.96" CONTENT="att"/><SP WIDTH="16" VPOS="1321" HPOS="813"/>
							<String ID="string_381" HPOS="829" VPOS="1319" WIDTH="57" HEIGHT="20" WC="0.96" CONTENT="hans"/>
						</TextLine>
						<TextLine ID="line_41" HPOS="63" VPOS="1348" WIDTH="823" HEIGHT="28">
							<String ID="string_382" HPOS="63" VPOS="1349" WIDTH="158" HEIGHT="27" WC="0.95" CONTENT="undervisning"/><SP WIDTH="23" VPOS="1349" HPOS="221"/>
							<String ID="string_383" HPOS="244" VPOS="1349" WIDTH="56" HEIGHT="21" WC="0.95" CONTENT="skall"/><SP WIDTH="24" VPOS="1349" HPOS="300"/>
							<String ID="string_384" HPOS="324" VPOS="1349" WIDTH="68" HEIGHT="21" WC="0.93" CONTENT="blifva"/><SP WIDTH="24" VPOS="1349" HPOS="392"/>
							<String ID="string_385" HPOS="416" VPOS="1349" WIDTH="189" HEIGHT="27" WC="0.91" CONTENT="fruktbringande,"/><SP WIDTH="22" VPOS="1349" HPOS="605"/>
							<String ID="string_386" HPOS="627" VPOS="1348" WIDTH="40" HEIGHT="21" WC="0.96" CONTENT="bör"/><SP WIDTH="16" VPOS="1348" HPOS="667"/>
							<String ID="string_387" HPOS="683" VPOS="1349" WIDTH="45" HEIGHT="20" WC="0.96" CONTENT="han"/><SP WIDTH="16" VPOS="1349" HPOS="728"/>
							<String ID="string_388" HPOS="744" VPOS="1348" WIDTH="48" HEIGHT="21" WC="0.95" CONTENT="icke"/><SP WIDTH="23" VPOS="1348" HPOS="792"/>
							<String ID="string_389" HPOS="815" VPOS="1348" WIDTH="71" HEIGHT="21" WC="0.95" CONTENT="tillåta"/>
						</TextLine>
						<TextLine ID="line_42" HPOS="63" VPOS="1378" WIDTH="821" HEIGHT="27">
							<String ID="string_390" HPOS="63" VPOS="1380" WIDTH="36" HEIGHT="23" WC="0.95" CONTENT="att,"/><SP WIDTH="18" VPOS="1380" HPOS="99"/>
							<String ID="string_391" HPOS="117" VPOS="1378" WIDTH="74" HEIGHT="22" WC="0.95" CONTENT="såsom"/><SP WIDTH="17" VPOS="1378" HPOS="191"/>
							<String ID="string_392" HPOS="208" VPOS="1379" WIDTH="28" HEIGHT="26" WC="0.96" CONTENT="på"/><SP WIDTH="16" VPOS="1379" HPOS="236"/>
							<String ID="string_393" HPOS="252" VPOS="1379" WIDTH="80" HEIGHT="26" WC="0.96" CONTENT="många"/><SP WIDTH="23" VPOS="1379" HPOS="332"/>
							<String ID="string_394" HPOS="355" VPOS="1381" WIDTH="58" HEIGHT="19" WC="0.96" CONTENT="orter"/><SP WIDTH="24" VPOS="1381" HPOS="413"/>
							<String ID="string_395" HPOS="437" VPOS="1379" WIDTH="57" HEIGHT="25" WC="0.95" CONTENT="sker,"/><SP WIDTH="17" VPOS="1379" HPOS="494"/>
							<String ID="string_396" HPOS="511" VPOS="1379" WIDTH="56" HEIGHT="21" WC="0.95" CONTENT="barn"/><SP WIDTH="24" VPOS="1379" HPOS="567"/>
							<String ID="string_397" HPOS="591" VPOS="1378" WIDTH="69" HEIGHT="21" WC="0.96" CONTENT="redan"/><SP WIDTH="17" VPOS="1378" HPOS="660"/>
							<String ID="string_398" HPOS="677" VPOS="1378" WIDTH="35" HEIGHT="21" WC="0.96" CONTENT="vid"/><SP WIDTH="19" VPOS="1378" HPOS="712"/>
							<String ID="string_399" HPOS="731" VPOS="1378" WIDTH="27" HEIGHT="20" WC="0.93" CONTENT="14"/><SP WIDTH="16" VPOS="1378" HPOS="758"/>
							<String ID="string_400" HPOS="774" VPOS="1380" WIDTH="13" HEIGHT="19" WC="0.92" CONTENT="å"/><SP WIDTH="18" VPOS="1380" HPOS="787"/>
							<String ID="string_401" HPOS="805" VPOS="1378" WIDTH="26" HEIGHT="21" WC="0.96" CONTENT="15"/><SP WIDTH="17" VPOS="1378" HPOS="831"/>
							<String ID="string_402" HPOS="848" VPOS="1378" WIDTH="36" HEIGHT="20" WC="0.96" CONTENT="års"/>
						</TextLine>
						<TextLine ID="line_43" HPOS="62" VPOS="1407" WIDTH="822" HEIGHT="28">
							<String ID="string_403" HPOS="62" VPOS="1407" WIDTH="62" HEIGHT="22" WC="0.93" CONTENT="ålder"/><SP WIDTH="16" VPOS="1407" HPOS="124"/>
							<String ID="string_404" HPOS="140" VPOS="1409" WIDTH="136" HEIGHT="24" WC="0.92" CONTENT="admitteras,"/><SP WIDTH="17" VPOS="1409" HPOS="276"/>
							<String ID="string_405" HPOS="293" VPOS="1411" WIDTH="21" HEIGHT="24" WC="0.96" CONTENT="ty"/><SP WIDTH="18" VPOS="1411" HPOS="314"/>
							<String ID="string_406" HPOS="332" VPOS="1415" WIDTH="26" HEIGHT="14" WC="0.96" CONTENT="en"/><SP WIDTH="18" VPOS="1415" HPOS="358"/>
							<String ID="string_407" HPOS="376" VPOS="1409" WIDTH="86" HEIGHT="26" WC="0.95" CONTENT="yngling"/><SP WIDTH="20" VPOS="1409" HPOS="462"/>
							<String ID="string_408" HPOS="482" VPOS="1408" WIDTH="54" HEIGHT="21" WC="0.96" CONTENT="eller"/><SP WIDTH="16" VPOS="1408" HPOS="536"/>
							<String ID="string_409" HPOS="552" VPOS="1408" WIDTH="65" HEIGHT="21" WC="0.96" CONTENT="flicka"/><SP WIDTH="16" VPOS="1408" HPOS="617"/>
							<String ID="string_410" HPOS="633" VPOS="1408" WIDTH="43" HEIGHT="20" WC="0.96" CONTENT="kan"/><SP WIDTH="17" VPOS="1408" HPOS="676"/>
							<String ID="string_411" HPOS="693" VPOS="1407" WIDTH="49" HEIGHT="21" WC="0.96" CONTENT="icke"/><SP WIDTH="16" VPOS="1407" HPOS="742"/>
							<String ID="string_412" HPOS="758" VPOS="1408" WIDTH="36" HEIGHT="20" WC="0.96" CONTENT="vid"/><SP WIDTH="17" VPOS="1408" HPOS="794"/>
							<String ID="string_413" HPOS="811" VPOS="1408" WIDTH="73" HEIGHT="20" WC="0.96" CONTENT="denna"/>
						</TextLine>
						<TextLine ID="line_44" HPOS="62" VPOS="1437" WIDTH="823" HEIGHT="28">
							<String ID="string_414" HPOS="62" VPOS="1437" WIDTH="62" HEIGHT="22" WC="0.96" CONTENT="ålder"/><SP WIDTH="16" VPOS="1437" HPOS="124"/>
							<String ID="string_415" HPOS="140" VPOS="1445" WIDTH="65" HEIGHT="14" WC="0.96" CONTENT="anses"/><SP WIDTH="18" VPOS="1445" HPOS="205"/>
							<String ID="string_416" HPOS="223" VPOS="1438" WIDTH="49" HEIGHT="21" WC="0.96" CONTENT="fullt"/><SP WIDTH="16" VPOS="1438" HPOS="272"/>
							<String ID="string_417" HPOS="288" VPOS="1444" WIDTH="78" HEIGHT="21" WC="0.96" CONTENT="mogen"/><SP WIDTH="17" VPOS="1444" HPOS="366"/>
							<String ID="string_418" HPOS="383" VPOS="1438" WIDTH="33" HEIGHT="21" WC="0.97" CONTENT="för"/><SP WIDTH="16" VPOS="1438" HPOS="416"/>
							<String ID="string_419" HPOS="432" VPOS="1440" WIDTH="31" HEIGHT="19" WC="0.96" CONTENT="att"/><SP WIDTH="17" VPOS="1440" HPOS="463"/>
							<String ID="string_420" HPOS="480" VPOS="1438" WIDTH="101" HEIGHT="27" WC="0.95" CONTENT="uppfatta"/><SP WIDTH="16" VPOS="1438" HPOS="581"/>
							<String ID="string_421" HPOS="597" VPOS="1437" WIDTH="25" HEIGHT="21" WC="0.91" CONTENT="så"/><SP WIDTH="16" VPOS="1437" HPOS="622"/>
							<String ID="string_422" HPOS="638" VPOS="1437" WIDTH="80" HEIGHT="27" WC="0.91" CONTENT="vigtiga"/><SP WIDTH="15" VPOS="1437" HPOS="718"/>
							<String ID="string_423" HPOS="733" VPOS="1437" WIDTH="70" HEIGHT="21" WC="0.94" CONTENT="saker."/><SP WIDTH="18" VPOS="1437" HPOS="803"/>
							<String ID="string_424" HPOS="821" VPOS="1437" WIDTH="64" HEIGHT="21" WC="0.96" CONTENT="Fatta"/>
						</TextLine>
						<TextLine ID="line_45" HPOS="62" VPOS="1467" WIDTH="824" HEIGHT="28">
							<String ID="string_425" HPOS="62" VPOS="1473" WIDTH="29" HEIGHT="15" WC="0.96" CONTENT="nu"/><SP WIDTH="18" VPOS="1473" HPOS="91"/>
							<String ID="string_426" HPOS="109" VPOS="1469" WIDTH="115" HEIGHT="25" WC="0.95" CONTENT="prästerna"/><SP WIDTH="17" VPOS="1469" HPOS="224"/>
							<String ID="string_427" HPOS="241" VPOS="1468" WIDTH="63" HEIGHT="21" WC="0.96" CONTENT="dessa"/><SP WIDTH="19" VPOS="1468" HPOS="304"/>
							<String ID="string_428" HPOS="323" VPOS="1468" WIDTH="109" HEIGHT="27" WC="0.96" CONTENT="uppgifter"/><SP WIDTH="16" VPOS="1468" HPOS="432"/>
							<String ID="string_429" HPOS="448" VPOS="1469" WIDTH="42" HEIGHT="20" WC="0.96" CONTENT="rätt"/><SP WIDTH="17" VPOS="1469" HPOS="490"/>
							<String ID="string_430" HPOS="507" VPOS="1467" WIDTH="66" HEIGHT="21" WC="0.96" CONTENT="hafva"/><SP WIDTH="17" VPOS="1467" HPOS="573"/>
							<String ID="string_431" HPOS="590" VPOS="1467" WIDTH="27" HEIGHT="21" WC="0.96" CONTENT="de"/><SP WIDTH="16" VPOS="1467" HPOS="617"/>
							<String ID="string_432" HPOS="633" VPOS="1469" WIDTH="30" HEIGHT="19" WC="0.96" CONTENT="ett"/><SP WIDTH="15" VPOS="1469" HPOS="663"/>
							<String ID="string_433" HPOS="678" VPOS="1467" WIDTH="110" HEIGHT="20" WC="0.93" CONTENT="tacksamt"/><SP WIDTH="15" VPOS="1467" HPOS="788"/>
							<String ID="string_434" HPOS="803" VPOS="1467" WIDTH="83" HEIGHT="20" WC="0.89" CONTENT="arbets-"/>
						</TextLine>
						<TextLine ID="line_46" HPOS="62" VPOS="1496" WIDTH="823" HEIGHT="28">
							<String ID="string_435" HPOS="62" VPOS="1497" WIDTH="38" HEIGHT="21" WC="0.89" CONTENT="fäll"/><SP WIDTH="16" VPOS="1497" HPOS="100"/>
							<String ID="string_436" HPOS="116" VPOS="1504" WIDTH="49" HEIGHT="20" WC="0.95" CONTENT="nog,"/><SP WIDTH="18" VPOS="1504" HPOS="165"/>
							<String ID="string_437" HPOS="183" VPOS="1500" WIDTH="54" HEIGHT="19" WC="0.96" CONTENT="utan"/><SP WIDTH="16" VPOS="1500" HPOS="237"/>
							<String ID="string_438" HPOS="253" VPOS="1500" WIDTH="31" HEIGHT="18" WC="0.96" CONTENT="att"/><SP WIDTH="16" VPOS="1500" HPOS="284"/>
							<String ID="string_439" HPOS="300" VPOS="1497" WIDTH="72" HEIGHT="21" WC="0.96" CONTENT="därtill"/><SP WIDTH="10" VPOS="1497" HPOS="372"/>
							<String ID="string_440" HPOS="382" VPOS="1499" WIDTH="58" HEIGHT="19" WC="0.96" CONTENT="ännu"/><SP WIDTH="12" VPOS="1499" HPOS="440"/>
							<String ID="string_441" HPOS="452" VPOS="1497" WIDTH="88" HEIGHT="27" WC="0.95" CONTENT="åläggas"/><SP WIDTH="12" VPOS="1497" HPOS="540"/>
							<String ID="string_442" HPOS="552" VPOS="1497" WIDTH="83" HEIGHT="21" WC="0.96" CONTENT="vården"/><SP WIDTH="11" VPOS="1497" HPOS="635"/>
							<String ID="string_443" HPOS="646" VPOS="1503" WIDTH="36" HEIGHT="14" WC="0.93" CONTENT="om"/><SP WIDTH="12" VPOS="1503" HPOS="682"/>
							<String ID="string_444" HPOS="694" VPOS="1496" WIDTH="191" HEIGHT="21" WC="0.88" CONTENT="småbarnskolan."/>
						</TextLine>
					</TextBlock>
				</ComposedBlock>
			</PrintSpace>
		</Page>
	</Layout>
</alto>
