1078 1756
219 117 47 18 1524
524 118 23 17 23
560 123 17 17 p.
590 117 81 18 Toukok.

194 178 40 20 nut
250 177 96 21 toimeen
362 177 133 27 pysyväisen
512 177 180 28 taidenäyttelyn.
724 177 57 21 Näin
798 176 58 21 ollen
868 182 66 15 seura
945 175 77 21 minun

195 207 123 21 mielestäni
335 207 110 21 ansaitsee
461 207 134 21 kannatusta
611 207 22 26 ja
648 207 90 27 pyydän
749 207 39 20 siis
800 207 59 20 tässä
870 206 88 21 kohden
970 211 52 21 puo-

195 237 73 21 lustaa
291 237 111 21 edusmies
426 237 118 21 Avellanin
565 237 123 21 ehdotusta.
720 237 72 20 Kuten
809 236 112 21 edusmies
937 235 85 21 Avella-

195 267 44 25 nia,
257 267 19 20 ei
293 267 134 20 minuakaan
443 267 145 27 täydellisesti
604 267 91 27 tyydytä
710 268 61 19 tämä
782 266 59 27 jako,
853 265 67 27 jonka
932 265 90 27 pankki-

196 296 128 21 valiokunta
348 303 28 14 on
397 297 82 26 tehnyt,
501 299 76 23 mutta,
595 297 70 20 koska
681 297 61 20 minä
757 298 122 19 tunnustan
896 297 44 19 että
956 295 66 21 valio-

197 326 106 21 kunnalla
319 333 28 15 on
365 326 54 21 ollut
435 327 88 20 erittäin
539 327 79 21 vaikea
634 327 43 26 työ,
695 333 27 14 en
739 327 36 20 voi
792 325 135 22 kuitenkaan
944 327 78 19 muuta

196 356 54 21 kuin
274 357 118 26 puolustaa
415 357 152 20 valiokunnan
587 357 117 20 ehdotusta
719 355 204 28 hyväksyttäväksi,
941 355 81 20 vallan-

195 386 37 21 kin
257 386 71 21 koska
351 387 49 20 asia
423 389 92 18 muuten
539 386 186 27 ymmärtääkseni
750 385 119 25 raukeaisi,
886 386 76 26 syystä
978 385 44 20 että

194 416 53 21 näin
264 416 65 21 viime
345 416 96 21 hetkellä
457 417 71 20 kävisi
545 416 188 21 mahdottomaksi
751 416 57 21 siinä
825 417 71 19 enään
908 415 113 27 yhteenso-

196 446 97 21 vituksia
309 446 81 21 aikaan
406 446 76 22 saada.

255 475 223 28 Landtdagsmannen
502 476 119 29 Lindberg:
646 476 41 27 Jag
707 476 44 21 kan
771 475 49 21 icke
841 477 67 19 annat
924 476 28 19 än
968 480 54 15 vara

196 505 167 22 bankutskottet
384 506 99 21 tacksam
500 506 35 21 för
550 506 37 21 det
603 506 92 27 lyckade
712 505 83 27 förslag
811 505 32 21 till
860 504 124 27 fördelning
1000 503 22 22 af

197 535 154 27 Längmanska
367 536 252 21 testamentsfondernas
635 535 138 26 vinstmedel,
792 541 48 15 som
857 534 165 21 bankutskottet

196 565 63 27 gjort.
292 565 131 27 Därigenom
440 565 119 22 förefinnes
576 568 30 19 ett
622 566 52 27 godt
689 565 60 27 hopp
766 571 36 15 om
823 567 31 19 att
869 564 37 21 det
922 564 48 21 Eris
986 565 35 26 äp-

195 595 36 26 pel
247 595 57 21 skall
320 602 29 14 nu
366 595 68 22 blifva
451 596 80 25 deladt,
549 602 48 15 som
613 595 36 21 vid
666 598 89 19 senaste
771 595 91 21 landtdag
890 594 72 21 blifvit
972 594 48 21 ode-

194 625 47 20 ladt
257 625 23 21 af
295 625 55 21 brist
366 625 28 27 pä
410 625 189 28 samstämmighet
615 625 93 22 stånden
724 625 103 21 emellan.
878 623 142 22 Ofverhufvud-

195 657 59 24 taget
270 655 70 21 finner
356 655 68 21 ocksä
439 656 36 27 jag
491 656 6 20 i
515 655 68 22 likhet
599 655 49 22 med
665 655 134 27 föregäende
816 655 67 20 ärade
899 654 76 23 talare,
988 653 32 22 sä-

194 691 49 15 som
267 685 36 27 jag
326 685 68 21 redan
410 685 58 21 hade
484 688 55 18 äran
555 687 87 24 nämna,
660 688 31 18 att
710 686 73 20 denna
799 684 125 27 fördelning
940 683 80 22 utfallit

194 715 85 25 ganska
302 715 95 27 lyckligt.
429 716 8 20 I
454 716 68 20 likhet
543 716 49 20 med
609 716 214 26 landtdagsmannen
839 714 93 22 Avellan
948 714 71 20 skulle

194 745 37 26 jag
255 745 56 21 dock
336 746 29 26 pä
388 745 27 21 de
431 746 48 20 skäl
496 746 44 20 han
556 746 101 20 framhöll
674 746 92 20 förorda
782 747 31 19 att
829 745 49 21 frän
895 744 27 21 de
938 743 82 26 20,000

194 774 70 26 mark,
289 781 47 15 som
361 776 39 20 äro
419 775 107 27 anslagna
542 775 22 21 ät
580 775 170 27 Finsk-Ugriska
766 775 121 26 sällskapet
903 774 71 20 skulle
989 776 30 18 ta-

194 810 39 21 gas
249 804 51 22 bort
315 804 66 26 7,000
401 805 62 21 mark
480 806 42 20 och
537 805 72 27 gifvas
625 805 21 21 ät
662 804 284 27 Fornminnesföreningen.
979 803 40 21 Det

194 836 25 18 är
235 834 48 21 icke
300 840 43 21 nog
359 835 50 21 med
425 837 32 19 att
473 842 50 14 man
540 835 80 21 samlat
636 835 109 26 material;
763 835 60 21 detta
834 833 100 22 material
945 832 74 22 behöf-

193 870 39 15 ver
248 864 144 28 bearbetning
408 865 42 21 och
466 865 32 21 till
515 865 42 21 och
573 865 50 21 med
639 865 122 27 skyndsam
777 864 145 26 bearbetning
938 863 34 21 för
988 864 32 20 att

193 900 52 14 man
265 894 48 21 icke
334 894 36 21 mä
385 894 151 22 förekommas
553 894 22 22 af
591 895 69 21 andra
676 895 102 21 nationer
794 894 51 21 med
861 895 71 20 större
947 895 72 19 veten-

193 923 101 27 skapliga
317 924 42 21 och
383 924 122 27 pekuniära
529 930 106 16 resurser.
667 924 82 22 Vidare
768 924 72 21 skulle
859 924 65 20 äfven
940 923 36 27 jag
991 922 28 27 pä

194 959 86 15 samma
304 955 43 19 sätt
371 960 48 15 som
444 954 213 27 landtdagsmannen
673 954 94 22 Avellan
783 954 42 21 och
842 953 118 21 Danielson
977 952 42 22 och

192 982 29 27 pä
237 989 86 15 samma
339 984 48 20 skäl
403 984 53 26 vilja
472 984 86 21 fördela
574 984 37 21 det
626 984 22 21 ät
659 984 82 21 Finska
753 983 200 27 Konstföreningen
964 982 54 21 före-

192 1012 78 28 slagna
286 1013 99 27 anslaget
401 1014 23 20 af
441 1014 80 25 12,000
537 1014 62 20 mark
615 1014 95 21 emellan
726 1014 83 20 Finska
820 1012 198 27 Konstföreningen

194 1042 42 21 och
253 1042 189 28 Konstnärsgillet,
463 1044 94 21 emedan
577 1044 82 20 lifvet
658 1038 13 37 i
677 1043 191 27 Konstnärsgillet,
886 1042 74 22 säsom
976 1042 42 21 den

194 1074 89 19 senaste
307 1073 84 21 talaren
415 1074 70 20 redan
508 1073 110 26 framhöll,
638 1074 102 26 pulserar
755 1073 50 21 fullt
822 1073 41 21 och
880 1072 89 27 kraftigt
985 1072 34 21 för

192 1102 43 21 den
251 1102 116 21 inhemska
383 1102 101 22 konsten.
516 1103 41 27 Jag
573 1103 89 21 förenar
678 1103 44 27 mig
732 1102 88 22 säledes
832 1103 7 20 i
850 1102 44 21 allo
902 1108 36 15 om
950 1102 69 21 landt-

192 1132 153 26 dagsmannen
368 1132 105 22 Avellans
497 1132 84 28 förslag
603 1132 32 22 till
651 1133 125 27 fördelning
792 1132 23 22 af
831 1132 66 22 dessa
912 1138 106 15 summor.

264 1162 116 21 Edusmies
397 1163 124 21 Meurman:
539 1162 270 22 Pankkivaltuusmiesten
826 1162 88 21 tekemä
924 1162 94 21 ehdotus

192 1191 29 21 oli
240 1191 23 26 jo
279 1191 59 21 tulos
354 1192 198 27 kompromissista,
569 1193 55 25 jotta
640 1193 114 20 saataisiin
771 1192 122 21 kartetuksi
909 1192 109 20 vastalau-

192 1221 62 21 seita.
287 1221 75 21 Minun
379 1222 125 27 yksityinen
521 1222 148 27 mielipiteeni,
686 1222 68 27 jonka
771 1222 59 20 minä
841 1222 22 26 jo
875 1221 46 21 ilmi
930 1221 88 21 lausuin

192 1250 67 21 viime
275 1251 164 27 valtiopäivillä,
457 1252 45 20 kun
518 1252 77 20 tehtiin
612 1252 100 25 ehdotus,
730 1252 29 21 oli
777 1258 30 19 se,
825 1253 45 19 että
885 1251 59 26 juuri
960 1252 58 20 riito-

192 1281 35 25 jen
244 1281 160 21 välttämiseksi
424 1282 119 26 pantaisiin
563 1282 181 27 perusaatteeksi,
765 1282 51 21 ettei
835 1281 89 21 mikään
946 1287 71 20 seura,

190 1310 53 26 joka
259 1311 145 26 yksinomaan
421 1312 150 27 työskentelee
587 1312 71 21 toisen
674 1312 30 21 tai
720 1312 72 21 toisen
809 1311 152 21 kansan-osan
982 1311 37 27 hy-

190 1340 65 21 väksi
279 1341 88 20 meidän
388 1347 95 20 maassa,
505 1341 52 21 saisi
574 1342 82 20 mitään
672 1348 65 20 apua.
770 1341 54 21 Sillä
841 1341 133 26 perusteella
990 1346 28 15 en

191 1370 62 21 minä
269 1370 34 21 ole
320 1370 100 21 koskaan
437 1371 131 21 ehdottanut
584 1371 82 21 mitään
683 1377 59 21 apua
758 1371 155 21 Suomalaisen
925 1370 93 26 Kirjalli-

191 1399 87 22 suuden
295 1399 100 22 Seuralle
411 1401 58 20 enkä
480 1401 122 27 myöskään
613 1401 156 21 Ruotsalaisen
781 1400 174 27 Kirjallisuuden
966 1399 52 22 Seu-

191 1429 60 21 ralle.
285 1429 82 22 Samaa
383 1431 131 26 periaatetta
529 1431 141 25 noudattaen,
688 1431 50 20 olen
751 1431 45 20 niin
808 1431 75 26 paljon
895 1430 52 20 kuin
959 1429 59 21 mah-

190 1458 90 21 dollista
304 1459 91 21 tälläkin
412 1460 95 21 kerralla
523 1463 140 18 vastustanut
678 1460 156 21 Suomalaisen
851 1459 167 22 Kansakoulun-

190 1489 101 26 ystävien
320 1489 101 21 niinkuin
448 1490 102 27 myöskin
576 1490 155 21 Ruotsalaisen
755 1489 262 27 Kansakoulunystävien

189 1519 104 26 pyyntöä.
327 1519 176 22 Valtuusmiehet
526 1520 148 21 katsoivatkin
700 1519 188 22 mahdottomaksi
912 1519 105 21 ehdottaa
