1075 1759
236 108 50 32 1048
560 114 13 16 4
585 118 17 18 p.
616 113 82 17 Toukok.

212 171 59 26 nille,
295 172 61 26 jotka
372 174 118 25 perustaen
514 173 117 27 useampia
654 173 92 26 kouluja
769 174 84 20 ottavat
876 171 159 22 kestääksensä

212 202 101 21 tuntuvia
344 202 121 22 uhrauksia
495 202 252 22 kansakoululaitoksen
773 208 86 21 nopeaa
885 202 150 27 kehittymistä

211 234 84 19 varten.
327 232 25 20 Ei
373 232 38 21 siis
427 232 34 22 ole
478 232 147 28 yksinomaan
641 232 105 28 kysymys
763 232 66 21 niistä
847 232 110 25 kunnista,
974 231 60 27 jotka

212 262 58 20 eivät
290 262 126 21 mitenkään
433 263 60 20 omin
508 263 98 21 neuvoin
622 263 41 21 itse
680 262 86 28 kykene
782 262 159 21 rakentamaan
957 262 78 20 kansa-

211 291 91 26 kouluja
317 291 23 26 ja
355 292 75 25 joiden
446 292 69 21 luvun
531 292 112 21 edusmies
660 292 107 21 Forsman
784 298 28 15 on
829 291 94 22 arvellut
939 291 95 28 kymme-

210 321 70 21 neksi.
312 321 154 28 Mielihyvällä,
484 322 98 21 suurella
599 322 149 27 mielihyvällä
764 322 60 21 minä
840 321 115 28 hyväksyn
968 321 66 21 valio-

209 351 91 20 kunnan
316 357 95 21 ponnen.

282 381 117 22 Edusmies
420 382 103 27 Kiipula:
542 382 92 21 Minulla
650 382 20 21 ei
687 382 35 21 ole
737 381 59 27 juuri
813 381 82 22 mitään
911 381 122 26 lisättävää,

210 411 51 20 sitte
285 411 53 21 kuin
363 411 109 22 edellinen
493 411 85 28 puhuja
598 419 28 14 on
645 412 106 21 lausunut
767 417 46 19 sen,
830 411 53 21 mitä
899 411 60 21 minä
975 411 59 22 aioin

210 447 77 14 sanoa.
311 441 114 21 Tahtoisin
443 441 115 22 kuitenkin
575 442 135 25 muistuttaa,
723 443 44 20 että
778 441 79 28 säädyt
867 444 52 19 ovat
929 441 22 26 jo
963 447 71 15 ennen

210 471 69 20 erään
302 471 162 26 apuraha-erän
484 473 61 20 tässä
569 478 101 15 samassa
694 472 80 26 sijassa
790 472 147 27 myöntäneet,
954 471 80 21 vaikka

210 506 24 15 se
260 500 72 21 silloin
356 501 118 27 erityiseen
494 501 183 28 paikkakuntaan
697 502 126 21 osoitettiin.
855 501 82 28 Nytkin
953 501 81 27 tietysti

210 537 42 14 osa
268 532 57 19 tästä
341 533 123 20 summasta
480 531 118 28 käytetään
615 538 39 15 sen
670 531 174 28 paikkakunnan
855 531 99 28 hyväksi,
965 533 69 19 mutta

210 560 102 22 niinkuin
336 561 67 21 täällä
421 562 21 26 jo
459 568 29 15 on
503 562 161 25 huomautettu,
682 562 118 27 käytetään
816 561 55 21 niitä
886 562 63 27 myös
965 561 69 21 niissä

211 590 148 27 tapauksissa,
376 591 54 26 joita
445 592 22 26 jo
485 591 111 22 edusmies
614 591 91 22 Castrén
723 598 28 15 on
768 591 129 21 maininnut.

278 621 116 21 Edusmies
408 621 135 22 Pulkkinen:
556 621 62 22 Siinä
628 622 188 25 seurakunnassa,
827 622 61 25 jossa
899 621 60 21 minä
970 627 62 20 asun,

208 656 29 15 on
254 650 130 21 ainoastaan
395 651 113 27 yksituhat
524 651 92 22 henkeä.
634 648 115 25 Äskettäin
761 658 23 15 se
796 658 29 14 on
836 651 132 21 rakentanut
977 651 56 21 kirk-

209 680 77 25 konsa,
296 681 137 26 pappilansa,
442 681 221 22 kunnanhuoneensa
671 682 54 21 sekä
734 681 231 21 kunnanmakasiinin.
977 681 56 21 Kan-

210 709 94 22 sakoulu
326 717 28 14 on
376 711 54 21 ollut
446 711 63 21 siellä
525 712 113 21 voimassa
653 711 46 21 niin
716 711 88 21 kauvan
821 711 53 21 kuin
891 711 142 21 seurakunta-

210 739 37 21 kin
264 740 22 26 ja
301 740 193 27 viinaverorahoja
510 747 24 15 se
550 741 21 21 ei
587 748 40 14 saa
643 741 52 21 kuin
712 742 67 21 toista
790 743 63 19 sataa
864 741 107 21 markkaa
981 747 52 15 vuo-

210 769 73 22 dessa.
319 770 39 21 Jos
379 771 38 20 siis
434 771 126 21 tämmöisiä
576 771 77 21 kuntia
670 778 28 14 on
714 771 144 25 muuallakin,
875 771 47 20 niin
939 773 50 19 ovat
1005 777 28 14 ne

210 799 88 21 erittäin
322 800 113 21 kiitollisia
455 801 165 21 valiokunnalle
642 801 50 21 siitä
710 807 59 15 avun
786 801 155 25 osoituksesta,
958 801 74 20 minkä

210 835 24 15 se
250 836 29 15 on
296 830 137 23 ehdottanut.
465 831 57 20 Minä
539 831 115 27 hyväksyn
671 831 151 21 valiokunnan
838 831 127 21 mietinnön.

282 859 223 28 Landtdagsmannen
521 861 120 28 Lindberg:
658 861 41 21 Det
715 867 40 15 var
771 861 46 20 min
834 860 66 21 afsikt
917 863 30 18 att
959 860 74 21 säsom

210 889 123 28 förklaring
348 890 33 21 till
394 890 74 21 denna
478 890 105 21 slutkläm
594 891 95 27 upplysa
700 891 215 26 landtdagsmannen
925 891 107 20 Forsman

209 925 37 14 om
271 921 31 19 att
326 919 105 22 utskottet
455 921 22 26 ju
501 922 65 25 säger
586 923 31 18 att
637 921 104 26 beloppet
757 921 49 20 icke
821 922 26 19 är
863 922 60 19 stort.
956 920 76 21 Landt-

209 948 153 27 dagsmannen
383 950 107 21 Forsman
509 950 77 27 tycker
601 952 95 19 tvärtom
712 953 32 18 att
760 951 37 20 det
813 952 25 19 är
854 950 35 21 för
904 952 60 23 stort,
982 956 51 15 men

208 978 36 27 jag
261 979 37 20 vill
315 979 108 22 anmärka
439 982 46 19 mot
500 980 66 25 detta,
584 982 31 19 att
631 980 106 21 utskottet
753 982 65 25 säger
832 980 6 21 i
849 981 35 20 sin
896 980 135 27 motivering,

208 1008 38 21 det
264 1009 91 27 ,,högst'*
374 1009 65 26 1,000
455 1011 13 20 a
485 1010 65 26 1,500
568 1011 37 20 mk
624 1010 92 27 beviljas
736 1010 35 21 för
787 1010 79 21 skolan
881 1010 42 21 och
939 1010 6 21 i
960 1010 73 21 denna

208 1038 35 21 sin
269 1039 104 20 slutkläm
394 1041 64 26 säger
475 1040 105 21 utskottet
596 1039 47 22 åter
660 1057 4 8 ,
667 1042 38 24 att
722 1040 125 21 Ständerna
862 1039 51 22 ville
930 1039 35 22 för
980 1039 53 22 bud-

208 1069 144 26 getperioden
370 1069 147 22 1892—1894
530 1070 66 21 ställa
606 1070 32 21 till
650 1070 149 27 Regeringens
811 1069 130 27 förfogande
952 1069 81 26 90,000

208 1097 39 21 mk
264 1098 34 21 för
314 1101 32 18 att
362 1099 55 21 efter
433 1099 103 27 pröfning
551 1100 8 20 i
574 1099 77 27 hvarje
667 1100 105 21 särskildt
783 1099 38 22 fall
833 1099 114 22 användas
958 1099 75 21 säsom

208 1127 80 28 bidrag
311 1129 32 20 till
368 1129 138 26 uppförande
531 1129 23 21 af
577 1129 175 22 folkskolehus.*
789 1129 109 22 Utskottet
921 1129 39 21 vill
975 1129 8 21 i
998 1129 35 21 sin

207 1158 133 27 motivering
356 1159 90 26 angifva
463 1160 77 20 endast
557 1159 43 21 den
616 1160 101 27 riktning,
735 1160 7 20 i
758 1159 90 21 hvilken
871 1159 66 21 dessa
956 1159 77 26 bidrag

207 1187 66 21 skola
289 1188 101 27 utgifvas,
408 1195 51 15 men
475 1191 31 19 att
521 1189 7 20 i
545 1189 110 21 särskilda
671 1189 38 22 fall
725 1189 45 21 kan
781 1189 42 22 och
834 1189 41 21 bör
885 1189 71 26 gifvas
967 1189 65 20 äfven

208 1217 73 21 större
304 1217 85 28 bidrag,
415 1219 67 26 ligger
502 1219 23 26 ju
547 1219 7 20 i
570 1219 141 27 regeringens
728 1221 49 25 eget
793 1219 62 21 skön.
887 1219 105 26 Anslaget
1008 1220 25 19 är

207 1247 79 21 därför
301 1249 59 25 taget
376 1247 25 22 sä
417 1251 60 23 stort,
495 1249 41 20 och
553 1249 74 20 kunde
643 1249 37 21 det
695 1255 55 15 vara
766 1251 60 19 ännu
837 1249 71 20 siörre
920 1249 49 20 med
980 1249 52 20 hän-

207 1283 43 20 syn
274 1277 32 21 till
327 1277 27 22 de
379 1278 67 21 behof
469 1285 48 14 som
541 1279 127 26 förefinnas,
692 1285 51 15 men
768 1278 29 21 dä
816 1278 167 26 statsutskottet,
1000 1278 32 21 sä-

207 1313 52 14 som
282 1307 37 20 det
342 1308 63 21 torde
426 1314 53 15 vara
499 1308 87 26 bekant,
608 1309 41 20 har
664 1311 32 19 att
711 1310 102 25 uppgöra
828 1308 25 21 sä
869 1307 79 28 mänga
963 1308 70 21 andra

209 1335 185 29 budgetsförslag,
412 1337 24 22 sä
448 1337 68 28 ansäg
527 1339 33 26 sig
570 1338 49 21 icke
630 1339 165 20 statsutskottet
806 1338 73 21 denna
890 1337 57 28 gäng
957 1338 76 21 kunna

209 1365 85 22 föreslä
309 1373 47 15 mer
373 1367 32 21 till
422 1367 59 22 detta
497 1367 104 22 ändamäl
618 1369 28 20 än
662 1368 82 26 90,000
761 1368 43 21 mk.

282 1396 223 28 Landtdagsmannen
516 1398 130 29 Rosenberg:
659 1395 71 24 Äfven
741 1398 36 27 jag
788 1399 25 20 är
824 1397 99 22 särdeles
932 1397 99 21 tacksam

210 1427 46 19 mot
277 1427 162 21 statsutskottet
456 1427 34 21 för
506 1427 43 21 den
565 1428 173 27 handräckning,
757 1434 48 15 som
822 1428 37 21 det
874 1433 30 15 nu
921 1427 111 27 ändtligen

209 1455 41 20 har
271 1456 58 20 velat
348 1457 58 26 gifva
422 1457 122 21 medellösa
560 1457 203 21 landskommuner.
795 1457 41 27 Jag
852 1459 45 19 tror
913 1459 32 18 att
960 1457 73 20 denna

208 1484 78 27 ätgärd
297 1486 101 21 kommer
409 1488 31 19 att
451 1486 68 22 blifva
530 1487 99 21 särdeles
640 1487 256 27 välsignelsebringande
907 1486 35 21 för
950 1486 81 21 landet.

208 1514 42 27 Jag
273 1515 57 21 hade
354 1516 57 21 dock
435 1516 80 22 önskat
535 1518 32 20 att
586 1517 105 21 utskottet
706 1517 49 21 icke
772 1517 57 21 varit
845 1516 26 22 sä
886 1517 77 27 njuggt
980 1518 52 19 utan
