1181 1773
244 133 43 19 806
546 132 88 18 Toukok.
648 132 11 18 4
672 137 18 17 p.

213 184 143 23 stadfästelse
371 186 41 21 och
427 185 23 22 åt
465 186 247 28 stadsmyndigheterna
727 184 120 23 öfverlåtes
865 185 34 21 att
908 184 123 22 bestämma

213 214 35 22 till
268 215 85 22 hvilket
373 216 60 21 antal
454 215 57 22 slika
531 216 132 28 rättigheter
678 216 64 21 skola
757 215 106 28 utgifvas,
880 214 24 22 så
919 214 63 22 torde
997 213 34 22 till

214 250 28 16 en
262 244 79 28 början
359 245 147 22 förhållandet
524 246 97 28 gestalta
640 246 34 27 sig
686 245 34 29 så,
736 246 33 20 att
785 244 246 28 stadsmyndigheterna

213 274 50 22 icke
282 275 55 27 vilja
351 275 75 22 alltför
441 275 91 28 mycket
547 275 119 22 inskränka
682 274 85 22 antalet
782 274 26 22 af
821 274 65 22 dessa
901 274 130 28 rättigheter

214 304 35 22 för
265 305 32 21 att
312 304 49 22 icke
377 305 127 28 derigenom
520 305 116 22 förorsaka
651 304 130 23 ekonomisk
797 304 80 22 förlust
887 303 23 22 åt
920 309 111 22 personer,

215 340 48 16 som
281 334 92 21 handlat
391 335 50 21 med
456 336 98 21 nämnda
569 335 127 28 spritvaror.
728 334 77 22 Skulle
822 334 99 21 deremot
937 333 43 21 den
996 333 35 22 be-

213 363 113 28 stämning
341 364 88 28 införas,
446 371 47 15 som
509 365 114 28 professor
637 364 91 22 Donner
744 370 31 16 nu
789 363 122 28 föreslagit,
923 362 24 22 så
956 362 75 22 blefve

215 393 85 27 följden
323 394 164 28 otvifvelaktigt
510 395 50 27 den,
584 396 33 20 att
640 394 254 28 stadsmyndigheterna,
919 392 28 22 då
966 392 66 28 lagen

215 422 70 22 första
303 422 87 30 gången
409 424 57 22 skall
487 424 118 28 tillämpas,
624 424 76 22 blefve
720 423 129 23 nödsakade
865 424 33 20 att
913 422 118 22 inskränka

215 452 304 30 försäljningsrättigheterna
542 454 34 22 till
599 455 32 21 ett
654 453 24 23 så
698 454 64 28 ringa
783 453 67 26 antal,
871 459 48 16 som
938 452 93 28 möjligt,

215 483 35 22 för
265 484 33 21 att
313 483 48 22 icke
376 484 33 21 uti
424 490 28 15 en
468 484 90 22 framtid
574 490 24 15 se
613 484 35 28 sig
662 483 151 22 urståndsatta
829 484 39 26 att,
884 483 67 21 äfven
962 488 36 15 om
1009 481 24 22 så

214 519 54 16 vore
289 513 102 28 önskligt,
411 514 75 21 kunna
505 514 122 21 förminska
643 514 61 21 detta
720 513 67 22 antal.
818 513 44 28 Jag
877 511 92 23 föreslår
985 512 47 21 der-

215 543 35 21 för
275 544 33 20 att
333 543 61 22 detta
419 544 85 28 förslag
527 543 37 22 må
586 543 111 22 förkastas
720 544 42 21 och
785 541 247 24 utskottsbetänkandet

214 574 100 27 antagas.

285 602 102 23 Provasti
409 603 155 22 Wennerström:
595 604 44 27 Jag
661 604 41 21 har
724 603 118 28 föreslagit
865 604 32 20 att
919 602 112 22 stadsfull-

214 632 99 28 mäktige
331 639 113 16 ensamme
463 633 72 22 skulle
550 633 22 22 få
588 633 123 22 bestämma
727 633 116 28 angående
857 633 84 21 antalet
956 632 76 27 rättig-

214 661 64 22 heter
293 663 33 20 att
341 663 92 28 försälja
448 663 62 22 viner
526 663 42 22 och
581 669 94 22 svagare
685 663 141 27 rusdrycker.
857 662 44 28 Jag
910 663 40 20 har
960 661 73 28 utgått

215 691 49 22 från
279 692 43 21 den
337 693 142 27 synpunkten
492 694 32 21 att
535 699 52 16 man
596 693 50 22 icke
656 693 40 22 bör
706 693 7 21 i
724 693 63 21 detta
797 692 106 22 afseende
913 691 120 22 inskränka

214 721 213 29 stadsfullmäktiges
458 723 141 28 befogenhet.
638 722 141 22 Kommunen
809 722 40 21 bör
877 722 7 21 i
911 721 71 22 denna
1009 720 24 22 så

214 751 85 28 vigtiga
318 752 40 21 sak
379 752 22 21 få
422 753 47 21 fritt
488 753 131 26 bestämma,
641 753 41 21 och
698 753 42 27 jag
755 752 80 21 tänker
849 753 33 20 att
897 751 136 22 kommunen

214 781 42 21 och
277 781 52 22 dess
349 782 145 22 medlemmar
514 783 72 21 skulle
607 783 89 21 komma
716 782 35 21 till
767 782 34 21 sin
817 781 55 22 fulla
886 782 51 26 rätt,
953 787 36 16 om
1005 786 28 15 en

214 810 69 22 sådan
303 811 140 29 bestämning
464 812 40 21 här
524 812 104 26 infördes,
645 818 48 15 som
708 812 27 21 af
748 812 47 27 mig
810 811 73 22 blifvit
899 811 132 27 föreslagen.

214 839 43 22 För
273 841 45 21 min
333 841 36 22 del
383 841 45 22 kan
441 842 41 27 jag
496 842 50 21 icke
562 841 74 27 förstå,
652 841 93 22 hvarför
759 847 53 16 man
827 841 136 27 nödvändigt
976 840 57 21 skall

213 869 7 22 i
236 870 73 22 denna
329 871 40 21 sak
384 871 105 22 inblanda
504 871 146 29 magistraten
665 871 41 22 och
722 877 49 16 som
787 871 71 28 grund
875 871 35 21 för
925 871 50 21 mitt
990 869 43 23 för-

213 900 50 28 slag
283 900 40 22 vill
343 901 40 28 jag
403 901 103 28 påminna
528 908 36 15 om
583 902 37 21 det
640 902 76 26 motiv,
738 908 49 15 som
806 901 68 21 redan
894 900 51 22 utaf
958 901 75 27 pastor

212 929 88 22 Fontell
321 930 90 22 anförts.
443 931 121 22 Dessutom
583 931 39 22 vill
641 932 40 27 jag
701 932 60 20 ännu
779 932 61 26 yttra
855 930 68 28 några
939 930 40 21 ord
995 935 36 16 an-

212 959 86 28 gående
319 960 38 22 det
376 961 73 27 tredje
470 962 120 21 momentet
610 961 8 21 i
636 961 73 27 tredje
724 960 135 28 paragrafen
874 960 26 21 af
913 960 120 21 utskottets

213 988 90 29 förslag.
335 990 121 22 Momentet
471 991 73 27 lyder:
563 990 280 28 ,Försäljningsrättighet,
858 990 92 21 hvarom
966 995 30 15 nu
1007 990 25 20 är

212 1018 70 28 fräga,
303 1019 40 22 bör
363 1020 196 22 företrädesvis
579 1020 97 22 tilldelas
692 1020 106 26 sökande,
815 1026 47 15 som
878 1019 60 21 förut
953 1018 58 22 varit
1026 1018 7 22 i

212 1048 131 28 åtnjutande
365 1050 26 21 af
412 1050 62 28 dylik
496 1050 106 28 rättighet
626 1051 57 20 samt
702 1050 107 21 ästundar
829 1049 112 27 förnyelse
963 1048 69 26 deraf,

212 1078 75 22 derest
308 1084 19 16 0.
349 1085 16 15 s.
387 1081 34 20 v.*
454 1080 51 21 Med
521 1080 65 21 dessa
602 1080 39 21 ord
656 1080 40 21 har
711 1080 111 21 utskottet
837 1078 66 29 gifvit
918 1078 113 26 tillkänna,

212 1108 33 20 att
261 1108 67 22 äfven
343 1108 51 22 dess
410 1110 90 27 mening
515 1110 31 26 är,
564 1111 32 20 att
611 1109 67 28 något
692 1108 89 28 intrång
791 1108 28 28 på
829 1108 146 22 vinhandelns
985 1108 46 20 rätt

211 1137 50 21 icke
284 1138 25 21 är
331 1138 73 22 afsedt
424 1140 34 20 att
480 1139 71 27 göras,
567 1140 54 20 utan
641 1140 39 25 att,
700 1139 40 21 der
760 1144 29 16 en
808 1138 87 28 verklig
913 1137 119 22 vinhandel

211 1167 52 21 med
279 1173 89 23 omsorg
383 1168 42 22 och
440 1169 209 27 samvetsgrannhet
665 1168 41 22 och
722 1168 70 28 enligt
802 1168 78 28 lagens
892 1167 140 22 föreskrifter

211 1196 124 28 bedrifvits,
355 1197 73 29 någon
449 1198 49 22 fara
517 1198 139 22 beträffande
675 1198 148 28 rättighetens
845 1196 123 28 förnyande
983 1197 49 21 icke

211 1232 54 22 eger
280 1233 55 15 rum.
367 1227 74 22 Saken
457 1228 71 28 gäller
542 1228 86 21 således
644 1228 128 28 egentligen
782 1227 127 26 vinaffärer,
921 1232 48 16 som
981 1226 50 21 med

211 1255 30 21 all
265 1257 58 21 orätt
345 1256 103 29 begagna
471 1258 61 20 detta
554 1264 68 15 namn
644 1257 41 22 och
708 1257 77 22 hvilka
808 1256 127 26 vinaffärer,
960 1255 72 22 såsom

210 1285 94 22 allmänt
319 1286 83 22 bekant
417 1288 31 25 är,
464 1287 8 21 i
487 1287 24 21 så
521 1288 56 20 stort
588 1287 60 21 antal
659 1287 149 27 upplomstrat
818 1286 71 22 under
900 1286 43 21 den
954 1290 77 16 senare

210 1315 68 22 tiden.
309 1316 44 28 Jag
373 1316 40 22 vill
432 1316 50 22 icke
501 1316 76 22 vidare
598 1316 68 22 inlåta
681 1316 46 28 mig
742 1316 29 28 på
787 1316 72 22 denna
875 1315 46 27 sak,
938 1314 27 22 då
981 1314 51 22 den-

211 1350 86 16 samma
317 1346 69 21 redan
406 1345 75 23 blifvit
501 1346 24 21 så
545 1346 37 22 väl
600 1346 74 28 belyst
694 1346 26 22 af
734 1352 101 15 assessor
849 1345 126 21 Johansson
991 1344 42 22 och

210 1374 41 21 ber
266 1375 79 22 endast
361 1376 32 21 att
409 1375 22 22 få
447 1376 89 21 förorda
551 1376 39 21 det
605 1376 84 27 förslag
704 1376 46 21 han
765 1375 86 28 gjorde.

281 1404 152 22 Kirkkoherra
458 1405 102 27 Tallgren:
596 1405 53 21 Mitä
673 1405 100 28 provasti
796 1404 191 22 Vennerström'in
1008 1403 24 27 ja

209 1434 85 26 pastori
309 1434 118 22 Fontell'in
443 1435 152 21 ehdotukseen
610 1434 66 28 tulee,
693 1435 46 21 niin
755 1434 60 22 minä
826 1434 91 28 pyydän
927 1434 42 20 sitä
979 1433 53 21 kan-

209 1464 84 25 nattaa,
309 1463 70 22 koska
395 1464 217 27 valiokunnassakin,
626 1464 62 28 jossa
698 1464 83 22 asiasta
793 1464 176 21 äänestettäessä
979 1462 29 22 oli
1019 1465 12 19 8

209 1493 68 21 ääntä
293 1495 12 19 8
322 1495 100 25 vastaan,
439 1494 43 21 sitä
497 1494 106 22 kannatin
614 1494 25 28 ja
650 1494 115 22 varsinkin
775 1493 70 22 koska
856 1499 63 15 sama
929 1493 103 27 määräys

209 1528 29 16 on
262 1522 110 22 olemassa
395 1523 64 28 myös
482 1524 132 21 viinalaissa.
648 1524 54 21 Mitä
725 1524 52 21 sitte
801 1523 61 21 tulee
885 1522 77 26 siihen,
987 1522 46 21 että
