1181 1773
238 122 55 18 1008
534 120 91 18 Toukok.
640 120 22 18 16
674 124 18 18 p.

205 173 60 28 ning,
281 173 146 29 hvarigenom
443 173 8 21 i
467 173 44 21 den
527 174 114 28 egentliga
657 173 86 29 frågan,
759 172 79 29 frågan
854 179 36 16 om
903 172 129 29 Nykarleby

205 203 81 27 banan,
308 204 116 21 inblandas
445 202 123 30 någonting
589 204 35 21 för
645 203 79 28 frågan
740 203 147 27 främmande,
903 202 78 29 frågan
997 208 36 16 om

206 233 46 21 min
267 239 86 22 person.
385 233 35 21 Då
435 233 79 21 endast
533 233 73 28 saklig
627 233 126 22 diskussion
771 233 46 21 kan
834 233 121 21 intressera
975 232 58 22 stån-

205 262 40 22 det
260 263 42 21 och
315 263 40 28 jag
370 263 7 21 i
393 263 40 21 sak
448 262 70 22 redan
534 263 82 21 uttalat
632 263 52 28 mig,
704 262 69 22 afstår
787 263 41 28 jag
844 262 49 22 från
908 262 77 22 vidare
1000 264 33 20 ut-

205 292 97 22 talande.

278 322 35 22 De
328 322 55 27 skäl,
399 328 48 16 som
462 322 42 22 här
518 322 76 22 blifvit
609 322 134 22 framhållna
761 321 35 22 för
810 322 86 21 banans
906 322 126 28 byggande,

205 352 40 21 äro
256 358 37 21 nu,
304 352 70 28 enligt
383 352 59 22 hvad
451 352 41 28 jag
502 353 47 21 tror
560 352 46 28 mig
616 352 84 28 tydligt
709 352 70 21 hafva
786 352 66 26 visat,
861 351 26 22 af
893 351 44 22 den
945 351 88 22 beskaf-

207 382 78 21 fenhet
299 383 39 25 att,
355 388 36 15 om
401 381 83 23 sådana
494 382 50 21 skäl
554 382 74 21 skulle
638 382 61 28 gälla
710 382 35 21 för
754 381 131 28 byggandet
895 381 26 21 af
930 387 28 15 en
968 381 64 27 bana,

206 411 25 22 så
245 411 73 22 skulle
333 411 91 22 hvilken
438 412 60 22 bana
513 417 49 16 som
577 412 60 21 helst
652 412 76 21 kunna
743 411 102 22 försvara
860 410 40 28 sig.
931 410 36 22 Då
981 417 52 15 man

207 447 36 16 om
259 447 28 16 en
298 441 61 28 dylik
375 441 58 22 bana
448 441 45 22 kan
503 442 56 27 säga
569 442 34 21 att
613 441 44 22 den
667 441 49 22 icke
727 441 82 22 saknar
820 440 40 22 allt
871 440 160 29 berättigande,

206 471 45 22 kan
269 477 52 16 man
339 471 70 22 likaså
426 477 70 22 gerna
511 477 37 16 om
564 477 28 16 en
608 471 59 22 bana
681 471 35 21 till
733 471 92 22 hvilken
843 477 74 15 annan
932 471 35 21 ort
985 476 48 16 som

206 501 59 21 helst
280 502 55 27 säga
350 502 33 20 att
399 501 42 22 den
457 501 49 22 icke
522 501 82 22 saknar
620 501 40 22 allt
675 500 162 29 berättigande.

205 529 3 2 N
278 531 91 22 Tohtori
390 530 126 22 Gummerus:
538 531 96 28 Pyydän
654 537 59 15 vaan
733 531 132 21 muutaman
885 535 70 16 sanan
973 529 60 22 vielä

206 560 86 22 lausua.
316 560 95 22 Minusta
427 567 29 15 on
471 560 43 22 sitä
529 561 135 27 periaatetta
674 560 191 26 noudattaminen,
877 560 46 21 että
933 559 99 22 sellaista

206 590 135 28 kaupunkia,
361 590 54 28 joka
436 597 30 15 on
487 590 80 22 valmis
583 590 120 21 tekemään
718 589 77 22 suuria
810 589 121 22 uhrauksia
946 591 86 19 omasta

206 620 140 27 puolestaan,
366 620 60 21 tulee
443 621 83 26 auttaa,
542 620 51 22 sillä
608 626 24 15 se
649 626 28 15 on
694 620 76 21 minun
785 619 126 22 mielestäni
927 619 105 21 kaikkein

206 655 66 22 paras
288 649 95 22 todistus
399 650 57 26 siitä,
473 651 47 20 että
534 649 138 22 valtiovarat
687 649 60 22 eivät
763 649 36 22 ole
814 649 105 22 hukkaan
929 648 101 28 heitetyt.

206 679 39 22 Jos
266 679 81 22 kerran
367 679 135 28 yksityisten
523 679 140 22 kukkarosta
682 679 75 22 riittää
779 678 35 29 %/,,
835 679 58 21 totta
907 678 37 21 kai
959 677 73 22 silloin

206 709 69 22 valtio
292 709 37 21 voi
345 710 66 21 antaa
427 709 35 29 ?/,.

278 739 124 21 Professori
425 739 113 26 Runeberg:
562 739 44 28 Jag
629 739 41 21 ber
693 739 80 21 endast
796 738 51 21 med
869 737 119 28 anledning
1008 737 26 21 af

206 768 76 21 rektor
302 768 116 22 Kihlmans
439 770 90 20 senaste
548 768 106 28 yttrande
676 767 22 22 fä
718 767 118 22 framhälla
855 768 33 20 att
904 767 50 22 mitt
969 767 61 21 anfö-

206 798 70 21 rande
294 798 49 21 icke
359 797 63 29 afsäg
438 804 28 16 en
480 797 114 29 personlig
610 798 154 27 anmärkning,
779 799 56 20 utan
850 797 53 22 ville
916 797 40 28 jag
966 796 63 27 blott,

207 827 28 22 dä
256 827 76 22 rektor
354 827 106 23 Kihlman
482 828 58 21 hade
564 827 122 22 framhällit
706 827 45 22 alla
773 827 28 21 de
821 827 66 21 klena
903 826 42 22 och
960 832 70 22 svaga

206 857 79 22 skälen
305 857 32 22 uti
357 857 121 22 utskottets
498 857 150 27 betänkande,
670 857 35 22 för
725 857 89 22 ständet
830 855 117 23 framhälla
962 855 28 22 de
1005 855 27 22 af

206 887 82 22 honom
303 888 154 21 bortlemnade
472 887 101 22 starkare
588 887 85 22 skälen.
1017 884 3 4 |

278 917 139 28 Yliopettaja
433 917 97 21 Kihlman:
547 917 11 21 I
573 916 79 22 sådant
663 916 39 22 fall
713 916 73 22 skulle
795 916 41 28 jag
846 916 50 21 icke
906 915 49 22 haft
965 914 68 28 något

207 947 33 21 att
255 947 114 27 anmärka,
385 953 52 15 men
450 947 42 27 jag
505 947 80 21 trodde
595 948 33 20 att
639 953 28 15 en
678 952 73 16 annan
762 946 92 22 slutsats
864 945 69 21 borde
945 944 86 28 dragas.

206 976 67 22 Hvad
287 982 32 16 nu
329 976 142 28 Nykarlebys
481 976 173 28 beredvillighet
669 977 34 21 att
718 976 55 28 göra
787 975 154 28 uppoffringar
950 974 83 22 beträf-

207 1005 41 27 far,
265 1005 24 22 så
303 1006 40 22 vill
356 1006 41 28 jag
412 1006 104 28 påminna
532 1012 37 16 om
584 1007 33 20 ett
632 1006 105 21 liknande
753 1005 41 22 fall
810 1004 35 23 för
859 1004 73 28 någon
947 1004 32 21 tid
990 1003 43 22 till-

206 1035 65 21 baka.
303 1036 63 21 Efter
376 1036 91 22 stadens
476 1036 72 21 brand
558 1035 41 28 såg
609 1036 39 21 det
660 1035 74 22 mörkt
745 1036 25 20 ut
781 1034 35 22 för
826 1034 51 22 dess
889 1032 143 23 fortbestånd.

206 1064 125 22 Statsrådet
347 1065 111 28 Topelius,
478 1071 48 16 som
542 1066 25 21 är
583 1065 54 22 född
654 1064 177 28 Nykarleby-bo,
846 1063 51 22 lade
914 1063 35 28 sig
964 1062 69 22 likväl

206 1095 25 21 ut
247 1094 36 22 för
297 1094 80 22 staden
392 1095 42 22 och
449 1096 44 21 han
508 1095 45 21 kan
567 1094 75 22 derför
652 1100 66 16 anses
728 1094 73 22 såsom
812 1092 142 29 Nykarlebys
963 1092 70 22 andra

206 1124 181 28 grundläggare?
415 1124 85 22 Staden
510 1124 96 22 förband
616 1124 35 28 sig
662 1124 28 22 då
700 1126 33 20 att
745 1124 56 28 göra
811 1123 60 21 vissa
882 1122 152 28 uppoffringar

206 1153 36 22 för
262 1155 34 20 att
315 1154 300 22 folkskollärareseminariet
637 1154 73 21 skulle
732 1154 8 21 i
764 1153 74 21 denna
857 1152 50 22 stad
925 1152 107 28 placeras.

206 1182 45 22 Det
271 1183 77 22 visade
369 1184 34 28 sig
424 1184 70 21 sedan
513 1184 70 21 likväl
599 1184 33 21 att
647 1183 79 22 staden
745 1182 58 22 hade
823 1182 86 28 ganska
925 1181 60 21 svårt
1000 1182 34 20 att

205 1212 104 28 uppfylla
324 1213 49 21 sina
388 1213 82 28 åtagna
485 1213 148 22 förbindelser
648 1213 42 22 och
706 1212 75 22 anhöll
802 1211 76 22 derför
898 1212 33 20 att
950 1210 83 22 befrias

205 1242 58 22 ifrån
282 1242 157 22 förbindelsen.
471 1243 44 28 Jag
531 1243 87 21 minnes
633 1249 31 15 nu
678 1242 57 25 icke,
751 1248 38 16 om
805 1240 100 23 försöket
919 1240 113 28 lyckades.

277 1301 53 22 Kun
345 1302 131 22 keskustelu
491 1302 30 21 oli
536 1303 127 27 päättynyt,
676 1302 67 21 asetti
753 1302 67 20 herra
830 1299 120 23 Puhemies
960 1300 73 20 vasta-

205 1330 141 22 ehdotuksen
364 1332 131 21 saamiseksi
514 1331 122 22 mietinnön
651 1331 162 28 ponsilausetta
831 1331 101 25 vastaan,
948 1328 85 28 säädyn

204 1360 167 22 ratkaistaviksi
387 1361 63 21 ensin
465 1362 120 21 seuraavat
600 1360 224 28 äänestysesitykset:

277 1390 58 21 Joka
349 1390 78 22 tahtoo
438 1392 46 20 että
494 1390 223 28 Uudenkaarlepyyn
726 1388 268 24 rautatierakennukseen
1004 1393 29 16 on

204 1420 122 21 annettava
339 1422 94 24 150,000
445 1420 93 22 markan
546 1420 107 28 apuraha,
664 1422 80 20 vastaa
756 1420 72 27 ,jaa*;
835 1419 36 27 jos
883 1418 46 26 ,ei*
942 1417 90 27 voittaa,

205 1450 112 20 annetaan
332 1450 136 27 apurahaksi
483 1456 58 16 vaan
558 1453 95 23 100,000
669 1450 114 21 markkaa.

277 1478 52 22 Kun
345 1480 173 27 äänestyksessä
533 1479 30 22 oli
578 1480 68 21 tullut
662 1482 26 19 11
722 1480 74 27 ,jaa*-
810 1478 25 28 ja
851 1480 28 19 25
893 1476 56 27 ,ei*-
960 1476 73 27 ääntä,

202 1508 100 26 jätettiin
318 1508 103 22 edelleen
437 1509 86 28 säädyn
538 1509 175 28 päätettäväksi:
