1181 1773
487 129 90 19 Toukok.
590 130 24 17 24
626 135 18 17 p.
892 133 55 19 1235

155 190 85 16 samma
263 190 28 15 en
315 183 61 28 dylik
399 183 100 28 kallelse,
520 183 96 22 emedan
636 183 38 21 det
690 183 35 21 för
741 183 28 21 de
785 183 65 21 flesta
866 183 64 21 faller
945 183 34 27 sig

155 214 86 28 ganska
263 212 61 22 svårt
347 214 40 25 att,
411 212 28 22 då
454 220 52 15 man
521 213 95 22 kommit
631 212 111 22 tillstädes
758 212 42 22 och
817 212 42 22 fått
873 212 34 28 sig
923 212 55 22 före-

155 243 52 28 lagd
223 249 28 16 en
266 243 27 21 af
305 242 199 22 bankdirektionen
520 242 42 22 och
578 242 203 28 bankfullmäktige
797 242 102 28 förelagd
909 242 69 28 fråga,

155 274 60 20 inom
230 273 51 21 kort
295 272 39 27 tid,
350 272 28 28 på
393 272 34 22 sin
442 272 54 28 höjd
512 279 29 15 en
560 272 44 28 dag
619 272 55 22 eller
689 272 31 26 så,
736 272 73 22 uttala
819 272 35 22 sin
864 272 115 22 bestämda

156 302 73 22 tanke.
261 302 94 28 Mången
375 302 64 22 torde
456 302 109 28 derjemte
582 308 54 15 vara
651 302 118 28 obenägen
785 303 33 20 att
832 302 90 22 komma
937 301 41 22 till-

156 332 75 22 städes
254 332 41 22 och
317 332 86 28 afgifva
425 333 34 20 ett
477 332 146 22 ansvarsfullt
638 332 116 21 uttalande
770 331 80 22 endast
865 332 28 28 på
907 332 70 28 grund

156 362 26 22 af
194 362 212 28 bankfullmäktiges
422 362 138 28 uppmaning
575 362 80 21 dertill.
686 362 42 21 Om
745 362 100 21 deremot
861 362 118 21 ständerna

157 392 150 28 uttryckligen
329 391 135 28 bemyndiga
486 391 204 28 bankfullmäktige
713 392 34 20 att
769 391 70 21 anlita
859 392 120 21 affärsmän

157 421 72 22 säsom
251 421 130 23 biträdande
405 422 110 27 experter,
532 421 43 22 blir
590 421 126 28 uppdraget
731 421 50 21 icke
797 422 33 20 ett
845 421 96 22 enskildt
956 421 26 21 af

158 451 199 28 hankfullmäktige
375 451 79 28 gifvet,
471 452 54 21 utan
542 457 62 16 mera
619 450 177 29 betydelsefullt,
812 451 94 22 hvarvid
921 451 58 21 stän-

157 482 69 21 derna
248 482 45 22 fäst
315 481 94 22 särskild
432 481 54 28 vigt.
518 481 80 22 Denna
619 482 70 27 utväg
704 481 46 22 kan
765 481 111 21 mähända
891 481 88 22 äfven
967 477 16 37 i

157 511 61 22 detta
239 512 40 21 fall
294 511 72 22 oftare
381 511 86 22 anlitas.
498 511 44 28 Jag
558 511 44 22 kan
618 511 76 22 derför
709 511 50 21 icke
775 512 68 20 annat
859 511 28 21 än
903 510 77 22 förena

157 541 46 29 mig
215 548 36 15 om
261 541 76 22 rektor
347 541 116 21 Kihlmans
474 541 92 28 förslag,
576 542 25 27 ty
613 541 51 21 med
674 542 34 20 ett
718 541 73 28 dylikt
801 540 178 29 bemyndigande

158 571 47 22 frän
221 571 130 22 ständernas
367 570 48 22 sida
429 571 58 21 skall
502 571 39 21 det
552 577 54 15 vara
616 570 52 22 vida
679 571 81 21 lättare
772 570 35 22 för
817 570 162 22 bankfullmäk-

157 601 46 28 tige
218 602 33 20 att
265 601 74 21 vända
354 600 34 29 sig
402 600 35 21 till
453 600 150 22 framstäende
614 601 122 21 affärsmän
747 601 42 21 och
799 600 88 22 anhälla
897 606 37 15 om
944 599 36 22 de-

158 637 35 15 ras
213 631 93 26 biträde,
325 631 29 21 än
369 636 36 16 om
421 630 62 21 detta
498 630 58 22 blott
572 630 52 22 sker
638 630 25 21 sä
678 631 35 20 att
728 631 55 34 säga
798 630 29 35 pä
841 636 58 22 egen
913 629 66 22 hand.

228 644 123 49 Professori
375 660 112 27 Runeberg:
511 659 47 22 Det
579 660 45 21 kan
639 660 38 21 väl
692 660 51 21 icke
758 659 29 29 pä
801 659 68 29 nägot
884 661 45 20 sätt
943 665 37 16 an-

158 697 35 15 ses
216 690 147 22 nedsättande
387 689 35 22 för
443 690 133 21 ständernas
591 689 211 28 bankfullmäktige,
821 695 36 16 om
872 689 109 22 utskottet

158 719 120 23 framhällit
293 721 33 20 att
340 719 106 28 speciella
460 720 78 21 affärs-
554 720 42 21 och
605 719 237 28 bankmannainsigter
852 719 49 22 icke
912 725 69 21 gerna

157 750 75 21 kunna
248 749 69 22 blifva
334 749 183 28 representerade
532 749 61 22 inom
603 749 210 28 bankfullmäktige,
825 749 28 22 dä
863 749 119 21 ständerna

158 780 37 21 äro
214 779 128 22 nödsakade
362 781 33 20 att
413 779 61 28 välja
494 785 28 16 en
538 779 129 28 fullmäktig
682 779 49 22 frän
746 779 80 28 hvarje
841 778 70 23 ständ.
942 779 40 21 Att

158 809 72 22 denna
249 809 165 28 omständighet
433 809 71 21 under
522 809 61 22 vissa
603 809 155 22 förhällanden
773 809 45 22 kan
833 809 106 21 innebära
953 814 28 15 en

158 839 54 27 fara,
228 839 45 22 kan
287 839 38 22 väl
339 839 50 21 icke
404 839 70 21 heller
489 845 66 15 anses
566 839 147 21 nedsättande
728 839 35 21 för
773 838 208 28 bankfullmäktige,

158 868 27 22 dä
208 869 61 21 detta
290 869 65 22 beror
375 869 26 21 af
419 869 37 21 det
472 869 67 21 enkla
554 868 188 28 sakförhällande,
759 870 33 20 att
807 868 83 22 sädana
905 868 76 22 affärs-

158 898 71 22 kriser
239 899 76 21 kunna
324 898 86 28 uppstä,
422 899 40 21 der
470 899 38 21 det
516 905 55 15 vore
578 898 139 28 nödvändigt
725 900 34 20 att
766 899 135 21 situationen
908 898 74 22 kunde

158 928 90 28 pröfvas
268 928 57 22 ifrän
340 928 162 28 mängsidigare
518 928 140 28 synpunkter
673 929 29 21 än
718 928 50 27 den,
785 928 197 22 bankdirektionen

157 958 70 28 jemte
245 958 208 28 bankfullmäktige,
469 958 68 22 bland
552 958 77 22 hvilka
644 958 107 28 speciella
766 958 159 22 affärsmanna-
941 957 41 22 och

159 988 232 28 hankmannainsigter
405 988 50 22 icke
470 989 39 21 äro
520 988 191 28 representerade,
722 988 76 22 kunna
809 988 99 27 erbjuda.
932 987 50 21 Men

159 1018 37 21 det
219 1019 24 20 är
264 1024 28 16 en
315 1024 73 15 annan
411 1018 172 28 omständighet,
606 1024 48 16 som
672 1018 42 27 gör
729 1019 34 20 att
778 1018 73 21 denna
866 1017 94 28 svaghet
975 1017 8 21 i

159 1047 152 22 institutionen
327 1048 44 21 kan
386 1047 70 22 blifva
472 1054 28 15 en
516 1048 116 28 verkligen
648 1048 116 28 betänklig
779 1048 61 26 brist,
857 1047 41 22 och
909 1047 38 21 det
958 1047 24 21 är

159 1078 43 21 den
225 1079 32 20 att
280 1084 28 15 en
331 1077 68 22 sädan
422 1077 105 22 situation
551 1078 121 28 ingalunda
693 1078 25 21 är
737 1077 110 22 otänkbar
862 1078 33 20 att
910 1076 73 22 säsom

159 1107 165 22 verkställande
339 1107 98 22 direktör
452 1107 7 21 i
474 1107 107 22 Finlands
594 1107 65 22 Bank
670 1107 73 21 skulle
753 1107 36 21 stä
799 1113 28 15 en
837 1112 87 23 person,
935 1112 47 16 som

159 1137 48 21 icke
228 1143 53 15 vore
303 1137 140 28 fullständigt
463 1137 51 21 inne
535 1137 8 21 i
558 1136 136 29 bankfrägor
710 1137 55 21 eller
780 1137 57 28 egde
853 1136 131 28 fullständig

160 1167 213 28 bankmannainsigt.
404 1166 45 22 Det
464 1168 51 26 sätt,
534 1166 86 28 hvarpä
635 1166 167 22 verkställande
818 1165 164 29 direktörsplat-

160 1202 40 16 sen
215 1196 106 27 besättes,
337 1196 40 28 gör
393 1202 28 16 en
436 1196 69 22 sädan
520 1196 107 22 situation
640 1196 123 28 ingalunda
774 1196 109 22 otänkbar
893 1196 42 21 och
945 1202 38 15 un-

159 1226 40 21 der
213 1225 84 22 sådana
315 1226 153 22 förhållanden
483 1226 73 22 skulle
572 1226 106 28 speciella
693 1226 160 22 affärsmanna-
864 1226 41 21 och
915 1225 68 21 bank-

159 1255 174 28 mannainsigter
352 1256 8 21 i
379 1256 344 28 bankfullmäktiginstitutionen
744 1256 75 22 kunna
839 1255 102 22 medföra
956 1260 28 16 en

159 1285 140 28 väsentligen
322 1285 57 22 ökad
397 1286 107 28 trygghet
520 1286 42 22 och
578 1286 84 21 bristen
677 1285 29 29 pä
721 1286 52 21 dem
789 1286 100 21 deremot
904 1290 28 16 en
947 1284 37 21 be-

159 1315 86 27 tänklig
261 1315 48 21 fara
325 1315 34 21 för
374 1316 95 21 banken.
495 1315 176 22 Bankutskottet
686 1315 40 22 vill
741 1315 87 22 säledes
843 1315 7 21 i
869 1314 34 22 sin
918 1314 66 21 fram-

159 1345 106 27 ställning
280 1345 26 21 af
319 1345 65 21 dessa
400 1345 156 22 förhällanden
570 1345 50 22 icke
635 1346 56 27 säga
706 1346 34 20 att
755 1345 106 21 Finlands
874 1343 64 22 Bank
949 1343 35 22 för

160 1374 138 22 närvarande
313 1375 72 21 skulle
400 1387 29 3 —
439 1381 49 15 som
499 1381 53 15 man
562 1375 66 28 säger
640 1387 26 3 —
678 1374 34 22 stä
722 1374 29 28 pä
761 1374 74 28 däliga
845 1374 74 26 fötter,
930 1374 55 20 utan

159 1404 170 22 bankutskottet
348 1404 40 22 vill
409 1404 118 22 framhälla
546 1406 33 20 att
594 1404 60 22 vissa
669 1404 82 22 brister
765 1404 8 22 i
789 1403 196 27 bankfullmäktig-

160 1434 163 22 institutionens
339 1434 143 22 anordnande
497 1434 135 28 möjliggöra
648 1434 66 27 faror,
730 1434 77 22 hvilka
822 1433 73 22 skulle
910 1433 75 21 kunna

160 1464 111 27 aflägsnas
287 1470 80 22 genom
383 1470 28 15 en
427 1464 84 21 fastare
528 1464 157 28 organisation.

231 1493 66 22 Hvad
312 1494 27 20 de
358 1493 142 28 möjligheter
510 1495 34 20 att
552 1494 101 27 aflägsna
664 1493 73 22 denna
747 1494 56 21 brist
813 1492 113 27 beträffar,
937 1498 48 15 som

160 1522 40 21 har
216 1523 73 21 blifvit
304 1523 101 27 berörda,
421 1522 25 22 sä
461 1523 127 28 medgifver
601 1523 40 27 jag
657 1529 69 21 gerna
740 1525 33 19 att
783 1523 76 21 rektor
869 1522 116 22 Kihlmans
