1181 1773
231 119 56 19 1056
531 118 91 18 Toukok.
636 118 22 18 17
671 123 18 17 p.

197 172 41 27 jag
253 171 49 22 icke
317 171 98 22 önskade
431 172 33 21 att
479 171 74 29 någon
569 172 63 28 fråga
647 172 8 21 i
671 172 62 22 detta
749 171 64 22 stånd
829 172 76 22 blefve
914 178 27 16 ur
952 172 71 22 denna

200 201 114 28 synpunkt
337 201 132 27 behandlad,
485 203 55 20 utan
564 202 80 21 endast
659 208 37 16 om
712 208 52 15 man
780 202 115 21 betraktar
910 208 113 16 reservan-

199 232 76 20 ternas
299 232 74 26 motiv,
397 231 79 28 tyckes
497 232 39 21 det
557 231 134 22 ätminstone
712 232 46 28 mig
773 238 49 15 som
838 237 36 16 om
891 232 27 21 de
934 232 26 22 af
973 232 51 22 dem

201 261 139 21 framställda
363 261 77 22 skälen
455 261 7 22 i
478 261 83 27 sjelfva
584 262 80 21 verket
685 262 49 21 icke
753 262 74 21 skulle
843 262 84 21 drabba
942 262 43 22 den
1001 262 25 21 af

200 291 113 27 professor
334 290 92 23 Palmén
446 291 120 21 förordade
585 291 119 26 bandelen,
721 292 56 21 utan
792 291 79 21 endast
886 292 74 21 banan
976 291 48 22 från

200 320 139 28 Helsingfors
360 321 33 21 till
409 321 185 26 Gerknäs-vexel,
611 321 115 21 eventuelt
741 321 125 22 Nummela.
897 321 44 28 Jag
956 323 46 20 tror
1017 321 7 21 i

200 350 71 22 likhet
286 350 51 21 med
360 356 99 16 assessor
481 351 60 28 Lyra
560 352 34 20 att
609 351 28 21 de
653 351 49 21 skäl
717 352 172 20 reservanterna
905 351 119 22 framhållit

200 380 8 21 i
224 380 122 21 allmänhet
368 380 49 22 icke
437 380 59 22 hålla
512 381 82 26 sträck,
611 387 52 15 men
677 381 41 28 jag
732 381 41 21 vill
789 380 57 22 dock
861 380 50 22 icke
926 382 98 27 upptaga

201 410 62 21 tiden
278 410 50 21 med
344 411 33 20 att
391 410 52 28 ingå
458 410 7 22 i
481 416 28 16 en
524 411 103 21 närmare
643 410 68 22 kritik
726 410 27 22 af
767 410 120 22 desamma.

273 439 10 22 I
299 439 39 22 fall
361 446 30 16 nu
414 440 170 28 presteståndet,
606 442 55 20 utan
682 442 33 20 att
731 441 60 21 fästa
807 440 106 22 afseende
929 440 37 22 vid
983 440 41 22 frå-

201 475 56 23 gans
278 470 134 28 behandling
432 470 60 22 inom
508 471 70 21 andra
593 470 71 27 stånd,
681 471 73 21 skulle
770 472 99 26 upptaga
885 471 38 21 det
938 471 26 21 af
977 477 47 22 pro-

202 500 71 21 fessor
289 499 92 22 Palmén
396 500 80 28 gjorda
487 500 115 28 förslaget,
613 501 47 21 tror
668 501 40 27 jag
718 500 51 22 icke
780 500 163 28 presteståndet
953 500 71 22 skulle

201 529 82 22 handla
307 531 59 20 emot
381 530 94 28 tidigare
498 530 7 21 i
528 530 107 21 afseende
658 530 13 21 å
691 530 241 28 jernvägsbyggnader
955 530 70 28 följda

202 559 150 28 grundsatser.
376 559 51 22 Man
443 560 40 21 har
499 561 50 26 sagt
565 561 33 20 att
614 560 38 21 det
668 566 54 15 vore
738 561 34 20 att
787 560 66 27 bryta
869 561 46 20 mot
931 560 93 28 tidigare

201 589 131 22 uttalanden
348 590 41 21 och
405 590 94 28 tidigare
516 590 71 27 följda
602 590 118 28 principer,
736 596 37 15 om
789 596 53 15 man
856 590 72 29 skulle
938 590 87 21 besluta

201 619 35 28 sig
252 619 35 21 för
303 625 27 16 en
346 619 68 22 sådan
437 619 64 27 bana,
518 625 48 16 som
582 619 43 22 den
641 626 31 15 nu
688 619 134 28 föreslagna.
854 620 74 21 Afven
943 620 7 21 i
966 619 59 28 qväll

201 649 41 21 har
265 651 73 19 varmt
361 649 73 22 blifvit
457 649 115 22 förordadt
594 649 137 22 inrättandet
754 649 27 22 af
798 649 227 28 sammanbindnings-

201 679 77 26 banor,
294 679 128 21 tillochmed
437 679 8 22 i
460 679 138 26 ödemarker,
615 679 40 22 der
670 679 54 28 föga
739 679 67 22 trafik
821 680 25 20 är
865 681 32 20 att
916 679 107 22 förvänta.

201 708 51 21 Den
268 709 40 21 här
324 709 126 28 föreslagna
473 709 74 22 banan
565 709 58 22 ifrån
639 703 52 28 Åbo
707 709 34 22 till
757 709 79 28 Hangö
853 709 71 22 skulle
938 709 26 28 ju
978 709 47 27 just

202 738 71 21 blifva
297 745 27 15 en
347 738 68 22 sådan
438 739 281 28 sammanbindningsbana
740 739 75 21 dertill
835 739 26 21 af
873 739 56 21 allra
944 739 81 21 största

201 768 124 27 betydelse,
341 769 105 21 särskildt
461 769 35 21 för
510 770 76 20 vestra
602 769 94 21 Finland
706 769 43 21 och
760 775 28 15 en
798 769 227 27 sammanbindnings-

202 797 59 22 bana
277 798 82 22 mellan
373 799 84 21 tvänne
472 799 26 21 af
511 799 106 21 Finlands
634 799 123 21 förnämsta
773 799 62 21 äldre
849 799 75 20 banor.
948 797 77 29 Någon

202 827 110 22 afvikelse
329 827 48 22 från
393 829 109 26 systemet
517 829 93 21 innebär
626 828 86 21 således
728 829 50 21 icke
795 829 62 20 detta
873 828 89 27 förslag.

274 857 69 22 Förut
358 858 40 21 har
414 858 64 28 fråga
492 858 58 29 varit
566 864 37 15 om
614 864 29 15 en
654 858 280 28 sammanbindningsbana
944 857 81 22 mellan

202 886 109 23 Savolaks
327 888 73 21 banan
416 888 41 21 och
474 888 42 22 den
533 888 181 22 Österbottniska
729 888 75 22 banan
819 888 42 22 och
876 888 72 21 röster
958 888 68 21 hafva

202 916 68 22 äfven
285 917 8 22 i
309 917 60 22 detta
393 918 64 21 stånd
480 918 48 28 höjt
549 918 34 28 sig
607 918 35 22 för
666 918 149 22 fortsättande
836 918 26 21 af
881 918 72 21 denna
968 918 57 20 bana

201 946 57 22 ifrån
282 946 100 23 Suolahti
405 948 34 21 till
462 947 143 28 Suonenjoki.
637 948 45 21 För
704 948 47 21 min
775 948 36 21 del
834 949 46 20 tror
893 948 40 27 jag
949 948 34 20 att
998 953 28 15 en

201 976 70 22 sådan
295 977 143 28 fortsättning
453 978 72 21 skulle
540 978 72 21 blifva
628 978 26 21 af
667 978 100 27 oändligt
783 978 91 27 mycket
889 977 85 21 mindre
989 977 36 21 be-

200 1006 96 27 tydelse,
313 1008 28 20 än
357 1007 42 21 den
415 1007 286 28 sammanbindningsbana,
717 1013 37 15 om
769 1007 92 21 hvilken
875 1013 31 15 nu
921 1007 25 21 är
957 1006 68 28 fråga.

201 1036 105 21 Trafiken
321 1036 28 28 på
365 1037 27 21 de
409 1037 75 29 äldre
491 1037 153 28 jernvägarna
666 1037 74 21 skulle
755 1037 122 28 ingalunda
892 1036 81 22 skadas
989 1042 36 22 ge-

200 1071 53 15 nom
270 1072 28 15 en
313 1066 69 22 sådan
397 1066 57 22 ifrån
470 1067 51 21 Abo
537 1067 34 21 till
586 1066 80 28 Hangö
688 1066 86 28 gående
798 1066 227 27 sammanbindnings-

201 1095 65 21 bana.
298 1096 106 21 Tvärtom
420 1096 72 22 skulle
508 1097 74 21 denna
597 1096 134 28 genomlöpa
747 1096 92 26 trakter,
855 1096 82 26 hvilka,
953 1095 73 22 såsom

200 1124 71 22 redan
287 1125 138 27 framhållits,
442 1127 38 21 äro
496 1126 75 28 gamla
586 1126 169 27 kulturtrakter,
772 1132 52 16 men
834 1126 77 21 hvilka
921 1126 56 21 dock
988 1126 37 20 äro

200 1154 7 21 i
223 1154 110 22 afsaknad
349 1156 26 21 af
388 1156 73 21 bättre
477 1156 223 21 kommunikationer.
731 1156 44 28 Jag
790 1156 41 21 har
846 1155 113 28 nämligen
969 1155 56 21 före-

200 1184 54 21 stält
269 1184 46 28 mig
325 1186 34 20 att
369 1185 73 21 banan
453 1186 58 21 helst
521 1186 73 21 skulle
605 1186 87 28 byggas
702 1185 58 22 ifrån
771 1185 80 22 Svartå
861 1190 81 23 genom
952 1184 73 22 Karis-

199 1213 57 28 Lojo
273 1214 41 22 och
330 1214 69 22 Kisko
415 1215 34 21 till
465 1215 58 27 Salo,
540 1216 146 27 hvarigenom
700 1216 48 27 just
764 1221 29 15 en
808 1216 47 20 stor
871 1214 36 22 del
917 1215 27 21 af
951 1216 75 20 vestra

199 1243 102 27 Finland,
318 1250 48 16 som
381 1251 31 15 nu
427 1246 25 20 är
466 1245 144 28 temmeligen
633 1245 117 28 afstängdt
773 1244 49 22 från
838 1244 73 28 öfriga
926 1244 61 22 delar
1003 1244 26 21 af

199 1273 84 27 landet,
300 1274 72 21 skulle
395 1274 75 22 kunna
491 1275 65 21 träda
571 1275 8 21 i
594 1276 103 20 närmare
716 1274 105 28 beröring
837 1274 51 22 med
904 1274 65 21 dessa
985 1274 41 21 och

199 1303 53 21 med
267 1304 170 22 vinterhamnen
452 1305 8 21 i
476 1304 84 28 Hangö.
586 1304 53 22 Som
655 1304 66 28 sagdt
736 1304 40 22 vill
790 1305 40 27 jag
846 1304 57 21 dock
913 1304 49 21 icke
972 1310 53 20 upp-

199 1333 54 27 taga
269 1333 100 22 ståndets
391 1334 32 21 tid
439 1334 42 22 och
496 1334 39 22 ber
552 1334 76 22 derför
644 1334 79 22 endast
738 1336 35 20 att
789 1334 22 22 få
826 1333 136 22 understöda
977 1338 48 22 pro-

199 1362 73 22 fessor
287 1363 105 22 Palméns
413 1364 91 28 förslag,
525 1364 95 21 emedan
634 1364 41 28 jag
690 1370 66 15 anser
773 1364 124 21 detsamma
912 1363 7 21 i
935 1362 44 22 alla
994 1362 31 21 af-

198 1392 100 22 seenden
314 1393 102 28 lämpligt
431 1394 43 21 och
485 1394 61 21 detta
556 1393 64 22 stånd
631 1393 90 28 värdigt
731 1394 7 21 i
750 1393 140 22 närvarande
901 1392 124 28 ögonblick.

269 1422 124 22 Professori
410 1423 87 21 Donner:
516 1423 35 21 Då
567 1424 38 20 det
620 1423 72 28 gäller
708 1424 33 20 att
757 1423 61 21 bilda
833 1423 35 27 sig
883 1428 29 16 en
927 1422 99 27 objektiv

198 1450 42 22 och
262 1451 50 22 icke
330 1452 29 28 på
373 1452 208 28 partiströmningar
597 1453 55 21 eller
668 1453 70 21 andra
755 1452 76 28 dylika
848 1452 98 22 faktorer
961 1457 65 22 grun-

198 1480 44 22 dad
264 1482 144 28 uppfattning
430 1482 27 22 af
477 1482 59 22 hvad
560 1488 48 16 som
629 1482 71 28 enligt
720 1483 8 21 i
744 1482 77 22 landet
837 1482 34 22 för
887 1480 138 23 närvarande

197 1510 99 22 rådande
312 1511 155 23 förhållanden
482 1512 7 22 i
505 1512 107 22 afseende
629 1512 12 22 å
655 1512 244 28 jernvägsbyggnader
914 1510 69 22 borde
994 1510 31 22 fö-
