1181 1773
228 115 57 20 1394
527 114 91 18 Toukok.
632 114 23 18 30
667 119 19 18 p.

196 168 95 22 skottets
317 167 122 27 skrifvelse,
464 167 25 22 så
511 168 41 21 har
576 168 38 22 det
630 167 90 22 formelt
736 167 96 29 återgått
847 167 34 22 till
897 168 38 21 sitt
951 167 70 23 första

196 197 80 27 beslut,
300 204 51 15 men
373 204 37 15 om
432 197 186 28 borgareståndet
636 198 73 21 skulle
726 197 109 22 förklarat
850 199 34 20 att
899 198 38 21 det
952 198 68 22 modi-

196 228 65 21 fierat
283 228 39 21 sitt
343 228 74 21 beslut
437 228 8 21 i
468 227 236 22 öfverensstämmelse
728 228 51 21 med
803 228 168 28 inbjudningen,
997 226 24 23 så

196 257 92 29 uppstår
312 257 47 21 helt
380 258 106 27 naturligt
509 258 197 27 nödvändigheten
730 259 33 20 att
785 257 29 29 på
829 257 68 28 något
912 258 45 21 sätt
973 257 48 22 från

196 288 121 21 utskottets
343 287 47 21 sida
405 287 55 22 söka
475 288 102 27 utjemna
593 287 190 28 skiljaktigheten.
815 287 35 21 Dä
865 287 62 21 detta
942 287 79 22 tvifvel

196 318 41 21 hos
260 317 45 27 mig
328 317 104 28 uppkom,
456 317 41 22 har
518 317 41 29 jag
581 318 55 21 trott
659 317 47 28 mig
726 323 55 16 vara
797 317 90 28 skyldig
903 318 32 20 att
951 317 71 22 uttala

197 347 130 21 detsamma.

268 376 137 28 Yliopettaja
431 377 98 21 Kihlman:
560 376 44 29 Jag
620 383 66 15 anser
702 378 32 20 att
750 376 73 22 denna
839 376 118 22 skrifvelse
972 377 49 21 icke

196 406 41 22 bör
260 406 116 22 föranleda
398 407 33 21 till
454 406 73 29 nägon
550 406 79 29 ätgärd
653 406 49 22 frän
717 406 176 28 presteständets
909 407 54 26 sida,
979 407 42 21 och

197 436 72 22 säsom
284 436 149 29 principfräga
448 437 118 22 betraktad
583 437 44 22 kan
641 436 41 29 jag
698 436 34 22 för
748 436 47 23 min
811 436 36 22 del
857 436 100 23 hvarken
968 436 54 29 gilla

197 467 55 21 eller
267 467 68 28 ogilla
350 467 120 22 utskottets
486 467 136 22 förfarande.
639 467 44 28 Jag
698 467 40 21 vill
754 467 80 21 endast
849 468 33 20 att
897 467 124 21 detsamma

196 497 50 22 icke
262 497 57 21 skall
335 497 113 22 betraktas
464 497 74 22 säsom
554 498 33 21 ett
602 497 128 28 prejudikat
746 496 35 22 för
798 497 126 26 framtiden,
939 496 29 28 pä
984 497 38 21 det

197 528 33 20 att
255 527 169 21 bankutskottet
449 527 49 22 icke
524 527 69 21 mätte
620 527 22 21 fä
657 526 121 28 anledning
794 527 40 26 att,
851 525 71 23 säsom
939 526 60 22 förut
1014 527 7 21 i

197 556 136 28 bankfrägor
348 557 41 21 har
403 557 67 26 skett,
486 556 97 29 äberopa
598 557 35 28 sig
648 556 28 29 pä
692 556 135 28 prejudikat.

268 586 124 22 Professori
408 587 112 26 Runeberg:
548 587 44 28 Jag
609 587 39 21 ber
664 587 79 21 endast
758 588 34 19 att
808 585 22 22 fä
845 586 93 28 tillägga
953 586 68 28 nägra

197 616 46 22 ord.
275 616 44 21 Det
335 617 24 20 är
373 617 47 27 just
434 616 57 22 ifrän
507 616 117 29 principiel
639 616 120 28 synpunkt,
776 622 48 15 som
841 616 38 21 det
894 617 25 20 är
932 616 26 21 af
966 616 54 27 vigt,

197 647 34 20 att
247 645 78 29 frägan
343 646 100 22 kommer
459 647 71 21 under
546 647 132 21 ständernas
694 646 111 28 pröfning,
822 646 41 21 och
880 645 37 22 det
933 647 24 20 är
971 645 50 22 icke

197 676 70 21 heller
289 675 67 29 nägot
379 676 78 22 hinder
479 677 7 21 i
507 677 74 28 vägen
597 676 35 22 för
647 675 165 29 presteständet
827 677 40 24 att.
883 681 35 16 om
934 675 88 22 ständet

197 705 72 22 skulle
285 712 54 15 anse
354 706 121 22 utskottets
491 706 167 28 förfaringssätt
673 712 55 15 vara
744 705 98 28 oriktigt,
859 705 78 28 älägga
953 705 68 22 bank-

198 735 109 22 utskottet
331 737 32 20 ett
386 737 74 26 annat,
483 736 87 22 hvilket
593 736 132 27 visserligen
747 736 7 21 i
778 735 42 22 sak
835 735 72 23 skulle
922 735 51 22 leda
988 735 34 22 till

198 772 87 15 samma
307 766 100 26 resultat,
423 772 52 15 men
491 766 91 21 formelt
597 772 54 15 vore
667 767 33 20 ett
714 767 75 20 annat.
821 765 45 22 Det
881 766 25 20 är
921 765 101 28 lämpligt

197 801 45 22 nog
258 797 33 20 att
307 796 72 21 denna
395 795 149 29 principfråga
559 795 79 22 väckts
654 795 7 22 i
677 795 108 22 samband
801 795 52 21 med
864 801 27 15 en
903 795 68 28 fråga,
983 795 40 21 der

198 825 38 21 det
261 825 86 28 sakliga
368 825 120 22 innehället
511 825 49 22 icke
576 827 26 20 är
617 826 25 21 af
656 825 72 28 nägon
744 825 117 27 betydelse
877 825 41 21 och
934 825 87 22 derföre

197 855 50 22 icke
271 855 44 21 kan
330 855 92 22 inverka
437 855 29 28 pä
481 855 38 22 det
534 855 130 28 principiela
681 855 154 22 bedömandet.
867 854 43 22 För
925 855 45 21 min
986 855 36 21 del

197 885 73 21 skulle
291 885 41 28 jag
355 885 138 22 fortfarande
514 885 99 22 vidhälla
636 886 32 20 att
687 885 66 21 dessa
768 884 165 28 inbjudningar,
949 884 72 22 säsom

197 914 92 22 stående
315 916 62 20 utom
400 915 43 21 den
465 915 148 28 lagstadgade
636 915 129 27 ordningen,
790 914 55 22 böra
860 914 113 22 betraktas
989 914 33 22 sä-

197 944 70 22 lunda
291 946 34 20 att
348 945 27 21 de
398 945 49 21 icke
471 945 116 21 föranleda
610 945 34 21 till
660 944 72 28 någon
749 944 85 28 åtgärd,
851 944 24 22 så
891 944 66 22 framt
972 944 50 22 icke

197 974 28 28 på
248 974 72 28 grund
343 975 27 21 af
385 974 161 29 inbjudningen
563 976 33 20 ett
611 974 166 22 ständerbeslut
793 974 94 22 kommit
901 974 34 21 till
950 974 71 26 stånd,

197 1004 42 22 och
263 1006 33 20 att
319 1004 94 27 derföre,
436 1011 36 15 om
493 1011 28 15 en
536 1004 134 28 inbjudning
685 1004 90 28 afböjes
791 1004 26 22 af
830 1003 38 22 två
883 1003 70 27 stånd,
970 1004 52 21 den-

197 1040 86 15 samma
308 1034 50 22 icke
381 1034 46 22 ledt
441 1035 35 21 till
491 1034 68 28 något
574 1034 95 22 resultat
684 1034 42 22 och
742 1034 49 21 icke
807 1034 42 21 har
863 1033 72 29 någon
950 1034 71 21 inver-

197 1064 44 21 kan
264 1064 29 28 på
315 1064 104 22 ärendets
439 1064 136 28 behandling
591 1064 35 22 för
641 1064 74 28 öfrigt.
747 1064 54 21 Som
817 1063 66 28 sagdt
898 1063 125 28 medgifver

195 1094 40 27 jag
259 1094 57 21 dock
339 1095 33 20 att
395 1094 72 22 denna
490 1094 130 28 principiela
642 1094 63 28 fråga
721 1094 44 21 kan
781 1100 36 15 ses
834 1093 48 21 från
898 1093 58 22 olika
971 1099 51 21 syn-

196 1123 103 28 punkter.

268 1153 75 27 Piispa
358 1153 123 21 Johansson:
498 1154 59 21 Minä
572 1160 29 15 en
616 1153 64 22 katso
698 1153 100 22 oikeaksi
809 1154 47 20 että
867 1152 154 28 periaatteelli-

196 1188 44 16 nen
263 1183 110 27 kysymys
397 1184 89 21 otetaan
502 1183 168 22 käsiteltäväksi
686 1183 69 21 ilman
771 1184 48 20 että
833 1182 86 28 säädyn
933 1182 89 28 jäsenet

197 1214 53 20 ovat
273 1214 144 20 ennättäneet
440 1213 160 22 valmistautua
616 1213 77 21 siihen.
725 1213 45 21 Itse
786 1212 48 22 asia
849 1212 95 22 voidaan
960 1218 61 16 muu-

196 1243 38 21 ten
260 1243 98 27 päättää,
384 1244 72 20 mutta
481 1244 120 26 perusteen
626 1242 174 22 ratkaiseminen
819 1243 40 26 nyt
877 1248 28 15 on
926 1242 96 22 minusta

197 1272 87 25 vaikea,
301 1272 46 22 kun
363 1272 20 22 ei
399 1272 34 22 ole
450 1273 61 21 voitu
526 1272 136 22 tarkemmin
677 1272 43 22 sitä
735 1272 79 21 tutkia.

269 1302 138 28 Yliopettaja
433 1302 97 22 Kihlman:
562 1302 35 22 Då
618 1302 40 28 jag
681 1302 41 22 har
745 1301 61 22 svårt
829 1302 34 20 att
885 1301 137 21 omedelbart

196 1331 61 21 bilda
280 1332 46 27 mig
349 1338 28 15 en
401 1332 57 28 äsigt
480 1332 8 22 i
503 1332 73 22 denna
592 1332 86 28 ganska
693 1332 86 28 vigtiga
794 1331 70 28 fråga,
881 1336 47 16 som
944 1331 56 21 först
1014 1331 8 21 i

196 1361 44 28 dag
266 1361 74 21 blifvit
363 1362 40 21 här
418 1362 74 27 väckt,
508 1362 100 21 anhåller
622 1362 40 28 jag
678 1363 33 20 att
727 1361 79 28 frågan
821 1361 76 21 blefve
913 1360 108 28 bordlagd

195 1390 34 22 till
245 1391 174 28 morgondagen.

268 1420 124 22 Professori
409 1422 105 20 Forsman:
540 1421 94 22 Tahdon
650 1421 66 21 lisätä
730 1426 59 16 vaan
805 1421 131 21 muutaman
952 1426 69 15 sanan

195 1450 78 26 siihen,
297 1450 55 22 mitä
370 1451 24 27 jo
409 1451 95 21 lausuin.
536 1451 76 21 Minun
627 1450 161 22 käsittääkseni
803 1450 78 22 voivat
895 1450 126 21 tämmöiset

195 1480 159 22 kutsumukset
369 1480 92 22 toisesta
476 1481 107 27 säädystä
596 1480 85 22 toiseen
694 1480 130 22 oikeastaan
834 1480 56 21 tulla
901 1479 120 28 kysymyk-

195 1515 54 16 seen
272 1510 137 26 ainoastaan,
433 1511 119 21 ennenkun
573 1510 56 28 joku
650 1510 144 28 säätypäätös
810 1516 29 16 on
855 1511 64 20 saatu
935 1509 85 22 aikaan.
