1181 1773
234 130 57 20 1488
561 128 75 18 Kesäk.
650 128 10 18 2
674 134 18 16 p.

203 182 86 21 inträde
305 182 7 21 i
329 182 42 22 den
387 182 71 22 finska
474 182 94 28 kyrkan,
585 182 28 22 dä
628 182 66 22 deras
709 183 51 25 rätt,
777 182 130 27 som'önska
917 182 111 22 bibehålla

203 212 44 21 den
267 212 82 27 gamla,
371 213 25 20 är
411 212 105 21 bevarad.
548 212 110 22 Tanklöst
673 212 31 21 tal
720 212 8 21 i
744 212 84 21 sädana
844 212 75 28 frägor
934 212 28 28 pä
977 212 51 28 kyr-

203 241 56 22 kans
275 241 90 22 omräde
381 242 24 21 är
420 242 34 21 till
470 242 76 22 skada.

275 271 57 21 Herr
355 272 84 21 talman
462 272 42 21 och
527 272 143 27 erkebiskop!
702 271 59 22 Frän
780 271 66 22 dessa
861 272 167 21 ständermöten

203 301 67 27 följer
286 307 36 15 oss
337 301 59 21 Eder
411 302 97 27 dyrbara
524 302 52 21 bild.
608 302 44 20 För
667 301 80 28 hvarje
761 301 59 28 gång
830 301 69 22 hafva
910 301 117 22 kärlekens

202 330 42 22 och
261 330 140 22 vördnadens
417 332 60 21 band
493 332 94 27 djupare
601 331 85 22 knutits
698 331 83 21 mellan
791 331 30 21 Er
831 331 42 21 och
884 331 62 21 detta
956 331 71 22 stånd.

203 360 28 21 Vi
247 360 66 22 tacka
327 360 59 22 Eder
401 361 101 28 hjertligt
518 362 41 21 och
571 363 74 19 varmt
656 361 34 21 för
701 361 60 22 hvad
772 361 10 21 I
793 360 58 22 varit
861 361 35 21 för
906 360 39 22 vår
956 361 72 27 kyrka

203 390 42 21 och
269 389 48 22 vårt
340 390 59 22 land.
430 391 29 21 Vi
476 392 65 20 tacka
562 391 58 21 Eder
641 391 102 27 hjertligt
763 391 42 21 och
821 392 80 25 varmt,
919 390 34 22 för
968 391 59 21 hvad

203 419 28 21 Ni
254 420 25 20 är
302 420 73 21 denna
391 420 44 28 dag
456 420 35 22 för
511 420 49 22 vårt
581 421 53 21 land
653 421 42 21 och
710 420 41 22 vår
767 420 78 28 kyrka,
861 420 42 22 och
919 420 22 22 vi
957 420 70 22 önska

203 449 124 28 uppriktigt
347 450 41 22 och
408 452 74 20 varmt
502 452 34 21 att
558 450 50 23 Gud
624 452 60 20 ännu
700 451 66 27 länge
783 450 68 21 måtte
867 450 86 22 förläna
969 450 58 22 Eder

202 479 62 22 kraft
287 480 42 21 och
352 480 63 22 helsa
438 481 35 21 för
496 482 32 20 att
544 481 76 22 kunna
636 481 52 21 leda
703 481 44 21 den
763 480 73 22 finska
851 480 88 28 kyrkan
954 480 73 22 såsom

202 509 85 22 hittills.

275 539 104 22 Vördade
395 540 41 21 och
452 541 92 21 älskade
560 541 93 21 talman!
687 541 28 20 Vi
730 540 77 21 kunna
822 540 49 21 icke
887 540 41 21 och
939 540 22 21 vi
973 540 54 27 vilja

203 568 48 21 icke
268 570 99 27 mottaga
383 569 58 22 Edra
458 571 39 20 ord
513 570 73 22 såsom
602 576 28 15 en
646 570 195 28 afskedshelsning
857 570 7 21 i
878 569 94 28 djupare
983 576 44 15 me-

203 598 60 28 ning.
297 599 50 21 Gud
365 599 74 28 gifver
454 600 86 21 krafter
556 600 22 21 åt
593 601 71 27 kropp
681 600 41 21 och
738 600 44 27 själ
798 600 42 21 och
855 599 23 22 vi
893 600 85 27 hoppas
994 601 33 20 att

175 627 2 3 *
202 627 45 22 han
258 628 67 21 också
340 629 57 21 skall
409 629 82 22 bevara
501 630 59 21 Edra
571 630 86 21 krafter
668 631 60 20 ännu
739 629 34 22 för
785 629 134 22 kommande
928 629 99 22 ständer-

203 657 82 22 möten.
317 658 54 22 Vårt
387 665 85 22 varma,
488 660 105 27 hjertliga
601 660 59 26 tack,
672 660 52 21 herr
734 659 85 22 talman
830 659 42 22 och
883 659 141 28 erkebiskop!

203 687 51 21 Gud
275 688 86 27 skydde
377 689 42 21 och
434 689 83 22 bevare
532 689 60 22 Eder
608 690 41 21 och
665 689 44 22 läte
725 689 34 22 sin
776 689 43 22 frid
835 689 41 22 och
891 689 134 28 välsignelse

203 717 61 21 hvila
280 717 64 22 öfver
359 718 58 22 Eder
432 719 153 22 lefnadsafton
601 720 41 21 och
658 719 66 28 länge
740 719 84 22 bevare
835 719 58 22 Eder
903 719 34 22 för
948 719 77 21 foster-

202 746 85 22 landet!
320 747 55 22 Värt
391 749 105 28 hjertliga
511 749 60 22 tack!

275 806 69 28 Sääty
361 807 76 22 erkani
453 808 43 22 k:lo
514 811 12 19 3
542 809 13 21 i.
573 815 20 22 p.

837 844 24 17 In
873 844 68 17 fidem:

823 874 22 18 A.
859 873 94 23 Almberg.
