1181 1773
232 120 42 20 868
538 120 91 18 Toukok.
643 119 11 18 9
668 124 17 18 p.

199 172 101 22 deremot
321 173 88 29 aflysta,
431 173 25 22 så
477 174 25 20 är
522 174 90 21 banken
632 173 88 22 befriad
740 172 49 22 från
805 173 62 21 detta
883 173 105 27 äfventyr
1003 172 23 22 af

199 202 155 29 förfalskning.
386 202 158 23 Öfverhufvud
560 203 65 22 torde
640 209 52 15 man
708 202 50 22 icke
773 203 71 21 heller
859 202 98 22 behöfva
973 208 53 16 anse

199 232 152 22 allmänheten
372 232 44 22 lida
431 232 69 28 något
516 233 7 21 i
540 233 63 21 detta
618 232 135 27 hänseende,
770 232 28 22 då
811 233 26 27 ju
854 238 28 16 en
897 232 130 28 tillräckligt

199 261 52 28 lång
274 262 32 21 tid
330 262 7 21 i
361 262 78 28 hvarje
459 262 109 22 händelse
589 262 73 22 skulle
684 262 153 26 föreskrifvas,
859 262 60 22 inom
935 262 92 22 hvilken

199 291 78 28 dylika
291 292 62 21 äldre
369 292 73 22 sedlar
458 292 70 22 borde
543 292 91 22 inlösas.

271 321 124 22 Professori
414 322 114 26 Runeberg:
559 322 208 28 Bankfullmäktige
782 322 70 21 hafva
867 321 74 22 såsom
957 322 69 21 motiv

200 350 35 22 för
250 350 39 22 sitt
304 350 85 29 förslag
405 351 75 22 anfört
496 352 44 21 den
555 352 173 27 omständighet,
745 358 48 15 som
809 351 113 28 professor
935 351 92 22 Donner

199 386 32 16 nu
251 380 132 28 ytterligare
399 382 73 27 utlagt
488 382 42 21 och
546 381 99 27 betonat,
661 381 55 21 eller
732 382 34 20 att
781 381 66 22 dessa
863 381 74 28 gamla
953 382 74 21 sedlar

200 410 72 21 skulle
295 410 107 22 innebära
423 417 28 15 en
474 411 44 21 viss
540 411 46 21 risk
607 411 35 21 för
662 411 156 28 förfalskning.
850 411 115 21 Utskottet
985 411 42 21 har

200 439 35 22 för
251 439 34 22 sin
301 439 36 22 del
353 440 49 23 icke
417 441 87 22 kunnat
520 441 60 21 fästa
595 440 73 29 någon
684 441 48 28 vigt
747 440 38 23 vid
802 441 62 22 detta
879 440 75 23 motiv.
986 441 39 22 Ut-

200 469 84 22 skottet
299 470 66 28 säger
381 472 33 20 att
429 477 53 15 man
498 471 50 26 ,väl
562 471 112 28 knappast
684 471 69 21 borde
764 471 75 22 kunna
849 470 46 22 tala
906 476 37 16 om
953 470 73 29 någon

200 499 45 22 risk
262 499 35 22 för
312 501 33 20 att
361 500 65 22 dessa
442 501 81 26 sedlar,
539 501 77 21 hvilka
632 500 36 22 för
683 501 34 21 sin
733 501 134 27 sällsynthet
878 500 79 22 endast
967 501 58 21 efter

200 535 117 22 noggrann
338 530 142 28 ompröfning
497 530 76 22 kunde
589 529 98 29 påräkna
703 530 122 27 afnämare,
842 530 75 22 blefve
933 530 93 22 föremål

201 559 34 21 för
251 559 170 28 förfalskning".
453 560 80 21 Denna
549 560 144 28 uppfattning
708 559 71 22 måste
794 561 40 27 jag
849 560 28 21 be
893 561 33 20 att
942 559 22 22 få
979 560 46 21 vid-

200 588 59 22 hålla
283 590 114 27 gentemot
420 590 44 21 den
486 589 151 29 uppfattning,
654 590 114 27 professor
790 589 92 22 Donner
904 589 41 22 här
965 590 61 27 gjort

200 618 111 28 gällande.
343 619 43 28 Jag
406 619 41 22 har
461 619 51 22 icke
527 619 51 22 hört
594 619 120 28 uppgifvas
730 621 33 20 att
779 619 66 22 dessa
860 619 75 28 gamla
951 619 74 22 sedlar

200 647 108 28 någonsin
329 648 72 22 skulle
421 649 69 22 hafva
508 649 76 22 blifvit
600 649 93 22 föremål
709 649 35 22 för
760 649 149 28 förfalskning
924 649 42 22 och
982 649 43 22 för-

201 677 113 28 falskning
335 678 26 21 af
379 679 114 21 desamma
516 679 65 22 torde
601 679 7 21 i
627 679 82 28 sjelfva
725 679 80 22 verket
819 679 50 22 icke
884 679 69 21 hafva
968 679 57 21 före-

200 707 100 22 kommit.
331 707 10 22 I
362 708 79 28 hvarje
462 709 108 21 händelse
590 709 41 21 har
653 715 52 15 man
725 708 62 23 svårt
807 710 33 20 att
861 708 114 22 föreställa
991 709 34 27 sig

201 738 33 20 att
249 737 66 22 dessa
331 737 75 28 gamla
421 738 74 22 sedlar
511 739 73 21 skulle
598 738 66 28 göras
675 739 34 21 till
720 738 93 22 föremål
825 738 34 22 för
870 738 154 27 förfalskning,

201 766 28 22 då
244 766 150 23 förfalskaren
409 769 39 20 vet
463 769 33 20 att
511 768 45 21 han
571 768 49 22 icke
636 769 44 21 kan
696 768 93 28 prångla
805 769 24 20 ut
840 768 50 21 dem
901 768 8 21 i
919 767 105 27 rörelsen,

201 797 54 20 utan
276 797 79 21 endast
375 797 44 22 kan
439 799 131 26 presentera
590 798 51 21 dem
657 798 34 21 till
706 797 87 22 inlösen
808 798 7 21 i
831 797 194 28 sedelutgifnings-

200 825 118 24 institutet,
335 826 40 22 der
390 827 142 28 naturligtvis
548 833 29 16 en
592 827 144 28 granskning,
753 833 48 16 som
816 827 45 22 kan
877 827 104 28 uppdaga
997 833 28 16 en

201 855 78 28 möjlig
301 856 154 29 förfalskning,
475 857 49 22 icke
540 858 25 21 är
580 857 52 22 svår
647 859 33 20 att
695 857 160 22 åstadkomma.
887 857 77 22 Skulle
980 857 45 21 sär-

200 885 69 22 skildt
294 885 121 29 någonting
440 886 79 23 sådant
542 887 96 27 inträffa,
663 893 49 15 som
735 888 114 27 professor
871 886 91 23 Donner
984 887 41 21 här

200 915 106 27 antydde,
329 916 54 22 eller
404 918 33 20 att
458 922 28 16 en
507 922 82 22 person
604 917 158 27 presenterade
778 917 34 21 till
827 916 86 22 inlösen
929 919 96 24 200,000

200 944 65 22 mark
280 945 33 21 uti
329 945 65 22 dessa
409 946 75 22 sedlar
500 946 26 22 af
538 946 135 27 rubelvalör,
684 946 24 22 så
724 946 73 22 skulle
808 952 53 16 man
870 946 50 22 icke
931 946 95 22 allenast

200 974 52 22 med
268 974 41 22 allt
324 975 49 21 skäl
389 976 76 21 kunna
481 976 123 22 misstänka
615 982 28 16 en
654 976 156 28 förfalskning,
826 978 55 20 utan
896 976 68 21 äfven
974 976 52 21 med

200 1004 42 21 full
257 1004 106 22 säkerhet
377 1006 53 20 veta
446 1007 33 20 att
494 1006 104 21 sedlarna
614 1007 38 20 äro
669 1006 144 26 förfalskade,
830 1005 28 22 då
871 1006 27 27 ju
913 1005 49 22 icke
978 1011 47 15 mer

200 1034 29 21 än
251 1036 96 24 213,000
363 1035 64 21 mark
441 1035 9 21 i
466 1035 65 21 dessa
547 1035 75 22 sedlar
637 1036 39 21 äro
692 1035 96 22 oinlösta
804 1036 41 21 och
861 1041 52 15 man
929 1035 51 21 med
996 1035 30 21 all

200 1063 106 22 säkerhet
321 1064 45 21 kan
381 1066 83 26 antaga
480 1066 33 20 att
528 1065 72 21 större
616 1065 66 21 delen
693 1065 26 21 af
728 1065 28 21 de
767 1065 96 22 oinlösta
873 1064 104 22 sedlarna
987 1066 38 20 äro

200 1092 118 22 förstörda.
350 1094 40 21 Att
405 1094 74 28 någon
495 1094 73 22 skulle
585 1094 109 22 förfalska
709 1095 81 27 sedlar,
804 1094 77 22 hvilka
891 1094 49 22 icke
951 1094 76 22 kunna

199 1122 116 22 användas
331 1123 7 21 i
354 1123 43 22 den
412 1124 114 22 allmänna
540 1124 106 24 rörelsen,
663 1125 25 21 är
704 1131 13 15 a
728 1124 67 28 priori
806 1123 54 29 föga
871 1124 104 22 tänkbart
985 1124 42 21 och

200 1152 41 21 har
257 1152 46 28 mig
319 1153 125 28 veterligen
459 1154 49 21 icke
525 1154 149 21 förekommit.

272 1181 65 22 Hvad
361 1182 69 22 sedan
454 1189 99 16 assessor
576 1181 137 24 Johanssons
737 1183 86 28 förslag
842 1183 35 21 till
898 1183 129 28 förändring

199 1210 114 28 beträffar,
331 1211 24 22 så
370 1213 25 20 är
411 1212 77 22 derom
498 1213 50 21 icke
559 1213 91 27 mycket
661 1215 33 19 att
704 1214 61 27 säga.
788 1213 45 21 Det
843 1213 92 21 innebär
945 1213 82 28 precist

200 1240 126 22 detsamma
351 1247 49 16 som
423 1242 122 22 utskottets
570 1243 86 27 förslag
678 1243 56 21 eller
757 1244 33 20 att
813 1242 214 28 bankfullmäktiges

199 1270 86 28 förslag
306 1270 49 22 icke
375 1271 68 22 måtte
464 1272 34 22 till
514 1272 74 28 någon
604 1272 78 28 åtgärd
698 1272 123 22 föranleda.
853 1272 84 27 Hvarje
953 1272 74 21 beslut

199 1300 72 27 gäller
285 1300 26 28 ju
327 1300 80 23 endast
422 1302 35 21 för
473 1302 38 21 det
526 1302 140 22 närvarande
677 1302 42 22 och
729 1302 50 22 icke
790 1302 35 22 för
836 1308 28 15 en
875 1302 52 27 evig
937 1301 91 21 framtid

199 1330 42 20 och
262 1330 23 22 vi
306 1330 76 22 kunna
401 1331 50 21 icke
467 1331 28 28 på
510 1331 68 28 något
594 1333 45 20 sätt
655 1332 67 21 binda
738 1332 100 27 följande
855 1331 96 21 ständer.
983 1330 45 22 Det

199 1358 116 23 förefaller
339 1360 45 28 mig
409 1360 57 22 dock
488 1361 107 28 riktigare
620 1363 32 19 att
673 1362 41 20 här
735 1362 54 27 säga
805 1362 34 20 att
857 1360 120 28 ,förslaget
994 1360 34 22 för

199 1388 38 22 det
259 1390 141 21 närvarande
415 1390 50 22 icke
482 1390 68 22 måtte
566 1390 34 22 till
616 1390 78 28 åtgärd
711 1391 138 26 föranleda”,
867 1390 93 22 emedan
976 1396 52 15 man

198 1418 41 21 bör
255 1418 86 22 förutse
357 1421 34 19 att
407 1420 107 28 möjligen
531 1420 133 22 förändrade
681 1420 155 22 förhållanden
851 1420 76 22 kunna
938 1420 90 27 betinga

199 1448 32 20 ett
247 1450 70 20 annat
332 1449 81 21 beslut.

271 1478 126 22 Professori
413 1478 91 22 Palmén:
536 1479 60 21 Minä
611 1480 81 27 pyysin
703 1480 174 27 puheenvuoroa
888 1479 90 21 lähinnä
989 1485 40 15 sen

196 1506 107 27 johdosta
320 1508 46 21 että
382 1508 77 22 minun
475 1509 191 27 ymmärtääkseni
681 1510 49 21 olisi
744 1510 66 21 aivan
821 1510 109 21 suotavaa
940 1508 89 22 ainakin
