1181 1773
223 123 57 19 1306
524 122 91 18 Toukok.
628 122 23 18 26
663 128 18 16 p.

192 174 104 28 påminna
312 175 52 28 mig,
381 176 43 21 den
439 176 27 21 af
479 175 89 22 ståndet
583 176 119 28 godkända
718 176 179 22 reservationens
913 176 60 22 kläm
984 175 32 22 så-

192 204 69 22 lunda
282 206 33 20 att
335 205 88 21 ståndet
443 211 83 22 genom
547 207 33 20 att
600 206 95 22 omfatta
714 206 131 21 densamma
860 206 73 22 skulle
948 206 69 22 hafva

192 234 93 22 beslutit
303 236 34 20 att
352 235 49 21 icke
417 235 35 22 för
467 236 141 21 närvarande
624 236 78 21 anvisa
717 235 28 28 på
761 236 99 21 bankens
876 236 140 25 vinstmedel,

193 270 51 16 men
266 266 33 20 att
318 264 88 22 ståndet
421 265 130 28 derigenom
567 265 122 28 ingalunda
704 265 73 21 skulle
793 266 68 21 hafva
878 265 91 22 beslutit
985 266 32 21 att

192 294 73 21 under
285 294 44 21 alla
349 295 191 27 omständigheter
560 295 50 22 icke
630 302 31 15 nu
676 296 104 20 använda
796 295 65 21 dessa
877 294 139 23 vinstmedel.

193 324 9 21 I
224 324 83 27 sjelfva
327 324 79 22 verket
426 324 63 28 ingår
510 325 67 21 bland
596 325 28 21 de
641 325 90 27 förslag,
748 325 178 21 statsutskottets
942 325 75 21 betän-

193 353 74 22 kande
283 353 128 27 innehåller,
427 354 50 22 icke
488 356 32 20 ett
531 355 65 26 enda,
608 360 48 16 som
666 355 50 21 icke
727 355 72 21 skulle
810 355 7 21 i
828 354 73 29 någon
912 354 50 22 mån
971 360 46 16 mer

193 383 56 21 eller
272 383 85 21 mindre
378 384 69 22 anlita
466 384 107 22 Finlands
593 384 76 22 Banks
690 384 141 22 vinstmedel.
867 384 43 22 Om
931 384 86 22 således

193 412 165 28 presteståndet
377 414 130 28 godkänner
527 414 68 28 något
615 414 26 22 af
659 414 66 22 dessa
746 414 91 28 förslag,
854 414 42 22 blir
912 414 37 22 det
965 414 52 22 nöd-

193 442 94 29 vändigt
307 444 34 21 att
360 443 104 23 betrakta
484 444 100 22 ståndets
605 444 75 22 beslut
699 444 96 22 rörande
816 444 106 22 Finlands
942 444 75 22 Banks

193 473 135 22 vinstmedel
343 473 80 22 endast
438 474 74 21 såsom
528 476 32 19 ett
576 474 116 22 eventuelt
707 474 75 22 beslut
797 474 42 21 och
855 475 33 20 att
904 474 114 28 upphäfva

195 503 124 21 detsamma
341 503 7 21 i
363 503 73 22 denna
452 504 77 28 punkt.
561 504 69 21 Detta
646 504 160 28 upphäfvande
822 504 44 21 kan
882 503 28 22 dä
925 505 92 20 utsträe-

195 533 40 21 kas
257 539 47 15 mer
325 533 55 22 eller
395 533 93 27 mindre,
505 540 51 15 men
572 534 42 21 blir
630 540 47 15 som
694 534 67 27 sagdt
776 534 145 27 nödvändigt,
937 533 28 22 då
980 533 38 22 det

194 562 50 21 icke
266 563 121 28 föreligger
408 563 134 28 någonslags
563 564 120 27 utredning
703 569 36 16 om
759 565 34 20 att
808 563 38 22 det
861 569 54 16 vore
931 563 88 28 möjligt

194 593 34 20 att
248 593 101 26 utjemna
368 593 80 22 brister
464 593 6 22 i
486 593 152 28 bevillningen
653 593 29 28 på
697 593 68 28 något
780 595 69 20 annat
864 594 51 21 sätt.
941 593 77 22 Skulle

194 628 31 15 nu
248 622 165 27 presteståndet
436 623 57 22 fatta
514 625 32 20 ett
567 623 109 22 definitivt
698 623 74 22 beslut
793 624 33 21 att
845 623 50 22 icke
916 623 103 22 använda

194 651 69 28 något
283 652 26 21 af
327 652 106 22 Finlands
449 653 75 22 Banks
540 653 135 22 vinstmedel
691 653 35 22 för
741 653 134 22 kommande
891 652 30 27 år,
937 652 24 22 så
976 653 43 20 blir

196 681 38 22 det
249 681 139 29 nödvändigt
404 684 33 20 att
453 683 106 28 uppfinna
574 683 73 28 någon
663 683 93 21 alldeles
772 689 31 22 ny
814 683 41 22 och
866 683 41 21 här
917 683 41 21 alls
969 682 49 22 icke

195 711 128 28 föreslagen
338 712 61 21 skatt
414 712 35 22 för
464 714 33 20 att
512 713 96 22 betäcka
623 713 73 21 denna
711 713 62 21 brist.

267 741 75 28 Enligt
358 741 45 22 min
419 743 143 27 uppfattning
578 749 40 15 var
632 742 86 22 således
730 742 99 22 ståndets
840 742 178 22 beslut-rörande

195 771 69 21 dessa;
285 773 75 26 poster
381 773 114 20 eventuelt
516 773 41 21 och
578 773 38 20 det
636 773 131 20 ankommer
787 778 31 15 nu
839 772 28 28 på
882 771 88 22 ståndet
985 773 34 20 att

196 800 57 22 fatta
274 802 33 20 ett
327 801 110 22 definitivt
457 802 79 21 beslut.
568 802 45 21 Det
634 802 113 21 definitiva
767 802 80 26 beslut,
863 807 48 16 som
927 801 28 22 då
970 802 48 21 när-

195 831 60 20 mast
268 831 212 22 öfverensstämmer
490 832 51 21 med
552 832 100 21 ståndets
663 831 135 28 föregående
809 831 118 22 eventuela
939 831 79 26 beslut,

195 861 25 20 är
241 861 33 20 att
293 861 118 27 godkänna
427 861 39 22 det
482 861 90 29 förslag,
589 867 48 16 som
654 861 123 22 framstälts
794 861 26 22 af
833 861 44 22 den
893 867 42 16 ena
951 861 67 21 mino-

194 890 83 22 riteten
297 890 7 22 i
325 891 166 22 statsutskottet
507 892 42 21 och
565 891 93 22 sålunda
674 892 89 21 besluta
780 897 41 20 ,en
837 891 55 28 årlig
908 891 82 27 ökning
1005 890 13 22 å

194 920 188 27 stämpelskatten
406 922 50 20 med
480 924 95 24 450,000
600 921 41 22 och
666 921 12 21 ä
694 921 145 21 maltskatten
855 921 51 21 med
924 923 93 24 190,000

195 949 70 27 mark,
282 950 145 28 hvarigenom
443 951 43 21 den
502 951 120 21 eventuela
637 951 147 27 anvisningen
799 950 13 22 å
827 950 106 22 Finlands
943 950 76 22 Banks

195 979 134 22 vinstmedel
348 980 73 22 skulle
439 980 74 28 uppgå
531 981 7 21 i
559 981 67 21 rundt
646 981 32 21 tal
700 980 33 22 till
754 980 67 28 högst
842 983 94 24 300,000
956 980 63 21 mark

193 1008 108 28 årligen".

268 1038 139 29 Yliopettaja
430 1040 97 21 Kihlman:
562 1040 182 22 Statsutskottets
768 1040 153 28 föreliggande
944 1040 75 21 betän-

195 1068 74 21 kande
290 1070 25 20 är
335 1070 32 20 ett
387 1070 240 28 kompromissförslag,
649 1076 48 15 som
718 1070 95 21 kommit
833 1070 34 20 till
882 1069 64 22 stånd
962 1069 58 22 efter

195 1097 82 29 många
293 1099 41 21 och
350 1098 65 22 svåra
431 1100 80 21 strider
527 1100 59 21 inom
602 1100 116 21 utskottet.
749 1100 52 20 Men
815 1099 48 28 just
877 1099 94 21 emedan
982 1098 38 22 det

195 1128 26 20 är
239 1129 34 19 ett
288 1128 233 29 kompromissförslag
536 1130 38 21 äro
591 1130 69 21 äfven
675 1130 27 21 de
716 1129 180 27 anmärkningar,
907 1128 113 28 professor

195 1157 95 21 Palmén
308 1158 60 28 gjort
384 1160 47 20 mot
446 1159 131 27 detsamma,
593 1159 147 28 berättigade,
757 1160 25 26 ty
798 1159 167 21 statsutskottet
979 1158 41 21 har

195 1186 7 22 i
223 1187 84 27 sjelfva
325 1188 79 21 verket
419 1188 69 22 redan
504 1189 60 27 gjort
581 1190 32 20 ett
628 1189 61 27 slags
705 1188 315 28 sammanjemkningsförslag

195 1216 84 22 mellan
299 1218 82 21 tvenne
401 1218 60 22 olika
481 1218 89 28 åsigter,
590 1218 87 22 hvilket
695 1218 180 28 tillvägagående
889 1218 26 27 ju
931 1217 48 22 icke
995 1218 25 20 är

195 1246 87 28 vanligt
305 1247 7 21 i
334 1249 33 19 ett
390 1248 141 22 betänkande
554 1248 79 22 sådant
657 1254 48 16 som
728 1248 69 21 detta.
829 1248 45 21 Det
889 1247 58 21 hade
962 1247 58 21 varit

195 1276 131 22 korrektare
347 1279 34 19 att
401 1277 45 22 låta
467 1278 27 21 de
514 1279 84 20 tvenne
616 1279 149 20 motsatserna
780 1277 123 22 tillsvidare
919 1276 102 28 tydligen

195 1305 94 22 framstå
310 1307 41 21 och
373 1307 56 21 först
449 1308 128 21 sedermera
592 1308 102 27 uppgöra
709 1306 240 29 kompromissförslag.
981 1306 40 21 Att

195 1336 168 22 statsutskottet
384 1337 125 21 emellertid
529 1337 49 21 icke
597 1338 80 27 gjorde
698 1337 30 27 så,
750 1336 76 22 derför
845 1336 66 22 faller
926 1336 95 22 skulden

194 1364 35 22 till
250 1371 29 15 en
300 1366 36 21 del
357 1366 28 28 på
405 1367 52 28 mig.
488 1367 45 21 När
554 1367 38 21 det
612 1367 114 27 nämligen
746 1367 7 21 i
769 1366 110 22 utskottet
895 1366 49 21 blef
958 1365 63 27 fråga

195 1394 85 27 derom,
297 1395 59 22 hvad
367 1396 164 28 presteståndet
542 1396 140 22 beträffande
692 1396 44 22 den
746 1396 116 22 blifvande
873 1395 148 22 bankvinsten

195 1424 100 27 beslutit,
311 1425 24 21 så
351 1426 96 22 befanns
463 1426 228 28 protokollsutdraget
706 1426 24 22 så
746 1426 105 22 affattadt
866 1427 34 20 att
911 1431 51 15 man
973 1424 48 22 der-

195 1453 26 21 af
234 1454 76 22 kunde
327 1455 70 28 draga
413 1456 43 21 den
472 1456 91 21 slutsats
579 1457 34 20 att
628 1455 165 29 presteståndet
803 1455 92 21 beslutit
905 1456 34 20 att
948 1454 73 28 någon

195 1482 36 22 del
253 1484 27 21 af
299 1484 101 22 bankens
422 1485 115 22 blifvande
558 1485 134 22 vinstmedel
708 1486 7 21 i
730 1486 57 21 intet
804 1485 39 21 fall
859 1484 60 28 finge
933 1486 65 26 tagas
1015 1484 6 21 i

195 1513 103 27 anspråk.
330 1514 79 22 Såsom
430 1515 113 28 professor
558 1515 120 28 Runeberg
694 1521 53 21 nyss
764 1515 77 27 riktigt
857 1514 108 26 erinrade,
981 1520 40 16 var
