1181 1773
496 123 76 18 Kesäk.
585 123 11 17 2
609 128 18 18 p.
901 125 54 19 1487

163 177 70 21 folket
255 182 28 16 en
299 176 90 28 ovanlig
404 176 140 28 uthällighet,
560 177 96 27 pröfvad
671 177 7 21 i
694 177 85 25 arbete,
796 176 134 22 försakelser
946 176 41 21 och

163 207 66 21 faror.
261 206 86 22 Genom
368 206 66 22 dessa
455 206 136 28 betingelser
612 206 75 22 kunde
708 207 38 21 det
764 206 72 22 finska
853 206 70 22 folket
939 205 48 21 föra

163 236 105 28 odlingen
283 236 70 28 högre
368 242 45 22 upp
430 238 46 19 mot
491 236 92 27 norden,
599 237 29 21 än
643 236 69 28 något
726 238 70 20 annat
807 236 46 21 folk
864 235 28 28 pä
900 235 87 27 jorden.

163 266 44 21 Vid
227 266 43 21 den
289 266 133 27 breddgrad,
439 266 39 21 der
494 266 78 28 längre
588 266 86 21 österut
689 266 57 21 intet
763 266 49 21 träd
828 266 76 26 växer,
920 265 67 27 ingen

163 296 79 26 buske,
266 295 39 21 der
328 295 62 27 bölja
412 296 7 20 i
440 295 50 22 vårt
510 296 52 21 land
578 296 142 28 grönskande
736 295 110 22 sädesfält
862 295 41 22 och
919 294 68 28 fägna

163 325 170 22 landtmannens
357 325 48 28 öga.
438 325 78 21 Skulle
536 326 50 21 icke
607 326 62 21 detta
689 326 53 20 land
761 331 55 15 vara
836 331 37 15 oss
889 324 98 28 dyrbart,

164 355 61 21 detta
241 354 28 22 de
286 356 65 20 tusen
367 355 72 27 sjöars
455 355 62 21 land!

235 384 92 22 Tvänne
350 384 84 28 gänger
454 385 42 21 har
516 391 28 15 en
565 385 83 21 allmän
664 384 100 28 eröfring
779 384 77 22 träffat
871 384 49 21 värt
935 383 51 22 land

164 414 41 22 och
221 414 110 22 hvardera
347 414 87 28 gängen
450 414 79 28 bragte
545 414 44 22 den
604 420 37 16 oss
657 420 28 16 en
701 414 34 22 rik
751 414 74 28 gäfva.
856 413 50 22 Den
917 414 70 21 första

164 444 128 28 eröfringen
311 444 53 22 kom
384 444 49 22 frän
454 446 75 20 vester
550 444 41 22 och
612 444 64 22 förde
697 444 51 21 med
765 444 34 28 sig
815 444 172 25 kristendomen,

163 474 132 27 visserligen
319 474 134 22 fördunklad
476 475 42 21 och
541 475 7 20 i
572 474 80 29 mänga
673 474 122 22 afseenden
811 473 109 26 vanstäid,
937 479 51 15 men

165 504 43 21 den
230 503 63 22 förde
308 504 34 21 till
357 510 37 15 oss
409 504 103 27 kunskap
528 510 36 15 om
580 504 96 27 Kristus,
693 504 62 21 Guds
772 509 46 16 son.
849 503 51 21 Med
916 503 72 21 denna

165 533 100 28 eröfring
285 533 70 28 följde
376 540 28 15 en
427 534 103 21 växande
554 534 85 28 odling;
656 534 53 21 land
725 533 86 28 bygdes
828 533 50 21 med
894 533 37 27 lag
946 532 42 21 och

164 563 87 28 bygder
266 563 81 22 brötos.
379 563 51 22 Men
446 569 28 16 en
490 570 74 15 annan
580 564 99 27 eröfring
694 563 98 22 väntade
809 569 35 15 oss
861 562 49 22 frän
921 561 66 26 öster,

165 599 51 15 men
239 593 52 21 Gud
313 593 96 28 hejdade
430 593 51 22 dess
502 594 110 21 ankomst.
643 593 157 28 Mongolernas
817 591 171 23 fruktansvärda

165 623 64 21 infall
249 623 7 21 i
276 623 89 28 Europa
386 623 123 22 förlamade
529 623 35 22 för
579 623 74 22 sekler
668 623 124 27 Rysslands
808 622 103 22 växande
927 621 62 21 makt

165 653 42 21 och
223 652 128 28 derigenom
366 653 50 22 blef
428 653 39 21 det
482 653 88 28 möjligt
586 653 34 22 för
635 653 176 22 reformationen
826 653 33 20 att
869 652 67 21 vinna
947 651 41 21 fot-

166 682 58 22 fäste
245 683 42 21 och
303 682 79 28 stadga
397 683 7 21 i
420 682 54 22 vära
490 683 76 22 fäders
580 683 60 21 land.
672 683 49 21 Den
738 682 73 21 finska
826 682 103 27 krigaren
945 680 43 22 för-

165 712 101 21 unnades
289 713 33 20 att
344 712 81 22 trofast
446 713 41 21 och
508 713 94 28 manligt
621 713 83 27 kämpa
719 711 123 28 afgörande
858 711 80 22 strider
954 710 35 21 för

165 743 55 20 tros-
236 742 42 21 och
293 742 174 28 sanningsfrihet
482 742 28 28 pä
526 743 126 27 Tysklands
668 742 136 21 minnesrika
819 741 97 28 slagfält.

237 771 35 21 Dä
291 771 39 22 vär
350 772 212 28 samfundsordning
581 772 127 21 utvecklats
729 771 33 22 till
785 777 28 15 en
832 771 69 28 högre
916 769 73 22 ständ-

166 801 77 27 punkt,
269 801 28 21 dä
319 801 52 22 kom
395 801 127 28 eröfringen
547 801 48 22 från
619 801 67 27 öster,
702 801 42 22 och
767 801 43 21 den
825 801 52 21 kom
893 799 37 22 vid
946 799 43 21 den

166 831 110 27 tidpunkt,
293 837 48 15 som
356 837 41 15 var
412 833 170 26 gynnsammast
599 831 34 22 för
648 831 50 22 värt
714 831 53 22 folk.
784 831 50 21 Den
845 829 144 22 ädelsinnade

167 860 114 21 eröfraren
296 861 139 21 stadfästade
451 861 39 22 vär
506 861 94 28 religion
616 861 42 22 och
671 861 54 21 vära
736 860 136 29 grundlagar
883 859 41 22 och
936 865 53 21 upp-

166 890 67 28 höjde
249 896 44 21 oss,
309 890 38 22 det
361 890 72 22 finska
449 891 77 26 folket,
541 891 68 21 bland
625 891 143 21 nationernas
779 890 66 22 antal.
869 889 66 22 Hvad
945 889 44 21 han

166 920 131 27 grundlade,
313 920 38 22 det
367 920 140 22 fullbordade
524 921 128 21 Alexander
668 920 27 27 II,
712 920 28 22 dä
753 920 45 22 han
809 918 181 29 äterupprättade

166 949 49 22 vårt
235 950 192 22 konstitutionella
447 950 126 22 statsskick.
605 950 35 22 Då
654 950 23 22 vi
694 950 75 22 derför
785 951 58 20 reste
859 949 130 21 minnessto-

167 979 43 21 den
231 979 22 21 åt
274 980 43 21 den
332 980 144 21 ädelsinnade
492 980 139 28 välgöraren,
648 980 25 21 så
687 986 41 15 var
744 980 38 20 det
798 981 32 19 ett
845 978 145 28 gränsmärke

167 1008 35 22 för
217 1015 28 15 en
260 1008 52 29 lång
327 1010 173 28 utvecklingstid
516 1010 40 21 hos
573 1010 37 21 det
625 1010 73 21 finska
714 1009 77 22 folket.
816 1008 69 22 Detta
895 1008 94 21 minnes-

167 1038 77 22 märke
259 1039 60 21 visar
334 1039 93 21 tillbaka
443 1040 41 21 och
499 1040 61 21 visar
574 1039 80 22 framåt
672 1040 42 21 och
730 1045 78 15 manar
818 1038 33 22 till
863 1037 126 23 förtröstan.

167 1068 35 21 Då
217 1068 69 22 Israel
301 1069 87 21 fordom
402 1076 41 14 var
459 1069 90 27 härjadt
564 1070 42 20 och
623 1069 109 27 förtryckt
749 1068 41 22 och
806 1068 50 22 Gud
872 1067 41 28 gaf
921 1066 68 28 hjelp,

167 1097 28 22 då
215 1099 60 20 reste
295 1098 90 22 Samuel
405 1105 28 15 en
454 1100 56 26 sten,
531 1105 48 15 som
598 1100 45 20 han
658 1098 111 22 benämde
788 1098 115 27 ,hjelpens
919 1098 71 24 sten”,

169 1128 42 21 och
226 1128 45 21 han
287 1128 53 21 sade
358 1146 4 8 ,
362 1128 87 26 hittills
465 1128 41 22 har
521 1128 86 22 Herren
623 1128 73 28 hulpit
711 1130 58 20 oss".
792 1127 72 22 Också
875 1127 22 21 vi
907 1126 82 26 kunna,

168 1156 28 22 då
218 1157 23 21 vi
264 1159 59 20 reste
344 1158 73 21 denna
436 1158 146 27 minnesstod,
603 1158 69 22 tänka
680 1151 13 39 ,
689 1158 92 26 hittills
797 1158 40 20 har
852 1156 51 22 Gud
919 1155 72 28 hulpit

168 1186 72 28 kyrka
256 1187 41 21 och
313 1189 65 20 stat".

239 1216 64 22 Huru
322 1217 41 27 rik,
381 1217 58 22 huru
456 1217 137 29 mångfaldig
608 1218 25 21 är
648 1218 50 20 icke
714 1217 119 27 maningen
848 1216 7 21 i
871 1216 62 21 detta
949 1214 42 22 för-

169 1245 88 29 gångna
281 1246 33 22 till
338 1247 120 21 förtröstan
482 1247 35 21 för
540 1253 43 15 oss.
615 1247 10 21 I
649 1247 37 21 det
708 1247 86 27 viktiga
812 1246 107 26 tidskifte,
943 1250 48 16 som

168 1276 72 27 ligger
259 1276 82 22 bakom
363 1282 42 21 oss,
425 1277 84 21 hafven
524 1277 16 26 I,
557 1277 52 21 herr
624 1277 92 25 talman,
732 1276 29 28 på
776 1278 32 19 ett
823 1274 170 29 betydelsefullt

171 1306 45 20 sätt
235 1306 96 28 ingripit.
363 1306 9 21 I
388 1306 84 22 hafven
488 1307 96 27 bidragit
600 1307 34 21 till
650 1306 81 28 många
747 1306 86 27 viktiga
848 1304 86 28 frågors
950 1304 42 21 lös-

168 1335 54 27 ning
242 1336 42 21 och
303 1335 72 22 såsom
393 1336 84 22 talman
497 1336 35 22 för
548 1336 62 22 detta
625 1336 64 22 stånd
705 1336 85 21 hafven
805 1335 10 21 I
831 1333 162 23 undertecknat

168 1364 86 28 viktiga
277 1366 171 21 ständerbeslut.
480 1366 81 22 Likaså
583 1366 85 21 hafven
688 1366 10 21 I
719 1366 38 21 vid
779 1365 27 21 de
825 1364 71 22 finska
912 1363 80 27 kyrko-

169 1394 90 22 mötena
274 1394 47 22 ledt
337 1395 50 21 dess
404 1396 168 28 förhandlingar
588 1396 41 21 och
646 1396 27 20 de
687 1395 104 28 kyrkliga
802 1394 112 22 böckerna
924 1392 69 22 hafva

169 1424 79 21 vunnit
263 1424 143 22 stadfästelse
422 1426 26 20 af
456 1425 284 28 kyrkorepresentationen.
762 1424 29 22 Vi
801 1424 58 28 fingo
871 1430 30 20 ny
912 1422 81 28 psalm-

169 1453 51 27 bok,
241 1454 156 28 evangeliibok
415 1455 42 21 och
472 1455 112 27 handbok,
601 1455 41 21 och
657 1461 31 15 nu
704 1456 76 20 senast
795 1454 40 21 har
850 1452 143 28 kyrkomötet

169 1483 87 27 antagit
279 1490 28 15 en
330 1490 30 21 ny
383 1484 100 22 katekes.
514 1484 46 22 Det
583 1486 25 20 är
631 1486 33 20 att
684 1484 86 28 hoppas
791 1485 32 19 att
839 1482 67 22 också
920 1482 73 21 denna

169 1512 118 28 kyrkobok
310 1520 81 21 genom
413 1514 139 22 moderation
574 1514 42 22 och
637 1514 96 27 lojalitet
753 1513 76 22 ostörd
848 1512 58 22 skall
926 1511 68 21 vinna
