1181 1773
229 122 42 18 894
525 120 91 19 Toukok.
631 121 21 17 12
665 125 17 18 p.

199 204 155 21 senkaltainen
371 204 53 21 ettei
440 204 44 21 sitä
499 206 64 19 saata
578 204 120 22 ollenkaan
712 205 133 27 ymmärtää.
877 204 103 22 Lauseen
995 205 30 28 pi-

199 234 50 21 täisi
269 234 36 21 kai
320 234 84 21 kuulua
422 234 66 27 ,joka
503 234 80 21 uhkasi
599 234 65 21 toisia
680 234 195 21 velvollisuudella
891 234 135 22 kantamaan

199 263 120 27 kärsittyjä
338 264 106 27 tappioita
460 270 166 15 suuremmassa
642 264 114 21 määrässä
771 264 54 21 kuin
841 264 85 21 toisia*.
958 264 68 28 Kyllä

200 293 207 21 suomenkielisessä
427 293 145 21 mietinnössä
587 299 29 15 on
631 294 124 21 muutamia
771 294 108 21 muitakin
895 294 73 27 pieniä
983 294 42 22 vir-

199 323 67 26 heitä,
288 324 71 20 mutta
378 323 68 21 niihin
466 329 28 15 en
515 323 68 21 tahdo
605 323 82 27 kajota.
719 323 124 21 Rohkenen
864 324 68 20 tehdä
950 325 75 20 tämän

200 352 163 22 muistutuksen
380 352 122 22 sentähden
519 354 47 20 että
581 352 164 22 mainitsemani
761 359 39 15 osa
815 353 113 21 lauseesta
939 359 28 16 on
977 360 49 15 ver-

200 383 109 20 taamatta
325 382 161 22 ruotsalaiseen
501 382 92 22 tekstiin
608 382 67 22 aivan
690 382 122 22 mahdoton
827 384 132 26 ymmärtää.

271 412 86 21 Pastori
377 412 97 27 Wegelius
490 412 102 21 kannatti
607 412 175 28 lääninprovasti
797 412 147 22 Nordlund'in
959 413 66 21 ehdo-

200 442 65 21 tusta.

271 471 123 22 Professori
411 472 87 21 Donner:
514 471 172 22 Statsutskottet
701 472 42 21 har
759 472 72 21 denna
847 471 59 28 gäng
916 472 49 21 icke
976 473 50 21 haft

199 501 34 28 sig
250 501 100 28 förelagd
365 501 72 28 nägon
451 508 73 15 annan
536 501 88 28 uppgift
635 503 29 19 än
676 503 32 20 att
719 501 104 28 granska,
835 501 111 22 huruvida
956 502 68 28 hypo-

199 531 193 28 teksföreningens
407 531 124 22 finansiella
547 531 107 28 ställning
669 531 58 21 varit
742 531 69 22 sädan
819 532 34 21 att
864 531 38 21 det
913 538 52 15 vore
977 532 48 21 skäl

199 561 35 21 för
254 561 119 21 ständerna
393 563 33 19 att
444 561 80 27 förnya
546 561 43 21 den
605 561 93 27 garanti,
716 567 47 15 som
780 561 28 21 de
824 561 61 21 förut
900 561 69 28 ätagit
984 562 40 27 sig.

199 590 45 22 Det
263 591 85 28 förelåg
367 591 85 21 således
474 591 56 21 blott
546 592 33 19 att
594 597 27 15 ur
637 591 72 20 denna
725 591 115 27 synpunkt
856 591 97 27 granska
969 591 56 22 före-

199 621 94 27 ningens
309 621 110 27 ställning.
451 620 77 22 Såsom
544 621 26 20 af
579 620 143 28 föreningens
734 620 157 21 arsberättelse
903 621 41 21 och
956 621 70 21 andra

199 650 140 28 tillgängliga
354 650 160 28 upplysningar
530 649 106 28 framgår,
652 650 40 21 har
708 650 133 28 föreningen
856 657 93 14 numera
965 651 59 21 kom-

199 680 40 21 mit
260 680 7 21 i
289 686 27 15 en
336 680 139 27 väsentligen
495 686 73 15 annan
584 680 41 21 och
642 679 73 22 bättre
730 680 107 27 ställning
853 681 28 20 än
897 680 65 21 förut.
993 680 32 21 På

199 709 72 28 grund
291 710 66 21 häraf
375 710 41 21 har
436 709 67 22 också
521 709 167 22 statsutskottet
707 709 109 28 enhälligt
836 709 87 22 förenat
939 710 34 27 sig
989 716 35 15 om

199 741 33 20 att
254 739 89 22 förorda
364 739 133 28 förnyandet
516 739 25 22 af
555 739 43 21 den
614 739 94 28 garanti,
725 745 48 16 som
790 739 60 22 förut
866 739 82 28 gifvits.
980 739 45 21 Det

198 769 45 21 kan
262 769 37 21 väl
317 769 61 28 ligga
399 769 48 21 skäl
463 769 32 21 uti
511 769 43 21 den
570 769 152 27 anmärkning,
740 775 48 15 som
804 770 90 26 prosten
910 769 114 21 Nordlund

198 799 87 27 gjorde,
305 805 50 15 men
371 805 36 15 om
421 799 41 27 jag
477 799 49 21 icke
542 798 118 28 misstager
676 799 52 27 mig,
745 799 139 27 uppställdes
901 799 72 20 denna
988 799 36 20 be-

198 828 112 27 stämning
327 828 48 21 från
390 828 79 27 början
484 828 26 21 af
524 828 132 28 föreningen
671 829 55 26 sjelf
739 828 74 21 såsom
825 829 33 20 ett
868 828 59 27 slags
939 828 86 27 garanti

199 858 34 21 för
249 859 32 20 att
297 858 28 21 de
340 859 81 25 räntor,
438 864 48 15 som
502 857 115 28 låntagare
633 858 57 27 egde
701 858 82 26 betala,
795 858 72 21 skulle
878 857 147 28 regelbundet

197 888 80 27 inflyta
295 888 41 21 och
353 888 130 27 föreningen
499 888 129 28 derigenom
644 888 75 21 kunna
736 887 119 29 uppehålla
870 888 34 20 sin
920 888 105 27 ställning

197 919 59 19 samt
279 918 74 21 betala
376 918 27 20 de
423 918 142 27 nödvändiga
586 918 156 20 annuiteterna
763 918 34 20 till
818 917 106 21 utlandet.
956 917 69 21 Detta

197 954 41 14 var
258 946 86 22 således
365 954 27 14 en
411 946 202 29 säkerhetsåtgärd.
645 947 39 21 Att
700 947 121 21 ständerna
837 953 30 15 nu
883 947 72 21 skulle
971 949 54 19 utan

197 978 103 20 närmare
324 977 136 27 granskning
483 976 68 22 inlåta
574 977 34 27 sig
631 976 28 28 på
682 976 67 28 något
773 976 113 22 bestämdt
902 976 121 27 uttalande,

196 1006 111 22 huruvida
331 1006 163 22 bibehållandet
516 1006 26 22 af
563 1006 44 22 den
631 1008 91 26 stränga
744 1006 235 28 bötesbestämningen
1000 1007 25 20 är

196 1036 135 28 nödvändig,
352 1042 67 21 synes
440 1036 57 22 dock
517 1042 55 15 vara
593 1036 49 21 litet
662 1036 35 21 för
716 1036 91 27 mycket
823 1036 88 27 vägadt.
943 1036 40 21 Om
1001 1035 24 21 sä

196 1066 58 26 sker,
275 1066 39 21 bör
333 1066 36 21 väl
389 1066 70 21 saken
476 1066 56 21 först
548 1066 130 27 utförligare
695 1066 145 26 undersökas,
857 1071 51 15 men
923 1065 8 21 i
946 1065 78 27 hvarje

197 1095 39 21 fall
252 1095 135 22 tillkommer
403 1096 38 20 det
457 1096 143 26 föreningens
616 1095 146 21 medlemmar
778 1094 13 22 &
806 1095 174 27 bolagsstämma
992 1096 32 20 att

196 1124 105 22 häröfver
323 1126 102 21 närmare
446 1125 71 21 uttala
538 1125 40 27 sig.
610 1125 44 27 Jag
672 1126 46 20 tror
734 1125 50 21 icke
800 1124 38 22 det
854 1130 53 16 vore
923 1124 102 28 lämpligt

195 1156 34 19 att
249 1156 55 20 utan
325 1155 77 21 vidare
420 1155 72 21 uttala
511 1154 73 28 nägon
600 1154 102 22 bestämd
718 1154 87 22 önskan
820 1154 57 21 ifrän
893 1154 131 21 ständernas

196 1184 49 21 sida
260 1186 55 19 utan
331 1186 32 19 att
379 1190 28 16 en
422 1184 120 28 tillräcklig
558 1184 136 28 granskning
710 1184 129 21 verkstälts.

268 1214 184 28 Lääninprovasti
469 1213 107 21 Nordlund:
596 1213 60 21 Minä
671 1214 109 21 rohkenin
795 1213 69 21 tehdä
879 1214 76 20 tämän
971 1213 52 21 huo-

195 1244 134 21 mautuksen
351 1244 78 27 syystä
450 1244 51 21 siitä
519 1244 47 20 että
582 1243 117 26 ennenkin,
715 1243 47 21 kun
777 1244 62 20 tämä
855 1242 113 22 samainen
984 1242 40 28 yh-

195 1273 71 27 distys
290 1279 28 15 on
339 1275 84 19 anonut
444 1273 103 27 säätyjen
568 1279 66 21 apua,
656 1273 80 27 säädyt
753 1274 52 20 ovat
821 1272 132 28 käyttäneet
968 1272 55 21 tilai-

194 1304 77 20 suutta
286 1303 138 21 tehdäkseen
439 1302 148 28 yhdistyksen
601 1302 133 28 järjestystä
750 1304 95 20 vastaan
859 1301 163 21 muistutuksia.

195 1332 137 21 Valiokunta
347 1332 78 22 kertoo
441 1332 80 22 sivulla
538 1335 23 18 7:
580 1332 84 25 ,koska
678 1331 247 28 Hypoteekkiyhdistys
937 1331 21 21 ei
968 1331 56 21 ollut

194 1362 81 27 tehnyt
291 1362 76 21 selkoa
383 1362 66 22 niistä
464 1362 238 28 puutteellisuuksista,
716 1362 58 27 joita
787 1361 149 27 yhdistyksen
946 1360 77 22 laitok-

194 1396 62 16 sessa
278 1391 29 21 oli
329 1392 117 25 olemassa,
468 1391 128 21 ilmoittivat
618 1391 90 27 Säädyt,
731 1391 94 21 etteivät
846 1390 117 22 katsoneet
978 1390 45 21 voi-

194 1426 71 16 vansa
281 1421 82 27 ryhtyä
379 1421 133 28 lopulliseen
525 1420 308 28 Hypoteekkiyhdistyksellä
844 1420 98 21 Suomen
952 1419 71 21 Pank-

194 1450 46 21 kiin
259 1450 97 22 velkana
372 1451 81 21 olevan
468 1456 103 16 summan
586 1450 294 28 kuitiksi-kirjoittamiseen,
897 1448 127 22 ennenkuin

195 1479 247 29 Hypoteekkiyhdistys
463 1480 42 22 itse
524 1480 131 27 puolestaan
674 1480 49 21 olisi
742 1480 111 27 ryhtynyt
868 1478 86 22 toimiin
969 1478 55 22 sekä

193 1509 140 22 saadakseen
353 1510 148 28 yhdistyksen
522 1510 128 21 laitoksessa
666 1510 27 26 ja
708 1510 198 21 hallintohoidossa
921 1508 104 28 löytyvät
