1181 1773
511 133 75 19 Kesäk.
601 134 9 17 1
624 139 18 17 p.
899 137 55 19 1477

162 190 25 20 är
208 188 38 21 det
266 193 111 22 program,
398 194 48 15 som
469 186 49 23 frän
539 187 64 21 forna
623 187 57 21 tider
700 187 48 22 ledt
764 187 37 21 det
817 187 72 22 finska
906 187 81 22 folkets

162 217 171 28 handlingssätt.
365 216 69 22 Detta
455 223 105 22 program
580 217 41 21 har
641 217 59 21 burit
714 216 51 22 vårt
781 217 58 22 folks
855 217 58 21 öden
929 218 58 20 fram

164 248 34 21 till
219 247 43 21 den
278 246 111 28 ställning;
406 247 22 21 vi
444 253 31 15 nu
490 247 129 26 innehafva,
636 247 40 21 och
693 247 62 21 detta
771 253 104 21 program
887 247 44 21 kan
941 246 47 22 än
977 242 16 37 i

164 278 45 27 dag
224 283 55 15 vara
294 276 38 22 det
347 276 143 28 nödvändiga
505 276 83 22 bandet
604 276 35 22 för
655 282 36 16 oss
707 276 51 22 alla.

236 306 61 22 Fullt
312 306 143 22 erkännande
472 306 43 21 den
526 306 150 22 framstäende
687 306 73 26 andel,
773 306 121 28 höglofliga
904 306 83 22 ridder-

164 337 81 27 skapet
268 336 41 21 och
333 336 65 21 adeln
421 336 57 28 tagit
498 336 7 21 i
526 336 88 21 arbetet
634 336 68 21 äfven
722 336 38 21 vid
781 342 31 15 nu
827 336 162 27 tilländalupna

166 366 114 27 landtdag,
305 366 43 21 den
370 366 48 21 rika
439 366 129 21 erfarenhet
589 366 41 21 och
651 365 140 29 mängsidiga
811 366 178 21 embetsmanna-

166 396 75 26 insikt,
257 401 48 16 som
321 395 62 21 detta
397 395 123 28 höglofliga
535 395 64 22 ständ
615 396 53 21 stält
684 396 6 20 i
706 396 133 20 ständernas
855 396 76 21 arbete
947 395 42 21 och

166 427 94 21 hvarom
280 425 282 27 landtdagshandlingarna
577 426 55 20 bära
647 425 78 25 vittne,
742 425 99 21 frambär
857 424 132 29 prestestän-

167 456 38 21 det
222 455 37 21 det
274 455 121 28 höglofliga
409 455 157 28 ridderskapet
580 455 41 22 och
633 455 65 22 adeln
709 455 39 22 sitt
758 461 79 16 varma
847 454 143 23 erkännande

169 485 35 22 för
225 485 38 21 det
277 491 31 15 nu
323 485 110 22 slutförda
450 485 136 22 samarbetet
602 485 42 22 och
659 485 123 22 innesluter
797 485 34 28 sig
847 485 7 21 i
870 485 58 21 Eder
944 484 45 21 väl-

168 516 69 21 borne
248 515 51 21 herr
309 515 188 21 landtmarskalks
508 515 42 21 och
560 515 122 28 höglofliga
688 515 167 28 ridderskapets
863 514 42 22 och
913 514 78 21 adelns

168 545 115 27 välvilliga
299 544 123 28 hägkomst.

241 604 102 27 Högädle
358 605 51 20 herr
424 604 94 21 talman!
545 604 121 28 Vällofliga
680 604 169 27 borgareständ!

241 633 168 22 Presteständet
429 634 41 21 har
492 634 66 27 gifvit
578 640 36 15 oss
636 634 38 21 det
688 634 115 21 hedrande
818 634 125 27 uppdraget
959 635 33 19 att

170 665 7 20 i
199 664 72 21 denna
287 664 73 26 stund,
377 663 27 22 dä
419 664 27 21 af
461 666 56 19 1894
534 663 35 22 ärs
584 663 151 22 ständermöte
752 664 79 21 endast
846 663 69 28 nägra
931 665 61 19 snart

171 694 123 21 försvunna
309 693 96 22 minuter
419 693 89 26 återstå,
520 693 33 22 till
564 693 113 28 vällofiiga
688 693 184 28 borgareständet
881 693 112 22 frambära

171 723 91 28 uttryck
273 723 25 21 af
307 723 92 28 aktning
410 723 42 22 och
464 723 127 22 förtroende
602 725 58 20 samt
671 723 33 22 sin
715 723 170 21 vördnadsfulla
893 723 100 21 afskeds-

171 753 109 27 helsning.
307 753 157 27 Landtdagens
481 753 153 21 mödosamma
649 753 92 21 arbeten
757 753 38 21 äro
811 753 116 26 slutförda,
942 752 51 21 dess

172 783 55 21 sista
242 783 77 20 timme
335 784 61 20 snart
411 783 85 27 slagen.
528 783 38 20 Ett
580 783 96 26 tillfälle,
688 782 78 22 sådant
777 789 48 15 som
836 783 69 26 detta,
917 788 77 15 manar

173 819 36 15 oss
225 814 33 19 att
274 812 64 21 kasta
353 818 28 15 en
397 812 103 28 allvarlig
516 812 107 21 återblick
638 812 28 28 pä
682 812 42 21 den
739 812 174 28 tillryggalagda
923 811 71 22 landt-

173 842 118 28 dagstiden
306 842 42 21 och
363 843 33 20 att
412 842 50 21 med
478 842 92 27 ledning
585 842 66 21 deraf
659 842 66 21 ställa
735 848 36 15 oss
782 842 58 21 inför
851 842 44 21 den
906 841 87 28 frågan:

172 871 60 23 hvad
248 871 41 22 har
304 871 73 22 denna
392 872 114 28 landtdag,
522 872 60 21 hvad
597 872 69 21 hafva
681 872 28 26 vi,
726 872 51 21 dess
793 871 152 27 medlemmar,
961 872 34 20 ut-

173 903 69 20 rättat
257 902 36 21 för
309 902 157 21 fosterlandets
482 902 53 21 väl?
566 902 44 21 Det
626 903 25 20 är
666 902 37 21 väl
718 904 51 19 sant
785 903 34 20 att
833 902 80 21 endast
928 901 67 21 histo-

172 932 49 21 rien
236 931 42 21 och
294 931 151 22 efterverlden
461 938 28 14 en
504 931 60 28 gång
578 932 76 21 kunna
671 932 53 21 fälla
740 938 28 14 en
784 932 90 27 oväldig
885 931 51 21 dom
947 930 48 22 der-

173 961 71 26 öfver,
266 967 50 15 men
338 961 20 27 ej
380 961 71 21 heller
472 961 22 21 vi
510 960 22 22 få
549 961 144 27 undandraga
708 967 37 15 oss
761 961 44 21 den
820 961 111 27 pröfning,
947 966 48 15 som

173 991 79 27 hvarje
268 990 171 28 landtdagsman
453 992 25 20 är
489 991 89 27 skyldig
588 992 34 20 att
632 991 136 21 underkasta
779 991 34 27 sig
823 991 59 21 inför
893 990 50 22 Gud
954 990 42 21 och

174 1020 39 22 sitt
228 1022 107 20 samvete.
367 1020 47 22 Och
429 1020 160 22 medvetandet
604 1020 76 22 derom
696 1021 40 21 bör
748 1020 55 28 följa
814 1026 43 20 oss,
869 1020 27 21 då
906 1020 23 21 vi
940 1019 55 21 åter-

174 1050 74 21 vända
271 1050 33 21 till
327 1050 110 21 hemmets
461 1050 98 28 lyckliga
582 1050 62 26 härd,
668 1051 32 20 att
724 1050 22 21 vi
765 1050 92 21 handlat
873 1049 70 27 enligt
958 1048 39 22 vår

174 1080 65 21 bästa
259 1080 160 27 öfvertygelse,
435 1081 33 20 att
484 1080 23 21 vi
522 1080 63 21 alltid
601 1080 49 21 haft
666 1080 158 21 fosterlandets
839 1080 38 21 väl
893 1079 35 21 för
944 1078 53 22 våra

175 1109 64 28 ögon.
268 1109 127 28 Uppriktigt
415 1110 41 21 bör
475 1110 37 21 det
533 1110 121 26 bekännas,
670 1111 34 19 att
719 1109 70 22 sådan
804 1108 194 28 samstämmighet

175 1139 120 21 ständerna
311 1139 102 27 emellan,
429 1145 48 15 som
494 1139 98 27 önskligt
606 1140 58 20 varit
679 1139 34 21 till
730 1139 81 21 båtnad
827 1139 34 21 för
876 1138 50 22 vårt
942 1138 56 27 dyra

175 1168 135 27 fosterland,
325 1169 50 21 icke
391 1169 63 21 alltid
470 1168 140 27 förefunnits,
627 1169 41 21 och
684 1169 53 21 flere
754 1168 74 28 frågor
843 1169 70 21 hafva
928 1169 70 20 stran-

175 1198 39 21 dat
229 1200 60 19 emot
305 1204 28 16 en
349 1198 59 22 olika
423 1198 144 28 uppfattning
583 1198 59 22 inom
656 1198 152 22 medstånden.
834 1198 45 22 Det
889 1198 42 21 bör
941 1197 57 21 dock

175 1228 68 28 öppet
262 1228 113 21 bekännas
391 1230 34 20 att
440 1228 93 28 stridiga
549 1228 82 28 åsigter
646 1228 48 22 ofta
709 1229 38 21 äro
764 1228 26 21 af
804 1228 115 21 oskattbar
934 1229 65 25 nytta

176 1258 35 21 för
229 1258 86 27 vigtiga
333 1257 86 28 frågors
435 1258 99 27 lyckliga
549 1258 94 27 lösning,
660 1258 27 21 då
703 1258 27 21 de
746 1258 123 21 behandlas
885 1257 52 22 med
953 1256 45 22 öm-

176 1287 83 28 sesidig
279 1287 93 28 aktning
391 1288 34 21 för
441 1288 60 21 olika
517 1288 121 27 meningar.
671 1287 41 21 Om
729 1288 76 21 derför
821 1287 66 21 också
903 1286 96 28 mången

176 1316 59 28 gång
255 1317 114 27 vällofliga
387 1316 186 28 borgareståndet
588 1319 90 19 stannat
693 1317 7 21 i
715 1317 82 26 beslut,
813 1316 120 22 afvikande
951 1315 48 22 från

177 1347 50 21 dem
243 1346 164 28 presteståndet
423 1347 111 26 omfattat,
552 1347 38 21 vill
606 1346 164 28 presteståndet
785 1353 54 15 vara
851 1346 52 22 fullt
915 1346 85 21 försäk-

176 1376 50 21 radt
242 1376 83 26 derom,
342 1377 33 20 att
386 1376 220 26 fosterlandskärlek,
618 1376 84 28 manlig
712 1376 153 28 öfvertygelse
875 1376 42 21 och
929 1375 72 27 redlig

176 1406 55 27 vilja
246 1406 69 21 hafva
331 1406 97 21 dikterat
444 1406 109 21 besluten.
585 1406 83 21 Derför
687 1406 41 21 har
744 1406 49 21 vårt
808 1406 127 21 samarbete
950 1404 50 22 icke

176 1435 71 21 heller
265 1436 58 20 varit
340 1436 121 27 förgäfves.
493 1436 45 20 Det
554 1436 114 27 vällofliga
683 1435 195 28 borgareståndets
895 1434 106 28 upplysta

177 1464 137 22 medverkan
335 1465 110 21 erkänner
465 1464 165 28 presteståndet
651 1465 51 21 med
722 1465 113 27 uppriktig
854 1464 145 28 högaktning.

176 1494 96 28 Mången
295 1494 72 28 vigtig
390 1494 64 28 fråga
476 1495 40 21 har
537 1495 79 21 vunnit
636 1494 33 22 sin
685 1494 88 29 lösning
789 1495 41 21 och
845 1494 22 22 vi
883 1494 69 26 bedja
968 1493 33 21 till
