1181 1773
224 129 55 19 1472
503 127 74 18 Kesäk.
592 127 8 17 1
615 132 17 17 p.

192 180 135 28 deltagande
352 181 77 21 kärlek
454 181 86 21 kunnat
564 180 73 22 utlösa
660 180 233 22 donationsbönderna
917 180 49 22 från
989 180 27 22 de

193 210 160 27 förhållanden,
376 210 7 22 i
406 210 76 22 hvilka
506 210 28 22 de
554 210 75 22 blifvit
650 210 101 26 försatta,
772 210 41 22 har
831 210 41 35 jag
890 210 65 22 tänkt
970 210 46 28 mig

192 240 147 28 möjligheten
362 242 33 20 att
419 240 55 28 göra
497 240 125 22 detsamma
642 240 51 21 med
714 240 108 22 afseende
843 240 12 21 å
873 240 42 21 här
929 240 87 22 boende

191 270 69 34 judar
281 276 80 22 genom
377 271 32 20 att
425 269 63 23 anslå
503 276 28 16 en
547 276 88 15 summa
650 269 73 22 såsom
740 270 134 21 subvention
890 269 35 21 för
940 271 33 20 att
989 270 28 21 de

193 299 36 21 må
249 288 70 33 sättas
340 300 7 21 i
367 300 89 21 tillfälle
472 301 33 20 att
520 300 89 21 bosätta
625 300 34 28 sig
674 300 7 21 i
698 301 32 19 ett
745 300 60 26 land,
821 299 39 21 der
875 299 142 28 medborgar-

194 330 45 20 rätt
254 330 70 20 redan
340 330 24 20 är
380 330 72 21 denna
469 329 76 22 nation
561 329 105 27 beviljad.
698 329 34 21 En
747 317 70 34 sådan
832 329 67 21 tanke
915 330 25 20 är
951 329 66 21 emel-

193 359 66 21 lertid
275 359 37 21 vid
328 359 73 21 denna
415 359 108 28 landtdag
539 359 122 26 outförbar,
678 359 95 22 emedan
783 359 173 26 statsutskottet,
968 365 48 15 som

192 388 75 22 skulle
281 388 69 22 hafva
366 390 33 20 att
414 389 112 21 behandla
542 395 27 15 en
586 388 69 22 sådan
671 388 69 28 fråga,
757 388 51 22 icke
823 394 62 16 mera
900 388 45 22 kan
960 395 57 15 sam-

194 418 123 22 manträda.
349 418 44 28 Jag
408 419 73 21 skulle
492 418 76 22 derför
579 418 67 22 också
656 418 69 22 hafva
736 418 80 22 önskat
827 420 33 20 att
870 418 74 22 denna
955 418 62 28 fråga

193 448 96 28 tidigare
312 448 121 29 upptagits,
457 448 28 22 då
506 449 41 27 jag
569 448 49 21 icke
642 448 72 21 skulle
738 448 78 21 tvekat
837 449 33 20 att
892 448 125 28 framlägga

193 478 63 22 detta
279 478 90 28 förslag,
393 478 27 21 då
441 479 27 27 ju
491 479 72 20 denna
584 477 64 29 fråga
663 479 25 20 är
703 479 26 20 af
743 478 43 21 den
801 478 56 21 allra
873 478 82 21 största
970 479 48 27 vigt

193 507 57 22 både
274 508 35 21 för
332 508 37 21 det
391 508 73 21 finska
488 508 70 21 folket
581 508 42 21 och
646 508 35 21 för
705 508 27 21 de
753 508 41 21 här
813 508 87 21 boende
913 508 103 27 judarna.

193 537 46 22 Vill
255 544 52 15 man
322 538 49 21 icke
387 538 54 27 göra
457 537 69 28 några
542 537 158 28 uppoffringar,
717 537 25 22 så
757 537 36 22 må
809 544 51 15 man
876 537 49 22 icke
940 537 77 22 inbilla

193 567 35 28 sig
251 569 34 20 att
308 573 51 16 man
380 568 57 21 skall
458 568 75 21 kunna
554 569 80 20 stanna
649 567 38 22 vid
703 567 43 22 den
761 573 31 16 nu
809 567 127 28 föreslagna
951 567 66 22 efter-

194 597 78 28 giften.
304 597 74 22 Sedan
393 597 41 22 här
450 597 86 22 boende
549 597 68 28 judar
628 603 81 22 genom
720 597 129 28 ständerlag
859 597 158 22 tillförsäkrats

192 628 47 20 rätt
260 628 33 20 att
313 627 34 21 för
368 627 120 21 framtiden
508 627 134 28 gvarblifva,
664 627 24 21 så
703 627 58 21 skall
777 633 52 15 man
844 627 61 21 inom
920 627 50 21 kort
985 627 32 21 tid

193 656 86 28 nödgas
306 657 83 27 bevilja
415 657 52 21 dem
492 657 58 21 finsk
576 657 185 28 medborgarrätt,
786 657 42 21 och
852 656 70 22 sedan
945 656 72 21 denna

194 686 75 21 blifvit
290 687 50 20 dem
361 687 105 27 beviljad,
488 687 57 21 skall
562 693 52 14 man
630 687 48 21 icke
694 687 77 21 kunna
786 687 70 27 vägra
872 692 85 15 samma
972 687 45 20 rätt

194 715 23 22 ät
239 716 70 21 andra
328 716 73 27 judar,
423 723 49 15 som
488 716 55 27 vilja
560 716 33 21 hit
608 716 94 27 inflytta.
734 716 102 27 Logiken
851 717 25 20 är
891 716 124 27 obeveklig.

266 777 171 21 Julistettuansa
460 777 147 22 keskustelun
627 777 164 28 päättyneeksi,
813 777 66 20 asetti
894 776 66 21 herra
975 776 42 21 Pu-

193 806 86 21 hemies
295 807 86 27 säädyn
397 807 162 21 vastattavaksi
576 813 125 15 seuraavan
716 805 210 28 äänestysesityksen:

266 835 51 22 Ken
333 836 119 39 hyväksyy
468 837 122 21 mietinnön
608 839 26 18 14
650 836 80 21 sivulla
741 836 80 22 olevan
833 841 94 22 ponnen,
939 837 78 20 vastaa

197 865 72 28 jaa";
279 866 42 28 jos
339 866 46 26 ,ei*
403 866 91 27 voittaa,
512 872 29 16 on
557 867 65 27 sääty
637 866 120 28 hyljännyt
773 865 109 22 mainitun
897 871 94 22 ponnen.

264 883 183 40 ”Känestyksessä
462 896 109 21 annettiin
588 899 26 19 19
634 896 72 27 ,jaa*-
721 896 24 27 ja
764 898 26 19 16
809 896 132 26 ,ei*-ääntä,
955 895 63 27 joten

194 926 66 26 sääty
273 921 38 43 oli
314 925 127 51 Jim
456 926 132 34 yllämainitun
606 930 85 29 ponnen.

194 984 123 22 kastettiin.

268 1084 98 22 Luettiin
380 1085 58 27 julki

269 1120 254 22 hevosottovaliokunnalta
539 1120 67 22 tullut
622 1126 109 16 seuraava
747 1119 99 27 kirjoitus:

411 1162 255 22 Hevosottovaliokunta
686 1168 39 16 saa
745 1163 62 20 täten
826 1161 154 22 kunnioittaen
995 1161 24 21 il-

341 1192 92 22 moittaa
456 1192 93 22 etteivät
570 1192 92 27 Säädyt,
677 1192 171 21 käsitellessään
863 1191 156 21 Valiokunnan

340 1222 116 21 mietintöä
472 1222 152 21 Keisarillisen
640 1222 141 27 Majesteetin
797 1220 128 22 armollisen
938 1220 81 28 esityk-

341 1257 41 15 sen
400 1257 36 16 n:o
454 1254 27 18 32
496 1252 112 27 johdosta,
623 1251 55 27 joka
693 1251 92 21 sisältää
801 1250 139 22 ehdotuksen
955 1250 65 22 laiksi

340 1281 110 21 hevosten
473 1282 73 20 otosta
569 1282 174 26 sotatarpeesen,
768 1280 35 22 ole
825 1280 118 21 katsoneet
966 1280 53 21 ehti-

339 1311 71 21 vänsä
426 1310 195 28 seikkaperäisesti
636 1310 114 22 tarkastaa
763 1310 104 28 puheena
877 1310 80 20 olevaa
966 1309 53 21 laki-

341 1340 126 26 ehdotusta,
488 1340 100 22 niinkuin
607 1340 64 27 myös
692 1341 46 20 että
759 1340 86 26 Säädyt
865 1340 53 20 ovat
936 1340 84 26 päättä-

341 1371 52 19 neet
409 1376 65 20 anoa,
490 1371 47 20 että
552 1370 50 21 uusi
618 1370 131 21 armollinen
765 1369 70 27 esitys
851 1368 83 22 asiasta
945 1371 75 19 annet-

340 1399 81 27 taisiin,
437 1400 99 27 Pappis-,
552 1399 112 22 Porvaris-
674 1400 24 26 ja
708 1398 240 28 Talonpoikaissäädyt
958 1398 63 21 ensin

340 1428 169 22 kokoontuville
524 1429 191 27 Valtiosäädyille,
732 1428 55 22 sekä
802 1428 106 22 Ritaristo
920 1428 25 27 ja
955 1428 65 20 Aate-

341 1458 50 21 listo
405 1458 103 28 joillekin
524 1458 100 22 tuleville
640 1458 169 28 valtiopäiville;
826 1458 77 21 minkä
916 1457 105 27 johdosta

342 1488 47 20 asia
404 1488 39 21 siis
459 1494 29 16 on
503 1488 54 21 tällä
572 1488 79 21 kertaa
665 1489 118 20 rauennut.
809 1487 140 27 Helsingissä
958 1487 63 21 kesä-

341 1517 62 21 kuun
419 1520 11 19 1
448 1518 96 27 päivänä
562 1520 64 24 1894;
