1181 1773
229 126 56 20 1224
526 125 91 19 Toukok.
631 126 23 17 24
667 130 17 18 p.

197 184 28 16 en
244 180 64 20 saata
326 180 125 27 ymmärtää
470 180 47 21 että
532 179 66 22 oikea
613 179 170 28 yhteensovitus
799 185 28 16 on
843 180 117 26 olemassa,
976 179 47 22 kun

197 214 24 16 se
243 214 29 16 on
291 208 94 23 laadittu
405 209 50 22 sillä
470 209 85 22 tavalla
573 210 47 21 että
636 215 35 21 ne,
688 209 77 28 joiden
780 209 202 28 hyväksyttäväksi
997 215 25 16 se

197 244 28 16 on
245 238 90 28 jätetty,
355 240 52 20 ovat
426 238 119 29 pakotetut
564 239 172 28 hyväksymään
763 245 41 16 sen
832 239 118 22 kokonaan
972 239 50 22 sillä

196 299 135 27 päättäneet.
363 298 60 22 Minä
437 299 126 28 puolestani
582 305 29 15 en
626 299 68 22 tahdo
708 299 78 27 jatkaa
802 299 145 21 keskustelua
963 300 59 20 tästä

197 328 88 26 asiasta,
305 334 58 16 vaan
382 328 97 22 ehdotan
498 329 47 21 että
563 330 66 26 sääty
644 330 41 26 nyt
700 329 96 27 hylkäisi
812 330 76 20 tämän
903 329 118 27 yhteenso-

196 357 200 23 vitusehdotuksen
411 358 62 22 niillä
488 358 136 28 perusteilla,
634 359 65 27 jotka
709 359 66 21 herra
786 358 122 22 Danielson
918 364 28 16 on
957 359 64 21 esiin-

196 388 87 21 tuonut.
299 387 72 23 Sitten
379 390 71 25 vasta,
461 388 46 22 kun
517 388 103 28 puheena
630 389 76 21 olevat
713 389 65 21 radat
786 394 29 16 on
825 390 70 26 pantu
906 388 115 22 toisistaan

197 417 98 27 erilleen,
313 423 29 16 on
359 418 89 28 säädyn
462 418 152 22 mahdollinen
627 419 79 27 jatkaa
721 418 146 22 keskustelua
881 418 140 22 rautateiden

197 447 191 23 rakentamisesta.

195 513 45 16 van
267 508 156 22 vastalauseen
452 508 184 28 allekirjoittajat,
662 508 58 28 joita
739 508 99 22 minäkin
859 508 57 27 olen,
937 508 84 28 ajoivat

195 537 70 28 kyllä,
285 537 46 22 kun
351 539 47 20 tätä
417 538 195 28 yhteensovitusta
632 538 174 22 valiokunnassa
825 538 86 27 tehtiin,
936 538 85 28 samoja

196 567 139 28 mielipiteitä
353 567 54 22 kuin
425 569 61 20 tässä
504 568 109 27 säädyssä
631 569 41 26 nyt
690 574 29 16 on
734 569 107 26 lausuttu,
858 569 72 20 mutta
945 569 76 20 äänes-

195 627 93 21 ratkaisi
304 627 61 22 asian
375 627 79 22 niitten
465 627 163 28 mielipiteitten
636 628 102 27 hyväksi,
747 628 66 27 jotka
820 629 41 26 nyt
872 627 149 22 valiokunnan

195 656 333 28 yhteensovitusehdotuksessa
544 659 53 20 ovat
611 658 150 27 ilmestyneet.
793 657 54 22 Olisi
864 657 86 22 kenties
965 657 56 22 ollut

195 686 220 23 velvollisuutemme
430 687 59 22 vielä
504 687 165 22 laveammassa
682 688 115 21 määrässä
807 687 130 22 muodostaa
950 689 70 20 vasta-

198 716 143 27 lauseemme,
358 719 71 20 mutta
443 717 57 22 siinä
514 717 106 27 toivossa,
630 719 46 20 että
690 717 47 22 asia
747 717 126 22 uudestaan
883 717 60 22 tulee
953 717 68 22 valio-

197 746 107 27 kuntaan,
323 753 24 15 se
364 747 33 28 jäi
415 747 129 22 tekemättä.
576 747 70 22 Tästä
664 748 79 27 syystä
758 747 21 22 ei
795 747 75 22 meillä
885 747 85 28 tietysti
985 747 35 21 ole

196 775 85 22 mitään
296 778 93 20 vastaan
405 778 47 20 että
467 777 47 22 asia
528 777 126 22 uudestaan
669 777 107 28 lykätään
792 777 165 21 valiokuntaan.

268 806 123 22 Professori
408 807 112 27 Runeberg:
536 807 34 21 De
587 807 135 28 föregäende
737 807 101 21 talarene
852 807 69 21 hafva
931 807 44 21 alla
985 813 35 21 yr-

196 835 39 22 kat
250 835 29 28 pä
295 835 144 23 förkastande
454 837 26 21 af
492 837 346 28 sammanjemkningsförslaget.
870 837 43 20 För
929 837 44 21 min
984 837 36 20 del

195 871 55 16 vore
264 865 41 29 jag
321 866 52 28 böjd
389 868 34 20 att
437 867 119 28 godkänna
572 867 130 21 densamma
717 867 42 21 och
776 867 39 21 ber
826 868 33 20 att
869 866 8 22 i
888 866 72 22 denna
968 867 51 21 rikt-

195 895 55 28 ning
271 895 22 22 fä
312 897 61 26 yttra
393 896 69 28 nägra
482 897 46 26 ord,
551 903 36 15 om
604 897 41 28 jag
664 897 67 22 äfven
752 896 50 22 icke
817 896 45 22 kan
877 896 57 28 hysa
948 896 73 28 nägon

195 924 150 30 förhoppning
364 932 36 16 om
419 928 33 20 att
472 926 87 22 ständet
577 926 58 22 skall
654 926 78 22 förena
749 926 36 28 sig
803 926 51 22 med
873 926 46 28 mig
936 926 7 22 i
959 926 62 22 detta

195 954 114 22 afseende.
340 955 35 22 De
390 956 179 28 anmärkningar,
584 956 114 28 professor
712 956 122 22 Danielson
849 957 48 20 mot
911 962 109 16 samman-

193 984 238 30 jemkningsförslaget
453 986 40 22 har
508 986 67 28 gjort,
591 992 68 22 synas
675 986 46 28 mig
736 986 81 22 endast
835 986 70 21 delvis
924 992 54 15 vara
997 986 27 22 af

195 1014 44 22 den
254 1016 35 20 art
305 1016 32 20 att
353 1015 27 22 de
395 1016 75 21 kunna
486 1016 116 21 föranleda
612 1022 29 15 en
652 1016 130 28 förändring
793 1016 26 21 af
828 1015 113 28 förslaget.
968 1016 51 21 Pro-

195 1044 73 22 fessor
286 1044 122 23 Danielson
426 1046 116 21 anmärkte
557 1046 141 21 beträffande
714 1046 43 21 den
773 1046 71 21 första
859 1045 113 21 klämmen
987 1047 33 19 att

195 1073 38 22 det
248 1080 55 15 vore
319 1075 122 27 oegentligt
456 1076 33 21 att
504 1076 7 21 i
527 1075 62 22 detta
604 1076 162 27 sammanhang
777 1075 80 21 beröra
868 1075 151 21 kommunika-

194 1103 143 23 tionsfonden
355 1105 41 21 och
416 1105 98 21 förklara
532 1107 34 19 att
585 1105 120 22 ständerna
721 1105 74 22 funnit
809 1105 211 21 kommunikations-

195 1132 95 22 fondens
313 1134 119 28 tillgångar
452 1135 114 27 medgifva
587 1135 129 28 byggandet
738 1135 26 21 af
779 1135 123 27 jernvägar
922 1134 6 22 i
949 1134 70 22 större

194 1163 162 29 utsträckning,
379 1164 27 21 dä
424 1164 26 28 ju
472 1165 120 21 ständerna
613 1165 55 21 böra
689 1165 87 27 afgifva
797 1166 32 20 ett
849 1164 104 22 särskildt
968 1170 52 16 svar

193 1192 96 22 rörande
305 1193 293 23 kommunikationsfonden.
630 1194 84 22 Dervid
730 1195 25 21 är
771 1194 58 22 dock
845 1195 33 20 att
894 1194 77 22 märka
987 1196 32 20 att

194 1222 39 21 det
248 1222 50 22 icke
313 1224 26 20 är
353 1224 223 28 jernvägsutskottet,
592 1230 49 16 som
656 1224 28 28 pä
700 1230 57 22 egen
771 1224 60 21 hand
841 1224 107 27 uppgjort
959 1224 61 22 detta

194 1251 87 29 förslag
295 1252 34 22 till
345 1252 67 28 kläm,
428 1255 54 20 utan
498 1255 33 20 att
546 1254 130 21 densamma
692 1254 99 28 grundar
807 1254 34 27 sig
857 1253 28 28 pä
896 1253 37 21 tvä
944 1254 75 21 ständs

194 1281 81 27 beslut,
298 1282 76 22 hvilka
394 1282 47 22 äter
462 1284 86 27 grunda
568 1284 35 28 sig
625 1284 29 28 pä
676 1284 179 21 statsutskottets
878 1284 141 21 betänkande

192 1310 97 23 rörande
306 1312 297 23 kommunikationsfondens
618 1313 125 29 tillgångar.
772 1312 78 29 Någon
868 1313 151 27 oegentlighet

193 1340 44 22 kan
251 1342 42 27 jag
308 1342 21 27 ej
345 1342 61 22 finna
421 1341 79 23 häruti.

264 1371 118 23 Professor
397 1372 122 22 Danielson
534 1373 116 21 anmärkte
665 1373 77 21 vidare
758 1373 6 21 i
777 1372 82 28 sakligt
870 1372 106 29 afseende
987 1374 32 19 att

193 1400 38 21 det
245 1401 26 21 är
287 1402 123 28 oegentligt
420 1404 33 20 att
463 1402 169 22 sammanbinda
642 1402 234 28 Keuru—Jyväskylä
886 1402 41 21 och
937 1402 83 21 Abo—

192 1429 67 22 Karis
278 1430 99 23 banorna
395 1431 28 28 på
441 1432 39 21 det
498 1432 45 21 sätt
562 1434 33 20 att
614 1432 44 22 den
676 1438 43 16 ena
733 1432 50 22 icke
799 1432 73 21 skulle
888 1431 22 22 få
925 1431 95 28 byggas,

191 1459 50 21 ifall
259 1460 50 22 icke
328 1461 68 21 äfven
415 1461 43 22 den
474 1462 70 21 andra
559 1462 107 28 belägges
681 1462 51 22 med
747 1462 85 21 arbete.
863 1461 44 21 För
922 1461 45 21 min
983 1461 36 21 del

191 1488 46 22 kan
254 1489 43 28 jag
314 1490 135 22 härutinnan
466 1491 49 22 icke
530 1491 61 22 finna
607 1492 43 21 den
666 1491 153 29 oegentlighet
835 1497 51 15 man
902 1497 30 15 nu
949 1490 70 22 under

193 1518 157 23 diskussionen
366 1520 61 22 velat
443 1521 123 22 framhålla.
598 1521 45 22 Det
658 1522 25 21 är
699 1521 133 28 visserligen
848 1520 123 28 oegentligt
986 1523 33 19 att
