1181 1773
214 122 57 20 1040
544 122 89 18 Toukok.
648 122 21 18 17
682 127 18 17 p.

211 174 68 28 pohja
295 181 80 22 genom
389 176 65 21 Eura.
486 175 34 28 Ty
536 176 131 28 derigenom
682 176 44 21 blir
741 176 131 21 densamma
887 175 56 23 både
959 176 76 28 längre

211 204 43 22 och
275 205 86 28 dyrare.
392 205 102 22 Beslutet
514 211 37 16 om
570 206 138 27 erbjudande
724 206 27 21 af
763 206 134 21 subvention
913 205 22 22 åt
950 206 85 21 Raumo

212 236 47 20 tror
272 235 40 28 jag
327 235 92 22 sålunda
433 235 50 22 icke
499 235 102 21 kommer
616 236 33 20 att
664 235 70 22 hafva
749 235 74 28 någon
836 236 143 28 synnerligen
989 236 46 21 stor

211 264 123 28 betydelse,
358 271 51 15 men
431 270 66 16 anser
518 265 40 28 jag
582 265 38 21 det
643 265 63 26 dock,
727 271 50 15 som
797 265 100 27 nämndt,
917 265 49 22 icke
982 271 53 16 vara

212 294 103 28 lämpligt
345 295 41 21 och
415 294 120 22 ständerna
560 294 90 28 värdigt
675 296 33 20 att
733 294 102 28 återtaga
861 295 38 21 sitt
925 301 28 15 en
978 294 58 29 gång

210 324 65 27 gifna
290 324 61 21 löfte.

283 352 183 30 Lääninprovasti
488 354 134 22 Westerlund:
645 354 76 22 Ehuru
738 354 39 22 det
792 354 7 22 i
814 354 129 22 hufvudsak
958 354 35 22 för
1008 354 28 22 de

213 383 56 21 allra
292 383 65 21 flesta
379 384 62 21 torde
462 390 54 16 vara
537 384 77 26 kändt,
630 384 40 21 ber
683 384 41 28 jag
740 384 58 22 dock
813 383 57 23 ifrån
885 384 151 22 betänkandet

213 412 22 22 få
251 412 94 28 uppläsa
359 420 40 21 par
414 414 122 28 meningar,
553 414 77 21 hvilka
645 413 112 22 innehålla
773 414 28 21 de
817 414 100 26 motiver,
934 420 47 16 som
993 414 42 22 för-

212 442 77 22 anledt
304 443 108 22 utskottet
427 445 33 20 att
476 444 90 21 förorda
582 444 38 21 det
636 444 73 21 staten
725 444 74 21 skulle
814 443 52 28 ingå
881 443 72 22 såsom
968 444 67 21 aktie-

212 479 68 22 egare
300 473 33 22 uti
352 473 86 28 privata
455 473 203 28 jernvägsföretag.
675 483 1 5 -
690 473 116 22 Utskottet
821 473 76 22 stöder
911 474 35 28 sig
961 473 28 29 pä
1004 475 32 20 ett

213 502 114 22 utlåtande
347 503 25 22 af
391 503 42 22 den
454 503 151 27 kommission,
626 509 48 16 som
689 503 49 22 haft
755 503 7 22 i
778 503 101 28 uppdrag
895 505 33 20 att
943 503 54 22 söka
1013 503 23 22 få

213 532 78 28 frågan
311 539 36 15 om
368 533 147 28 uppkomsten
536 533 26 22 af
578 533 87 28 privata
678 533 124 28 jernvägar
817 533 120 28 klargjord.
969 533 66 22 Kom-

212 562 120 22 missionen
347 564 74 27 säger:
450 563 176 26 ,Anskaffandet
636 563 26 21 af
670 563 143 28 erforderligt
824 563 144 28 aktiekapital
979 563 56 22 skall

213 592 76 21 derför
311 593 110 21 sannolikt
443 593 70 27 alltid,
537 593 55 21 eller
616 592 133 22 åtminstone
769 593 8 21 i
793 593 44 21 den
852 593 101 22 närmare
969 593 66 22 fram-

212 621 69 27 tiden,
304 629 54 15 vara
381 622 103 22 förenadt
504 623 51 21 med
575 623 51 21 icke
646 623 64 28 ringa
730 622 145 28 svårigheter,
891 623 92 21 hvarför
999 623 37 21 det

213 657 54 16 vore
287 657 29 16 en
336 652 99 28 betydlig
456 653 93 26 lättnad,
566 659 36 15 om
618 658 28 15 en
662 652 36 21 del
714 652 73 22 aktier
801 653 90 21 komme
906 654 33 19 att
954 653 25 21 af
992 654 43 19 sta-

212 682 39 21 ten
274 681 134 28 öfvertagas.
439 681 84 23 Sådant
546 682 73 22 skulle
640 682 69 21 äfven
729 682 8 21 i
752 682 71 21 andra
838 682 122 22 afseenden
975 682 60 21 med-

213 711 49 21 föra
285 711 103 22 fördelar.
419 711 78 23 Såsom
520 712 102 21 aktionär
645 712 7 21 i
676 712 113 27 företaget
810 711 95 22 erhåller
920 713 73 20 staten
1008 711 28 28 på

212 740 86 22 banans
314 741 136 28 förvaltning
465 743 33 20 ett
513 742 130 27 inflytande,
660 748 48 15 som
724 741 44 22 kan
784 748 55 16 vara
855 741 82 28 egnadt
952 741 83 22 undan-

212 770 65 27 rödja
295 771 28 21 de
339 771 149 28 olägenheter,
504 771 84 27 hvilka,
604 771 28 28 på
647 772 45 21 sätt
707 771 96 28 tidigare
818 771 97 28 antydts,
932 771 103 22 stundom

211 800 60 22 varit
294 800 105 23 förenade
423 801 51 22 med
496 801 248 28 privatbanesystemet.
779 801 10 22 I
812 801 43 22 den
878 801 51 21 mån
952 801 83 21 banans

212 830 137 21 rentabilitet
372 831 61 26 ökas,
456 831 95 22 erhåller
574 833 74 20 staten
671 831 35 22 för
729 831 50 21 sina
801 831 73 22 aktier
889 831 66 21 andel
969 831 8 21 i
993 831 43 21 den

213 859 179 29 uppkommande
411 861 95 27 vinsten,
526 861 147 28 hvarigenom
694 860 79 22 måttet
793 861 27 21 af
835 862 85 20 statens
936 860 100 28 verkliga

212 890 128 28 uppoffring
361 890 35 22 för
416 890 112 28 företaget
542 891 90 21 komme
648 892 33 20 att
697 891 99 27 regleras
812 891 7 21 i
834 890 112 22 beroende
961 890 26 22 af
999 890 37 22 be-

211 919 80 21 hofvet
307 920 26 21 af
345 920 141 22 understöd.”
512 920 45 22 Det
573 922 25 20 är
614 920 65 22 dessa
695 920 55 27 skäl,
767 926 49 16 som
827 920 90 22 förmått
929 920 108 21 utskottet

213 950 34 20 att
263 948 90 23 förorda
369 950 37 21 det
421 952 74 20 staten
510 950 70 22 borde
595 950 52 28 ingå
662 950 74 22 såsom
751 950 103 22 aktionär
864 950 7 21 i
881 950 88 27 privata
977 950 59 27 jern-

212 978 151 29 vägsföretag.
395 980 65 22 Hvad
482 980 100 28 återigen
605 980 140 22 vidkommer
767 980 38 21 det
825 980 26 21 af
867 981 169 20 reservanterna

211 1008 82 28 gjorda
314 1009 107 28 förslaget
437 1011 33 20 att
485 1011 74 20 staten
574 1010 38 21 vid
627 1010 86 22 Raumo
729 1010 86 21 banans
832 1009 117 28 byggande
964 1008 72 22 skulle

211 1038 119 28 öfvertaga
345 1039 72 21 aktier
432 1040 34 21 för
482 1040 32 21 ett
529 1040 81 27 belopp
626 1040 27 21 af
666 1040 79 21 endast
761 1042 96 24 800,000
873 1039 69 25 mark,
958 1038 35 22 må
1003 1038 33 22 så-

211 1073 49 15 som
277 1068 122 29 förklaring
414 1069 75 22 härtill
504 1069 98 27 anföras,
618 1070 34 20 att
667 1075 52 15 man
734 1081 30 3 —
781 1069 34 22 för
831 1070 33 20 att
879 1068 21 28 ej
915 1068 121 22 förfördela

211 1096 74 29 någon
300 1110 29 3 —
345 1098 52 22 ville
418 1099 56 27 följa
494 1099 44 21 den
557 1099 91 28 princip,
664 1100 34 20 att
713 1098 28 22 då
756 1098 122 22 understöd
894 1098 94 28 beviljas
1003 1104 34 15 en

211 1126 51 22 stad
282 1127 35 21 för
337 1128 120 28 byggande
477 1129 26 21 af
520 1128 74 28 privat
616 1129 64 27 bana,
696 1128 79 22 sådant
791 1128 20 28 ej
828 1128 69 22 borde
912 1129 81 27 vägras
1008 1133 29 16 en

211 1162 80 16 annan.
322 1157 35 21 Då
379 1158 76 22 derför
477 1158 22 22 åt
520 1158 132 28 Nykarleby
675 1158 110 28 föreslogs
809 1164 28 15 en
859 1157 133 22 subvention
1013 1157 27 21 af

213 1188 95 24 150,000
329 1187 70 27 mark,
421 1187 80 29 ansågs
523 1188 38 22 det
577 1188 52 22 med
644 1188 93 22 rättvisa
753 1188 43 21 och
811 1187 102 28 billighet
928 1193 61 15 mera
1004 1186 32 22 öf-

211 1217 211 21 verenstämmande
438 1224 54 15 vara
508 1219 33 20 att
556 1218 23 21 åt
594 1218 86 21 Raumo
696 1218 64 27 gifva
771 1217 79 22 endast
861 1219 94 24 800,000
966 1216 69 22 mark.

211 1244 87 23 Genom
314 1246 38 22 det
367 1246 74 22 beslut
456 1247 88 22 ståndet
559 1248 8 21 i
582 1247 40 28 går
638 1247 86 22 fattade
738 1247 77 22 kunna
829 1246 131 28 visserligen
971 1247 66 21 dessa

212 1277 95 25 150,000
330 1276 64 22 mark
417 1277 71 21 blifva
508 1277 124 28 disponibla
653 1277 35 22 för
703 1283 31 15 nu
749 1276 171 28 ifrågavarande
934 1277 101 27 jernväg.

210 1304 45 28 Jag
274 1306 47 21 tror
340 1306 38 22 det
393 1306 57 22 dock
466 1313 54 15 vore
535 1308 33 20 att
584 1307 36 21 för
634 1306 91 28 mycket
740 1306 111 28 missbyta
866 1306 69 22 andra
950 1306 87 27 privata

208 1334 205 30 jernvägsföretag,
437 1342 36 16 om
496 1343 53 15 man
568 1343 32 15 nu
620 1336 22 22 åt
662 1336 87 22 Raumo
769 1336 73 22 skulle
858 1336 83 27 bevilja
956 1341 29 15 en
999 1335 38 21 hel

210 1364 79 27 miljon
312 1366 42 21 och
377 1366 39 21 vill
439 1366 77 22 derför
539 1366 35 22 för
597 1366 46 22 min
659 1366 36 22 del
710 1366 60 22 hålla
785 1366 28 28 på
829 1367 32 20 ett
876 1364 121 23 understöd
1013 1364 27 22 af

210 1396 96 24 800,000
323 1395 69 22 mark.

278 1424 186 29 Lääninprovasti
484 1425 70 22 Walle:
580 1426 60 21 Minä
655 1425 92 28 pyydän
756 1431 60 16 vaan
826 1424 69 23 saada
905 1423 131 27 lausutuksi,

207 1452 74 22 koska
303 1454 70 22 täällä
395 1460 29 16 on
448 1456 90 21 sanottu
561 1455 81 22 olevan
660 1455 151 28 sopimatonta
825 1454 82 28 yksillä
922 1453 114 28 valtiopäi-

208 1482 55 22 villä
286 1483 78 22 luvata
387 1485 114 27 apurahaa
523 1485 270 22 rautatierakennukseen
813 1485 26 27 ja
857 1484 83 22 toisilla
954 1483 84 22 kieltää

205 1512 53 27 sitä,
281 1514 48 20 että
347 1519 77 17 asema
440 1521 29 15 on
484 1514 154 28 toisenlainen,
655 1515 90 21 ainakin
759 1514 76 22 niiden
850 1514 108 26 mielestä,
973 1513 64 27 jotka
