1181 1773
223 123 57 19 1192
524 122 91 19 Toukok.
628 122 21 18 21
663 127 19 18 p.

191 174 108 23 afseende
319 175 13 22 ä
351 176 233 22 fruntimmersskolan
604 176 8 22 i
632 176 100 22 Joensuu
751 176 43 22 och
809 182 60 16 vann
884 176 131 22 ständernas

191 204 128 23 understöd.
349 205 141 29 Regeringen
514 206 70 28 ansåg
606 206 35 28 sig
664 205 57 23 dock
743 206 51 22 icke
816 205 35 22 till
873 206 73 22 denna
966 206 48 22 sist-

191 235 98 21 nämnda
311 236 92 27 petition
426 236 76 22 kunna
526 236 85 27 bifalla,
638 236 95 21 emedan
757 235 80 22 skolan
859 236 33 29 uti
915 235 100 22 Joensuu

191 264 50 22 icke
263 265 58 21 hade
344 267 32 20 ett
396 265 25 22 sä
440 266 57 21 stort
517 266 62 21 antal
599 254 76 33 elever
692 271 49 16 som
757 265 80 22 skolan
855 265 4 22 i
874 258 58 29 Åbo.
964 265 50 22 Med

191 294 62 22 detta
268 295 103 28 exempel
386 295 35 22 för
435 295 88 28 ögonen
540 296 72 21 skulle
628 302 52 15 man
690 296 50 21 haft
750 295 42 22 full
803 295 120 29 anledning
933 297 83 26 antaga

191 325 34 21 att
242 324 109 22 utskottet
369 325 49 22 icke
437 325 72 22 skulle
524 325 78 28 afböja
618 326 54 21 utan
688 326 94 21 fastmer
797 325 90 22 förorda
901 325 114 28 petitions-

191 354 109 28 förslaget
314 354 115 28 angående
444 355 152 22 Tammerfors
613 355 223 22 fruntimmersskola.
867 354 30 23 Sä
907 355 41 22 har
957 355 58 22 dock

190 384 51 21 icke
256 384 66 22 skett.
353 384 78 22 Såsom
446 385 50 21 skäl
512 385 35 22 för
562 385 40 22 sitt
616 385 134 28 tillgörande
767 384 128 22 framhåller
905 385 110 22 utskottet

190 414 40 26 att,
247 412 28 23 dä
290 414 87 28 privata
391 415 128 22 flickskolor
534 415 96 28 beviljas
645 415 135 21 subvention
795 415 27 21 af
835 414 130 22 statsmedel
980 414 35 22 för

190 427 80 49 hvarje
285 443 69 29 högre
369 444 61 23 klass
446 444 34 23 till
495 446 33 21 ett
544 445 81 28 belopp
641 445 59 22 ända
714 444 35 23 till
765 447 66 25 2,000
847 444 64 23 mark
927 445 41 22 och
979 444 35 23 för

189 473 80 28 hvarje
291 474 62 28 lägre
373 475 61 22 klass
454 475 58 21 ända
532 475 35 21 till
590 478 63 24 1,000
675 475 70 26 mark,
764 458 171 49 ifrågavarande
951 475 64 22 skola

190 503 82 27 kunde,
291 504 48 22 ifall
357 505 49 21 skäl
425 505 74 22 därtill
515 505 126 26 förefinnes,
658 504 85 22 erhålla
758 506 33 20 ett
806 504 71 22 större
893 505 120 21 understöd

190 534 29 21 än
235 533 44 22 den
294 533 35 23 för
344 535 138 21 närvarande
498 534 104 28 åtnjuter.
628 534 242 22 Fruntimmersskolan
884 534 7 22 i
901 534 113 23 Tammer-

190 563 47 22 fors
252 563 41 22 har
307 570 31 16 nu
353 564 69 22 redan
437 564 88 22 erhållit
540 566 33 20 ett
583 565 137 27 statsbidrag
730 564 27 22 af
765 567 66 24 8,000
843 564 69 27 mark,
923 564 92 22 hvarför

189 593 70 28 något
273 593 59 28 hopp
348 600 36 16 om
399 595 33 21 ett
447 594 69 22 ökadt
531 594 80 22 sådant
625 594 50 22 icke
691 594 64 22 torde
765 594 127 22 förefinnas.
917 594 97 22 Oaktadt

190 623 28 21 de
241 623 82 27 elever,
347 630 47 15 som
417 625 38 21 äro
477 624 7 22 i
504 624 80 22 skolan
604 624 116 27 inskrifna,
741 624 93 28 erlägga
854 624 85 28 ganska
955 624 59 28 höga

189 653 185 28 terminsafgifter
389 654 42 21 och
446 654 78 22 skolan
540 654 105 28 beviljats
661 655 33 21 ett
709 653 24 22 så
748 655 57 20 stort
821 654 85 28 anslag,
917 660 47 15 som
976 654 38 21 det

189 683 159 27 nyssnämnda,
364 683 41 22 har
420 684 44 21 den
478 684 58 22 dock
547 684 51 21 med
608 684 66 22 dessa
684 684 74 21 medel
768 684 51 21 icke
829 684 85 21 kunnat
924 683 90 22 komma

189 712 101 27 tillrätta,
309 714 54 21 utan
381 713 41 22 har
437 720 52 15 man
505 714 139 22 fortfarande
658 714 96 27 nödgats
770 713 70 22 anlita
855 713 112 22 enskildas
982 713 31 22 bi-

190 742 62 28 drag.
284 742 176 23 Petitionärerna
476 743 118 22 framhålla
610 745 33 20 att
658 750 52 15 man
725 743 102 22 sistlidne
843 743 24 22 år
881 743 58 22 varit
949 744 64 20 tvun-

189 778 44 22 gen
254 773 34 21 att
308 772 28 28 på
351 773 86 22 enskild
454 774 44 27 väg
513 773 103 22 anskaffa
631 773 58 22 ända
704 773 34 22 till
755 776 66 24 2,560
837 773 69 22 mark.
937 773 76 21 Under

189 801 84 22 sådana
289 801 153 24 förhållanden
457 809 67 22 synes
540 803 90 22 skolans
647 803 90 22 framtid
753 803 50 22 icke
816 809 55 16 vara
881 803 131 27 betryggad,

189 831 134 28 hvarjemte,
339 832 73 22 såsom
427 833 68 22 äfven
505 833 174 28 petitionärerna
690 833 125 26 framhålla,
826 839 29 15 en
865 833 148 27 ofördelaktig

189 861 132 22 ekonomisk
343 863 106 28 ställning
472 862 70 36 måste
563 863 93 22 inverka
676 863 93 28 menligt
790 862 29 29 på
839 863 90 21 skolans
949 862 64 22 verk-

189 892 95 26 samhet,
304 892 8 22 i
333 892 38 22 det
390 894 40 26 att,
450 892 27 22 då
492 892 28 29 på
539 893 73 28 grund
630 893 26 22 af
670 892 149 29 otillräckliga
834 892 73 22 medel
922 892 92 22 lönerna

189 905 136 49 nedtryckas
340 922 34 22 till
389 910 41 34 det
442 922 82 30 minsta
540 923 98 34 möjliga,
653 924 33 20 ett
696 922 99 28 ständigt
805 922 92 28 ombyte
907 922 26 22 af
941 922 72 22 lärare

189 951 102 22 kommer
309 953 33 20 att
361 958 42 22 ega
421 958 56 16 rum.
508 952 75 22 Äfven
598 952 8 22 i
621 952 81 28 många
717 952 70 22 andra
803 952 122 22 afseenden
941 952 72 21 skulle

189 980 90 22 skolans
300 981 106 29 ställning
426 982 70 22 blifva
517 982 164 28 förmånligare,
700 988 37 16 om
753 982 44 22 den
813 982 26 22 af
851 983 74 21 staten
941 982 72 21 öfver-

188 1012 71 26 toges.
291 1011 44 28 Jag
350 1012 89 21 förenar
455 1012 46 28 mig
516 1012 76 22 derför
607 1012 51 22 med
674 1013 178 25 reservanterna,
861 1011 72 22 såvidt
949 1011 64 21 deras

188 1040 139 22 reservation
342 1042 71 27 gäller
429 1042 231 22 fruntimmersskolan
675 1042 8 21 i
698 1042 159 22 Tammerfors.

259 1070 104 22 Provasti
383 1071 157 22 Wennerström:
571 1072 44 27 Jag
636 1072 44 21 kan
701 1072 35 22 för
756 1071 47 22 min
819 1071 36 21 del
870 1071 49 21 icke
936 1070 77 22 förena

188 1100 47 28 mig
254 1106 38 16 om
313 1100 43 22 den
371 1101 113 27 slutkläm,
500 1101 64 22 hvari
579 1101 113 22 allmänna
707 1101 215 22 besvärsutskottets
938 1100 75 22 betän-

187 1129 75 22 kande
284 1131 120 27 utmynnar
425 1131 41 21 och
486 1131 147 28 hvarigenom
648 1131 110 22 utskottet
773 1131 36 22 för
824 1130 34 22 sin
873 1130 37 22 del
925 1130 89 28 afböjer

187 1159 30 22 bl.
238 1166 19 15 a.
280 1160 28 21 de
328 1161 83 21 tvänne
431 1160 125 28 petitioner,
577 1167 49 15 som
645 1161 75 21 blifvit
734 1160 81 28 gjorda
830 1160 8 22 i
852 1160 104 28 borgare-
971 1160 42 22 och

189 1188 170 24 bondestånden
374 1190 115 28 angående
504 1190 88 28 privata
608 1190 244 22 fruntimmersskolans
867 1190 8 21 i
890 1190 31 21 St.
933 1189 80 22 Michel

188 1218 163 29 öfvertagande
367 1220 26 22 af
406 1221 80 21 staten.
517 1220 45 28 Jag
577 1220 70 22 måste
662 1220 8 22 i
686 1220 62 22 detta
763 1220 108 22 afseende
886 1219 66 22 ställa
967 1219 46 28 mig

186 1248 29 28 på
230 1254 87 16 samma
333 1248 136 30 ståndpunkt
484 1256 48 15 som
547 1252 177 24 reservanterna,
734 1250 71 21 ehuru
821 1249 28 22 de
864 1249 50 21 icke
930 1249 34 21 för
979 1249 34 21 sin

187 1278 36 22 del
247 1278 46 22 fäst
316 1278 67 29 något
405 1280 107 21 afseende
533 1280 37 21 vid
591 1280 79 21 skolan
689 1280 7 21 i
712 1280 32 21 St.
761 1278 88 28 Michel,
864 1280 55 20 utan
935 1279 78 21 endast

186 1308 102 22 förordat
304 1308 268 23 fruntimmersskolornas
587 1309 8 21 i
610 1309 152 22 Tammerfors
778 1309 42 22 och
830 1309 100 21 Joensuu
941 1308 72 22 öfver-

186 1338 99 27 tagande
301 1338 26 22 af
339 1340 80 20 staten.
452 1339 43 21 Till
510 1339 50 21 stöd
577 1339 35 21 för
627 1339 50 21 mitt
693 1339 116 21 uttalande
827 1338 40 22 vill
882 1338 41 28 jag
933 1338 80 21 anföra

186 1366 69 29 några
271 1368 197 28 omständigheter,
485 1368 76 22 hvilka
576 1368 134 22 åtminstone
723 1368 71 28 enligt
804 1368 46 22 min
861 1367 153 28 öfvertygelse

186 1396 113 23 innehålla
315 1398 96 27 mycken
426 1398 130 22 beviskraft.
588 1398 44 22 För
646 1398 141 22 närvarande
801 1398 66 28 utgör
877 1397 136 22 elevantalet

186 1426 8 22 i
209 1426 33 22 St.
259 1426 93 23 Michels
368 1428 88 28 privata
470 1428 73 22 finska
558 1428 218 22 fruntimmersskola
792 1430 35 24 89,
844 1429 33 20 ett
891 1426 122 29 ingalunda

185 1456 50 22 litet
250 1457 70 26 antal,
337 1457 28 22 då
380 1464 52 15 man
447 1458 79 21 tänker
542 1458 28 28 på
585 1458 91 21 stadens
691 1456 198 24 innevånareantal
900 1457 42 21 och
953 1456 59 22 dess-

186 1487 62 21 utom
263 1486 162 29 ihågkommer,
441 1488 34 21 att
486 1493 80 22 genom
578 1487 112 22 enskildas
701 1487 188 28 ansträngningar
899 1492 29 16 en
939 1492 74 15 annan

186 1516 74 27 privat
277 1516 217 23 fruntimmersskola
509 1517 71 22 finnes
595 1517 7 21 i
618 1517 96 27 Nyslott.
741 1516 70 22 Detta
821 1516 113 22 elevantal
945 1522 66 21 synes
