1181 1773
488 135 92 23 Toukok.
594 140 22 18 19
629 145 19 17 p.
902 143 55 20 1141

163 194 86 22 kunnat
271 194 100 26 antagas.
403 192 10 22 I
434 192 90 23 formelt
544 192 107 22 afseende
669 193 45 21 kan
732 193 41 27 jag
791 192 87 22 således
894 193 35 22 för
943 194 46 21 min

167 223 36 22 del
224 223 50 21 icke
295 222 60 22 finna
375 224 69 20 annat
464 223 29 21 än
508 224 34 20 att
557 222 73 28 nägon
645 222 138 28 invändning
797 222 51 22 icke
863 222 44 22 kan
923 223 66 28 göras

167 254 48 20 mot
230 252 121 22 utskottets
367 252 322 28 sammanjemkningsförslag,
705 252 87 22 hvilket
803 252 127 28 egentligen
939 252 50 22 icke

165 283 25 21 är
211 281 68 29 nägot
299 281 315 28 sammanjemkningsförslag
634 283 55 20 utan
708 288 28 15 en
752 282 66 21 enkel
833 282 104 22 anmälan
953 288 36 16 om

166 311 118 22 resultatet
299 311 26 22 af
338 311 105 21 ständens
458 311 80 21 beslut.

236 341 52 21 Men
311 341 68 21 äfven
401 340 8 22 i
432 340 82 28 sakligt
534 340 108 22 afseende
665 340 70 22 mäste
756 341 41 28 jag
817 341 119 28 godkänna
951 341 38 22 det

166 370 85 28 förslag
271 370 34 22 till
327 370 68 26 kläm,
417 376 48 16 som
485 370 110 22 utskottet
616 370 118 22 framstält.
766 370 44 28 Jag
833 371 156 22 underkänner

165 400 122 28 ingalunda
309 400 43 21 den
372 400 123 28 afgörande
514 400 116 28 betydelse
648 400 74 26 ,salus
738 400 33 21 rei
785 400 115 28 publicae*
918 401 71 21 mäste

165 430 69 21 hafva
249 430 8 21 i
273 430 105 21 afseende
394 429 13 21 å
422 430 122 27 styrelsens
559 430 91 28 ledning
660 430 26 21 af
694 430 89 21 landets
793 430 195 28 angelägenheter.

165 459 196 28 Tillgodoseendet
381 459 26 22 af
424 460 39 21 det
482 459 113 22 allmänna
615 460 65 21 bästa
700 459 28 28 på
750 461 33 20 ett
803 459 78 22 sådant
896 461 45 20 sätt
956 461 33 20 att

169 489 62 22 detta
245 489 50 22 icke
311 491 63 26 tager
389 489 73 28 någon
475 490 112 27 väsentlig
597 489 71 22 skada
678 490 26 21 är
714 489 42 22 och
767 489 78 22 förblir
856 490 42 21 den
909 490 80 27 högsta

167 519 67 28 lagen
255 519 35 22 för
310 519 79 28 hvarje
407 519 102 28 styrelse.
541 519 10 22 I
566 526 30 15 nu
612 519 155 28 föreliggande
783 519 62 28 fråga
861 525 67 22 synes
943 519 46 28 mig

167 549 63 27 dock,
254 555 49 16 som
318 555 36 15 om
369 549 38 21 det
427 549 51 21 icke
498 555 39 15 ens
558 549 75 22 kunde
654 549 71 21 blifva
743 549 32 21 tal
791 555 37 16 om
843 550 34 20 att
891 549 44 22 den
950 549 39 21 all-

166 579 82 21 männa
269 578 117 22 välfärden
407 578 58 22 varit
485 579 68 21 hotad
572 579 7 21 i
595 579 44 21 den
654 578 56 29 grad
726 579 33 21 att
775 585 28 15 en
819 578 76 29 åtgärd
911 579 7 21 i
934 578 55 22 strid

167 610 46 20 mot
228 608 105 28 gällande
350 608 37 28 lag
402 608 59 21 varit
475 608 135 29 nödvändig.
641 608 44 28 Jag
701 607 39 29 går
755 609 26 20 ut
795 608 58 22 ifrån
867 609 42 21 den
921 609 67 21 förut-

167 638 98 28 sättning
280 639 33 20 att
329 638 67 21 äfven
412 638 44 21 den
470 638 114 21 minoritet
599 638 8 21 i
622 639 100 26 senaten,
737 637 121 22 bestående
869 639 26 21 af
902 638 87 22 hälften

167 668 26 22 af
211 669 104 21 senatens
336 667 152 27 medlemmar,
509 674 48 15 som
577 667 90 22 röstade
690 667 35 22 för
746 673 28 16 en
794 667 78 28 åtgärd
892 668 8 21 i
915 673 74 16 annan

167 697 104 29 riktning,
290 697 59 22 hade
367 697 35 22 för
417 697 88 28 ögonen
522 697 74 26 ,salus
612 697 32 22 rei
660 697 116 28 publicae*
794 698 41 21 och
851 699 33 20 att
900 698 42 21 den
958 697 31 22 ät-

167 727 62 28 gärd,
249 733 49 16 som
321 727 26 22 af
367 727 51 21 dem
434 727 134 28 föreslagits,
584 727 34 22 till
634 727 55 22 fullo
705 727 58 22 hade
779 727 97 28 skyddat
891 727 43 22 den
950 727 39 21 all-

167 758 81 20 männa
258 757 123 21 välfärden.
397 757 110 22 Senatens
518 757 112 22 minoritet
641 757 99 27 föreslog
751 758 32 20 att
794 763 52 15 man
856 757 49 21 icke
916 757 73 21 skulle

167 786 51 28 ingå
239 786 28 28 på
285 786 74 28 någon
372 787 105 27 pröfning
492 787 26 21 af
532 786 104 22 anhållan
652 793 36 15 om
703 787 46 20 rätt
764 788 33 19 att
812 787 104 21 tillverka
931 792 57 15 mar-

167 816 70 28 garin,
258 822 52 15 men
325 817 34 20 att
374 818 93 19 senaten
482 816 73 21 skulle
570 816 52 28 ingå
637 816 52 21 med
704 822 29 15 en
749 815 104 22 anhållan
868 822 36 15 om
919 816 69 21 utfär-

167 846 73 21 dande
259 846 26 21 af
298 845 136 28 proposition
448 846 35 21 till
498 846 185 21 nästkommande
699 846 91 21 ständer
806 852 36 15 om
858 845 80 22 förbud
954 845 35 22 för

168 875 73 22 denna
255 875 150 28 tillverkning.
437 875 68 22 Detta
516 881 67 22 synes
594 875 46 28 mig
650 875 70 22 hafva
730 875 58 22 varit
799 875 51 22 fullt
860 875 129 28 tillräckligt

168 906 33 20 att
216 905 98 21 afvända
329 905 29 22 all
375 905 54 21 fara.

239 934 10 22 I
265 934 72 22 denna
355 934 68 28 fråga,
440 935 80 21 liksom
535 935 8 21 i
559 935 70 21 andra
644 935 111 21 likartade
771 934 81 28 frågor,
868 940 67 22 synes
951 934 38 22 det

168 964 49 22 icke
237 964 71 22 heller
328 964 109 28 föreligga
454 964 72 28 någon
541 964 168 28 nödvändighet
724 966 34 20 att
773 964 63 22 stifta
851 970 28 16 en
894 964 95 22 särskild

167 994 44 27 lag,
233 994 91 21 hvilken
344 994 71 21 skulle
438 994 112 28 berättiga
570 994 110 28 styrelsen
702 996 39 25 att,
762 1000 37 16 om
819 994 43 22 den
877 994 113 21 allmänna

167 1023 118 22 välfärden
300 1024 71 25 hotas,
387 1024 140 21 öfverskrida
542 1024 104 27 gällande
662 1024 44 28 lag.
738 1024 69 21 Detta
822 1025 24 20 är
862 1030 28 15 en
904 1023 85 28 åtgärd,

169 1059 54 21 som,
240 1059 36 15 om
292 1053 44 21 nöd
351 1054 25 20 är
391 1052 28 28 på
435 1053 71 27 färde,
522 1053 70 22 måste
607 1053 111 28 vidtagas,
729 1060 52 15 men
792 1054 35 21 för
837 1053 90 21 hvilken
937 1058 53 16 man

167 1082 50 22 icke
238 1082 75 22 stiftar
339 1088 27 16 en
391 1083 95 21 särskild
512 1083 44 27 lag.
587 1083 43 27 Jag
652 1083 95 21 förbiser
764 1083 122 28 ingalunda
898 1082 31 22 de
944 1088 45 16 om-

167 1112 160 28 ständigheter,
343 1112 43 22 den
409 1112 135 28 föregående
559 1112 87 22 talaren
662 1112 128 27 framhållit,
807 1114 33 20 att
855 1112 32 22 uti
909 1118 28 15 en
953 1112 36 21 del

167 1142 70 21 andra
258 1142 78 21 länder
356 1142 111 27 styrelsen
487 1142 126 22 tillerkänts
632 1148 28 16 en
676 1142 162 22 vidsträcktare
854 1142 137 27 befogenhet

167 1170 29 28 på
217 1171 38 21 det
276 1172 144 20 ekonomiska
440 1172 254 27 lagstiftningsområdet
715 1173 29 20 än
764 1172 41 21 hos
826 1178 43 20 oss,
885 1177 51 15 men
953 1171 38 21 det

167 1206 68 22 synes
256 1201 47 27 mig
323 1207 47 15 som
391 1207 37 15 om
448 1201 72 21 under
534 1201 54 21 våra
604 1201 155 22 förhållanden
774 1202 42 21 och
831 1201 52 21 med
898 1201 43 21 den
956 1202 34 20 ut-

167 1230 104 27 veckling
283 1230 38 22 vår
332 1230 140 28 lagstiftning
483 1231 57 27 tagit
550 1231 50 21 icke
610 1230 74 28 någon
694 1231 122 28 tvingande
824 1230 167 28 nödvändighet

168 1258 99 29 förelåge
289 1261 34 19 att
343 1260 91 28 vidtaga
456 1260 129 28 förändring
608 1260 8 22 i
636 1261 74 21 denna
730 1261 141 27 lagstiftning
891 1260 7 22 i
917 1266 74 15 annan

167 1288 99 28 riktning
281 1290 29 20 än
326 1290 43 21 den
384 1290 79 21 hittills
479 1290 77 27 följda.

239 1318 32 21 På
285 1319 66 21 dessa
366 1319 87 28 sakliga
468 1320 98 27 grunder
581 1320 45 20 kan
640 1320 40 27 jag
693 1320 50 21 icke
754 1321 68 20 annat
833 1320 28 21 än
871 1319 120 28 godkänna

167 1348 120 21 utskottets
303 1348 8 21 i
327 1348 89 22 formelt
426 1349 106 21 afseende
544 1349 160 27 obestridligen
714 1349 77 27 riktigt
802 1349 107 22 affattade
921 1348 70 21 första

168 1377 67 21 kläm.
262 1378 119 21 Betraktar
397 1384 52 16 man
464 1378 68 22 äfven
548 1378 78 28 frågan
642 1378 127 22 oberoende
785 1379 26 21 af
819 1378 29 22 all
859 1379 87 26 hänsyn
956 1378 35 21 till

168 1406 137 22 förtroende-
324 1408 55 20 eller
394 1408 208 26 misstroendevota,
619 1408 44 21 kan
678 1408 38 21 väl
731 1408 118 21 resultatet
860 1408 49 21 icke
921 1407 70 21 blifva

167 1438 69 20 annat
252 1438 28 20 än
296 1438 33 20 att
345 1437 42 21 den
403 1437 71 21 första
489 1437 114 21 klämmen
618 1438 137 27 godkännes.
783 1438 46 21 Och
842 1436 110 23 vidblifva
963 1437 28 21 de

167 1466 110 21 särskilda
290 1466 93 22 stånden
393 1467 49 21 sina
453 1466 61 22 förut
524 1467 86 21 fattade
622 1467 80 27 beslut,
714 1467 101 21 kommer
825 1467 38 21 det
873 1467 7 21 i
891 1466 99 22 ständer-

166 1501 41 15 nas
223 1496 182 21 svarsskrifvelse
421 1497 33 20 att
469 1496 7 21 i
492 1496 79 27 hvarje
583 1496 39 22 fall
633 1496 53 22 heta
697 1496 38 22 det
745 1496 121 22 ständerna
875 1496 50 22 icke
936 1496 54 21 kun-

166 1526 39 20 nat
220 1525 119 27 godkänna
355 1525 38 21 det
408 1525 7 21 i
431 1526 166 27 propositionen
610 1526 109 28 ingående
730 1525 262 29 författningsförslaget.
