1181 1773
232 112 57 18 1266
405 130 3 3 N
549 110 92 18 Toukok.
651 110 23 18 24
683 114 18 18 p.

200 164 44 20 taa.
277 163 106 23 Samaten
405 164 98 22 minusta
526 164 96 22 voidaan
646 163 159 22 ensimäisessä
827 164 120 28 pykälässä
962 170 68 15 sanaa

203 192 190 30 »lastenkouluja*
414 195 102 20 muuttaa
538 194 98 21 sanoiksi
658 193 111 28 ,alempia
790 194 185 28 kansakouluja*,
994 194 36 27 jos

203 224 62 21 tämä
289 223 118 22 katsotaan
431 224 164 28 tarpeelliseksi
621 223 114 22 varsinkin
758 223 145 28 kaupunkien
925 223 105 29 alempiin

201 253 187 22 kansakouluihin
407 254 96 21 nähden.
535 253 93 22 Muuten
650 253 92 28 pyydän
757 254 72 21 saada
843 253 126 22 lausutuksi
984 254 46 21 että

201 283 78 22 minun
294 283 153 27 ehdotukseni,
464 283 101 22 niinkuin
578 283 108 28 jokainen
699 283 80 27 näkee,
791 289 28 16 on
830 283 129 22 ainoastaan
969 283 61 22 kom-

201 313 205 28 promissiehdotus,
427 314 71 27 johon
518 313 102 22 ainekset
641 314 53 21 ovat
713 314 74 20 otetut
801 313 136 21 hallituksen
953 313 77 27 esitys-

201 342 160 22 ehdotuksesta
381 343 54 22 sekä
457 343 67 22 niistä
544 343 233 27 esitysehdotuksista,
791 343 66 28 jotka
871 342 160 29 valtiopäiville

199 372 106 28 jätettiin.
336 372 136 23 Valiokunta
497 379 28 16 on
541 378 29 16 ne
586 373 100 22 koonnut
701 372 85 28 yhteen
800 373 25 27 ja
841 372 59 22 minä
916 372 50 22 olen
981 373 49 21 kar-

201 402 60 22 sinut
284 402 48 28 pois
357 409 46 21 sen,
426 403 61 21 mikä
510 402 98 22 minusta
622 403 73 27 näytti
710 402 128 22 liialliselta.
869 402 60 22 Minä
944 403 86 27 puoles-

201 432 47 22 tani
269 432 76 22 toivon
365 433 54 21 ettei
439 432 152 29 pappissääty,
606 432 55 29 joka
676 438 29 16 on
722 432 56 22 ollut
794 432 86 22 kansan
895 432 135 29 sivistyksen

202 463 121 22 innokkain
343 463 125 28 harrastaja
489 463 51 22 aina
561 463 149 21 Gezeliuksen
730 463 84 27 ajoista
834 463 49 26 asti,
899 464 40 26 nyt
954 463 76 27 pyydä

202 493 126 28 vähempää
347 493 54 22 kuin
421 494 64 21 muut
502 493 82 27 säädyt
600 494 52 20 ovat
667 493 132 28 pyytäneet,
816 493 110 21 nimittäin
941 493 88 21 ainakin

201 523 77 28 yhden
297 523 154 22 kansakoulun
466 523 159 28 perustamista
640 522 117 22 kuhunkin
773 523 100 21 kuntaan
887 523 25 27 ja
928 522 102 28 myöskin

201 553 125 28 piirijakoa,
347 553 36 22 siis
405 553 43 21 sitä
473 553 54 21 mitä
552 552 158 22 ensimäisessä
735 552 181 22 vastalauseessa
941 552 88 22 ehdote-

201 579 54 35 taan
269 579 180 42 Pyydettäväksi.

274 612 75 28 Piispa
370 609 99 30 Räbergh:
492 607 76 27 Äfven
587 612 41 28 jag
648 613 25 20 är
694 612 54 27 böjd
769 613 34 20 att
818 612 67 28 lägga
901 612 43 21 den
960 611 69 22 första

202 642 167 21 reservationen
384 642 34 21 till
433 642 71 35 grund
522 642 35 22 för
572 641 100 22 ständets
688 642 138 28 behandling
841 642 26 21 af
877 642 72 21 denna
960 641 68 28 fräga.

202 672 44 28 Jag
266 672 45 21 kan
329 672 48 21 icke
393 679 55 14 vara
463 672 24 22 sä
502 673 78 27 sträng
596 673 47 20 mot
658 672 117 26 utskottet,
792 678 48 15 som
856 677 28 16 en
899 671 42 22 och
957 677 73 16 annan

201 702 61 22 inom
283 701 88 22 ständet
389 702 8 21 i
418 702 44 28 dag
482 702 40 21 har
542 702 66 27 varit,
628 703 26 26 ty
675 702 41 27 jag
739 703 25 20 är
785 701 134 28 öfvertygad
940 707 36 16 om
997 704 33 18 att

202 731 110 22 utskottet
332 732 49 21 haft
401 738 29 16 en
450 733 82 27 ytterst
552 731 52 22 svär
623 731 63 28 fräga
702 733 33 20 att
751 731 49 22 lösa
815 731 42 22 och
873 733 32 20 att
921 731 108 22 utskottet

202 761 51 22 sökt
276 761 48 22 lösa
347 761 43 22 den
410 761 29 29 pä
460 762 64 21 bästa
543 762 51 21 sätt.
626 761 51 22 Den
693 761 71 22 första
779 761 168 22 reservationen
962 767 67 22 synes

202 791 46 28 mig
264 791 57 22 dock
337 791 34 22 stä
386 792 95 21 framom
498 791 120 22 utskottets
632 791 150 27 betänkande,
795 791 94 22 emedan
900 791 129 21 densamma

202 821 71 28 enligt
293 821 46 22 min
359 821 143 28 uppfattning
522 827 27 16 ur
569 821 121 22 utskottets
709 821 144 22 betänkande
868 821 101 28 upptagit
985 821 42 21 alla

202 851 28 22 de
251 851 197 28 omständigheter,
472 857 48 16 som
544 851 105 22 särskildt
665 852 38 21 äro
719 851 71 21 värda
806 852 33 20 att
854 851 99 21 beaktas.
985 850 44 22 Det

202 881 41 21 har
263 881 75 22 blifvit
357 881 103 22 anmärkt
481 882 33 21 att
530 881 43 22 den
589 881 85 21 motion
688 881 34 21 till
738 881 45 28 lag,
799 887 49 15 som
863 880 166 22 reservationen

201 910 130 27 innehäller,
354 911 7 21 i
384 911 82 28 sjelfva
489 911 79 21 verket
590 912 25 20 är
637 911 77 21 alltför
735 911 51 21 kort
807 911 42 21 och
867 910 162 28 intetsägande.

202 940 69 22 Detta
292 941 45 21 kan
355 941 40 28 jag
415 941 50 22 icke
483 941 65 27 neka,
565 947 51 15 men
630 941 41 27 jag
686 942 46 20 tror
749 941 58 21 dock
823 942 38 25 att,
878 940 24 22 sä
915 940 114 28 jemförel-

202 970 59 22 sevis
282 970 86 22 mindre
392 977 81 22 mogen
494 971 73 21 denna
588 970 64 28 fräga
666 977 31 15 nu
713 972 25 20 är
753 970 34 22 till
803 970 130 28 afgörande,
949 970 28 21 de
992 970 37 21 be-

201 1000 146 28 stämningar,
367 1000 43 22 den
431 1000 70 22 första
521 1000 167 22 reservationen
711 1000 130 27 innehäller,
862 1000 74 22 kunde
951 1000 78 27 läggas

201 1030 34 22 till
259 1030 72 28 grund
355 1030 34 22 för
413 1036 28 16 en
465 1030 105 22 framtida
590 1030 88 28 lösning
699 1030 26 22 af
738 1030 75 22 denna
829 1030 34 22 för
878 1029 50 22 värt
943 1029 47 22 folk
1005 1029 23 21 sä

201 1061 84 26 ytterst
299 1060 86 28 vigtiga
401 1060 68 28 fräga.

274 1089 51 22 Med
350 1090 107 22 afseende
482 1090 12 21 å
520 1090 44 22 den
585 1090 71 22 första
675 1090 137 28 paragrafen
832 1090 7 20 i
863 1089 72 21 denna
959 1088 70 22 första

202 1120 139 21 reservation
357 1120 62 21 delar
432 1120 41 28 jag
488 1120 44 21 den
547 1119 145 29 uppfattning
707 1120 114 33 professor
836 1119 92 22 Donner
941 1118 86 22 uttalat.

202 1148 44 22 Det
261 1149 126 28 väsentliga
402 1150 8 20 i
425 1150 73 21 denna
513 1150 140 21 reservation
668 1155 68 22 synes
752 1149 47 28 mig
815 1149 57 21 dock
887 1148 61 28 ligga
963 1148 7 22 i
986 1148 43 22 den

201 1179 149 28 bestämning,
371 1185 48 15 som
439 1179 119 22 återfinnes
579 1179 7 21 i
608 1182 12 18 4
642 1180 20 26 $,
684 1179 39 21 der
739 1179 38 21 det
793 1185 48 15 som
857 1178 84 22 bekant
956 1178 72 22 heter:

204 1208 97 28 ,Hvarje
321 1204 171 26 landskommun
514 1208 85 29 åligger
619 1210 34 20 att
672 1209 83 21 inrätta
775 1209 43 21 och
834 1208 149 28 upprätthålla
999 1206 30 23 åt"

201 1238 111 22 minstone
335 1244 28 16 en
385 1239 45 21 fast
453 1239 69 28 högre
546 1238 120 27 folkskola;
690 1238 128 28 hvarjemte
839 1238 134 22 kommunen
989 1238 42 22 bör

201 1268 66 26 tillse,
284 1270 33 20 att
333 1268 61 27 barn,
410 1268 76 22 hvilka
502 1268 55 22 söka
572 1256 94 34 inträde
675 1268 7 22 i
698 1268 70 27 skola,
785 1268 50 22 icke
846 1268 83 21 afvisas
941 1268 35 22 för
987 1268 41 21 bri-

201 1298 80 21 stande
301 1300 134 26 utrymme".
467 1298 51 22 Man
539 1298 71 22 måste
626 1298 37 21 väl
679 1298 100 22 erkänna
795 1299 33 20 att
845 1298 37 21 det
898 1298 24 20 är
937 1297 25 21 så
977 1297 51 21 med

201 1328 28 21 de
250 1329 61 21 stora
331 1328 91 21 ideerna
437 1328 7 21 i
460 1328 100 27 verlden,
576 1329 33 21 att
625 1328 27 21 de
669 1328 80 22 endast
764 1328 112 27 långsamt
890 1333 81 21 mogna
987 1326 41 22 och

200 1357 112 28 långsamt
331 1358 76 21 kunna
422 1358 56 28 göra
492 1358 34 28 sig
542 1342 110 49 gällande.
685 1357 35 22 Då
735 1358 38 21 det
789 1357 72 28 gäller
876 1358 33 20 att
924 1356 104 22 utveckla

201 1388 32 20 ett
255 1388 48 21 folk
323 1387 33 22 till
377 1388 72 21 större
464 1388 97 21 vetande
577 1388 41 21 och
634 1387 34 22 till
684 1388 32 21 ett
731 1387 105 27 vetande,
855 1386 72 22 fotadt
942 1385 28 29 på
986 1386 42 21 den

200 1417 59 21 rätta
275 1418 109 27 grunden,
400 1417 29 21 då
443 1418 25 21 är
484 1417 73 22 denna
575 1418 89 28 uppgift
679 1417 7 21 i
702 1417 83 33 sjelfva
801 1404 79 34 verket
891 1422 27 16 en
929 1416 99 27 oändligt

200 1446 72 28 vigtig
293 1448 42 20 och
355 1447 79 27 hvarje
456 1447 126 21 förhastadt
597 1449 50 26 steg
662 1453 68 21 synes
747 1447 46 27 mig
808 1447 41 21 här
864 1441 88 42 vågadt.
984 1445 44 21 Det

200 1476 41 21 har
261 1476 75 22 blifvit
354 1477 66 27 sagdt
435 1477 68 21 äfven
518 1477 7 21 i
541 1477 67 27 qväll,
624 1477 42 21 och
682 1477 122 21 utskottets
821 1475 132 28 motivering
968 1475 60 21 inne-

199 1505 72 22 håller
291 1506 132 27 detsamma,
441 1508 34 20 att
490 1506 49 22 vårt
554 1507 73 21 finska
643 1506 47 22 folk
706 1506 34 22 för
756 1508 33 20 att
806 1506 75 22 kunna
896 1505 83 21 bevara
995 1505 32 21 sin
