1181 1773
501 132 91 19 Toukok.
606 134 23 17 24
642 138 18 18 p.
902 137 55 19 1275

161 188 34 22 lor
210 188 13 21 å
239 188 43 20 den
297 193 43 15 ena
355 187 63 22 sidan
433 189 60 20 samt
508 187 64 27 lägre
588 187 41 21 och
645 186 69 28 högre
731 186 124 23 folkskolor
871 186 12 22 å
897 187 44 21 den
951 194 36 14 an-

162 218 46 26 dra,
231 216 92 22 hvilken
345 216 35 22 för
403 217 43 21 den
469 216 115 27 händelse,
600 218 34 20 att
653 217 170 21 reservationen
838 216 7 22 i
861 216 127 22 hufvudsak

162 247 136 29 godkännes,
321 252 54 16 vore
397 246 42 22 lätt
463 248 33 20 att
518 246 140 28 genomföra,
681 246 74 22 skulle
771 246 68 22 äfven
855 246 69 28 enligt
939 246 50 22 mitt

163 276 144 22 förmenande
323 276 44 22 den
382 276 70 22 första
468 276 169 22 reservationen
653 276 71 22 blifva
740 276 52 22 fullt
808 276 106 28 antaglig.
939 276 49 21 Den

163 306 93 22 innebär
271 306 132 28 visserligen
417 306 50 22 icke
483 306 69 28 något
568 307 56 21 stort
639 307 50 27 steg
706 306 81 22 framåt
803 306 7 21 i
826 306 44 22 den
884 306 104 28 riktning,

164 342 51 16 man
238 336 61 22 velat
321 336 34 28 gå,
379 342 51 15 men
454 336 44 21 den
516 336 73 21 skulle
606 336 57 22 dock
678 336 69 28 lägga
762 342 29 15 en
807 336 44 28 god
867 336 72 28 grund
955 336 34 21 för

163 368 33 20 ett
218 366 77 22 vidare
318 365 207 23 framåtskridande.
558 365 45 22 Det
626 366 44 21 kan
694 372 30 15 nu
748 366 133 28 visserligen
896 365 93 23 sättas
978 361 15 38 i

165 396 69 28 fråga,
257 396 110 21 huruvida
390 396 61 21 detta
475 395 87 28 förslag
585 396 121 28 föreligger
721 396 7 21 i
745 395 69 22 sådan
831 396 57 22 form
903 397 34 21 att
952 395 37 22 det

165 428 54 19 utan
238 426 77 21 vidare
329 426 45 21 kan
391 426 135 21 framställas
543 425 73 22 såsom
632 432 28 15 en
676 425 85 22 motion
777 426 42 21 och
835 426 90 27 mycket
941 425 48 22 skäl

164 456 75 22 kunde
260 456 27 27 ju
308 455 46 22 tala
370 455 35 22 för
421 457 33 20 att
470 455 90 22 ståndet
574 462 31 15 nu
621 455 79 22 endast
716 455 73 22 skulle
805 455 88 22 besluta
909 462 28 15 en
952 461 36 22 pe-

165 486 64 21 tition
249 492 37 15 om
301 487 32 20 ett
349 485 123 28 lagförslag
487 485 34 22 till
538 487 65 20 nästa
618 485 114 28 landtdag,
749 485 73 28 bygdt
837 485 28 28 på
881 485 27 22 de
924 491 64 22 grun-

165 516 46 27 der,
232 516 43 21 den
291 515 70 22 första
376 516 169 21 reservationen
560 515 129 22 innehåller.
720 515 47 22 Det
782 521 67 22 synes
865 515 46 28 mig
927 514 62 27 dock,

165 552 48 15 som
229 551 36 16 om
281 545 43 22 den
340 545 69 22 första
424 545 169 22 reservationen
609 551 53 16 vore
677 545 24 22 så
712 545 95 22 affattad
818 547 33 20 att
862 545 129 22 densamma

166 575 50 22 med
232 575 68 28 några
316 575 154 28 förändringar
485 575 77 22 kunde
576 575 131 28 godkännas
723 575 74 22 såsom
811 574 180 28 motionsförslag

166 605 41 22 och
231 607 32 20 att
286 605 37 22 det
346 611 53 16 vore
423 605 25 22 af
469 607 47 20 stor
540 605 48 28 vigt
608 607 33 20 att
656 605 70 22 redan
741 605 39 21 vid
796 605 73 22 denna
884 604 107 28 landtdag

166 635 89 22 komma
278 635 33 22 till
335 637 32 20 ett
385 635 26 21 af
423 635 123 21 ständerna
561 635 115 28 godkändt
691 635 125 28 lagförslag
831 635 42 22 och
888 635 49 21 icke
953 640 36 15 en-

166 665 50 22 dast
231 665 34 22 till
280 671 28 16 en
320 665 102 34 petition.
448 665 66 22 Hvad
531 664 90 29 frågans
638 665 103 22 formella
757 665 136 34 behandling
908 664 81 22 beträf-

167 695 40 26 far,
223 695 24 22 så
262 695 41 22 ber
315 695 41 28 jag
371 696 33 20 att
419 695 47 21 helt
482 695 42 22 och
540 694 69 22 hållet
625 694 22 22 få
662 695 90 21 ansluta
768 695 46 28 mig
829 695 34 21 till
878 694 113 29 professor

167 725 118 22 Forsmans
309 725 90 28 förslag.
430 725 44 28 Jag
494 725 78 21 tänkte
588 724 126 22 framställa
729 726 34 20 ett
778 724 93 22 alldeles
887 723 104 22 liknande

167 755 41 21 och
232 755 38 21 det
293 755 24 21 är
331 755 25 27 ju
372 755 68 21 äfven
456 755 38 21 det
509 754 59 22 enda
583 754 115 28 praktiska
714 755 45 21 sätt
775 755 33 20 att
823 753 111 22 behandla
950 753 41 22 frå-

167 791 53 21 gan;
245 784 128 28 derigenom
395 784 86 22 lemnas
508 784 52 22 fullt
575 784 89 22 tillfälle
680 784 36 22 för
732 784 44 21 alla
792 783 82 29 äsigter
889 785 33 20 att
937 783 54 28 göra

167 814 34 28 sig
217 814 104 28 gällande
336 814 38 21 vid
389 814 175 28 omröstningen.

238 844 87 21 Pastori
340 844 106 26 Wegelius:
478 844 78 21 Koska
571 845 61 20 tämä
647 850 29 15 on
691 844 92 21 kaikille
799 843 98 22 Suomen
912 843 78 21 kansa-

167 874 79 22 laisille
267 874 25 28 ja
315 873 87 23 meidän
425 874 87 28 lapsille
536 874 78 22 tärkeä
636 874 53 27 asia,
713 874 93 28 pyydän
827 873 68 22 saada
913 873 78 21 lausua

167 905 131 21 muutaman
313 910 70 16 sanan
398 904 165 28 koulupakosta
572 904 99 28 yleensä.
696 904 34 22 En
740 904 38 22 voi
789 904 117 28 hyväksyä
915 902 76 22 koulu-

168 934 88 28 pakkoa
274 934 56 21 siinä
346 934 118 22 muodossa
478 934 26 28 ja
519 934 58 22 siinä
592 934 140 26 laveudessa,
749 934 54 21 kuin
818 933 131 22 valiokunta
963 938 29 16 on

168 970 39 15 sen
228 964 137 21 ehdottanut.
397 964 93 21 Tahdon
510 964 154 26 huomauttaa,
685 964 47 21 että
753 964 101 21 kunnilla
869 969 29 16 on
913 962 79 28 nytkin

167 994 102 21 tilaisuus
289 994 24 27 ja
329 994 84 26 oikeus,
427 994 37 27 jos
480 994 110 27 tahtovat,
607 994 101 21 määrätä
723 993 120 22 osittainen
859 992 132 29 oppipakko,

168 1023 111 22 nimittäin
299 1023 69 22 niihin
383 1011 79 41 lapsiin
478 1020 96 36 nähden,
585 1012 69 39 "jotka
670 1025 52 20 ovat
738 1023 92 22 kunnan
845 1022 148 22 isäntävallan

169 1053 82 22 alaisia.
283 1053 61 22 Siinä
363 1054 186 26 seurakunnassa,
564 1041 70 40 johon
649 1054 48 20 tätä
712 1053 78 28 nykyä
805 1053 92 26 kuulun,
913 1051 79 22 tehtiin

169 1083 66 21 viime
261 1089 89 16 vuonna
376 1083 94 22 ehdotus
496 1071 96 34 uudeksi
617 1083 157 22 vaivaishoito-
776 1070 178 40 ohjesäännöksi,
968 1082 25 27 ja

169 1113 71 21 siihen
260 1113 84 28 pantiin
365 1113 63 28 myös
449 1113 139 22 semmoinen
609 1114 104 26 määräys
729 1114 48 20 että
792 1119 28 15 ne
835 1112 79 28 lapset,
929 1111 64 28 jotka

168 1143 238 22 vaivaishoitohallitus
431 1145 67 20 antaa
525 1143 165 26 hoidettaviksi,
708 1144 60 22 ovat
791 1142 130 22 annettavat
945 1141 49 21 sillä

169 1172 89 22 ehdolla
279 1174 47 20 että
346 1172 94 28 hoitajat
460 1173 88 28 pitävät
563 1173 61 21 heitä
638 1156 186 50 kansakoulussa,
840 1172 86 22 kunnes
942 1172 53 20 ovat

169 1202 148 22 suorittaneet
332 1202 133 28 täydellisen
481 1202 237 22 kansakoulukurssin.
745 1190 86 34 Tämän
843 1200 151 29 ohjesäännön

169 1232 134 21 kuvernööri
319 1238 28 16 on
362 1232 150 22 vahvistanut.
545 1233 39 21 Jos
600 1232 38 22 siis
652 1232 57 28 joku
723 1232 71 22 kunta
804 1232 90 22 tahtoisi
905 1231 90 27 päättää

169 1261 133 22 tämmöisen
324 1262 126 28 oppipakon
473 1262 99 22 toimeen
596 1262 139 28 pantavaksi,
760 1262 47 21 niin
829 1268 24 15 se
876 1260 56 22 voisi
955 1266 40 16 sen

169 1291 74 27 tehdä,
264 1292 73 21 mutta
358 1292 75 22 minun
452 1292 126 22 mielestäni
597 1292 106 22 kunnalle
719 1292 21 21 ei
755 1292 69 28 sopisi
839 1293 66 20 antaa
920 1290 75 22 valtaa

169 1321 114 34 pakoittaa
299 1322 138 33 vanhempia
456 1328 127 22 panemaan
603 1322 113 34 lapsiansa
736 1322 107 21 kouluun.
878 1320 118 22 Minäkään

171 1357 27 15 en
214 1351 38 21 siis
267 1351 38 22 voi
319 1352 118 33 hyväksyä
452 1352 55 21 niitä
523 1352 97 28 pykäliä,
635 1352 71 27 joissa
721 1351 127 28 oppipakko
859 1350 136 26 määrätään,

170 1382 72 20 mutta
261 1382 128 27 pääasiassa
409 1381 65 22 olisin
489 1381 81 22 valmis
586 1381 172 34 hyväksymään
774 1380 134 22 ensimäiset
923 1380 72 20 vasta-

169 1411 99 21 lauseen.
303 1411 92 21 Muuten
416 1411 29 22 oli
466 1411 155 21 aikomukseni
642 1411 68 21 tehdä
728 1411 63 27 juuri
811 1416 63 16 sama
894 1408 102 27 ehdotus,

168 1440 71 27 jonka
261 1441 120 27 professori
400 1441 109 21 Forsman
528 1441 70 21 täällä
613 1441 53 27 teki,
681 1441 25 27 ja
722 1440 85 22 tahdon
822 1438 125 24 sentähden
961 1438 35 22 sii-

171 1470 43 21 hen
229 1470 78 28 yhtyä.

241 1500 92 22 Rehtori
357 1500 103 27 Bergroth:
492 1500 73 22 Herra
589 1500 113 21 Melander
723 1506 30 16 on
774 1499 136 22 kosketellut
930 1498 67 28 kysy-

171 1530 80 26 mystä,
266 1530 61 27 josta
341 1530 24 28 jo
380 1530 46 22 niin
441 1530 78 28 paljon
536 1536 28 15 on
580 1530 141 21 keskusteltu
737 1530 180 21 valiokunnassa.
947 1527 51 22 Hän
