986 1709
738 131 40 21 319

60 193 50 26 med
130 197 41 22 den
191 194 134 31 förändring,
346 199 32 19 att
402 195 133 24 terminerna
554 197 34 21 för
606 196 202 23 bränvinstillverk-

60 232 81 27 ningen
163 232 122 20 bestämdes
308 232 6 20 i
338 232 97 27 enlighet
453 231 49 21 med
520 231 42 21 den
577 231 118 28 kejserliga
710 232 98 27 proposi-

60 267 85 25 tionen;
162 266 23 26 $$
201 266 24 20 11
243 266 39 20 och
295 266 25 20 15
331 266 125 27 godkändes
471 265 50 21 med
536 265 67 21 sädan
619 265 99 28 ändring,
728 268 33 18 att
771 266 37 21 be-

60 300 75 28 loppet
160 307 38 19 ,en
221 299 114 28 sjettedel*
359 300 140 20 förändrades
522 299 32 21 till
581 306 41 20 jen
644 299 123 21 femtedel."
798 300 11 21 I

61 335 39 21 allt
115 317 73 45 öfrigt,
204 334 49 21 med
269 334 112 28 undantag
397 334 65 21 likväl
478 334 24 21 af
515 334 203 21 bränvinsskattens
729 334 79 22 fördel-

61 369 60 28 ning,
136 376 38 14 var
189 368 148 22 betänkandet
348 368 140 22 oförändradt
498 368 118 28 godkändt,
627 368 33 21 till
670 368 52 29 följe
734 368 78 22 hvaraf

62 404 86 21 ståndet
165 404 83 28 jemväl
261 403 34 21 för
311 403 32 21 sin
360 403 34 21 del
410 403 104 21 förklarat
530 404 33 27 sig
578 404 53 27 vilja
646 403 87 29 deltaga
748 404 7 20 i
770 411 38 14 un-

62 438 105 28 derdånig
187 438 92 28 petition
301 445 34 14 om
355 438 163 28 upphäfvandet
538 438 23 21 af
578 438 36 21 det
630 438 180 28 undantagsstad-

62 472 78 30 gande,
156 473 141 28 hvarigenom
313 472 143 29 Systerbäcks
472 472 159 29 gevärsfaktori
644 473 112 21 förunnats
767 476 43 19 rät-

62 508 70 28 tighet
146 508 34 20 till
195 515 26 14 en
236 508 7 21 i
257 508 43 21 allo
316 507 163 22 okontrollerad
493 508 246 28 bränvinstillverkning
755 510 56 20 samt

62 543 149 28 krogrörelses
231 542 95 22 idkande
346 544 13 20 å
379 542 104 22 faktoriet
501 542 163 28 underlydande
684 543 127 28 lägenheter

63 578 59 21 inom
142 577 101 22 Finland.
273 577 140 22 Beträffande
437 578 46 21 åter
505 577 152 29 fördelningen
676 578 24 21 af
715 578 95 21 kronans

63 613 64 22 andel
148 613 8 21 i
179 612 191 22 bränvinsskatten
390 612 122 22 bestämdes
531 612 126 22 densamma
671 612 29 28 på
714 612 96 29 följande

64 649 53 21 sätt:

133 683 28 28 A)
175 682 85 29 Anslag
282 682 33 21 till
338 682 123 21 ersättande
485 682 22 22 af
527 682 95 21 kronans
638 682 77 22 förlust
732 689 79 21 genom

64 718 41 21 den
129 717 124 21 nuvarande
275 716 202 22 bränvinsskattens
498 716 146 22 bortfallande
667 719 55 19 samt
745 717 26 21 de
790 717 24 22 af

64 752 41 22 den
120 752 131 21 förändrade
267 752 166 28 lagstiftningen
449 752 125 21 föranledda
590 751 97 29 utgifter.

133 788 32 20 1:o
186 787 33 21 för
239 786 159 28 eftergifvande
417 786 23 21 af
453 786 222 22 husbehofsbränvins
732 792 54 17 Mark.

166 821 195 28 arrende-afgiften
388 836 4 5 .
423 836 4 5 .
459 836 4 5 .
494 838 4 4 .
529 836 5 6 «<
564 835 5 6 «
600 836 5 5 <
636 836 4 5 <
671 836 4 6 <
702 817 9 36 =
720 821 92 27 660,000

133 857 33 20 2:0
183 856 25 21 de
224 856 49 21 med
294 856 123 21 kontrollen
434 855 102 21 förenade
550 855 92 28 utgifter
671 872 5 4 .
721 856 91 26 300,000

132 891 28 27 B)
179 890 91 28 Anslag,
293 897 46 15 som
362 890 46 21 afse
431 890 105 22 lättandet
552 890 23 20 af
588 890 26 21 de
637 890 85 27 bördor,
738 890 74 22 hvilka

65 926 76 28 trycka
153 925 137 28 jordbruket.

135 961 32 20 1:o
183 960 122 27 ersättning
321 959 33 21 för
373 959 107 28 lagmans-
495 960 39 21 och
550 959 126 22 häradshöf-

167 994 266 29 dinge-tingsgästningen
460 1010 4 5 .
495 1010 5 5 .
530 1011 5 5 .
672 1010 5 5 «<
722 994 92 28 —490,000

134 1030 33 20 2:o
191 1030 32 20 till
246 1030 90 20 backars
356 1029 119 28 jemnande
495 1031 56 20 samt
567 1010 55 48 väg-
638 1010 39 40 och

168 1064 166 28 brobyggnader
355 1079 5 5 .
391 1079 5 5 .
426 1080 5 4 .
722 1064 92 27 200,000

134 1100 33 20 3:o
190 1099 77 28 bidrag
287 1099 34 20 till
342 1079 277 48 hållskjutsningstungans
638 1080 39 40 1ät-

168 1134 65 21 tande
257 1140 79 22 genom
358 1133 150 28 befrämjande
526 1134 24 20 af
567 1135 111 27 entrepre-

169 1169 85 21 nader.
285 1184 5 5 .
321 1184 4 5 .
355 1184 5 4 .
723 1168 91 26 300,000

135 1204 33 20 4:0
189 1203 122 27 ersättning
330 1202 34 21 till
386 1183 130 41 stateverket
532 1183 40 40 för
582 1183 97 47 aflöning

169 1238 23 20 af
205 1238 49 20 bro-
270 1237 41 21 och
326 1236 133 29 skallfogdar
498 1253 4 5 =.
533 1252 5 6 .
568 1252 5 5 .
639 1252 5 6 «
674 1252 4 6 <
725 1237 90 27 100,000

136 1272 26 27 C)
177 1272 84 28 Anslag
275 1271 34 21 till
325 1272 90 20 allmänt
430 1272 84 28 nyttiga
530 1253 106 39 ändamål.

137 1308 32 20 1:o
190 1306 95 22 kreditiv
305 1306 33 20 till
358 1306 119 28 styrelsens
497 1306 129 28 förfogande
647 1306 32 21 för

169 1341 144 26 undsättning
332 1340 69 20 under
415 1340 128 21 missvextår
559 1340 39 20 och
614 1340 66 20 andra

171 1373 184 28 utomordentliga
370 1374 67 20 behof
465 1390 4 4 .
500 1389 4 5 .
535 1390 5 4 .
571 1388 4 6 .
607 1390 5 4 «
726 1374 91 26 500,000

137 1410 33 20 2:0
182 1409 77 28 anslag
269 1408 33 22 till
313 1408 215 28 fängelseväsendets
536 1389 149 40 förbättrande
725 1408 93 27 410,000

137 1445 33 21 3:0
201 1445 34 21 d:o
269 1444 34 21 till
319 1444 120 22 dårvården
465 1460 4 5 .
500 1460 4 5 .
535 1460 4 5 «
570 1460 4 5 .
606 1459 4 6 »
642 1459 4 6 +»
676 1460 4 4 +»
726 1444 91 30 —200,000
