995 1709
764 129 27 21 65

73 200 50 15 men
140 194 54 21 skall
210 194 59 21 detta
284 194 56 21 onda
359 194 101 27 existera,
480 195 24 21 så
518 194 39 22 vill
569 194 40 28 jag
623 194 33 22 för
671 194 45 21 min
732 194 35 21 del
783 201 36 15 en-

74 228 48 21 dast
137 228 87 22 förorda
239 229 132 27 antagandet
386 229 24 21 af
423 228 67 22 andra
506 228 125 22 sektionens
647 229 83 27 afgifna
745 229 75 20 betän-

73 262 71 22 kande
159 263 7 20 i
182 263 70 29 denna
267 263 45 21 sak.

141 297 58 21 Herr
214 298 155 28 Törngren:
393 298 57 21 Herr
465 305 42 14 von
523 298 65 26 Born,
607 298 20 20 J.
643 298 34 26 A.,
692 298 39 21 har
746 300 74 26 yttrat,

74 334 32 18 att
120 332 42 21 han
179 339 37 14 var
232 332 127 28 öfvertygad
374 340 34 13 om
424 334 31 19 att
473 332 104 21 Finlands
592 332 140 27 bondeständ,
749 332 72 22 derest

74 366 27 21 de
115 367 70 27 öfriga
200 366 90 22 ständen
306 367 85 21 besluta
405 374 34 14 om
455 367 114 21 införande
584 367 24 21 af
621 367 199 34 fabriksbränning,

75 401 69 21 skulle
167 402 132 20 underkasta
321 402 33 28 sig
378 409 26 14 en
425 402 66 21 sädan
512 402 35 28 lag
567 404 52 18 utan
635 402 60 20 knot.
725 401 43 28 Jag
781 402 40 21 har

75 436 110 28 grundade
201 436 47 21 skäl
265 438 31 19 att
312 438 40 25 tro,
371 438 31 19 att
417 436 48 22 icke
481 437 23 21 sä
521 436 69 21 blefve
606 436 151 28 förhållandet,
772 437 50 21 icke

75 470 93 27 derföre,
183 472 32 20 att
229 472 48 20 icke
292 471 104 21 Finlands
412 471 135 21 bondeständ
562 473 23 19 är
600 471 49 21 fullt
660 471 45 21 lika
715 471 107 28 laglydigt

76 512 46 14 som
138 506 74 28 hvarje
232 508 67 19 annat
320 506 68 27 ständ,
410 513 49 14 men
481 506 92 26 derföre,
589 508 32 18 att
636 506 37 20 det
688 506 134 21 beträffande

75 541 269 28 bränvinslagstiftningen
353 547 63 15 anser
427 540 255 28 husbehofsbränningen
690 542 78 19 nästan
776 548 46 14 som

77 579 31 19 ett
122 576 139 28 privilegium
273 576 33 21 för
318 575 157 22 bondeständet
486 575 39 21 och
537 575 33 21 för
581 574 36 22 det
627 574 68 22 andra
705 582 64 14 anser
779 575 43 27 det,

77 614 32 20 att
124 612 85 21 accisen
229 611 34 21 för
276 610 116 22 bränvinet
408 612 23 19 är
447 617 27 15 en
489 610 126 28 bevillning,
636 610 86 21 hvartill
738 610 84 21 fordras

77 647 43 21 alla
134 646 48 29 fyra
197 646 74 21 ständs
287 646 117 28 samtycke,
420 646 23 20 sä
462 646 31 20 att
508 652 34 14 om
558 644 75 28 frågan
649 644 70 22 skulle
736 645 87 28 afgöras

77 685 46 19 mot
138 682 49 21 dess
203 682 62 27 &sigt,
283 688 63 14 anser
362 681 36 21 det
408 680 33 28 sig
452 680 132 22 förnärmadt
594 679 7 21 i
613 680 32 20 sin
656 681 43 20 rätt
710 680 40 21 och
760 687 64 14 anser

79 719 32 19 att
126 717 26 21 de
167 716 67 22 andra
249 716 90 21 ständen
354 718 52 18 utan
422 717 32 19 att
468 722 51 14 vara
535 714 134 28 berättigade
683 714 73 21 dertill
766 714 58 22 frän-

79 752 56 28 tagit
145 752 36 20 det
192 758 27 14 en
229 751 111 27 rättighet,
352 757 44 14 som
408 750 48 21 dess
467 749 95 22 förfäder
572 748 53 28 haft,
636 749 39 21 och
687 756 45 14 som
743 750 20 27 ej
773 751 52 19 utan

78 786 44 22 alla
137 786 102 21 ständens
255 785 233 22 sammanstämmande
504 784 71 21 beslut
590 784 43 20 kan
647 784 117 28 fräntagas.

148 821 72 21 Jemte
236 820 37 22 det
288 820 50 21 herr
352 818 206 27 landtmarskalken,
574 819 52 20 enär
637 818 65 28 ingen
714 818 68 21 talare
792 819 32 20 vi-

79 857 51 21 dare
146 856 73 22 anhöll
235 863 34 14 om
280 855 68 27 ordet,
363 854 123 22 förklarade
497 853 151 23 diskussionen
659 853 112 28 angäende
782 853 43 21 den

79 892 92 28 princip,
191 898 46 14 som
258 890 67 22 borde
344 890 62 28 tjena
421 890 32 20 till
470 889 70 29 grund
554 889 33 21 för
602 888 165 28 ifrägavarande
782 889 43 21 för-

80 927 101 27 fattning,
202 932 51 15 vara
269 925 100 27 afslutad,
384 924 147 28 tillkännagaf
549 924 50 20 herr
617 923 208 27 landtmarskalken,

81 963 32 19 att
128 960 163 30 propositionen
309 960 8 20 i
336 961 74 20 ämnet
424 959 87 21 komme
526 960 32 19 att
572 958 132 22 framställas
719 958 36 20 vid
770 965 56 14 mor-

81 996 126 28 gondagens
222 994 165 27 sammanträde,
403 994 27 21 då
446 994 39 21 ock
501 992 150 22 diskussionen
667 992 113 28 angående
790 992 36 22 be-

81 1030 119 22 tänkandet
215 1030 7 21 i
238 1029 66 28 öfrigt
318 1030 86 20 komme
421 1030 30 19 att
467 1028 118 21 fortsättas.

148 1064 173 28 Ridderskapets
342 1063 39 21 och
397 1063 74 21 adelns
487 1062 141 22 medlemmar
643 1061 115 28 åtskiljdes
774 1061 52 21 härå

82 1100 92 20 klockan
191 1099 41 21 två.

579 1132 20 16 In
615 1131 59 17 fidem:

483 1160 75 20 Victor
570 1160 27 19 de
609 1160 23 19 la
644 1159 115 24 Chapelle.

235 1268 63 30 Den
320 1271 36 26 30
378 1279 81 24 mars,
481 1268 40 27 kl.
544 1268 37 26 10
601 1266 19 27 f.
641 1275 36 17 m.

154 1339 59 21 Herr
228 1338 198 21 landtmarskalken
443 1335 152 27 tillkännagaf,
611 1335 32 18 att
657 1332 76 20 herrar
749 1332 83 20 elekto-

86 1380 36 14 rer
137 1374 7 20 i
160 1372 160 27 ridderskapets
336 1371 39 21 och
391 1370 74 21 adelns
481 1369 43 21 alla
539 1370 32 18 tre
586 1367 91 25 klasser,
691 1366 35 20 till
740 1365 56 27 följd
811 1365 23 21 af

87 1407 97 21 ständets
199 1406 74 22 derom
288 1405 141 21 härförinnan
443 1404 104 26 vidtagna
564 1401 78 26 beslut,
664 1400 7 21 i
691 1400 39 28 gär
745 1398 89 22 anställt

86 1442 36 22 val
144 1441 33 22 till
199 1441 120 21 ledamöter
342 1440 39 20 och
404 1438 140 28 suppleanter
562 1437 31 20 uti
613 1435 19 29 ej
649 1434 85 22 mindre
749 1434 37 22 det
800 1435 33 20 ut-

154 1482 51 23 Högl.
219 1482 51 18 Ridd.
284 1482 29 16 och
325 1480 63 18 Adelns
400 1479 66 18 Protok.
745 1475 20 17 5*
