995 1714
198 129 41 21 362

170 195 86 26 bördor,
279 195 39 20 ber
337 195 41 27 jag
400 196 31 19 att
451 194 22 21 få
493 195 95 27 åberopa
608 201 28 14 en
650 195 29 27 på
693 194 60 21 detta
768 201 46 14 rum
829 195 89 27 nyligen

170 229 107 28 framlagd
292 228 81 29 kalkyl,
391 228 68 28 enligt
475 229 88 21 hvilken
575 229 76 20 endast
661 228 191 29 hållskjutsnings-
863 230 56 19 samt

169 264 127 28 landsväga-
313 263 40 21 och
368 263 261 28 brobyggnadsbesvären
650 265 82 20 ansetts
747 263 54 22 böra
815 263 104 28 uppskat-

170 301 33 19 tas
224 299 34 21 till
279 300 25 20 10
322 298 103 29 miljoner
440 299 63 21 mark
523 305 35 14 om
577 299 53 20 året.
661 298 43 29 Jag
719 298 72 29 frågar
807 298 34 27 då,
856 298 63 21 hvar-

169 333 50 22 med
242 334 55 20 skall
319 334 84 20 kronan
427 334 116 27 godtgöras
562 333 33 21 för
614 333 48 20 sina
678 340 79 21 genom
771 333 147 28 jordbeskatt-

169 369 93 28 ningens
273 368 141 28 upphörande
425 368 146 21 förminskade
582 367 135 22 inkomster?
728 367 105 22 hvarmed
843 367 75 22 frälse-

166 404 91 27 jordens
280 402 139 22 skattefrihet
441 403 95 21 inlösas?
559 402 104 21 hvarmed
684 403 26 20 de
731 402 139 21 kommunala
886 405 32 18 ut-

169 438 116 28 skylderna
305 437 120 21 bestridas?
455 438 39 21 Att
512 437 74 21 härtill
600 437 143 28 erforderlige
757 437 73 21 medel
845 437 73 21 kunde

169 473 93 21 erhållas
285 479 79 21 genom
385 472 147 28 beskattning,
548 471 50 28 lagd
618 471 77 22 endast
714 472 29 27 på
761 471 41 22 den
817 478 54 15 rena
886 472 32 21 in-

169 507 108 27 komsten,
300 507 39 20 har
361 507 36 21 väl
419 507 50 21 herr
484 506 158 29 Björkenheim
662 506 49 21 sökt
730 505 121 28 framhålla,
868 513 50 14 men

168 543 67 28 derpå
254 543 66 27 vågar
337 542 39 27 jag
396 541 119 22 tillsvidare
535 541 65 26 tvifla,
616 541 58 21 helst
688 548 51 14 man
754 541 39 20 hos
809 547 35 15 oss
860 543 59 19 ännu

169 577 79 22 saknar
264 577 124 21 erfarenhet
403 583 34 14 om
453 576 57 22 hvad
526 583 27 14 en
568 575 61 28 dylik
640 575 224 29 förmögenhetsskatt
875 576 43 21 kan

168 613 108 26 inbringa.
305 611 82 22 Vidare
408 611 38 21 har
466 611 136 21 motionären
622 611 33 20 till
671 611 49 20 stöd
735 610 33 21 för
785 610 37 21 sitt
836 611 83 28 förslag

168 647 105 28 åberopat
289 647 41 20 den
347 647 155 28 oberäkneliga
517 647 62 27 nytta
591 645 131 29 jordbruket
737 645 70 22 skulle
818 646 99 28 tillskyn-

168 682 38 21 das
222 689 78 21 genom
316 681 42 22 den
374 681 24 21 af
411 681 80 21 honom
506 681 115 21 förordade
637 681 116 26 reformen,
769 687 50 15 men
829 681 40 28 jag
884 681 34 21 för

168 717 44 21 min
228 717 35 20 del
279 716 82 29 nödgas
376 716 102 21 bekänna
493 718 38 25 att,
547 715 27 22 då
588 716 48 20 vårt
651 715 52 21 land
717 715 8 21 i
740 715 119 22 allmänhet
870 716 48 21 sak-

168 759 38 14 nar
221 751 66 21 andra
303 753 27 19 än
346 751 56 20 fasta
417 751 114 27 kapitaler,
548 757 46 14 som
610 750 72 21 kunde
697 750 7 21 i
719 750 137 28 betydligare
867 758 51 14 mon

168 787 118 26 beskattas,
299 786 39 28 jag
353 785 49 21 icke
422 785 42 21 kan
480 786 43 20 rätt
539 784 107 29 uppfatta,
662 784 62 21 hvari
740 784 71 22 denna
827 785 90 22 oberäk-

168 821 72 28 neliga
263 822 61 26 nytta
346 819 125 29 egentligen
494 820 79 27 består,
596 819 27 21 då
642 819 8 21 i
670 819 43 21 alla
728 819 116 22 händelser
857 820 60 28 jord-

167 856 109 21 brukaren
296 855 41 21 blir
357 855 48 26 den,
425 861 46 14 som
487 854 133 21 fortfarande
636 854 32 21 får
684 853 120 22 vidkännas
820 855 27 20 de
863 857 55 19 stör-

168 893 32 18 sta
216 890 186 28 skattebidragen,
423 896 34 13 om
478 889 40 22 ock
538 889 7 21 i
565 896 72 14 annan
656 889 56 20 form
727 890 27 21 än
770 897 35 13 nu.
835 889 12 21 I
862 897 55 14 sam-

167 925 111 28 manhang
299 924 51 21 med
371 923 124 22 fördelarne
515 924 34 21 för
565 923 131 28 jordbruket
711 924 24 21 af
747 924 170 28 grundskattens

168 960 117 27 aflyftande
305 959 40 21 har
365 959 64 20 äfven
448 959 128 26 framstälts,
590 959 32 20 att
638 958 71 22 denna
731 959 59 21 skatt
805 966 51 14 vore
873 961 44 19 sär-

167 995 60 21 deles
250 993 109 28 hinderlig
377 993 33 21 för
426 993 141 28 jordbrukets
582 993 205 21 framåtskridande.
817 993 51 22 Men
884 995 32 20 så-

168 1029 52 21 dant
241 1030 24 19 är
285 1028 77 21 endast
382 1027 60 21 fallet
458 1028 7 21 i
481 1027 41 22 den
538 1027 103 22 händelse
658 1029 32 20 att
704 1028 88 21 skatten
807 1029 24 20 är
847 1028 69 22 öfver-

168 1064 91 21 drifven.
285 1062 161 21 Erfarenheten
462 1062 101 21 öfverallt
578 1061 107 22 besannar
701 1062 66 21 detta.
793 1063 74 20 Gerna
882 1064 36 21 må

167 1098 121 27 medgifvas
304 1099 31 19 att
347 1096 139 28 jordskatten
501 1097 8 20 i
524 1096 57 21 vissa
592 1095 84 22 trakter
691 1097 24 20 af
727 1096 74 21 landet
811 1098 24 19 är
846 1097 71 22 öfver-

167 1132 79 21 drifvet
265 1132 50 27 hög,
337 1131 40 21 och
397 1131 76 28 hvarje
495 1130 113 23 öfverdrift
626 1132 24 20 är
669 1131 91 28 skadlig,
776 1139 50 14 men
841 1131 37 22 det
892 1135 24 19 är

167 1167 49 21 icke
232 1166 150 26 öfverdriften,
398 1173 44 14 som
459 1167 40 27 gör
514 1166 113 28 principen
642 1166 121 28 förkastlig.

234 1201 45 21 Vid
300 1201 61 27 fråga
384 1207 35 14 om
441 1200 169 28 grundskattens
634 1200 117 29 aflyftande
771 1201 39 21 bör
829 1209 50 14 man
896 1203 20 27 ej

167 1236 69 21 heller
258 1236 73 20 lemna
352 1242 26 13 ur
400 1235 55 27 sigte
480 1235 26 21 de
529 1235 135 28 svårigheter
688 1235 115 28 förslagets
827 1243 89 20 genom-

167 1269 90 21 förande
274 1268 70 21 skulle
360 1269 60 20 möta
434 1268 7 20 i
457 1269 37 20 det
509 1268 117 21 bestående
637 1269 209 27 indelningsverket,
862 1270 54 21 lika-

166 1310 47 14 som
226 1310 49 13 man
287 1302 49 21 icke
348 1302 34 21 får
396 1302 80 21 förbise
488 1303 26 20 de
528 1302 94 21 fördelar
638 1303 182 28 grundskatterne
836 1304 81 21 bereda

167 1337 138 22 statsverket.
328 1337 71 21 Dessa
415 1337 82 21 skatter
513 1338 37 20 äro
566 1337 110 28 nemligen
688 1337 33 22 för
731 1337 62 22 alltid
805 1338 111 23 bestämde

166 1373 40 21 och
226 1372 63 21 alltid
309 1373 31 20 att
359 1372 104 28 påräkna,
479 1372 113 21 hvaremot
607 1372 240 22 konsumtionsskatten
863 1374 53 21 eller

166 1407 256 28 förmögenhetsafgifter
437 1408 36 19 äro
490 1414 46 14 mer
553 1407 53 21 eller
621 1407 84 22 mindre
721 1407 78 22 osäkra
811 1409 39 20 och
861 1409 54 20 fluk-

167 1442 112 22 tuerande.
305 1441 42 30 Jag
362 1442 43 21 kan
421 1441 48 22 icke
485 1441 69 22 heller
570 1442 73 29 undgå
658 1443 111 28 anmärka,
785 1445 32 20 att
833 1444 83 28 frågan,
