986 1700
750 129 41 21 233

138 190 58 22 Herr
214 198 41 14 von
273 192 80 26 Born,
373 192 27 21 K.
416 192 31 22 F.:
471 192 45 22 Min
536 193 65 27 afsigt
621 194 49 20 med
686 193 25 21 de
728 194 91 26 300,000

69 225 69 27 mark,
153 233 45 13 som
212 226 39 28 jag
265 226 113 28 föreslagit
393 227 32 20 till
437 227 215 27 fängelseväsendets
663 228 157 27 förbättrande,

69 266 38 14 var
123 260 65 21 ocksä
204 263 32 18 att
251 260 26 21 de
293 260 70 21 skulle
379 262 110 20 användas
504 262 33 20 till
552 262 133 27 amortering
701 262 24 20 af
733 263 32 19 ett
775 262 44 32 län,

70 300 45 14 som
131 296 107 26 upptages
254 294 34 21 för
303 294 92 21 nämnde
412 296 100 20 ändamäl
528 295 40 21 och
579 297 31 19 att
621 296 83 20 säledes
720 296 99 27 tillväga-

70 327 131 28 bringandet
216 328 24 20 af
252 328 109 21 reformen
378 329 34 20 mä
428 329 38 21 ske
482 328 60 22 raskt
558 329 39 21 och
612 329 51 27 fort,
683 329 48 21 icke
750 330 69 20 under

70 368 27 14 en
113 362 81 28 mängd
209 362 23 21 af
246 363 34 27 är;
296 362 40 22 och
349 363 39 27 jag
403 365 46 19 tror
465 365 31 19 att
512 364 36 20 det
558 363 86 29 belopp,
656 370 47 15 som
711 364 40 28 jag
761 364 57 21 före-

69 396 71 28 slagit,
157 396 55 21 skall
231 404 51 13 vara
297 397 83 28 ganska
398 398 134 28 tillräckligt.
561 398 45 21 Det
622 398 42 21 kan
679 398 36 21 vid
731 405 26 14 en
769 398 48 21 blif-

69 430 69 21 vande
163 431 103 28 landidag
292 431 61 27 ökas,
383 438 35 14 om
449 432 36 21 det
512 432 28 21 dä
564 439 64 14 anses
653 433 20 27 ej
699 439 52 15 vara
775 432 43 22 till

69 464 99 29 räckligt.

137 499 58 21 Herr
211 500 200 22 landtmarskalken
427 501 135 21 framställde
577 501 53 21 härä
645 502 172 28 propositionen:

139 551 8 9 »
151 534 45 21 Vill
212 534 151 28 ridderskapet
379 535 39 21 och
430 535 62 21 adeln
503 535 24 21 af
536 535 41 21 den
588 536 155 27 presumerade
754 536 62 21 brän-

69 568 135 21 vinsskatten
224 569 69 21 under
310 576 34 14 n:o
362 570 9 20 1
389 569 24 21 af
426 570 166 28 ifrägavarande
607 570 41 21 litt.
663 571 19 20 B
697 571 121 21 bestämma

69 605 31 19 ett
122 603 77 28 anslag
221 603 23 22 af
258 604 90 27 300,000
368 604 63 21 mark
445 604 34 21 till
495 605 215 27 fängelseväsendets
726 605 90 21 förbätt-

69 637 82 22 rande?

136 671 48 22 Den
200 679 46 14 som
262 673 38 20 vill
314 673 32 20 till
362 673 93 21 berörde
466 673 100 21 ändamål
576 673 61 21 anslå
648 674 90 26 300,000
749 674 68 26 mark,

69 713 73 14 svarar
156 707 34 26 ja;
206 707 42 20 den
264 707 36 20 det
315 707 48 20 icke
378 707 45 26 vill,
439 714 73 14 svarar
528 707 44 28 nej.

135 740 85 21 Vinner
235 741 44 28 nej,
296 741 71 21 ansläs
382 741 34 20 för
432 741 123 21 ändamälet
571 742 91 26 600,000
677 741 82 22 mark.*

138 775 46 21 Och
200 782 45 14 som
262 775 70 21 denna
347 776 136 27 proposition
498 775 107 21 obestridt
623 776 79 28 ansägs
718 776 100 22 nekande

67 809 112 27 besvarad,
200 809 70 22 skulle
289 809 64 21 alltsä
371 810 69 21 under
456 817 35 14 n:o
508 811 9 20 1
534 809 24 22 af
571 810 41 21 litt.
628 810 18 21 B
662 812 108 26 upptagas
786 812 32 19 ett

68 844 77 27 anslag
159 843 25 22 af
197 844 91 27 600,000
303 844 62 21 mark
380 844 34 21 till
429 844 216 28 fängelseväsendets
660 845 157 21 förbättrande.

136 878 98 21 Härnäst
250 878 75 21 skreds
339 879 33 20 till
388 878 162 21 bestämmande
566 879 24 20 af
602 879 103 28 beloppet
720 879 49 20 utaf
781 879 36 21 det

68 913 83 28 anslag,
174 919 46 14 som
240 913 66 20 borde
327 913 52 28 utgä
399 913 33 20 till
447 912 254 22 kommunikationernas
716 913 101 21 fullkom-

67 947 78 26 nande,
162 947 89 20 hvarvid

137 981 79 20 Grefve
236 981 95 20 Creutz
354 980 115 21 förordade
489 980 222 21 utskottssektionens
728 981 89 28 förslag,

67 1015 51 21 med
132 1015 36 21 det
186 1015 108 20 förbehäll
312 1014 73 27 likväl,
405 1016 32 19 att
453 1015 7 20 i
475 1014 103 21 händelse
594 1015 67 20 andra
677 1016 91 26 utvägar
783 1015 34 20 till

67 1049 211 27 donationsgodsens
296 1048 113 21 inlösande
427 1048 113 27 bereddes,
560 1049 26 20 de
602 1049 24 20 af
639 1049 115 20 sektionen
770 1049 46 21 der-

67 1083 33 21 till
119 1083 125 28 föreslagna
266 1083 91 27 200,000
376 1083 61 20 mark
452 1083 63 21 äfven
532 1083 70 20 skulle
618 1083 33 20 till
666 1083 150 21 förstnämnde

67 1117 100 22 ändamål
183 1117 117 26 användas,
317 1119 56 19 samt

134 1152 59 21 Herr
208 1152 103 27 Munck,
330 1151 27 21 K.
373 1151 33 27 F.,
430 1152 47 21 åter
499 1152 89 28 yrkade,
610 1154 32 19 att
664 1152 99 28 anslaget
783 1152 33 21 till

67 1186 253 22 kommunikationernas
343 1186 163 21 fullkomnande
530 1186 70 21 skulle
623 1186 62 28 höjas
709 1186 56 21 ända
783 1187 33 20 till

67 1221 112 27 3,000,000
194 1221 70 20 mark.

134 1256 42 20 Till
192 1255 53 28 följe
261 1254 64 22 häraf
337 1254 39 21 och
392 1255 49 21 med
457 1254 101 22 afseende
574 1255 13 21 å
597 1254 144 22 hvad
658 1250 14 38 i
684 1254 57 22 detta
751 1256 63 20 ämne

66 1289 142 21 härförinnan
224 1290 85 26 yttrats,
326 1288 68 21 erhöll
410 1289 42 21 den
467 1289 24 21 af
503 1289 51 21 herr
570 1289 200 21 landtmarskalken
785 1296 30 14 nu

67 1323 135 21 framställda
218 1318 164 32 propositionen
398 1323 71 21 denna
484 1323 93 27 lydelse:

135 1373 10 10 »
146 1356 46 21 Vill
207 1356 152 28 ridderskapet
375 1356 40 21 och
431 1356 70 27 adeln,
517 1356 71 21 såsom
604 1356 106 21 utskottet
726 1356 89 22 föresla-

67 1391 38 28 git,
121 1391 34 20 till
169 1390 254 22 kommunikationernas
439 1390 163 22 fullkomnande
624 1391 61 21 anslå
704 1391 111 27 1,800,000

67 1425 68 28 mark,
151 1431 46 15 som
213 1425 53 22 ökas
281 1425 49 23 med
345 1425 37 23 det
397 1426 84 29 anslag,
501 1432 45 15 som
562 1425 98 22 kommer
675 1427 32 20 att
722 1426 93 22 bestäm-
