992 1720
201 138 42 21 354

173 202 78 22 dernas
274 201 79 22 beslut.
383 201 44 28 Jag
447 201 78 28 tycker
548 202 31 20 att
600 207 51 15 man
670 201 6 20 i
693 201 60 22 detta
768 201 39 22 fall
822 201 49 21 med
886 201 39 21 allt

173 236 48 21 skäl
242 235 74 22 kunde
339 235 54 28 följa
415 242 83 14 samma
519 235 86 28 princip
626 235 41 21 och
682 235 92 21 föreslår
790 235 86 21 derföre
892 237 33 19 att

172 271 153 28 ridderskapet
347 271 40 20 och
410 269 64 22 adeln
497 269 139 28 bestämmer,
657 271 32 20 att
710 270 80 28 qvinna
806 270 34 21 för
856 269 68 22 första

171 313 64 14 resan
249 305 118 28 lägersmål
384 304 56 21 skall
455 311 52 14 vara
522 304 28 21 fri
566 304 48 21 från
630 311 85 14 ansvar.

240 339 59 22 Herr
315 339 165 28 Jägerhorn,
496 338 27 22 K.
539 339 28 21 J.:
589 338 76 21 Ehuru
683 339 40 28 jag
742 338 49 22 icke
806 339 42 20 kan
865 339 59 21 från-

171 375 63 21 träda
253 374 45 21 min
319 373 58 22 förut
397 373 8 21 i
426 373 142 22 förevarande
589 374 63 20 ämne
668 373 12 21 å
695 373 60 21 detta
774 381 47 14 rum
837 373 86 28 yttrade

172 410 63 27 äsigt,
259 410 32 20 att
313 409 87 27 gvinna,
421 409 71 20 säsom
513 409 69 20 första
603 415 64 14 resan
686 408 67 21 fallen
769 408 31 21 uti
816 408 107 28 ifrägava-

171 444 68 21 rande
259 443 114 27 förseelse,
393 442 67 22 borde
481 442 73 22 derför
574 449 52 15 vara
640 442 48 22 frän
704 449 79 15 ansvar
799 442 34 27 fri,
841 443 34 28 ja!
892 444 32 19 att

171 479 72 21 denna
264 478 104 21 förseelse
389 477 7 21 i
417 478 120 21 allmänhet
558 477 19 28 ej
599 484 39 14 ens
654 477 69 21 skulle
738 478 79 27 utgöra
832 477 91 21 föremäl

170 513 35 21 för
219 512 145 28 bestraffning
379 512 69 28 enligt
463 512 80 22 allmän
559 512 42 28 lag,
616 512 39 21 vill
668 512 40 28 jag
722 512 68 21 likväl
803 513 52 21 utan
871 519 52 21 gen-

171 548 130 28 sträfvighet
323 547 139 21 underordna
484 546 71 22 denna
576 547 45 21 min
637 546 134 22 individuela
785 547 58 28 &sigt
858 547 41 21 den
915 548 8 20 i

171 584 91 20 motsats
281 582 104 27 deremot,
405 582 71 21 säsom
490 582 38 20 det
543 581 72 29 synes,
632 581 106 29 segrande
754 583 110 20 allmänna
879 588 44 15 me-

170 617 61 28 ning,
247 616 96 27 hvilken,
359 623 35 14 om
411 616 65 22 ocksä
494 616 50 21 ledd
560 616 24 21 af
597 622 27 15 en
640 616 129 21 berömvärd
785 616 70 28 sedlig
869 616 54 21 kän-

171 652 38 27 sla,
229 652 40 28 jag
291 651 56 21 dock
369 652 70 20 mäste
462 658 52 14 anse
536 658 52 14 vara
609 651 23 21 af
645 651 128 21 densamma
789 650 134 30 fullkomligt

170 686 110 22 missledd.

238 722 59 21 Herr
311 728 43 15 von
369 720 80 28 Born,
468 720 27 22 K.
510 720 33 22 F.:
567 720 43 29 Jag
632 720 43 22 kan
697 720 34 22 för
754 721 45 21 min
819 721 35 21 del
873 722 48 20 icke

170 757 110 28 tillstyrka
300 758 32 20 att
351 756 154 28 ridderskapet
525 756 40 21 och
584 755 64 21 adeln
668 755 70 22 skulle
754 756 33 20 till
803 756 43 21 alla
862 756 60 22 delar

169 792 79 28 frängä
270 791 41 22 den
334 791 23 21 af
379 790 85 22 ständet
484 791 8 20 i
510 790 72 22 denna
602 790 61 28 fräga
678 790 98 22 uttalade
791 791 86 27 vackra,
894 792 28 28 pä

169 827 102 21 nutidens
291 825 116 22 liberalare
428 825 82 29 äsigter
531 825 113 29 grundade
664 825 40 21 och
719 826 7 20 i
742 825 67 22 andra
828 826 93 21 civilise-

169 862 52 21 rade
243 861 88 22 länders
353 860 139 29 lagstiftning
515 860 66 22 redan
602 860 133 28 längesedan
752 861 95 28 antagna
862 861 59 28 prin-

169 897 45 28 eip;
230 897 37 20 det
281 902 52 15 vore
349 895 7 20 i
371 895 95 28 sanning
481 896 32 20 att
528 895 8 20 i
552 895 99 28 stigande
667 895 33 20 stä
714 895 98 21 tillbaka.
840 895 27 28 Ej
884 897 38 20 vill

166 932 40 27 jag
222 931 42 21 ens
285 929 78 22 härvid
382 929 52 28 ingä
450 925 16 38 i
440 929 194 28 bedömmande
650 929 24 21 af
688 929 26 22 de
730 929 99 28 motiver,
845 930 78 22 hvaraf

168 965 162 29 prestaständet
352 964 61 21 torde
436 965 56 20 varit
514 964 52 25 ledt,
586 963 28 22 dä
632 964 36 21 det
684 964 135 28 högvördiga
835 965 87 21 ständet

168 1000 109 22 vidblifvit
299 999 36 22 det
355 999 73 28 gamla
448 998 141 29 antigverade
609 999 168 28 lagstadgandet
792 999 6 21 i
814 999 60 22 detta
889 1000 31 21 af-

169 1035 87 26 seende,
279 1035 53 20 utan
355 1035 32 20 att
409 1033 47 22 deri
479 1033 91 22 beträda
590 1033 147 21 reformernas
753 1036 48 25 väg,
818 1041 50 14 men
884 1035 37 21 det

168 1072 24 19 är
215 1068 123 23 emellertid
360 1068 117 29 glädjande
498 1070 32 19 att
549 1067 71 22 erfara
641 1067 36 22 det
692 1068 181 28 borgareständet
888 1071 32 20 ät-

168 1105 109 20 minstone
300 1104 55 27 tagit
377 1103 46 21 deri
443 1105 31 19 ett
490 1104 48 27 steg
554 1103 88 27 framät;
665 1102 60 21 detta
741 1103 74 21 ständs
831 1104 89 28 mening

167 1140 66 27 utgör
248 1147 25 13 en
288 1138 107 28 medelväg
412 1137 91 22 emellan
520 1137 26 21 de
562 1137 79 27 skiljde
652 1137 111 28 äsigterne
779 1138 58 21 inom
854 1141 64 18 samt-

167 1174 44 27 lige
234 1172 145 21 riksständen.
410 1172 71 27 Ginge
504 1171 151 28 ridderskapet
676 1171 39 21 och
734 1172 64 21 adeln
815 1172 61 22 öfver
891 1173 28 28 pä

167 1214 83 14 samma
270 1207 95 26 mening,
386 1207 72 20 kunde
478 1213 51 14 man
547 1205 36 21 väl
602 1205 63 21 äfven
681 1207 66 20 vänta
762 1206 121 22 detsamma
898 1207 23 21 af

167 1241 120 27 nägotdera
309 1240 65 21 bland
395 1240 27 21 de
443 1240 69 27 öfrige
531 1239 99 26 ständen,
647 1246 33 14 om
697 1239 132 29 inbjudning
846 1241 72 21 dertill

167 1274 88 21 skedde.
280 1273 34 21 En
329 1273 159 27 röstpluralitet
503 1273 71 20 blefve
590 1273 92 20 sälunda
697 1273 165 21 ästadkommen
879 1275 39 20 och

166 1306 218 23 fram&tskridandets
407 1307 57 20 bana
486 1306 65 21 äfven
569 1306 7 20 i
592 1306 60 21 detta
673 1306 125 22 hänseende
823 1308 95 21 beträdd.

167 1342 72 22 Sädan
255 1342 98 28 eftergift
368 1341 39 21 har
419 1342 41 27 jag
474 1341 58 21 varit
547 1340 124 22 föranläten
687 1342 31 20 att
733 1342 82 21 föreslä
825 1342 93 22 allenast

166 1378 33 21 för
220 1376 192 23 ästadkommande
435 1375 24 21 af
480 1376 66 28 nägot
560 1375 92 22 resultat
671 1376 7 21 i
700 1376 77 28 saken;
793 1376 58 22 helst
867 1378 51 28 säge

163 1413 40 28 jag
223 1412 129 28 visserligen
372 1413 33 19 att
424 1410 162 28 ridderskapets
602 1410 40 22 och
658 1411 75 21 adelns
749 1412 58 20 förut
823 1412 46 22 deri
884 1415 33 19 ut-
