1003 1706
756 112 40 21 399

76 176 58 27 gälla
149 175 56 21 vissa
221 176 7 20 i
244 175 41 21 den
304 175 79 29 nådiga
398 176 165 28 propositionen
578 176 178 23 förekommande
772 185 53 22 upp-

75 210 72 28 gifter,
164 210 27 28 på
206 210 75 21 hvilka
297 210 106 21 utskottet
418 211 58 21 stödt
491 211 37 21 sitt
543 211 111 21 utlåtande
670 212 39 21 och
726 213 47 20 sina
788 213 36 21 be-

75 245 118 27 räkningar
208 245 7 20 i
231 244 63 22 dessa
310 245 191 27 omständigheter.
531 245 32 21 På
579 245 60 21 sidan
651 247 27 20 66
689 246 7 20 i
707 247 118 21 utskottets

75 279 137 21 betänkande
233 281 62 25 säges
311 280 6 20 i
333 280 68 20 första
420 280 114 27 perioden:
556 280 61 26 ,Den
633 281 78 27 nådiga
726 282 98 26 proposi-

74 314 75 20 tionen
165 314 104 27 upplyser
283 315 32 19 att
331 314 20 26 ej
367 314 52 20 flere
435 315 27 19 än
478 315 27 19 20
521 314 72 21 elever
607 314 75 21 kunna
697 315 84 27 årligen
792 317 33 19 ut-

75 348 69 20 bildas
168 348 30 21 uti
222 348 36 20 det
278 348 147 27 provisoriska
450 348 139 21 seminarium
609 348 33 21 för
665 349 96 28 manliga
784 350 39 20 och

75 382 97 28 qvinliga
193 382 80 27 elever,
296 390 45 13 som
365 382 33 20 till
418 382 54 28 följd
492 383 23 21 af
532 382 28 21 H.
581 382 26 22 K.
623 383 51 21 M:ts
690 383 111 21 föreskrift
817 384 6 20 i

74 417 147 27 kungörelsen
245 417 39 21 den
311 418 24 19 19
358 417 55 28 april
435 417 53 21 1858
508 417 39 21 och
568 417 155 28 förordningen
740 418 41 20 den
799 418 24 20 17

75 459 57 14 mars
157 452 53 20 1863
233 459 29 13 nu
278 451 70 21 finnes
363 452 7 19 i
386 451 74 21 landet
480 452 111 21 inrättadt.
621 452 34 21 Då
671 452 105 27 derjemte
793 454 30 19 ta-

74 487 43 27 gits
132 487 7 20 i
156 486 160 27 öfvervägande
332 488 31 19 att
379 488 31 19 ett
426 486 152 21 inskränktare
592 487 57 20 antal
661 487 28 27 på
700 493 72 14 annan
783 489 42 26 väg

74 521 112 21 utbildade
206 527 105 21 personer
331 521 73 21 kunna
423 521 67 21 blifva
505 521 70 22 såsom
591 521 71 22 lärare
678 521 35 22 vid
728 521 95 22 folksko-

75 556 62 21 lorna
152 555 114 27 anställda,
281 555 40 21 har
336 555 106 21 utskottet
457 555 106 22 beräknat
578 558 32 18 att
622 557 40 19 100
673 556 73 21 skolor
762 556 61 21 torde

73 597 52 14 vara
141 590 36 20 det
193 590 77 27 högsta
286 590 65 27 antal,
367 597 45 14 som
428 589 68 22 under
507 590 26 21 de
546 589 166 28 ifrågavarande
728 592 32 19 tre
771 591 51 20 åren

73 625 43 20 kan
132 625 6 20 i
150 624 101 21 medeltal
267 631 52 14 vara
329 624 7 20 i
347 624 159 21 verksamhet".
536 624 69 21 Dessa
620 625 110 28 uppgifter
740 625 84 27 grunda

73 659 34 28 sig
122 659 28 28 på
165 661 31 18 ett
211 659 97 27 misstag,
331 659 53 20 eller
400 665 26 14 en
443 659 80 27 oriktig
539 659 127 27 beräkning,
683 659 5 20 i
705 659 118 27 anledning

73 693 79 21 hvaraf
162 693 39 28 jag
217 694 62 26 tager
291 693 44 26 mig
346 693 93 20 friheten
451 693 99 21 meddela
561 693 84 21 ståndet
656 694 68 27 några
735 694 87 27 upplys-

73 728 84 27 ningar.
188 727 37 21 Uti
242 727 40 20 den
300 727 121 28 åberopade
437 727 80 28 nådiga
533 727 156 28 förordningen
707 728 23 21 af
742 727 42 22 den
797 728 24 21 17

74 769 57 14 mars
155 762 53 21 1863
233 761 86 28 stadgas
340 762 6 20 i
365 763 12 26 $
395 762 12 20 8
423 764 38 25 att,
484 764 58 19 utom
560 761 26 22 de
602 763 30 20 tio
655 763 105 26 interner,
776 769 45 14 som

73 797 84 27 årligen
176 796 84 28 intagas
274 797 6 20 i
297 796 54 21 både
366 796 96 28 manliga
478 797 40 20 och
534 797 95 27 qvinliga
645 796 140 28 afdelningen
801 797 24 21 af

73 831 36 21 det
124 831 147 28 provisoriska
287 831 125 21 seminariet
424 831 82 27 jemväl
523 831 70 21 såsom
609 833 109 26 externer,
732 831 50 21 med
792 832 31 21 åt-

73 865 105 29 njutande
199 865 24 21 af
236 865 132 21 kostnadsfri
384 865 163 28 undervisning,
563 865 22 21 få
600 867 90 27 antagas
706 867 24 20 så
746 866 78 28 många

73 901 79 26 elever,
171 907 46 14 som
241 900 176 27 lärarekollegiet
439 900 68 21 finner
531 900 105 28 lämpligt.
666 900 44 21 Vid
730 901 93 20 semina-

73 935 49 26 riet,
139 941 44 14 som
200 935 6 20 i
223 935 85 27 augusti
325 935 77 20 månad
419 935 93 20 sistlidet
528 935 23 20 år
567 935 75 20 trädde
658 935 6 20 i
680 934 143 27 verksamhet,

73 969 69 21 finnas
163 969 34 20 för
217 969 134 21 närvarande
368 969 12 20 &
395 969 67 20 första
477 969 86 20 klassen
580 969 22 20 af
616 969 124 28 respektive
756 969 67 21 afdel-

73 1004 79 27 ningar
175 1003 26 20 25
225 1003 96 28 manliga
343 1003 39 20 och
407 1004 25 20 15
454 1003 95 28 qvinliga
569 1003 52 21 eller
637 1003 144 21 tillsammans
797 1003 27 21 40

75 1037 78 27 elever,
170 1044 49 15 men
235 1038 175 27 lärarekollegiet
426 1037 39 21 har
481 1040 71 19 ansett
568 1037 55 22 ända
639 1038 32 21 till
688 1038 26 20 30
730 1038 71 21 elever
816 1038 7 20 i

73 1073 53 21 hvar
146 1073 66 26 klass,
233 1073 28 27 på
279 1073 105 20 hvardera
400 1072 117 29 afdelning,
533 1072 117 28 lämpligen
667 1073 73 20 kunna
756 1074 67 19 emot-

73 1110 62 25 tagas
156 1107 40 21 och
217 1107 134 27 undervisas,
366 1107 6 20 i
389 1107 54 28 följd
461 1107 77 22 hvaraf
557 1107 33 21 till
606 1107 39 20 och
661 1106 50 22 med
727 1107 27 20 60
769 1107 54 20 folk-

73 1142 119 21 skollärare
210 1142 41 21 och
267 1142 122 21 lärarinnor
402 1143 7 20 i
426 1142 69 21 sinom
511 1141 31 22 tid
558 1142 82 27 årligen
656 1142 75 21 kunna
746 1141 77 28 päräk-

73 1184 39 14 nas
128 1179 31 18 att
180 1177 51 28 utgå
251 1177 47 20 från
316 1177 163 27 läroanstalten;
496 1177 112 21 hvarutom
625 1175 111 22 såkallade
751 1176 72 27 hospi-

72 1213 73 19 tanter
165 1211 33 21 till
218 1211 123 21 obestämdt
360 1211 59 21 antal
440 1211 74 21 kunna
534 1211 110 20 derstädes
660 1211 87 26 deltaga
762 1211 7 20 i
785 1217 38 14 un-

73 1245 153 28 dervisningen
248 1247 55 19 samt
319 1253 78 20 genom
413 1245 149 27 handledning
578 1245 39 20 och
633 1245 75 27 öfning
724 1245 6 19 i
746 1244 76 28 uppfo-

73 1280 127 27 stringslära
216 1279 39 21 och
272 1280 146 27 skolhållning
432 1279 93 21 utbildas
537 1279 32 20 till
580 1279 243 20 folkskollärarekallet.

73 1314 42 28 Jag
138 1316 45 19 tror
206 1313 66 22 också
293 1315 32 19 att
345 1321 49 14 man
415 1314 42 21 kan
478 1321 52 14 vara
550 1313 43 21 viss
613 1320 35 14 om
669 1314 31 19 att
720 1313 103 27 lämpliga

73 1348 95 21 sökande
192 1348 33 20 till
248 1348 169 26 elev-platserna
439 1347 35 21 vid
495 1347 125 20 seminariet
640 1347 117 20 framdeles
776 1346 48 21 icke

73 1381 62 22 skola
154 1381 79 21 saknas
249 1381 40 21 och
306 1381 70 21 såsom
393 1383 31 18 ett
439 1381 61 21 bevis
514 1381 68 27 derpå
597 1380 37 21 vill
647 1380 39 27 jag
702 1379 76 22 anföra
793 1382 31 19 ett

72 1416 107 29 exempel,
200 1423 47 14 som
267 1416 20 27 ej
304 1415 61 22 torde
385 1416 65 21 sakna
467 1416 99 21 intresse.
596 1414 43 21 Vid
655 1416 31 19 ett
701 1414 68 22 besök
784 1422 38 13 un-
