995 1703
771 119 26 20 93

77 183 75 21 landet
176 183 40 22 och
239 183 53 22 söka
314 184 127 21 husbonden
463 183 54 22 hvar
536 184 43 21 han
599 184 62 21 finns.
695 183 73 22 Sällan
792 191 34 14 ser

78 225 50 14 man
149 218 79 21 honom
249 219 117 20 öfverlasta
387 219 33 27 sig
440 219 93 26 hemma,
556 219 131 20 åtminstone
706 219 20 27 ej
743 219 23 20 så
782 218 45 21 ofta

78 259 46 14 som
147 253 28 27 på
197 252 155 22 stadsresorna.
387 253 179 21 Bestämmandet
585 253 24 21 af
628 255 30 19 ett
677 253 54 20 visst
746 253 80 28 belopp

77 286 92 22 bränvin
191 293 63 22 synes
274 287 46 28 mig
339 287 64 21 äfven
423 288 6 20 i
451 287 23 21 så
489 287 74 22 måtto
571 287 106 28 lämpligt,
701 288 31 20 att
748 287 80 21 konsu-

79 323 125 20 menternas
220 321 59 22 antal
294 321 39 21 hos
349 328 34 14 oss
399 323 24 20 är
438 322 87 27 mycket
541 322 65 26 olika,
622 322 23 21 så
661 323 32 20 att
708 321 120 22 detsamma

79 362 42 14 ena
147 356 46 21 året
220 356 49 22 med
295 356 53 21 flere
370 356 126 22 tiotaltusen
519 356 146 28 öfverskjuter
688 356 82 22 antalet
792 356 37 21 det

78 390 74 22 andra.
183 391 50 21 Man
256 391 69 21 måste
347 391 76 21 härvid
445 393 52 27 taga
517 391 6 21 i
545 390 141 22 betraktande
707 390 41 22 den
770 390 58 22 olika

78 425 163 28 militärstyrka,
260 432 45 14 som
325 425 70 21 finnes
414 426 7 20 i
437 425 80 27 landet,
537 426 120 27 utgörande
673 426 37 21 det
725 432 41 14 ena
781 426 47 20 äret

79 460 12 20 5
108 461 70 26 tusen,
200 460 36 20 det
255 460 67 21 andra
340 459 82 22 kanske
441 460 46 21 åter
501 460 28 20 20
544 460 12 20 &
572 460 27 21 30
614 462 63 19 tusen
693 467 57 15 man.
780 460 48 21 Blir

79 494 27 21 dä
126 494 36 22 det
182 494 112 22 bestämda
314 494 117 21 maximum
453 494 33 22 för
501 494 68 28 ringa,
592 494 43 21 blir
650 494 37 22 det
702 495 23 21 sä
740 494 88 28 mycket

79 536 61 14 mera
155 529 93 22 lönande
259 529 33 22 för
302 528 201 23 lönbrännerierna.
533 528 146 23 Fabrikernas
691 529 137 29 anläggande

81 563 76 22 endast
172 564 7 21 i
195 564 101 21 städerna
314 563 70 22 skulle
409 565 44 20 tror
471 565 39 28 jag
525 564 64 21 hafva
605 564 34 21 till
654 564 60 28 följd,
738 566 32 19 att
790 564 38 21 all-

80 605 78 22 mogen
172 599 66 21 funne
254 599 37 21 sitt
306 599 92 21 intresse
414 599 37 26 uti,
467 601 32 19 att
514 598 78 29 sjelfve
603 598 58 29 dölja
672 599 156 21 brännerierne

79 634 7 21 i
103 634 107 27 skogarne
229 634 40 21 och
288 640 50 15 man
353 635 37 19 vet
405 633 55 21 huru
476 634 58 21 svärt
549 633 36 21 det
600 635 24 19 är
639 634 34 20 för
689 634 139 27 kronobetje-

79 669 54 27 ning
148 670 32 18 att
195 667 38 22 der
248 668 74 21 kunna
338 667 149 22 öfverkomma
501 675 26 14 en
544 667 39 22 och
599 675 71 13 annan
681 675 79 21 panna.
786 667 44 29 Jag

81 703 43 21 kan
141 702 84 21 säledes
241 703 20 27 ej
279 704 58 19 emot
351 702 45 21 min
412 702 145 28 öfvertygelse
572 701 76 22 förena
664 703 45 27 mig
724 703 6 20 i
746 704 82 27 presta-

81 737 40 21 och
136 736 196 28 borgareständens
347 736 63 28 äsigt.

149 770 58 22 Herr
222 770 110 28 Munck,
348 770 26 22 K.
390 770 32 21 F.:
445 770 64 22 Hvad
521 771 39 28 jag
575 770 91 22 ämnade
683 773 58 27 säga,
757 774 24 19 är
796 780 33 14 re-

81 806 42 21 dan
138 804 93 22 uttaladt
251 805 23 21 af
291 805 51 21 herr
356 812 41 14 von
414 805 65 27 Born,
495 805 20 21 J.
531 805 26 21 A.
588 806 44 27 Jag
649 806 38 20 vill
703 806 76 22 endast
794 808 35 20 til-

81 840 71 28 lägga,
166 841 32 20 att
217 840 27 21 dä
260 839 92 28 ständet,
368 840 71 21 säsom
452 840 39 28 jag
506 840 116 27 förmodar,
645 840 127 28 godkänner
787 842 42 21 den

81 876 63 27 äsigt,
160 882 46 14 som
222 874 181 28 borgareständet
414 874 106 28 omfattat,
537 874 85 22 ståndet
633 875 70 21 tillika
713 876 68 21 måtte
792 884 37 14 an-

82 912 51 26 taga
148 910 37 21 det
199 909 82 29 förslag
296 909 51 21 herr
362 916 42 14 von
420 908 59 22 Born
495 911 71 19 senast
581 910 65 28 gjort,
662 910 120 29 nemligen:
798 913 32 20 att

81 945 38 21 det
139 945 93 21 emellan
253 944 157 28 landtdagarne
430 944 61 21 stode
509 944 131 28 regeringen
661 944 47 22 fritt
728 947 32 19 att
778 946 52 28 höja

82 979 37 21 det
134 981 95 27 antagna
243 979 118 21 maximum
377 978 50 22 med
443 979 27 21 50
485 986 66 20 proc.,
571 980 56 20 samt
645 980 38 26 att,
702 979 72 22 derest
790 980 40 21 och

82 1014 66 21 sedan
169 1014 58 21 detta
247 1014 82 27 förslag
349 1014 77 21 vunnit
445 1013 68 27 bifall,
535 1013 143 22 medständen
698 1014 67 21 måtte
781 1014 49 22 med

83 1048 36 21 det
135 1048 68 21 första
218 1047 100 29 inbjudas
334 1049 32 20 att
382 1048 73 21 derom
471 1047 34 28 sig
519 1047 82 22 förena.

150 1083 58 20 Herr
224 1082 157 28 Jägerhorn,
397 1082 27 21 K.
441 1082 27 21 J.:
485 1082 43 28 Jag
542 1081 42 22 kan
600 1083 20 27 ej
635 1082 69 22 heller
715 1083 49 21 dela
774 1083 56 28 äsig-

83 1119 37 19 ten
142 1117 80 28 derom,
245 1118 32 20 att
296 1116 42 21 den
354 1117 122 21 limiterade
491 1116 265 29 bränvinsproduktionen
771 1117 60 22 leder

83 1152 34 20 till
137 1152 66 28 nägot
225 1151 118 22 önskvärdt
362 1151 50 21 mäl.
443 1151 42 29 Jag
502 1151 40 21 har
560 1151 42 20 den
617 1151 53 22 fulla
685 1152 146 29 öfvertygelse

83 1188 39 26 att,
145 1193 35 14 om
201 1186 36 22 det
257 1193 29 15 nu
306 1186 131 21 bestämmes
457 1188 32 19 ett
509 1186 126 27 maximum,
657 1194 50 14 man
725 1187 49 21 med
790 1187 40 21 den

83 1221 171 29 knapphändiga
277 1220 101 28 statistik,
400 1228 45 14 som
462 1221 44 21 står
521 1227 35 14 oss
571 1220 33 21 till
621 1220 63 28 buds,
703 1221 71 28 aldrig
789 1222 42 20 kan

84 1255 64 22 träffa
166 1256 37 21 det
221 1258 57 19 rätta
296 1256 109 28 beloppet.
435 1256 34 20 Dä
487 1255 122 21 emellertid
623 1255 55 22 bäde
693 1258 83 26 presta-
792 1256 40 21 och

84 1290 185 28 borgareständen
292 1290 84 28 antagit
398 1292 31 18 ett
451 1290 125 26 maximum,
599 1290 62 21 torde
681 1290 35 21 det
731 1292 35 20 väl
780 1298 53 14 vara

85 1326 78 19 rättast
183 1327 31 18 att
234 1325 151 26 ridderskapet
405 1324 40 21 och
459 1324 64 21 adeln
538 1326 89 19 stannar
641 1324 7 20 i
664 1331 82 15 samma
762 1325 70 21 beslut

87 1358 40 21 och
143 1358 35 21 vid
194 1358 165 27 diskuteringen
376 1358 24 20 af
412 1358 12 27 $
439 1358 13 20 2
467 1358 7 20 i
489 1358 117 20 utskottets
621 1357 138 22 betänkande
771 1360 61 26 tager

86 1393 7 21 i
109 1385 100 29 närmare
225 1391 167 29 öfvervägande,
408 1391 106 22 huruvida
525 1391 35 21 det
569 1391 154 28 projekterade
733 1391 99 22 maximi-

87 1427 104 28 beloppet
206 1427 43 22 kan
264 1434 64 15 anses
343 1425 204 30 tillfyllestgörande
557 1425 54 22 eller
621 1425 55 22 icke.
705 1426 12 21 I
727 1426 43 22 alla
780 1427 53 21 hän-
