995 1706
769 118 27 28 $7

77 189 43 22 kän
136 190 80 27 antaga
229 190 32 20 att
276 188 36 23 det
327 188 85 30 belopp,
423 190 89 20 hvarom
528 190 24 20 är
566 189 63 28 fråga
644 190 52 20 eller
711 190 114 27 4,300,000

74 224 92 27 kännor,
188 224 68 21 borde
279 224 6 20 i
307 224 37 21 det
365 224 110 20 närmaste
495 225 109 20 motsvara
622 223 110 27 behofvet,
748 225 77 21 ätmin-

75 260 63 19 stone
159 258 20 28 ej
200 265 53 14 vara
272 258 34 21 för
321 258 61 28 högt,
398 264 49 15 men
463 258 104 28 möjligen
578 257 34 21 för
628 257 89 29 knappt.
747 258 78 22 Tiller-

75 292 85 21 känner
182 299 50 14 man
255 292 123 21 emellertid
400 292 131 28 regeringen
551 292 105 28 rättighet
674 294 32 19 att
721 292 56 22 efter
793 294 33 27 sig

75 326 127 22 företeende
223 326 192 28 omständigheter,
437 328 51 20 utan
507 326 127 22 ständernas
653 326 104 28 hörande,
775 328 52 27 höja

76 360 194 29 maximibeloppet
285 361 49 21 med
350 361 28 21 50
392 363 91 26 procent
498 361 53 21 eHer
566 360 106 29 möjligen
686 361 32 21 till
729 361 99 28 dubbelt,

76 396 40 21 bör
132 402 55 14 man
207 396 131 21 åtminstone
361 396 21 28 ej
405 395 75 22 befara
498 397 32 19 att
544 395 225 29 bränvinstillgången
785 396 42 22 blir

76 430 138 28 otillräcklig.

145 464 102 22 Friherre
267 464 149 28 Carpelan:
438 464 65 22 Emot
523 464 55 22 hvad
596 464 50 22 herr
665 472 42 14 von
723 466 66 27 Born,
806 466 21 26 J,

76 500 34 26 A.,
123 498 73 22 anfört
208 499 50 21 ville
271 500 39 27 jag
326 498 111 28 anmärka,
453 501 32 19 att
500 499 175 21 förhållanderne
691 498 6 22 i
714 501 47 20 vårt
776 500 51 21 land

77 534 20 27 ej
114 533 74 21 kunna
208 533 50 21 fullt
275 533 105 28 jemföras
401 533 49 21 med
465 534 50 20 dem
529 534 8 20 i
553 532 97 29 Sverige.
680 534 148 28 Uppgifterna

78 568 96 21 derifrån
196 568 63 21 torde
281 568 48 21 icke
351 574 53 15 vara
426 568 49 20 fullt
497 568 88 27 exakta;
609 575 50 14 man
680 570 36 19 vet
735 569 20 27 ej
772 569 57 21 huru

78 602 88 29 mycket
180 602 93 22 bränvin
289 602 97 22 derifrån
401 602 84 22 utföres
500 602 54 22 eller
568 602 28 28 på
612 602 88 28 olofliga
715 605 66 27 vägar
795 604 33 21 in-

78 637 68 27 föres;
165 636 45 22 lika
228 636 49 22 litet
297 643 45 15 som
359 637 7 21 i
382 637 48 21 vårt
449 639 50 26 eget
514 636 57 22 land.
600 637 39 21 Att
654 637 122 22 emellertid
793 639 35 21 be-

79 674 91 19 stämma
189 673 31 19 ett
240 672 132 27 maximum,
384 678 47 14 som
449 672 67 21 likväl
535 672 33 21 får
585 672 62 27 höjas
663 672 56 21 efter
734 674 95 20 omstän-

79 706 136 28 digheterna,
238 704 65 30 synes
325 706 46 28 mig
393 706 120 22 detsamma
531 713 45 14 som
598 712 34 16 om
648 706 67 29 något
730 708 99 21 maximi-

79 741 79 28 belopp
174 742 20 27 ej
209 748 51 14 vore
276 741 114 21 bestämdt.

148 776 59 21 Enär
230 776 48 20 icke
300 776 68 28 några
391 776 52 21 flera
467 775 217 22 ståndsmedlemmar
706 776 96 22 önskade
823 777 7 21 i

80 812 74 20 ämnet
169 810 34 28 sig
217 811 65 27 yttra,
298 810 135 21 framställde
448 810 50 22 herr
513 810 207 29 landtmarskalken,
735 812 9 20 i
757 812 73 22 anled-

80 845 53 29 ning
154 845 23 21 af
196 845 56 21 hvad
272 845 69 21 under
360 844 151 23 diskussionen
527 845 113 28 försports,
656 853 27 14 en
699 847 23 21 så
736 846 94 28 lydande

81 880 147 29 proposition:

151 932 8 10 »
163 914 45 22 Vill
229 914 152 29 ridderskapet
399 915 40 21 och
459 914 64 22 adeln
543 914 50 22 med
608 915 133 29 frängäende
757 916 24 22 af
793 916 38 22 sitt

81 950 82 21 fattade
184 950 72 21 beslut
279 950 6 20 i
302 950 76 28 frågan
402 956 34 15 om
460 950 273 28 bränvinstillverkningen
745 951 87 28 förena

82 984 33 29 sig
135 984 49 22 med
202 986 83 26 presta-
306 984 41 22 och
366 984 185 28 borgarestånden
571 984 81 28 derom,
671 986 32 20 att
718 986 34 20 för
767 986 64 21 brän-

82 1019 190 28 vinstillverkning
287 1019 7 21 i
311 1019 96 21 fabriker
422 1020 125 21 bestämma
554 1021 30 19 ett
600 1019 177 29 maximibelopp,
793 1020 38 22 lik-

82 1054 35 21 väl
133 1054 49 21 med
198 1053 106 22 förbehåll
319 1054 24 20 af
356 1053 77 22 sådant
446 1054 83 27 tillägg,
545 1056 31 19 att
592 1053 59 22 detta
666 1054 80 29 belopp
761 1055 34 21 får
810 1055 24 21 af

83 1088 132 28 regeringen
230 1087 113 29 förhöjas?

151 1123 49 21 Den
216 1129 46 14 som
277 1122 48 21 häri
340 1122 39 21 vill
394 1121 77 22 förena
485 1123 41 28 sig,
541 1129 74 15 svarar
628 1123 34 28 ja;
678 1123 41 21 den
735 1123 36 21 det
784 1123 48 21 icke

83 1158 44 26 vill,
144 1164 73 15 svarar
232 1157 43 28 nej.

151 1191 86 22 Vinner
251 1191 36 28 nej
304 1191 104 22 vidhälles
424 1191 98 22 ständets
537 1192 59 21 förra
610 1190 72 23 beslut
697 1191 7 21 i
719 1193 93 20 ämnet."

152 1225 109 22 Häröfver
275 1225 119 22 anställdes
408 1226 107 28 votering,
531 1233 46 14 som
593 1226 75 21 utföll:

221 1261 7 20 i
244 1260 57 28 3:dje
317 1260 28 21 kl.
362 1259 49 22 med
427 1261 24 20 21
464 1261 29 28 ja
509 1261 40 21 och
565 1261 11 20 7
592 1262 42 27 nej.

222 1312 9 10 n
250 1295 84 26 2:04
332 1291 18 36 n
383 1312 8 10 »
439 1296 177 26 Vy
521 1291 21 36 »
560 1291 21 36 2
599 1291 21 36 »

222 1331 83 24 niistä
331 1345 4 10 1
384 1345 8 9 n
440 1330 42 25 Tn
523 1346 8 9 n
564 1330 12 19 5
608 1345 8 10 n

153 1363 34 21 Då
203 1370 29 14 nu
244 1364 25 27 ja
283 1363 8 20 i
306 1363 43 21 alla
364 1363 83 20 klasser
462 1364 56 19 varit
533 1359 167 30 öfvervägande,
711 1363 124 21 förklarade

85 1397 51 22 herr
150 1396 200 22 landtmarskalken
366 1395 92 28 ständet,
474 1395 50 22 med
539 1396 134 28 frängäende
688 1396 24 21 af
725 1397 38 20 sitt
777 1397 59 21 förra

85 1432 79 27 beslut,
186 1431 72 28 hafva,
280 1431 91 21 likasom
391 1432 82 27 presta-
489 1431 40 22 och
543 1431 192 28 borgareständen,
751 1431 85 28 antagit

153 1472 51 22 Högl.
218 1471 52 18 Ridd.
283 1473 29 16 och
325 1472 64 17 Adelns
402 1471 65 18 Protok.
748 1471 20 18 TE
