1003 1706
184 122 41 21 408

156 187 124 21 folkskolan
295 187 67 21 borde
377 186 183 29 hufvudsakligen
576 187 119 21 inskränka
710 187 34 28 sig
758 188 34 20 till
807 190 32 18 att
849 187 60 22 bilda

156 222 79 26 lärare,
255 223 31 19 att
306 221 127 28 inspektera
453 221 110 27 skolorna,
579 223 31 19 att
628 222 45 20 låta
686 222 166 27 inspektorerne
868 221 41 22 och

156 256 68 21 andra
247 255 73 21 dertill
343 256 92 28 tjenliga
457 262 106 22 personer
585 256 72 21 lemna
679 255 39 21 råd
738 256 22 20 åt
775 256 134 22 kommunen

157 290 40 21 och
213 290 119 21 skollärare
349 292 55 18 samt
419 291 32 20 att
466 290 154 28 offentliggöra
635 290 129 21 berättelser
775 297 34 14 om
821 291 88 28 inspek-

157 325 106 21 tionerne.
293 324 78 28 Någon
392 332 72 14 annan
485 324 145 28 inblandning
649 324 70 22 skulle
736 325 40 27 jag
793 325 48 21 icke
857 332 52 15 anse

157 366 52 14 vara
231 358 73 29 nödig,
328 359 131 21 åtminstone
481 359 49 21 icke
549 359 34 21 för
602 359 42 21 den
659 361 110 19 närmaste
785 359 123 22 framtiden.

157 394 51 21 Man
230 394 40 21 har
293 395 43 19 sett
357 394 28 27 på
407 394 52 21 flere
483 395 59 19 orter
557 394 7 20 i
579 393 101 27 Finland,
701 393 38 21 der
754 394 155 22 sockneskolor

157 428 76 28 finnas,
254 435 46 14 som
316 429 34 19 stå
364 428 70 21 under
450 428 160 28 domkapitlens
626 428 59 27 vård,
700 429 32 20 att
747 428 27 21 de
790 428 52 28 ofta,
858 429 51 21 oak-

157 463 47 21 tadt
226 470 50 14 man
300 463 69 20 måste
392 463 131 21 tillerkänna
546 462 155 28 domkapitlets
722 462 121 22 ledamöter
860 464 51 20 fullt

157 504 83 15 samma
256 496 137 28 skicklighet,
409 504 46 14 som
470 504 50 14 man
536 497 105 28 möjligen
655 497 43 21 kan
714 499 66 19 vänta
791 498 33 27 sig
834 498 24 21 af
867 498 43 21 den

158 532 109 22 blifvande
286 532 107 27 styrelsen
411 532 34 21 för
460 532 156 26 folkskolorna,
632 532 48 21 icke
696 532 63 21 alltid
774 532 76 21 verkat
865 533 45 21 väl-

157 566 105 29 görande,
277 566 127 29 isynnerhet
418 567 28 27 på
462 566 80 22 sådana
558 568 64 25 orter,
638 573 46 14 som
701 568 37 20 äro
754 566 97 29 aflägsna
861 567 49 21 från

157 601 156 29 domkapitlen.
344 600 42 29 Jag
406 601 39 21 har
466 602 55 20 varit
537 602 8 20 i
560 601 87 21 tillfälle
666 602 53 20 att
715 596 16 38 i
739 608 27 14 en
790 601 80 21 socken
886 608 23 15 se

158 643 28 14 en
202 636 68 27 skola,
286 643 46 14 som
349 636 52 20 stått
416 636 69 21 under
501 635 155 29 domkapitlets
671 636 53 21 vård
740 636 40 21 och
796 636 37 21 der
849 636 60 21 sock-

157 677 43 15 nen
215 670 48 22 icke
278 670 78 22 behöft
370 670 91 28 bidraga
476 671 49 21 med
541 672 67 27 några
624 671 106 21 särskilda
745 670 118 22 kostnader
877 672 33 20 till

157 706 99 21 lärarens
271 706 103 27 aflöning,
390 705 91 21 emedan
497 712 27 14 en
539 705 98 29 prestlön
652 705 48 21 blef
713 706 73 20 dertill
797 706 113 28 anslagen,

158 746 50 15 men
222 740 38 22 der
275 740 154 28 domkapitlets
445 740 144 27 föreskrifter,
605 746 46 14 som
666 740 8 20 i
690 740 42 21 allo
748 740 57 21 varit
819 740 55 22 fulla
889 741 24 21 af

158 775 132 28 välmening,
305 774 55 22 dock
370 774 48 21 icke
429 775 56 21 varit
499 774 99 29 lämpade
612 774 56 21 efter
678 774 145 22 kommunens
834 774 76 28 behof;

158 810 40 20 och
220 809 28 21 då
263 809 87 21 läraren
373 810 72 20 ansett
468 810 34 27 sig
522 810 53 20 böra
595 810 57 20 fästa
670 810 70 26 större
756 809 103 22 afseende
874 810 37 21 vid

158 844 150 28 reglementet,
324 846 28 18 än
367 844 36 21 vid
419 846 75 19 ortens
508 844 73 27 behof,
596 844 24 21 så
634 844 39 20 har
687 844 37 21 det
739 844 47 21 haft
801 844 33 22 till
849 844 62 28 följd,

157 880 32 20 att
203 879 43 21 han
262 878 34 22 för
311 886 27 13 en
354 879 32 21 tid
401 878 49 21 icke
466 879 55 21 hade
537 886 47 14 mer
603 880 27 20 än
647 880 33 19 tre
696 879 78 21 elever.
804 879 107 22 Deremot

157 914 40 21 har
212 913 97 21 socknen
328 913 97 27 bredvid,
444 913 38 21 der
497 914 133 28 upplysning
644 913 40 21 och
699 913 152 29 förmögenhet
867 916 23 19 är
904 914 7 21 i

159 948 36 21 det
210 948 110 21 närmaste
336 948 133 26 densamma,
486 954 27 14 en
529 948 209 27 sockneskollärare,
750 955 46 14 som
806 948 49 22 icke
867 948 45 22 står

157 982 8 21 i
181 983 66 27 något
268 982 107 28 egentligt
390 982 109 21 beroende
519 982 24 21 af
555 982 150 28 domkapitlet,
724 989 51 14 men
791 982 97 22 deremot
904 983 7 21 i

158 1017 24 21 så
197 1016 87 28 mycket
300 1018 69 20 större
384 1017 25 21 af
422 1017 139 27 kommunen,
576 1017 46 21 haft
637 1017 83 21 inemot
731 1017 27 21 60
769 1017 82 28 elever;
862 1018 49 20 från

157 1051 55 20 hans
234 1050 62 22 skola
318 1050 65 21 hafva
405 1052 80 27 många
505 1051 90 28 dugliga
614 1051 72 21 karlar
702 1051 78 27 utgått,
796 1058 50 14 men
863 1052 48 21 icke

157 1085 48 21 från
222 1085 41 20 den
279 1085 76 20 förres.
385 1085 185 21 Hufvudorsaken
586 1085 72 21 dertill
669 1085 40 21 har
719 1085 123 28 legat
787 1081 12 36 i
810 1085 32 28 det
853 1086 57 21 stad-

158 1118 86 28 gandet,
265 1120 32 19 att
316 1118 34 21 för
365 1119 86 21 inträde
467 1119 7 20 i
489 1119 42 21 den
547 1119 69 20 under
632 1119 155 28 domkapitlets
801 1120 53 21 vård
870 1121 41 20 stå-

157 1152 55 21 ende
228 1152 62 22 skola
306 1152 108 21 erfordras
428 1153 112 28 färdighet
549 1153 8 21 i
567 1153 162 28 innanläsning,
740 1153 88 22 hvilken
840 1154 71 21 skulle

157 1187 104 22 förblifva
280 1187 108 21 hemmets
407 1188 45 21 sak.
482 1188 36 21 Nu
538 1187 69 22 finnes
623 1187 37 22 det
676 1188 66 21 bland
757 1188 110 28 allmogen
883 1189 28 28 på

158 1221 94 22 nämnde
274 1222 59 21 orter
355 1221 64 28 högst
439 1222 29 27 få,
489 1229 46 14 som
554 1221 74 22 kunna
647 1222 46 21 läsa
708 1223 25 20 så
747 1222 40 21 bra
801 1223 111 27 innantill,

158 1257 32 19 att
210 1255 73 21 derest
303 1255 26 21 de
349 1255 88 20 komma
451 1256 34 20 till
501 1262 98 20 examen,
616 1256 26 20 de
658 1256 48 21 icke
721 1257 75 20 kunna
811 1257 100 21 kasseras

159 1289 40 21 och
216 1289 26 21 då
258 1289 37 21 det
310 1289 64 21 faller
397 1289 135 22 skolläraren
552 1289 22 21 in
590 1291 32 19 att
636 1290 66 21 tänka
717 1291 29 27 på
761 1290 33 21 sin
809 1291 102 28 beqväm-

157 1323 75 29 lighet,
254 1324 24 21 så
297 1323 102 22 kasserar
419 1324 43 21 han
481 1324 55 21 dem.
566 1323 11 22 I
592 1323 41 22 den
650 1325 68 21 andra
733 1325 76 21 skolan
825 1325 39 21 har
880 1327 31 20 ett

157 1360 89 20 motsatt
268 1358 137 22 förhållande
428 1360 37 27 egt
487 1366 54 14 rum.
571 1358 97 22 Läraren
692 1359 39 22 har
751 1360 74 22 tillåtit
846 1361 64 21 äfven

157 1393 114 22 abedarier
294 1395 32 20 att
348 1393 111 22 inkomma
481 1394 40 21 och
541 1393 83 29 följden
643 1393 39 22 har
698 1394 78 28 blifvit,
794 1396 31 20 att
838 1396 74 21 man
899 1389 16 37 i

157 1428 42 22 den
222 1435 42 15 ena
286 1428 96 23 socknen
404 1428 50 22 med
477 1429 33 21 sin
533 1428 162 23 kontrollerade
716 1429 62 22 skola
797 1429 49 22 icke
872 1430 39 22 har
