<?xml version="1.0" encoding="UTF-8"?>
<alto xmlns="http://www.loc.gov/standards/alto/ns-v3#" xmlns:xlink="http://www.w3.org/1999/xlink" xmlns:xsi="http://www.w3.org/2001/XMLSchema-instance" xsi:schemaLocation="http://www.loc.gov/standards/alto/ns-v3# http://www.loc.gov/alto/v3/alto-3-0.xsd">
	<Description>
		<MeasurementUnit>pixel</MeasurementUnit>
		<sourceImageInformation>
			<fileName>/tmp/tess_8cd2wpi7_input.PNG</fileName>
		</sourceImageInformation>
		<OCRProcessing ID="OCR_0">
			<ocrProcessingStep>
				<processingSoftware>
					<softwareName>tesseract 5.3.4</softwareName>
				</processingSoftware>
			</ocrProcessingStep>
		</OCRProcessing>
	</Description>
	<Layout>
		<Page WIDTH="989" HEIGHT="1709" PHYSICAL_IMG_NR="0" ID="page_0">
			<PrintSpace HPOS="0" VPOS="0" WIDTH="989" HEIGHT="1709">
				<ComposedBlock ID="cblock_0" HPOS="760" VPOS="144" WIDTH="41" HEIGHT="22">
					<TextBlock ID="block_0" HPOS="760" VPOS="144" WIDTH="41" HEIGHT="22">
						<TextLine ID="line_0" HPOS="760" VPOS="144" WIDTH="41" HEIGHT="22">
							<String ID="string_0" HPOS="760" VPOS="144" WIDTH="41" HEIGHT="22" WC="0.95" CONTENT="817"/>
						</TextLine>
					</TextBlock>
				</ComposedBlock>
				<ComposedBlock ID="cblock_1" HPOS="71" VPOS="206" WIDTH="757" HEIGHT="1268">
					<TextBlock ID="block_1" HPOS="71" VPOS="206" WIDTH="757" HEIGHT="1268">
						<TextLine ID="line_1" HPOS="78" VPOS="206" WIDTH="750" HEIGHT="31">
							<String ID="string_1" HPOS="78" VPOS="213" WIDTH="65" HEIGHT="21" WC="0.96" CONTENT="synas"/><SP WIDTH="21" VPOS="213" HPOS="143"/>
							<String ID="string_2" HPOS="164" VPOS="206" WIDTH="64" HEIGHT="22" WC="0.96" CONTENT="ställa"/><SP WIDTH="19" VPOS="206" HPOS="228"/>
							<String ID="string_3" HPOS="247" VPOS="206" WIDTH="74" HEIGHT="22" WC="0.96" CONTENT="alltför"/><SP WIDTH="20" VPOS="206" HPOS="321"/>
							<String ID="string_4" HPOS="341" VPOS="206" WIDTH="98" HEIGHT="29" WC="0.96" CONTENT="mäktiga"/><SP WIDTH="15" VPOS="206" HPOS="439"/>
							<String ID="string_5" HPOS="454" VPOS="208" WIDTH="77" HEIGHT="22" WC="0.90" CONTENT="hinder"/><SP WIDTH="15" VPOS="208" HPOS="531"/>
							<String ID="string_6" HPOS="546" VPOS="208" WIDTH="9" HEIGHT="22" WC="0.96" CONTENT="i"/><SP WIDTH="14" VPOS="208" HPOS="555"/>
							<String ID="string_7" HPOS="569" VPOS="209" WIDTH="71" HEIGHT="28" WC="0.96" CONTENT="vägen"/><SP WIDTH="15" VPOS="209" HPOS="640"/>
							<String ID="string_8" HPOS="655" VPOS="209" WIDTH="34" HEIGHT="22" WC="0.96" CONTENT="för"/><SP WIDTH="16" VPOS="209" HPOS="689"/>
							<String ID="string_9" HPOS="705" VPOS="216" WIDTH="28" HEIGHT="15" WC="0.96" CONTENT="en"/><SP WIDTH="15" VPOS="216" HPOS="733"/>
							<String ID="string_10" HPOS="748" VPOS="216" WIDTH="80" HEIGHT="16" WC="0.96" CONTENT="annars"/>
						</TextLine>
						<TextLine ID="line_2" HPOS="77" VPOS="240" WIDTH="750" HEIGHT="32">
							<String ID="string_11" HPOS="77" VPOS="240" WIDTH="83" HEIGHT="28" WC="0.96" CONTENT="ganska"/><SP WIDTH="19" VPOS="240" HPOS="160"/>
							<String ID="string_12" HPOS="179" VPOS="241" WIDTH="108" HEIGHT="22" WC="0.96" CONTENT="önskvärd"/><SP WIDTH="22" VPOS="241" HPOS="287"/>
							<String ID="string_13" HPOS="309" VPOS="242" WIDTH="66" HEIGHT="20" WC="0.95" CONTENT="enhet"/><SP WIDTH="14" VPOS="242" HPOS="375"/>
							<String ID="string_14" HPOS="389" VPOS="242" WIDTH="8" HEIGHT="20" WC="0.92" CONTENT="i"/><SP WIDTH="17" VPOS="242" HPOS="397"/>
							<String ID="string_15" HPOS="414" VPOS="242" WIDTH="175" HEIGHT="28" WC="0.90" CONTENT="aflöningssättet"/><SP WIDTH="18" VPOS="242" HPOS="589"/>
							<String ID="string_16" HPOS="607" VPOS="244" WIDTH="60" HEIGHT="21" WC="0.96" CONTENT="öfver"/><SP WIDTH="14" VPOS="244" HPOS="667"/>
							<String ID="string_17" HPOS="681" VPOS="244" WIDTH="50" HEIGHT="20" WC="0.96" CONTENT="hela"/><SP WIDTH="15" VPOS="244" HPOS="731"/>
							<String ID="string_18" HPOS="746" VPOS="244" WIDTH="81" HEIGHT="28" WC="0.96" CONTENT="landet,"/>
						</TextLine>
						<TextLine ID="line_3" HPOS="77" VPOS="275" WIDTH="750" HEIGHT="31">
							<String ID="string_19" HPOS="77" VPOS="282" WIDTH="50" HEIGHT="14" WC="0.96" CONTENT="men"/><SP WIDTH="16" VPOS="282" HPOS="127"/>
							<String ID="string_20" HPOS="143" VPOS="275" WIDTH="98" HEIGHT="29" WC="0.93" CONTENT="återigen"/><SP WIDTH="16" VPOS="275" HPOS="241"/>
							<String ID="string_21" HPOS="257" VPOS="276" WIDTH="129" HEIGHT="28" WC="0.91" CONTENT="uppbörden"/><SP WIDTH="16" VPOS="276" HPOS="386"/>
							<String ID="string_22" HPOS="402" VPOS="276" WIDTH="24" HEIGHT="21" WC="0.92" CONTENT="af"/><SP WIDTH="13" VPOS="276" HPOS="426"/>
							<String ID="string_23" HPOS="439" VPOS="278" WIDTH="68" HEIGHT="20" WC="0.91" CONTENT="smör-"/><SP WIDTH="16" VPOS="278" HPOS="507"/>
							<String ID="string_24" HPOS="523" VPOS="277" WIDTH="39" HEIGHT="21" WC="0.93" CONTENT="och"/><SP WIDTH="17" VPOS="277" HPOS="562"/>
							<String ID="string_25" HPOS="579" VPOS="278" WIDTH="162" HEIGHT="28" WC="0.89" CONTENT="qvicktionden,"/><SP WIDTH="11" VPOS="278" HPOS="741"/>
							<String ID="string_26" HPOS="752" VPOS="278" WIDTH="24" HEIGHT="21" WC="0.93" CONTENT="af"/><SP WIDTH="11" VPOS="278" HPOS="776"/>
							<String ID="string_27" HPOS="787" VPOS="278" WIDTH="40" HEIGHT="21" WC="0.89" CONTENT="lik-"/>
						</TextLine>
						<TextLine ID="line_4" HPOS="77" VPOS="309" WIDTH="751" HEIGHT="31">
							<String ID="string_28" HPOS="77" VPOS="309" WIDTH="95" HEIGHT="21" WC="0.92" CONTENT="stolskor"/><SP WIDTH="15" VPOS="309" HPOS="172"/>
							<String ID="string_29" HPOS="187" VPOS="316" WIDTH="27" HEIGHT="14" WC="0.90" CONTENT="m."/><SP WIDTH="16" VPOS="316" HPOS="214"/>
							<String ID="string_30" HPOS="230" VPOS="317" WIDTH="35" HEIGHT="20" WC="0.92" CONTENT="m.,"/><SP WIDTH="16" VPOS="317" HPOS="265"/>
							<String ID="string_31" HPOS="281" VPOS="310" WIDTH="7" HEIGHT="20" WC="0.96" CONTENT="i"/><SP WIDTH="16" VPOS="310" HPOS="288"/>
							<String ID="string_32" HPOS="304" VPOS="310" WIDTH="49" HEIGHT="21" WC="0.96" CONTENT="dess"/><SP WIDTH="20" VPOS="310" HPOS="353"/>
							<String ID="string_33" HPOS="373" VPOS="310" WIDTH="81" HEIGHT="28" WC="0.96" CONTENT="lagliga"/><SP WIDTH="19" VPOS="310" HPOS="454"/>
							<String ID="string_34" HPOS="473" VPOS="311" WIDTH="55" HEIGHT="21" WC="0.96" CONTENT="form"/><SP WIDTH="16" VPOS="311" HPOS="528"/>
							<String ID="string_35" HPOS="544" VPOS="312" WIDTH="84" HEIGHT="21" WC="0.96" CONTENT="medför"/><SP WIDTH="16" VPOS="312" HPOS="628"/>
							<String ID="string_36" HPOS="644" VPOS="312" WIDTH="79" HEIGHT="28" WC="0.93" CONTENT="många"/><SP WIDTH="16" VPOS="312" HPOS="723"/>
							<String ID="string_37" HPOS="739" VPOS="312" WIDTH="89" HEIGHT="28" WC="0.91" CONTENT="olägen-"/>
						</TextLine>
						<TextLine ID="line_5" HPOS="75" VPOS="342" WIDTH="752" HEIGHT="32">
							<String ID="string_38" HPOS="75" VPOS="342" WIDTH="63" HEIGHT="22" WC="0.96" CONTENT="heter"/><SP WIDTH="22" VPOS="342" HPOS="138"/>
							<String ID="string_39" HPOS="160" VPOS="344" WIDTH="40" HEIGHT="21" WC="0.95" CONTENT="och"/><SP WIDTH="21" VPOS="344" HPOS="200"/>
							<String ID="string_40" HPOS="221" VPOS="344" WIDTH="164" HEIGHT="28" WC="0.95" CONTENT="förvecklingar"/><SP WIDTH="21" VPOS="344" HPOS="385"/>
							<String ID="string_41" HPOS="406" VPOS="344" WIDTH="82" HEIGHT="22" WC="0.93" CONTENT="mellan"/><SP WIDTH="22" VPOS="344" HPOS="488"/>
							<String ID="string_42" HPOS="510" VPOS="346" WIDTH="121" HEIGHT="28" WC="0.92" CONTENT="löngifvare"/><SP WIDTH="16" VPOS="346" HPOS="631"/>
							<String ID="string_43" HPOS="647" VPOS="346" WIDTH="41" HEIGHT="21" WC="0.96" CONTENT="och"/><SP WIDTH="15" VPOS="346" HPOS="688"/>
							<String ID="string_44" HPOS="703" VPOS="346" WIDTH="124" HEIGHT="28" WC="0.96" CONTENT="löntagare;"/>
						</TextLine>
						<TextLine ID="line_6" HPOS="76" VPOS="377" WIDTH="752" HEIGHT="25">
							<String ID="string_45" HPOS="76" VPOS="377" WIDTH="43" HEIGHT="21" WC="0.95" CONTENT="kan"/><SP WIDTH="16" VPOS="377" HPOS="119"/>
							<String ID="string_46" HPOS="135" VPOS="378" WIDTH="86" HEIGHT="21" WC="0.95" CONTENT="ståndet"/><SP WIDTH="15" VPOS="378" HPOS="221"/>
							<String ID="string_47" HPOS="236" VPOS="379" WIDTH="49" HEIGHT="20" WC="0.96" CONTENT="icke"/><SP WIDTH="16" VPOS="379" HPOS="285"/>
							<String ID="string_48" HPOS="301" VPOS="380" WIDTH="67" HEIGHT="20" WC="0.96" CONTENT="annat"/><SP WIDTH="15" VPOS="380" HPOS="368"/>
							<String ID="string_49" HPOS="383" VPOS="380" WIDTH="28" HEIGHT="20" WC="0.96" CONTENT="än"/><SP WIDTH="16" VPOS="380" HPOS="411"/>
							<String ID="string_50" HPOS="427" VPOS="379" WIDTH="63" HEIGHT="21" WC="0.96" CONTENT="äfven"/><SP WIDTH="16" VPOS="379" HPOS="490"/>
							<String ID="string_51" HPOS="506" VPOS="380" WIDTH="35" HEIGHT="20" WC="0.96" CONTENT="för"/><SP WIDTH="15" VPOS="380" HPOS="541"/>
							<String ID="string_52" HPOS="556" VPOS="380" WIDTH="33" HEIGHT="21" WC="0.96" CONTENT="sin"/><SP WIDTH="15" VPOS="380" HPOS="589"/>
							<String ID="string_53" HPOS="604" VPOS="380" WIDTH="34" HEIGHT="22" WC="0.96" CONTENT="del"/><SP WIDTH="15" VPOS="380" HPOS="638"/>
							<String ID="string_54" HPOS="653" VPOS="380" WIDTH="70" HEIGHT="21" WC="0.96" CONTENT="uttala"/><SP WIDTH="11" VPOS="380" HPOS="723"/>
							<String ID="string_55" HPOS="734" VPOS="388" WIDTH="46" HEIGHT="14" WC="0.95" CONTENT="som"/><SP WIDTH="16" VPOS="388" HPOS="780"/>
							<String ID="string_56" HPOS="796" VPOS="382" WIDTH="32" HEIGHT="20" WC="0.95" CONTENT="ett"/>
						</TextLine>
						<TextLine ID="line_7" HPOS="77" VPOS="412" WIDTH="750" HEIGHT="29">
							<String ID="string_57" HPOS="77" VPOS="412" WIDTH="172" HEIGHT="28" WC="0.92" CONTENT="önskningsmål,"/><SP WIDTH="19" VPOS="412" HPOS="249"/>
							<String ID="string_58" HPOS="268" VPOS="414" WIDTH="32" HEIGHT="20" WC="0.96" CONTENT="att"/><SP WIDTH="21" VPOS="414" HPOS="300"/>
							<String ID="string_59" HPOS="321" VPOS="413" WIDTH="129" HEIGHT="28" WC="0.96" CONTENT="regeringen"/><SP WIDTH="17" VPOS="413" HPOS="450"/>
							<String ID="string_60" HPOS="467" VPOS="414" WIDTH="50" HEIGHT="20" WC="0.96" CONTENT="ville"/><SP WIDTH="16" VPOS="414" HPOS="517"/>
							<String ID="string_61" HPOS="533" VPOS="414" WIDTH="7" HEIGHT="20" WC="0.96" CONTENT="i"/><SP WIDTH="16" VPOS="414" HPOS="540"/>
							<String ID="string_62" HPOS="556" VPOS="414" WIDTH="67" HEIGHT="21" WC="0.96" CONTENT="nåder"/><SP WIDTH="15" VPOS="414" HPOS="623"/>
							<String ID="string_63" HPOS="638" VPOS="416" WIDTH="47" HEIGHT="20" WC="0.96" CONTENT="utse"/><SP WIDTH="17" VPOS="416" HPOS="685"/>
							<String ID="string_64" HPOS="702" VPOS="421" WIDTH="27" HEIGHT="14" WC="0.93" CONTENT="en"/><SP WIDTH="16" VPOS="421" HPOS="729"/>
							<String ID="string_65" HPOS="745" VPOS="414" WIDTH="82" HEIGHT="22" WC="0.91" CONTENT="komité"/>
						</TextLine>
						<TextLine ID="line_8" HPOS="75" VPOS="446" WIDTH="752" HEIGHT="31">
							<String ID="string_66" HPOS="75" VPOS="446" WIDTH="35" HEIGHT="21" WC="0.96" CONTENT="för"/><SP WIDTH="15" VPOS="446" HPOS="110"/>
							<String ID="string_67" HPOS="125" VPOS="447" WIDTH="153" HEIGHT="21" WC="0.96" CONTENT="utarbetandet"/><SP WIDTH="15" VPOS="447" HPOS="278"/>
							<String ID="string_68" HPOS="293" VPOS="447" WIDTH="25" HEIGHT="21" WC="0.96" CONTENT="af"/><SP WIDTH="13" VPOS="447" HPOS="318"/>
							<String ID="string_69" HPOS="331" VPOS="449" WIDTH="30" HEIGHT="19" WC="0.96" CONTENT="ett"/><SP WIDTH="15" VPOS="449" HPOS="361"/>
							<String ID="string_70" HPOS="376" VPOS="448" WIDTH="28" HEIGHT="28" WC="0.96" CONTENT="på"/><SP WIDTH="15" VPOS="448" HPOS="404"/>
							<String ID="string_71" HPOS="419" VPOS="448" WIDTH="113" HEIGHT="21" WC="0.96" CONTENT="bestämda"/><SP WIDTH="14" VPOS="448" HPOS="532"/>
							<String ID="string_72" HPOS="546" VPOS="449" WIDTH="111" HEIGHT="28" WC="0.93" CONTENT="principer"/><SP WIDTH="10" VPOS="449" HPOS="657"/>
							<String ID="string_73" HPOS="667" VPOS="448" WIDTH="109" HEIGHT="28" WC="0.92" CONTENT="grundadt"/><SP WIDTH="10" VPOS="448" HPOS="776"/>
							<String ID="string_74" HPOS="786" VPOS="450" WIDTH="41" HEIGHT="20" WC="0.96" CONTENT="och"/>
						</TextLine>
						<TextLine ID="line_9" HPOS="75" VPOS="480" WIDTH="751" HEIGHT="31">
							<String ID="string_75" HPOS="75" VPOS="480" WIDTH="34" HEIGHT="22" WC="0.95" CONTENT="till"/><SP WIDTH="20" VPOS="480" HPOS="109"/>
							<String ID="string_76" HPOS="129" VPOS="481" WIDTH="126" HEIGHT="28" WC="0.95" CONTENT="förenkling"/><SP WIDTH="23" VPOS="481" HPOS="255"/>
							<String ID="string_77" HPOS="278" VPOS="482" WIDTH="100" HEIGHT="28" WC="0.95" CONTENT="syftande"/><SP WIDTH="23" VPOS="482" HPOS="378"/>
							<String ID="string_78" HPOS="401" VPOS="482" WIDTH="83" HEIGHT="28" WC="0.95" CONTENT="förslag"/><SP WIDTH="16" VPOS="482" HPOS="484"/>
							<String ID="string_79" HPOS="500" VPOS="483" WIDTH="32" HEIGHT="21" WC="0.93" CONTENT="till"/><SP WIDTH="15" VPOS="483" HPOS="532"/>
							<String ID="string_80" HPOS="547" VPOS="483" WIDTH="198" HEIGHT="28" WC="0.92" CONTENT="prestaflöningens"/><SP WIDTH="15" VPOS="483" HPOS="745"/>
							<String ID="string_81" HPOS="760" VPOS="483" WIDTH="66" HEIGHT="21" WC="0.91" CONTENT="fram-"/>
						</TextLine>
						<TextLine ID="line_10" HPOS="75" VPOS="515" WIDTH="751" HEIGHT="31">
							<String ID="string_82" HPOS="75" VPOS="515" WIDTH="46" HEIGHT="21" WC="0.92" CONTENT="tida"/><SP WIDTH="14" VPOS="515" HPOS="121"/>
							<String ID="string_83" HPOS="135" VPOS="516" WIDTH="136" HEIGHT="28" WC="0.96" CONTENT="reglerande,"/><SP WIDTH="19" VPOS="516" HPOS="271"/>
							<String ID="string_84" HPOS="290" VPOS="516" WIDTH="34" HEIGHT="21" WC="0.96" CONTENT="för"/><SP WIDTH="18" VPOS="516" HPOS="324"/>
							<String ID="string_85" HPOS="342" VPOS="518" WIDTH="32" HEIGHT="19" WC="0.96" CONTENT="att"/><SP WIDTH="14" VPOS="518" HPOS="374"/>
							<String ID="string_86" HPOS="388" VPOS="516" WIDTH="36" HEIGHT="21" WC="0.96" CONTENT="vid"/><SP WIDTH="16" VPOS="516" HPOS="424"/>
							<String ID="string_87" HPOS="440" VPOS="518" WIDTH="62" HEIGHT="20" WC="0.93" CONTENT="nästa"/><SP WIDTH="15" VPOS="518" HPOS="502"/>
							<String ID="string_88" HPOS="517" VPOS="517" WIDTH="105" HEIGHT="29" WC="0.91" CONTENT="landtdag"/><SP WIDTH="15" VPOS="517" HPOS="622"/>
							<String ID="string_89" HPOS="637" VPOS="517" WIDTH="118" HEIGHT="21" WC="0.93" CONTENT="ständerna"/><SP WIDTH="15" VPOS="517" HPOS="755"/>
							<String ID="string_90" HPOS="770" VPOS="518" WIDTH="56" HEIGHT="21" WC="0.93" CONTENT="före-"/>
						</TextLine>
						<TextLine ID="line_11" HPOS="75" VPOS="550" WIDTH="751" HEIGHT="29">
							<String ID="string_91" HPOS="75" VPOS="550" WIDTH="82" HEIGHT="28" WC="0.95" CONTENT="läggas."/><SP WIDTH="26" VPOS="550" HPOS="157"/>
							<String ID="string_92" HPOS="183" VPOS="551" WIDTH="51" HEIGHT="21" WC="0.96" CONTENT="Men"/><SP WIDTH="15" VPOS="551" HPOS="234"/>
							<String ID="string_93" HPOS="249" VPOS="551" WIDTH="70" HEIGHT="21" WC="0.96" CONTENT="under"/><SP WIDTH="16" VPOS="551" HPOS="319"/>
							<String ID="string_94" HPOS="335" VPOS="550" WIDTH="37" HEIGHT="22" WC="0.93" CONTENT="det"/><SP WIDTH="14" VPOS="550" HPOS="372"/>
							<String ID="string_95" HPOS="386" VPOS="552" WIDTH="163" HEIGHT="27" WC="0.92" CONTENT="prestaståndet"/><SP WIDTH="15" VPOS="552" HPOS="549"/>
							<String ID="string_96" HPOS="564" VPOS="552" WIDTH="7" HEIGHT="20" WC="0.96" CONTENT="i"/><SP WIDTH="16" VPOS="552" HPOS="571"/>
							<String ID="string_97" HPOS="587" VPOS="552" WIDTH="60" HEIGHT="21" WC="0.96" CONTENT="detta"/><SP WIDTH="16" VPOS="552" HPOS="647"/>
							<String ID="string_98" HPOS="663" VPOS="552" WIDTH="104" HEIGHT="21" WC="0.93" CONTENT="afseende"/><SP WIDTH="15" VPOS="552" HPOS="767"/>
							<String ID="string_99" HPOS="782" VPOS="552" WIDTH="44" HEIGHT="21" WC="0.92" CONTENT="för-"/>
						</TextLine>
						<TextLine ID="line_12" HPOS="75" VPOS="584" WIDTH="751" HEIGHT="30">
							<String ID="string_100" HPOS="75" VPOS="590" WIDTH="52" HEIGHT="15" WC="0.95" CONTENT="enar"/><SP WIDTH="23" VPOS="590" HPOS="127"/>
							<String ID="string_101" HPOS="150" VPOS="584" WIDTH="34" HEIGHT="28" WC="0.96" CONTENT="sig"/><SP WIDTH="22" VPOS="584" HPOS="184"/>
							<String ID="string_102" HPOS="206" VPOS="585" WIDTH="49" HEIGHT="21" WC="0.90" CONTENT="med"/><SP WIDTH="22" VPOS="585" HPOS="255"/>
							<String ID="string_103" HPOS="277" VPOS="585" WIDTH="120" HEIGHT="28" WC="0.90" CONTENT="höglofliga"/><SP WIDTH="21" VPOS="585" HPOS="397"/>
							<String ID="string_104" HPOS="418" VPOS="585" WIDTH="152" HEIGHT="29" WC="0.96" CONTENT="ridderskapet"/><SP WIDTH="19" VPOS="585" HPOS="570"/>
							<String ID="string_105" HPOS="589" VPOS="586" WIDTH="40" HEIGHT="21" WC="0.96" CONTENT="och"/><SP WIDTH="18" VPOS="586" HPOS="629"/>
							<String ID="string_106" HPOS="647" VPOS="586" WIDTH="71" HEIGHT="27" WC="0.96" CONTENT="adeln,"/><SP WIDTH="16" VPOS="586" HPOS="718"/>
							<String ID="string_107" HPOS="734" VPOS="586" WIDTH="92" HEIGHT="21" WC="0.96" CONTENT="innebär"/>
						</TextLine>
						<TextLine ID="line_13" HPOS="73" VPOS="618" WIDTH="753" HEIGHT="30">
							<String ID="string_108" HPOS="73" VPOS="618" WIDTH="68" HEIGHT="22" WC="0.95" CONTENT="redan"/><SP WIDTH="20" VPOS="618" HPOS="141"/>
							<String ID="string_109" HPOS="161" VPOS="619" WIDTH="41" HEIGHT="21" WC="0.93" CONTENT="den"/><SP WIDTH="17" VPOS="619" HPOS="202"/>
							<String ID="string_110" HPOS="219" VPOS="619" WIDTH="172" HEIGHT="29" WC="0.91" CONTENT="ofvanuppgifna"/><SP WIDTH="19" VPOS="619" HPOS="391"/>
							<String ID="string_111" HPOS="410" VPOS="619" WIDTH="160" HEIGHT="29" WC="0.91" CONTENT="hufvudgrund,"/><SP WIDTH="19" VPOS="619" HPOS="570"/>
							<String ID="string_112" HPOS="589" VPOS="620" WIDTH="82" HEIGHT="28" WC="0.90" CONTENT="hvarpå"/><SP WIDTH="16" VPOS="620" HPOS="671"/>
							<String ID="string_113" HPOS="687" VPOS="620" WIDTH="87" HEIGHT="21" WC="0.93" CONTENT="ståndet"/><SP WIDTH="14" VPOS="620" HPOS="774"/>
							<String ID="string_114" HPOS="788" VPOS="622" WIDTH="38" HEIGHT="19" WC="0.92" CONTENT="ön-"/>
						</TextLine>
						<TextLine ID="line_14" HPOS="74" VPOS="654" WIDTH="751" HEIGHT="28">
							<String ID="string_115" HPOS="74" VPOS="654" WIDTH="51" HEIGHT="21" WC="0.96" CONTENT="skar"/><SP WIDTH="23" VPOS="654" HPOS="125"/>
							<String ID="string_116" HPOS="148" VPOS="654" WIDTH="116" HEIGHT="28" WC="0.93" CONTENT="förslagets"/><SP WIDTH="21" VPOS="654" HPOS="264"/>
							<String ID="string_117" HPOS="285" VPOS="654" WIDTH="127" HEIGHT="27" WC="0.90" CONTENT="baserande,"/><SP WIDTH="23" VPOS="654" HPOS="412"/>
							<String ID="string_118" HPOS="435" VPOS="656" WIDTH="32" HEIGHT="19" WC="0.94" CONTENT="ett"/><SP WIDTH="23" VPOS="656" HPOS="467"/>
							<String ID="string_119" HPOS="490" VPOS="654" WIDTH="129" HEIGHT="28" WC="0.92" CONTENT="tillräckligt"/><SP WIDTH="15" VPOS="654" HPOS="619"/>
							<String ID="string_120" HPOS="634" VPOS="654" WIDTH="143" HEIGHT="28" WC="0.96" CONTENT="vittnesbörd,"/><SP WIDTH="16" VPOS="654" HPOS="777"/>
							<String ID="string_121" HPOS="793" VPOS="656" WIDTH="32" HEIGHT="20" WC="0.96" CONTENT="att"/>
						</TextLine>
						<TextLine ID="line_15" HPOS="73" VPOS="688" WIDTH="751" HEIGHT="29">
							<String ID="string_122" HPOS="73" VPOS="688" WIDTH="163" HEIGHT="28" WC="0.90" CONTENT="prestaståndet"/><SP WIDTH="14" VPOS="688" HPOS="236"/>
							<String ID="string_123" HPOS="250" VPOS="688" WIDTH="49" HEIGHT="21" WC="0.96" CONTENT="icke"/><SP WIDTH="16" VPOS="688" HPOS="299"/>
							<String ID="string_124" HPOS="315" VPOS="688" WIDTH="42" HEIGHT="21" WC="0.96" CONTENT="kan"/><SP WIDTH="16" VPOS="688" HPOS="357"/>
							<String ID="string_125" HPOS="373" VPOS="689" WIDTH="116" HEIGHT="21" WC="0.96" CONTENT="instämma"/><SP WIDTH="15" VPOS="689" HPOS="489"/>
							<String ID="string_126" HPOS="504" VPOS="689" WIDTH="7" HEIGHT="20" WC="0.96" CONTENT="i"/><SP WIDTH="16" VPOS="689" HPOS="511"/>
							<String ID="string_127" HPOS="527" VPOS="688" WIDTH="42" HEIGHT="22" WC="0.96" CONTENT="den"/><SP WIDTH="16" VPOS="688" HPOS="569"/>
							<String ID="string_128" HPOS="585" VPOS="689" WIDTH="24" HEIGHT="21" WC="0.96" CONTENT="af"/><SP WIDTH="13" VPOS="689" HPOS="609"/>
							<String ID="string_129" HPOS="622" VPOS="689" WIDTH="152" HEIGHT="28" WC="0.96" CONTENT="ridderskapet"/><SP WIDTH="10" VPOS="689" HPOS="774"/>
							<String ID="string_130" HPOS="784" VPOS="689" WIDTH="40" HEIGHT="21" WC="0.96" CONTENT="och"/>
						</TextLine>
						<TextLine ID="line_16" HPOS="73" VPOS="722" WIDTH="752" HEIGHT="29">
							<String ID="string_131" HPOS="73" VPOS="722" WIDTH="64" HEIGHT="21" WC="0.95" CONTENT="adeln"/><SP WIDTH="23" VPOS="722" HPOS="137"/>
							<String ID="string_132" HPOS="160" VPOS="722" WIDTH="97" HEIGHT="22" WC="0.93" CONTENT="uttalade"/><SP WIDTH="22" VPOS="722" HPOS="257"/>
							<String ID="string_133" HPOS="279" VPOS="722" WIDTH="64" HEIGHT="29" WC="0.91" CONTENT="åsigt,"/><SP WIDTH="22" VPOS="722" HPOS="343"/>
							<String ID="string_134" HPOS="365" VPOS="724" WIDTH="32" HEIGHT="20" WC="0.93" CONTENT="att"/><SP WIDTH="22" VPOS="724" HPOS="397"/>
							<String ID="string_135" HPOS="419" VPOS="723" WIDTH="176" HEIGHT="28" WC="0.90" CONTENT="presterskapets"/><SP WIDTH="18" VPOS="723" HPOS="595"/>
							<String ID="string_136" HPOS="613" VPOS="724" WIDTH="50" HEIGHT="20" WC="0.93" CONTENT="hela"/><SP WIDTH="15" VPOS="724" HPOS="663"/>
							<String ID="string_137" HPOS="678" VPOS="723" WIDTH="98" HEIGHT="28" WC="0.91" CONTENT="aflöning"/><SP WIDTH="14" VPOS="723" HPOS="776"/>
							<String ID="string_138" HPOS="790" VPOS="723" WIDTH="35" HEIGHT="21" WC="0.96" CONTENT="för"/>
						</TextLine>
						<TextLine ID="line_17" HPOS="73" VPOS="757" WIDTH="752" HEIGHT="29">
							<String ID="string_139" HPOS="73" VPOS="757" WIDTH="118" HEIGHT="21" WC="0.96" CONTENT="framtiden"/><SP WIDTH="16" VPOS="757" HPOS="191"/>
							<String ID="string_140" HPOS="207" VPOS="757" WIDTH="67" HEIGHT="22" WC="0.96" CONTENT="borde"/><SP WIDTH="20" VPOS="757" HPOS="274"/>
							<String ID="string_141" HPOS="294" VPOS="757" WIDTH="69" HEIGHT="22" WC="0.89" CONTENT="lossas"/><SP WIDTH="15" VPOS="757" HPOS="363"/>
							<String ID="string_142" HPOS="378" VPOS="757" WIDTH="56" HEIGHT="21" WC="0.93" CONTENT="ifrån"/><SP WIDTH="14" VPOS="757" HPOS="434"/>
							<String ID="string_143" HPOS="448" VPOS="757" WIDTH="209" HEIGHT="29" WC="0.91" CONTENT="jordlägenheterna"/><SP WIDTH="16" VPOS="757" HPOS="657"/>
							<String ID="string_144" HPOS="673" VPOS="758" WIDTH="41" HEIGHT="21" WC="0.93" CONTENT="och"/><SP WIDTH="15" VPOS="758" HPOS="714"/>
							<String ID="string_145" HPOS="729" VPOS="758" WIDTH="96" HEIGHT="21" WC="0.91" CONTENT="bestäm-"/>
						</TextLine>
						<TextLine ID="line_18" HPOS="73" VPOS="792" WIDTH="751" HEIGHT="29">
							<String ID="string_146" HPOS="73" VPOS="799" WIDTH="46" HEIGHT="14" WC="0.96" CONTENT="mas"/><SP WIDTH="17" VPOS="799" HPOS="119"/>
							<String ID="string_147" HPOS="136" VPOS="792" WIDTH="56" HEIGHT="21" WC="0.93" CONTENT="efter"/><SP WIDTH="15" VPOS="792" HPOS="192"/>
							<String ID="string_148" HPOS="207" VPOS="792" WIDTH="141" HEIGHT="28" WC="0.92" CONTENT="persontalet,"/><SP WIDTH="15" VPOS="792" HPOS="348"/>
							<String ID="string_149" HPOS="363" VPOS="792" WIDTH="142" HEIGHT="28" WC="0.96" CONTENT="hvarigenom"/><SP WIDTH="17" VPOS="792" HPOS="505"/>
							<String ID="string_150" HPOS="522" VPOS="799" WIDTH="27" HEIGHT="14" WC="0.96" CONTENT="en"/><SP WIDTH="15" VPOS="799" HPOS="549"/>
							<String ID="string_151" HPOS="564" VPOS="792" WIDTH="99" HEIGHT="29" WC="0.96" CONTENT="betydlig"/><SP WIDTH="11" VPOS="792" HPOS="663"/>
							<String ID="string_152" HPOS="674" VPOS="792" WIDTH="35" HEIGHT="22" WC="0.96" CONTENT="del"/><SP WIDTH="11" VPOS="792" HPOS="709"/>
							<String ID="string_153" HPOS="720" VPOS="792" WIDTH="24" HEIGHT="21" WC="0.95" CONTENT="af"/><SP WIDTH="8" VPOS="792" HPOS="744"/>
							<String ID="string_154" HPOS="752" VPOS="792" WIDTH="72" HEIGHT="22" WC="0.95" CONTENT="denna"/>
						</TextLine>
						<TextLine ID="line_19" HPOS="73" VPOS="826" WIDTH="751" HEIGHT="29">
							<String ID="string_155" HPOS="73" VPOS="829" WIDTH="68" HEIGHT="26" WC="0.96" CONTENT="tunga"/><SP WIDTH="22" VPOS="829" HPOS="141"/>
							<String ID="string_156" HPOS="163" VPOS="827" WIDTH="71" HEIGHT="21" WC="0.93" CONTENT="skulle"/><SP WIDTH="23" VPOS="827" HPOS="234"/>
							<String ID="string_157" HPOS="257" VPOS="826" WIDTH="135" HEIGHT="29" WC="0.89" CONTENT="öfverflyttas"/><SP WIDTH="18" VPOS="826" HPOS="392"/>
							<String ID="string_158" HPOS="410" VPOS="827" WIDTH="28" HEIGHT="28" WC="0.96" CONTENT="på"/><SP WIDTH="15" VPOS="827" HPOS="438"/>
							<String ID="string_159" HPOS="453" VPOS="827" WIDTH="42" HEIGHT="21" WC="0.93" CONTENT="den"/><SP WIDTH="16" VPOS="827" HPOS="495"/>
							<String ID="string_160" HPOS="511" VPOS="827" WIDTH="116" HEIGHT="21" WC="0.92" CONTENT="obesuttna"/><SP WIDTH="15" VPOS="827" HPOS="627"/>
							<String ID="string_161" HPOS="642" VPOS="826" WIDTH="102" HEIGHT="29" WC="0.96" CONTENT="fattigare"/><SP WIDTH="16" VPOS="826" HPOS="744"/>
							<String ID="string_162" HPOS="760" VPOS="826" WIDTH="64" HEIGHT="22" WC="0.95" CONTENT="delen"/>
						</TextLine>
						<TextLine ID="line_20" HPOS="73" VPOS="861" WIDTH="751" HEIGHT="29">
							<String ID="string_163" HPOS="73" VPOS="862" WIDTH="24" HEIGHT="22" WC="0.96" CONTENT="af"/><SP WIDTH="20" VPOS="862" HPOS="97"/>
							<String ID="string_164" HPOS="117" VPOS="861" WIDTH="164" HEIGHT="29" WC="0.93" CONTENT="befolkningen."/><SP WIDTH="30" VPOS="861" HPOS="281"/>
							<String ID="string_165" HPOS="311" VPOS="861" WIDTH="84" HEIGHT="29" WC="0.90" CONTENT="Sjelfva"/><SP WIDTH="21" VPOS="861" HPOS="395"/>
							<String ID="string_166" HPOS="416" VPOS="862" WIDTH="205" HEIGHT="28" WC="0.92" CONTENT="lönefördelningen"/><SP WIDTH="19" VPOS="862" HPOS="621"/>
							<String ID="string_167" HPOS="640" VPOS="861" WIDTH="40" HEIGHT="22" WC="0.93" CONTENT="och"/><SP WIDTH="15" VPOS="861" HPOS="680"/>
							<String ID="string_168" HPOS="695" VPOS="861" WIDTH="129" HEIGHT="29" WC="0.92" CONTENT="uppbörden"/>
						</TextLine>
						<TextLine ID="line_21" HPOS="72" VPOS="896" WIDTH="752" HEIGHT="29">
							<String ID="string_169" HPOS="72" VPOS="903" WIDTH="53" HEIGHT="15" WC="0.95" CONTENT="vore"/><SP WIDTH="22" VPOS="903" HPOS="125"/>
							<String ID="string_170" HPOS="147" VPOS="896" WIDTH="129" HEIGHT="29" WC="0.93" CONTENT="visserligen"/><SP WIDTH="23" VPOS="896" HPOS="276"/>
							<String ID="string_171" HPOS="299" VPOS="896" WIDTH="132" HEIGHT="22" WC="0.91" CONTENT="härmedelst"/><SP WIDTH="24" VPOS="896" HPOS="431"/>
							<String ID="string_172" HPOS="455" VPOS="896" WIDTH="78" HEIGHT="22" WC="0.96" CONTENT="ställda"/><SP WIDTH="17" VPOS="896" HPOS="533"/>
							<String ID="string_173" HPOS="550" VPOS="897" WIDTH="29" HEIGHT="27" WC="0.96" CONTENT="på"/><SP WIDTH="18" VPOS="897" HPOS="579"/>
							<String ID="string_174" HPOS="597" VPOS="903" WIDTH="27" HEIGHT="14" WC="0.92" CONTENT="en"/><SP WIDTH="15" VPOS="903" HPOS="624"/>
							<String ID="string_175" HPOS="639" VPOS="896" WIDTH="131" HEIGHT="28" WC="0.91" CONTENT="beqvämare"/><SP WIDTH="22" VPOS="896" HPOS="770"/>
							<String ID="string_176" HPOS="792" VPOS="896" WIDTH="32" HEIGHT="21" WC="0.95" CONTENT="fot"/>
						</TextLine>
						<TextLine ID="line_22" HPOS="73" VPOS="930" WIDTH="750" HEIGHT="29">
							<String ID="string_177" HPOS="73" VPOS="931" WIDTH="33" HEIGHT="21" WC="0.96" CONTENT="för"/><SP WIDTH="21" VPOS="931" HPOS="106"/>
							<String ID="string_178" HPOS="127" VPOS="932" WIDTH="60" HEIGHT="20" WC="0.96" CONTENT="såväl"/><SP WIDTH="19" VPOS="932" HPOS="187"/>
							<String ID="string_179" HPOS="206" VPOS="932" WIDTH="115" HEIGHT="27" WC="0.96" CONTENT="löntagare"/><SP WIDTH="18" VPOS="932" HPOS="321"/>
							<String ID="string_180" HPOS="339" VPOS="938" WIDTH="45" HEIGHT="14" WC="0.96" CONTENT="som"/><SP WIDTH="17" VPOS="938" HPOS="384"/>
							<String ID="string_181" HPOS="401" VPOS="931" WIDTH="26" HEIGHT="21" WC="0.96" CONTENT="de"/><SP WIDTH="15" VPOS="931" HPOS="427"/>
							<String ID="string_182" HPOS="442" VPOS="931" WIDTH="123" HEIGHT="27" WC="0.96" CONTENT="betalande,"/><SP WIDTH="16" VPOS="931" HPOS="565"/>
							<String ID="string_183" HPOS="581" VPOS="937" WIDTH="50" HEIGHT="15" WC="0.96" CONTENT="men"/><SP WIDTH="16" VPOS="937" HPOS="631"/>
							<String ID="string_184" HPOS="647" VPOS="930" WIDTH="28" HEIGHT="22" WC="0.93" CONTENT="då"/><SP WIDTH="14" VPOS="930" HPOS="675"/>
							<String ID="string_185" HPOS="689" VPOS="931" WIDTH="134" HEIGHT="28" WC="0.91" CONTENT="presterska-"/>
						</TextLine>
						<TextLine ID="line_23" HPOS="72" VPOS="965" WIDTH="752" HEIGHT="29">
							<String ID="string_186" HPOS="72" VPOS="968" WIDTH="49" HEIGHT="26" WC="0.92" CONTENT="pets"/><SP WIDTH="23" VPOS="968" HPOS="121"/>
							<String ID="string_187" HPOS="144" VPOS="965" WIDTH="173" HEIGHT="22" WC="0.96" CONTENT="hittillsvarande"/><SP WIDTH="23" VPOS="965" HPOS="317"/>
							<String ID="string_188" HPOS="340" VPOS="965" WIDTH="106" HEIGHT="28" WC="0.96" CONTENT="rättighet"/><SP WIDTH="19" VPOS="965" HPOS="446"/>
							<String ID="string_189" HPOS="465" VPOS="966" WIDTH="7" HEIGHT="20" WC="0.93" CONTENT="i"/><SP WIDTH="21" VPOS="966" HPOS="472"/>
							<String ID="string_190" HPOS="493" VPOS="965" WIDTH="126" HEIGHT="29" WC="0.90" CONTENT="spanmåls-,"/><SP WIDTH="15" VPOS="965" HPOS="619"/>
							<String ID="string_191" HPOS="634" VPOS="965" WIDTH="50" HEIGHT="21" WC="0.93" CONTENT="fisk-"/><SP WIDTH="16" VPOS="965" HPOS="684"/>
							<String ID="string_192" HPOS="700" VPOS="966" WIDTH="40" HEIGHT="20" WC="0.93" CONTENT="och"/><SP WIDTH="16" VPOS="966" HPOS="740"/>
							<String ID="string_193" HPOS="756" VPOS="967" WIDTH="68" HEIGHT="19" WC="0.92" CONTENT="smör-"/>
						</TextLine>
						<TextLine ID="line_24" HPOS="73" VPOS="999" WIDTH="751" HEIGHT="29">
							<String ID="string_194" HPOS="73" VPOS="1000" WIDTH="74" HEIGHT="21" WC="0.96" CONTENT="tionde"/><SP WIDTH="24" VPOS="1000" HPOS="147"/>
							<String ID="string_195" HPOS="171" VPOS="1000" WIDTH="70" HEIGHT="21" WC="0.95" CONTENT="skulle"/><SP WIDTH="22" VPOS="1000" HPOS="241"/>
							<String ID="string_196" HPOS="263" VPOS="1000" WIDTH="88" HEIGHT="21" WC="0.94" CONTENT="komma"/><SP WIDTH="23" VPOS="1000" HPOS="351"/>
							<String ID="string_197" HPOS="374" VPOS="1001" WIDTH="32" HEIGHT="19" WC="0.94" CONTENT="att"/><SP WIDTH="23" VPOS="1001" HPOS="406"/>
							<String ID="string_198" HPOS="429" VPOS="1000" WIDTH="32" HEIGHT="21" WC="0.96" CONTENT="till"/><SP WIDTH="22" VPOS="1000" HPOS="461"/>
							<String ID="string_199" HPOS="483" VPOS="1000" WIDTH="37" HEIGHT="21" WC="0.96" CONTENT="sitt"/><SP WIDTH="15" VPOS="1000" HPOS="520"/>
							<String ID="string_200" HPOS="535" VPOS="999" WIDTH="152" HEIGHT="22" WC="0.93" CONTENT="motsvarande"/><SP WIDTH="15" VPOS="999" HPOS="687"/>
							<String ID="string_201" HPOS="702" VPOS="1000" WIDTH="122" HEIGHT="28" WC="0.91" CONTENT="penninge-"/>
						</TextLine>
						<TextLine ID="line_25" HPOS="72" VPOS="1033" WIDTH="752" HEIGHT="29">
							<String ID="string_202" HPOS="72" VPOS="1034" WIDTH="66" HEIGHT="22" WC="0.96" CONTENT="värde"/><SP WIDTH="23" VPOS="1034" HPOS="138"/>
							<String ID="string_203" HPOS="161" VPOS="1034" WIDTH="82" HEIGHT="22" WC="0.96" CONTENT="utlösas"/><SP WIDTH="22" VPOS="1034" HPOS="243"/>
							<String ID="string_204" HPOS="265" VPOS="1034" WIDTH="182" HEIGHT="28" WC="0.96" CONTENT="hufvudsakligen"/><SP WIDTH="24" VPOS="1034" HPOS="447"/>
							<String ID="string_205" HPOS="471" VPOS="1035" WIDTH="24" HEIGHT="20" WC="0.96" CONTENT="af"/><SP WIDTH="20" VPOS="1035" HPOS="495"/>
							<String ID="string_206" HPOS="515" VPOS="1040" WIDTH="112" HEIGHT="22" WC="0.96" CONTENT="personer,"/><SP WIDTH="21" VPOS="1040" HPOS="627"/>
							<String ID="string_207" HPOS="648" VPOS="1040" WIDTH="46" HEIGHT="15" WC="0.96" CONTENT="som"/><SP WIDTH="23" VPOS="1040" HPOS="694"/>
							<String ID="string_208" HPOS="717" VPOS="1033" WIDTH="34" HEIGHT="21" WC="0.91" CONTENT="till"/><SP WIDTH="17" VPOS="1033" HPOS="751"/>
							<String ID="string_209" HPOS="768" VPOS="1034" WIDTH="56" HEIGHT="20" WC="0.92" CONTENT="slika"/>
						</TextLine>
						<TextLine ID="line_26" HPOS="72" VPOS="1068" WIDTH="751" HEIGHT="29">
							<String ID="string_210" HPOS="72" VPOS="1068" WIDTH="91" HEIGHT="28" WC="0.95" CONTENT="utgifter"/><SP WIDTH="22" VPOS="1068" HPOS="163"/>
							<String ID="string_211" HPOS="185" VPOS="1068" WIDTH="48" HEIGHT="22" WC="0.93" CONTENT="icke"/><SP WIDTH="20" VPOS="1068" HPOS="233"/>
							<String ID="string_212" HPOS="253" VPOS="1068" WIDTH="143" HEIGHT="22" WC="0.90" CONTENT="härförinnan"/><SP WIDTH="21" VPOS="1068" HPOS="396"/>
							<String ID="string_213" HPOS="417" VPOS="1068" WIDTH="56" HEIGHT="22" WC="0.96" CONTENT="varit"/><SP WIDTH="18" VPOS="1068" HPOS="473"/>
							<String ID="string_214" HPOS="491" VPOS="1068" WIDTH="107" HEIGHT="29" WC="0.96" CONTENT="skyldiga,"/><SP WIDTH="16" VPOS="1068" HPOS="598"/>
							<String ID="string_215" HPOS="614" VPOS="1068" WIDTH="43" HEIGHT="21" WC="0.96" CONTENT="kan"/><SP WIDTH="16" VPOS="1068" HPOS="657"/>
							<String ID="string_216" HPOS="673" VPOS="1068" WIDTH="37" HEIGHT="21" WC="0.96" CONTENT="det"/><SP WIDTH="15" VPOS="1068" HPOS="710"/>
							<String ID="string_217" HPOS="725" VPOS="1068" WIDTH="51" HEIGHT="21" WC="0.91" CONTENT="med"/><SP WIDTH="14" VPOS="1068" HPOS="776"/>
							<String ID="string_218" HPOS="790" VPOS="1069" WIDTH="33" HEIGHT="20" WC="0.91" CONTENT="sä-"/>
						</TextLine>
						<TextLine ID="line_27" HPOS="72" VPOS="1102" WIDTH="751" HEIGHT="29">
							<String ID="string_219" HPOS="72" VPOS="1103" WIDTH="78" HEIGHT="22" WC="0.92" CONTENT="kerhet"/><SP WIDTH="15" VPOS="1103" HPOS="150"/>
							<String ID="string_220" HPOS="165" VPOS="1103" WIDTH="134" HEIGHT="28" WC="0.95" CONTENT="förutsättas,"/><SP WIDTH="16" VPOS="1103" HPOS="299"/>
							<String ID="string_221" HPOS="315" VPOS="1105" WIDTH="31" HEIGHT="19" WC="0.96" CONTENT="att"/><SP WIDTH="15" VPOS="1105" HPOS="346"/>
							<String ID="string_222" HPOS="361" VPOS="1103" WIDTH="72" HEIGHT="21" WC="0.96" CONTENT="denna"/><SP WIDTH="10" VPOS="1103" HPOS="433"/>
							<String ID="string_223" HPOS="443" VPOS="1103" WIDTH="24" HEIGHT="21" WC="0.96" CONTENT="af"/><SP WIDTH="11" VPOS="1103" HPOS="467"/>
							<String ID="string_224" HPOS="478" VPOS="1102" WIDTH="152" HEIGHT="29" WC="0.96" CONTENT="ridderskapet"/><SP WIDTH="10" VPOS="1102" HPOS="630"/>
							<String ID="string_225" HPOS="640" VPOS="1102" WIDTH="40" HEIGHT="22" WC="0.96" CONTENT="och"/><SP WIDTH="11" VPOS="1102" HPOS="680"/>
							<String ID="string_226" HPOS="691" VPOS="1102" WIDTH="64" HEIGHT="21" WC="0.91" CONTENT="adeln"/><SP WIDTH="11" VPOS="1102" HPOS="755"/>
							<String ID="string_227" HPOS="766" VPOS="1102" WIDTH="57" HEIGHT="21" WC="0.91" CONTENT="före-"/>
						</TextLine>
						<TextLine ID="line_28" HPOS="72" VPOS="1137" WIDTH="752" HEIGHT="29">
							<String ID="string_228" HPOS="72" VPOS="1138" WIDTH="77" HEIGHT="28" WC="0.95" CONTENT="slagna"/><SP WIDTH="22" VPOS="1138" HPOS="149"/>
							<String ID="string_229" HPOS="171" VPOS="1138" WIDTH="93" HEIGHT="28" WC="0.96" CONTENT="ändring"/><SP WIDTH="22" VPOS="1138" HPOS="264"/>
							<String ID="string_230" HPOS="286" VPOS="1138" WIDTH="87" HEIGHT="21" WC="0.96" CONTENT="komme"/><SP WIDTH="23" VPOS="1138" HPOS="373"/>
							<String ID="string_231" HPOS="396" VPOS="1139" WIDTH="33" HEIGHT="19" WC="0.96" CONTENT="att"/><SP WIDTH="21" VPOS="1139" HPOS="429"/>
							<String ID="string_232" HPOS="450" VPOS="1138" WIDTH="69" HEIGHT="21" WC="0.96" CONTENT="väcka"/><SP WIDTH="19" VPOS="1138" HPOS="519"/>
							<String ID="string_233" HPOS="538" VPOS="1144" WIDTH="27" HEIGHT="14" WC="0.96" CONTENT="en"/><SP WIDTH="18" VPOS="1144" HPOS="565"/>
							<String ID="string_234" HPOS="583" VPOS="1137" WIDTH="81" HEIGHT="21" WC="0.93" CONTENT="allmän"/><SP WIDTH="19" VPOS="1137" HPOS="664"/>
							<String ID="string_235" HPOS="683" VPOS="1137" WIDTH="141" HEIGHT="21" WC="0.92" CONTENT="obelåtenhet"/>
						</TextLine>
						<TextLine ID="line_29" HPOS="72" VPOS="1171" WIDTH="751" HEIGHT="29">
							<String ID="string_236" HPOS="72" VPOS="1172" WIDTH="65" HEIGHT="28" WC="0.96" CONTENT="kring"/><SP WIDTH="14" VPOS="1172" HPOS="137"/>
							<String ID="string_237" HPOS="151" VPOS="1172" WIDTH="82" HEIGHT="22" WC="0.95" CONTENT="landet."/><SP WIDTH="29" VPOS="1172" HPOS="233"/>
							<String ID="string_238" HPOS="262" VPOS="1172" WIDTH="76" HEIGHT="22" WC="0.95" CONTENT="Under"/><SP WIDTH="19" VPOS="1172" HPOS="338"/>
							<String ID="string_239" HPOS="357" VPOS="1172" WIDTH="38" HEIGHT="21" WC="0.93" CONTENT="det"/><SP WIDTH="17" VPOS="1172" HPOS="395"/>
							<String ID="string_240" HPOS="412" VPOS="1172" WIDTH="161" HEIGHT="28" WC="0.91" CONTENT="prestaståndet"/><SP WIDTH="13" VPOS="1172" HPOS="573"/>
							<String ID="string_241" HPOS="586" VPOS="1171" WIDTH="86" HEIGHT="21" WC="0.92" CONTENT="derföre"/><SP WIDTH="15" VPOS="1171" HPOS="672"/>
							<String ID="string_242" HPOS="687" VPOS="1172" WIDTH="35" HEIGHT="20" WC="0.96" CONTENT="för"/><SP WIDTH="15" VPOS="1172" HPOS="722"/>
							<String ID="string_243" HPOS="737" VPOS="1172" WIDTH="35" HEIGHT="20" WC="0.96" CONTENT="sin"/><SP WIDTH="15" VPOS="1172" HPOS="772"/>
							<String ID="string_244" HPOS="787" VPOS="1171" WIDTH="36" HEIGHT="21" WC="0.96" CONTENT="del"/>
						</TextLine>
						<TextLine ID="line_30" HPOS="73" VPOS="1206" WIDTH="750" HEIGHT="29">
							<String ID="string_245" HPOS="73" VPOS="1208" WIDTH="20" HEIGHT="26" WC="0.96" CONTENT="ej"/><SP WIDTH="23" VPOS="1208" HPOS="93"/>
							<String ID="string_246" HPOS="116" VPOS="1206" WIDTH="43" HEIGHT="22" WC="0.96" CONTENT="kan"/><SP WIDTH="22" VPOS="1206" HPOS="159"/>
							<String ID="string_247" HPOS="181" VPOS="1206" WIDTH="118" HEIGHT="29" WC="0.96" CONTENT="godkänna"/><SP WIDTH="17" VPOS="1206" HPOS="299"/>
							<String ID="string_248" HPOS="316" VPOS="1206" WIDTH="166" HEIGHT="28" WC="0.96" CONTENT="ifrågavarande"/><SP WIDTH="19" VPOS="1206" HPOS="482"/>
							<String ID="string_249" HPOS="501" VPOS="1206" WIDTH="99" HEIGHT="28" WC="0.96" CONTENT="ändring,"/><SP WIDTH="17" VPOS="1206" HPOS="600"/>
							<String ID="string_250" HPOS="617" VPOS="1212" WIDTH="45" HEIGHT="15" WC="0.96" CONTENT="som"/><SP WIDTH="16" VPOS="1212" HPOS="662"/>
							<String ID="string_251" HPOS="678" VPOS="1206" WIDTH="29" HEIGHT="28" WC="0.96" CONTENT="på"/><SP WIDTH="15" VPOS="1206" HPOS="707"/>
							<String ID="string_252" HPOS="722" VPOS="1212" WIDTH="27" HEIGHT="15" WC="0.96" CONTENT="en"/><SP WIDTH="16" VPOS="1212" HPOS="749"/>
							<String ID="string_253" HPOS="765" VPOS="1206" WIDTH="58" HEIGHT="28" WC="0.96" CONTENT="gång"/>
						</TextLine>
						<TextLine ID="line_31" HPOS="72" VPOS="1240" WIDTH="750" HEIGHT="22">
							<String ID="string_254" HPOS="72" VPOS="1241" WIDTH="55" HEIGHT="21" WC="0.95" CONTENT="både"/><SP WIDTH="22" VPOS="1241" HPOS="127"/>
							<String ID="string_255" HPOS="149" VPOS="1241" WIDTH="79" HEIGHT="21" WC="0.96" CONTENT="strider"/><SP WIDTH="23" VPOS="1241" HPOS="228"/>
							<String ID="string_256" HPOS="251" VPOS="1242" WIDTH="59" HEIGHT="20" WC="0.96" CONTENT="emot"/><SP WIDTH="20" VPOS="1242" HPOS="310"/>
							<String ID="string_257" HPOS="330" VPOS="1241" WIDTH="41" HEIGHT="21" WC="0.95" CONTENT="den"/><SP WIDTH="18" VPOS="1241" HPOS="371"/>
							<String ID="string_258" HPOS="389" VPOS="1241" WIDTH="118" HEIGHT="21" WC="0.93" CONTENT="historiska"/><SP WIDTH="19" VPOS="1241" HPOS="507"/>
							<String ID="string_259" HPOS="526" VPOS="1240" WIDTH="81" HEIGHT="22" WC="0.91" CONTENT="häfden"/><SP WIDTH="16" VPOS="1240" HPOS="607"/>
							<String ID="string_260" HPOS="623" VPOS="1241" WIDTH="40" HEIGHT="20" WC="0.96" CONTENT="och"/><SP WIDTH="14" VPOS="1241" HPOS="663"/>
							<String ID="string_261" HPOS="677" VPOS="1240" WIDTH="71" HEIGHT="21" WC="0.93" CONTENT="skulle"/><SP WIDTH="15" VPOS="1240" HPOS="748"/>
							<String ID="string_262" HPOS="763" VPOS="1240" WIDTH="59" HEIGHT="21" WC="0.92" CONTENT="med-"/>
						</TextLine>
						<TextLine ID="line_32" HPOS="72" VPOS="1274" WIDTH="750" HEIGHT="28">
							<String ID="string_263" HPOS="72" VPOS="1275" WIDTH="47" HEIGHT="21" WC="0.95" CONTENT="föra"/><SP WIDTH="20" VPOS="1275" HPOS="119"/>
							<String ID="string_264" HPOS="139" VPOS="1282" WIDTH="27" HEIGHT="14" WC="0.95" CONTENT="en"/><SP WIDTH="22" VPOS="1282" HPOS="166"/>
							<String ID="string_265" HPOS="188" VPOS="1276" WIDTH="53" HEIGHT="20" WC="0.93" CONTENT="total"/><SP WIDTH="20" VPOS="1276" HPOS="241"/>
							<String ID="string_266" HPOS="261" VPOS="1275" WIDTH="111" HEIGHT="27" WC="0.90" CONTENT="rubbning"/><SP WIDTH="15" VPOS="1275" HPOS="372"/>
							<String ID="string_267" HPOS="387" VPOS="1275" WIDTH="24" HEIGHT="21" WC="0.96" CONTENT="af"/><SP WIDTH="14" VPOS="1275" HPOS="411"/>
							<String ID="string_268" HPOS="425" VPOS="1275" WIDTH="116" HEIGHT="21" WC="0.96" CONTENT="bestående"/><SP WIDTH="17" VPOS="1275" HPOS="541"/>
							<String ID="string_269" HPOS="558" VPOS="1274" WIDTH="158" HEIGHT="27" WC="0.93" CONTENT="förhållanden,"/><SP WIDTH="16" VPOS="1274" HPOS="716"/>
							<String ID="string_270" HPOS="732" VPOS="1274" WIDTH="90" HEIGHT="20" WC="0.92" CONTENT="instäm-"/>
						</TextLine>
						<TextLine ID="line_33" HPOS="73" VPOS="1308" WIDTH="750" HEIGHT="30">
							<String ID="string_271" HPOS="73" VPOS="1316" WIDTH="46" HEIGHT="14" WC="0.96" CONTENT="mer"/><SP WIDTH="20" VPOS="1316" HPOS="119"/>
							<String ID="string_272" HPOS="139" VPOS="1310" WIDTH="87" HEIGHT="20" WC="0.96" CONTENT="ståndet"/><SP WIDTH="21" VPOS="1310" HPOS="226"/>
							<String ID="string_273" HPOS="247" VPOS="1310" WIDTH="23" HEIGHT="20" WC="0.96" CONTENT="så"/><SP WIDTH="20" VPOS="1310" HPOS="270"/>
							<String ID="string_274" HPOS="290" VPOS="1309" WIDTH="87" HEIGHT="29" WC="0.96" CONTENT="mycket"/><SP WIDTH="15" VPOS="1309" HPOS="377"/>
							<String ID="string_275" HPOS="392" VPOS="1309" WIDTH="69" HEIGHT="21" WC="0.95" CONTENT="hellre"/><SP WIDTH="16" VPOS="1309" HPOS="461"/>
							<String ID="string_276" HPOS="477" VPOS="1310" WIDTH="8" HEIGHT="20" WC="0.96" CONTENT="i"/><SP WIDTH="13" VPOS="1310" HPOS="485"/>
							<String ID="string_277" HPOS="498" VPOS="1308" WIDTH="58" HEIGHT="22" WC="0.96" CONTENT="hvad"/><SP WIDTH="15" VPOS="1308" HPOS="556"/>
							<String ID="string_278" HPOS="571" VPOS="1308" WIDTH="42" HEIGHT="21" WC="0.96" CONTENT="den"/><SP WIDTH="16" VPOS="1308" HPOS="613"/>
							<String ID="string_279" HPOS="629" VPOS="1308" WIDTH="79" HEIGHT="28" WC="0.93" CONTENT="nådiga"/><SP WIDTH="16" VPOS="1308" HPOS="708"/>
							<String ID="string_280" HPOS="724" VPOS="1308" WIDTH="99" HEIGHT="28" WC="0.92" CONTENT="proposi-"/>
						</TextLine>
						<TextLine ID="line_34" HPOS="73" VPOS="1340" WIDTH="749" HEIGHT="30">
							<String ID="string_281" HPOS="73" VPOS="1344" WIDTH="73" HEIGHT="20" WC="0.96" CONTENT="tionen"/><SP WIDTH="17" VPOS="1344" HPOS="146"/>
							<String ID="string_282" HPOS="163" VPOS="1344" WIDTH="6" HEIGHT="20" WC="0.96" CONTENT="i"/><SP WIDTH="17" VPOS="1344" HPOS="169"/>
							<String ID="string_283" HPOS="186" VPOS="1350" WIDTH="64" HEIGHT="14" WC="0.96" CONTENT="mom."/><SP WIDTH="17" VPOS="1350" HPOS="250"/>
							<String ID="string_284" HPOS="267" VPOS="1344" WIDTH="12" HEIGHT="20" WC="0.96" CONTENT="5"/><SP WIDTH="16" VPOS="1344" HPOS="279"/>
							<String ID="string_285" HPOS="295" VPOS="1343" WIDTH="98" HEIGHT="21" WC="0.96" CONTENT="förordar"/><SP WIDTH="21" VPOS="1343" HPOS="393"/>
							<String ID="string_286" HPOS="414" VPOS="1343" WIDTH="111" HEIGHT="27" WC="0.96" CONTENT="angående"/><SP WIDTH="21" VPOS="1343" HPOS="525"/>
							<String ID="string_287" HPOS="546" VPOS="1343" WIDTH="76" HEIGHT="27" WC="0.96" CONTENT="utbyte"/><SP WIDTH="16" VPOS="1343" HPOS="622"/>
							<String ID="string_288" HPOS="638" VPOS="1342" WIDTH="24" HEIGHT="20" WC="0.93" CONTENT="af"/><SP WIDTH="12" VPOS="1342" HPOS="662"/>
							<String ID="string_289" HPOS="674" VPOS="1340" WIDTH="148" HEIGHT="30" WC="0.92" CONTENT="påskpennin-"/>
						</TextLine>
						<TextLine ID="line_35" HPOS="71" VPOS="1375" WIDTH="751" HEIGHT="29">
							<String ID="string_290" HPOS="71" VPOS="1384" WIDTH="46" HEIGHT="20" WC="0.96" CONTENT="gar,"/><SP WIDTH="18" VPOS="1384" HPOS="117"/>
							<String ID="string_291" HPOS="135" VPOS="1378" WIDTH="50" HEIGHT="26" WC="0.96" CONTENT="jura"/><SP WIDTH="16" VPOS="1378" HPOS="185"/>
							<String ID="string_292" HPOS="201" VPOS="1377" WIDTH="68" HEIGHT="27" WC="0.90" CONTENT="stole,"/><SP WIDTH="22" VPOS="1377" HPOS="269"/>
							<String ID="string_293" HPOS="291" VPOS="1376" WIDTH="136" HEIGHT="28" WC="0.96" CONTENT="dagsverken"/><SP WIDTH="19" VPOS="1376" HPOS="427"/>
							<String ID="string_294" HPOS="446" VPOS="1376" WIDTH="48" HEIGHT="21" WC="0.96" CONTENT="med"/><SP WIDTH="16" VPOS="1376" HPOS="494"/>
							<String ID="string_295" HPOS="510" VPOS="1376" WIDTH="52" HEIGHT="21" WC="0.96" CONTENT="flere"/><SP WIDTH="16" VPOS="1376" HPOS="562"/>
							<String ID="string_296" HPOS="578" VPOS="1376" WIDTH="68" HEIGHT="20" WC="0.96" CONTENT="andra"/><SP WIDTH="15" VPOS="1376" HPOS="646"/>
							<String ID="string_297" HPOS="661" VPOS="1377" WIDTH="82" HEIGHT="19" WC="0.93" CONTENT="smärre"/><SP WIDTH="16" VPOS="1377" HPOS="743"/>
							<String ID="string_298" HPOS="759" VPOS="1375" WIDTH="63" HEIGHT="27" WC="0.91" CONTENT="afgif-"/>
						</TextLine>
						<TextLine ID="line_36" HPOS="72" VPOS="1409" WIDTH="750" HEIGHT="30">
							<String ID="string_299" HPOS="72" VPOS="1414" WIDTH="39" HEIGHT="24" WC="0.96" CONTENT="ter,"/><SP WIDTH="16" VPOS="1414" HPOS="111"/>
							<String ID="string_300" HPOS="127" VPOS="1413" WIDTH="59" HEIGHT="20" WC="0.96" CONTENT="emot"/><SP WIDTH="15" VPOS="1413" HPOS="186"/>
							<String ID="string_301" HPOS="201" VPOS="1412" WIDTH="64" HEIGHT="27" WC="0.96" CONTENT="vissa,"/><SP WIDTH="20" VPOS="1412" HPOS="265"/>
							<String ID="string_302" HPOS="285" VPOS="1411" WIDTH="56" HEIGHT="22" WC="0.96" CONTENT="efter"/><SP WIDTH="19" VPOS="1411" HPOS="341"/>
							<String ID="string_303" HPOS="360" VPOS="1418" WIDTH="83" HEIGHT="15" WC="0.95" CONTENT="samma"/><SP WIDTH="14" VPOS="1418" HPOS="443"/>
							<String ID="string_304" HPOS="457" VPOS="1410" WIDTH="95" HEIGHT="29" WC="0.96" CONTENT="grunder"/><SP WIDTH="17" VPOS="1410" HPOS="552"/>
							<String ID="string_305" HPOS="569" VPOS="1417" WIDTH="45" HEIGHT="15" WC="0.90" CONTENT="som"/><SP WIDTH="16" VPOS="1417" HPOS="614"/>
							<String ID="string_306" HPOS="630" VPOS="1409" WIDTH="192" HEIGHT="23" WC="0.90" CONTENT="tiondeersättnin-"/>
						</TextLine>
						<TextLine ID="line_37" HPOS="141" VPOS="1450" WIDTH="614" HEIGHT="24">
							<String ID="string_307" HPOS="141" VPOS="1452" WIDTH="50" HEIGHT="22" WC="0.89" CONTENT="Högl."/><SP WIDTH="16" VPOS="1452" HPOS="191"/>
							<String ID="string_308" HPOS="207" VPOS="1453" WIDTH="50" HEIGHT="17" WC="0.91" CONTENT="Ridd."/><SP WIDTH="14" VPOS="1453" HPOS="257"/>
							<String ID="string_309" HPOS="271" VPOS="1453" WIDTH="29" HEIGHT="18" WC="0.93" CONTENT="och"/><SP WIDTH="13" VPOS="1453" HPOS="300"/>
							<String ID="string_310" HPOS="313" VPOS="1452" WIDTH="63" HEIGHT="18" WC="0.92" CONTENT="Adelns"/><SP WIDTH="12" VPOS="1452" HPOS="376"/>
							<String ID="string_311" HPOS="388" VPOS="1452" WIDTH="67" HEIGHT="17" WC="0.87" CONTENT="Protok."/><SP WIDTH="270" VPOS="1452" HPOS="455"/>
							<String ID="string_312" HPOS="725" VPOS="1450" WIDTH="30" HEIGHT="18" WC="0.89" CONTENT="52*"/>
						</TextLine>
					</TextBlock>
				</ComposedBlock>
			</PrintSpace>
		</Page>
	</Layout>
</alto>
