978 1714
185 145 40 20 748

154 210 54 20 ende
229 210 120 27 riksdagar,
370 216 48 14 men
433 210 39 26 jag
491 210 38 20 vill
545 210 47 20 litet
607 210 128 28 utförligare
751 212 26 18 än
793 210 56 21 hvad
864 211 40 20 här

154 244 69 27 gjorts
239 244 58 20 fästa
312 244 103 21 afseende
429 244 13 20 å
455 244 42 20 den
513 244 62 27 åsigt,
592 251 46 13 som
654 244 26 20 de
696 244 56 21 facto
769 245 35 20 vid
821 246 82 20 1863—

155 279 27 20 64
197 278 35 21 års
252 278 89 28 riksdag
356 278 6 21 i
377 278 93 21 Finland
486 278 6 21 i
508 278 130 21 hithörande
656 280 65 20 ämne
736 279 58 28 gjort
809 279 33 28 sig
858 280 46 27 gäl-

154 312 70 22 lande.
253 313 45 21 Det
314 314 23 20 är
352 312 48 22 icke
416 320 43 20 nog
480 313 48 21 med
545 314 31 20 att
591 312 118 22 ständerna
723 314 123 21 remitterat
861 314 43 21 frå-

154 354 42 21 gan
219 347 33 21 till
273 347 37 21 det
331 347 24 21 af
371 347 49 21 dem
443 348 91 20 tillsatta
555 347 111 21 ekonomi-
683 348 40 21 och
738 348 165 28 bevillningsut-

154 382 89 26 skottet,
259 382 26 21 de
301 382 64 21 hafva
381 382 132 28 disponerat,
529 382 132 21 åtminstone
677 382 26 22 de
719 382 70 28 stånd,
805 390 45 14 som
866 383 37 21 be-

154 416 88 22 handlat
257 416 84 28 frågan,
357 416 26 21 de
399 416 79 28 medel,
494 424 45 14 som
556 416 26 22 de
597 418 72 20 ansett
684 417 76 28 inflyta
776 417 46 21 från
840 418 63 20 brän-

153 450 135 21 vinsskatten
303 451 29 27 på
345 458 84 14 samma
448 452 43 20 sätt
506 458 45 14 som
568 451 26 21 de
610 451 126 28 disponerat
751 452 61 21 öfver
827 452 76 21 bevill-

152 485 89 27 ningen,
257 485 39 21 och
312 484 151 29 ridderskapet
478 486 39 21 och
533 486 62 21 adeln
612 486 40 27 gör
667 486 47 21 häri
728 486 48 21 icke
787 486 67 28 något
864 493 38 14 un-

152 520 86 27 dantag.
268 519 44 28 Jag
327 519 42 21 kan
385 519 28 21 då
428 520 34 20 för
478 520 44 21 min
539 520 34 21 del
588 520 48 20 icke
652 520 59 21 finna
726 520 28 28 på
768 520 74 22 hvilka
857 528 45 14 mo-

151 554 63 26 tiver,
235 553 74 22 hvilka
327 554 96 28 grunder
442 554 150 28 ridderskapet
608 554 38 21 och
663 554 64 22 adeln
744 554 70 22 skulle
830 555 72 29 stödja

152 589 38 21 sitt
205 588 72 22 beslut
291 590 32 19 att
338 596 29 14 nu
382 589 7 21 i
406 589 52 21 elfte
474 589 90 21 timmen
581 589 96 21 förklara
695 589 72 22 denna
782 590 58 20 skatt
850 597 52 14 vara

151 624 67 27 något
240 624 67 20 annat
327 624 27 20 än
369 623 127 29 bevillning,
512 624 88 21 hvilken
616 624 128 28 förklaring,
760 624 28 28 på
802 626 44 19 sätt
861 624 39 22 här

152 658 110 21 dessutom
285 658 66 21 redan
374 658 72 21 blifvit
468 658 93 27 anfördt,
584 658 46 21 ifall
654 659 54 21 tutal
731 658 74 22 derom
824 666 76 22 yppas,

152 693 49 21 icke
215 692 37 21 vid
267 692 71 22 denna
356 692 104 29 landtdag
475 694 43 20 kan
534 693 87 21 komma
636 693 77 28 ifråga,
727 695 24 26 ty
765 694 70 27 någon
851 701 50 21 pro-

150 727 95 28 position
261 726 33 21 till
310 727 241 29 grundlagsförklaring
565 727 6 21 i
588 727 60 21 detta
663 727 104 22 afseende
782 728 118 28 föreligger

151 761 48 21 icke
215 761 123 22 ständerna.
367 761 44 21 För
427 762 44 21 min
488 762 33 21 del
537 762 69 21 måste
618 762 40 28 jag
673 762 84 22 således
772 762 6 21 i
794 763 42 21 allo
852 763 49 21 dela

151 796 26 21 de
192 796 86 21 herrars
297 796 88 28 åsigter,
405 803 45 14 som
467 804 52 14 anse
536 796 7 22 i
559 796 63 28 lagen
638 796 80 29 tydligt
733 804 51 14 vara
800 797 100 29 stadgadt

150 832 31 20 att
201 830 151 22 skattebördor
372 831 49 21 icke
441 831 73 22 kunna
532 832 89 28 åläggas
636 832 41 20 och
693 832 113 22 förändras
822 839 78 15 annor-

151 865 72 27 lunda,
239 867 27 19 än
282 872 79 22 genom
377 866 48 28 fyra
441 866 73 22 stånds
531 866 162 28 samstämmiga
707 867 79 21 beslut.

216 900 103 22 Friherre
343 900 142 28 Carpelan:
507 901 111 21 Herrarne
641 901 130 29 Furuhjelm
792 902 41 21 och
856 910 41 14 von

150 936 66 26 Born,
237 935 20 21 J.
277 934 34 28 A.,
327 942 64 21 synas
413 936 44 28 mig
477 936 64 21 hafva
559 936 78 21 brustit
653 936 6 21 i
675 936 115 28 bevisning
804 937 25 21 af
842 937 56 22 hvad

149 970 26 21 de
192 970 69 21 skulle
277 970 81 27 bevisa,
376 970 110 28 nemligen
503 970 55 22 hvad
574 970 121 28 bevillning
711 972 30 20 är.
770 972 44 20 Det
828 972 70 22 skulle

148 1012 52 13 vara
222 1004 45 28 mig
287 1004 56 28 kärt,
363 1012 34 13 om
419 1005 26 21 de
464 1005 65 21 värde
549 1005 104 21 herrarne
672 1005 73 21 kunde
760 1006 90 21 hänvisa
865 1007 33 21 till

148 1040 32 20 ett
195 1039 70 26 ställe,
281 1039 38 21 der
332 1039 39 28 jag
387 1039 58 28 finge
461 1046 22 14 se
499 1041 32 20 ett
546 1040 77 27 lagligt
638 1040 119 28 stadgande
774 1040 80 28 derom,
866 1043 32 19 att

147 1073 50 21 med
217 1073 120 28 bevillning
356 1073 49 21 icke
425 1074 79 21 förstås
523 1075 72 25 annat,
611 1075 27 20 än
653 1075 102 27 porsonel
771 1074 126 29 bevillning.

146 1108 114 21 Alltsedan
281 1108 52 20 1611
355 1108 39 20 har
414 1108 6 20 i
435 1108 314 28 bevillningsförordningarne
769 1109 71 28 ingått
854 1110 44 22 alla

146 1142 88 26 acciser,
250 1142 71 20 såsom
343 1142 242 27 konsumtionsskatter,
604 1142 42 21 alla
662 1143 78 27 gärder
755 1145 47 25 etc.;
819 1144 24 20 sä
857 1144 40 21 har

147 1176 58 21 skett
220 1175 56 21 ända
291 1176 33 20 till
340 1176 23 20 är
381 1177 60 21 1772.
467 1177 39 21 Att
516 1177 93 28 afgiften
620 1177 34 20 för
664 1177 232 30 bränvinsbrännings-

146 1210 133 28 rättigheten
302 1210 124 22 sedermera
447 1211 48 22 icke
518 1211 84 21 kunnat
622 1211 51 28 ingå
693 1211 7 21 i
719 1211 176 30 bevillningsför-

146 1245 153 26 ordningarne,
321 1245 68 20 borde
413 1253 50 13 vara
486 1246 64 25 klart,
567 1247 51 19 enär
635 1246 80 20 Gustaf
728 1246 34 21 III
777 1247 119 21 tillvällade

146 1278 33 27 sig
194 1277 72 22 denna
283 1278 106 27 rättighet
407 1279 71 20 säsom
498 1281 31 18 ett
544 1279 83 27 regale;
643 1279 64 21 äfven
723 1279 69 22 finner
804 1281 40 26 jag
859 1281 37 20 det

145 1319 52 14 vara
217 1311 84 28 ganska
321 1311 79 28 tydligt
420 1313 33 20 att
466 1313 67 27 något
548 1312 119 28 stadgande
683 1319 34 14 om
734 1313 162 22 bränvinsskat-

145 1348 37 19 ten
198 1345 48 22 icke
266 1345 90 28 intagits
372 1346 6 21 i
395 1347 54 20 1786
470 1347 35 21 års
520 1346 181 29 riksdagsbeslut;
718 1349 23 26 ty
757 1355 26 14 en
800 1348 95 22 beskatt-

145 1381 52 28 ning
217 1379 73 23 kunde
311 1380 28 21 dä
360 1388 60 14 mera
440 1381 20 28 ej
477 1382 52 27 utgä
544 1381 7 21 i
566 1388 72 14 annan
657 1382 55 21 form
729 1383 27 20 än
772 1383 70 21 säsom
859 1384 35 21 be-

144 1415 98 28 villning;
265 1415 104 21 hvarmed
392 1415 79 22 förstäs
494 1416 47 21 icke
564 1417 67 20 annat
653 1418 28 19 än
701 1417 57 21 hvad
778 1418 117 22 ständerna

144 1450 85 28 bevilja.
260 1450 43 28 Jag
318 1450 40 28 får,
374 1450 71 23 såsom
461 1451 26 21 de
502 1450 65 23 värde
583 1451 104 22 herrarne
703 1453 74 28 yttrat,
792 1453 50 22 med
857 1461 37 15 an-
