970 1709
198 147 41 21 588

169 212 188 22 tillfredsställelse
380 212 33 21 för
435 212 75 28 hvarje
530 212 56 22 finsk
607 213 142 28 medborgare
768 214 31 20 att
819 213 21 21 få
858 213 7 21 i
882 213 33 21 sin

167 252 58 20 mon,
241 253 34 14 om
291 246 40 22 ock
346 246 49 22 med
410 254 27 14 en
452 248 64 27 ringa
530 247 65 27 skärf,
605 247 90 27 bidraga
706 247 33 21 till
750 248 36 21 det
796 247 57 28 höga
863 248 51 26 mål,

167 280 88 23 hvartill
276 282 21 21 vi
318 281 42 22 alla
380 282 86 27 sträfva,
488 283 30 20 ett
536 281 85 22 älskadt
635 282 130 21 fosterlands
780 282 135 21 framåtskri-

168 313 69 24 dande
248 316 7 21 i
266 317 108 20 materielt
390 317 39 20 och
444 316 148 21 intellektuelt
607 316 130 27 hänseende,
755 317 70 20 denna
836 316 79 28 grund-

167 350 35 21 val
222 351 34 21 för
275 351 51 21 hela
345 351 104 20 Finlands
465 351 144 28 sjelfbestånd
624 351 40 21 och
679 351 63 28 lycka
757 351 7 20 i
780 358 26 13 en
822 351 93 21 framtid.

235 385 58 21 Herr
308 391 42 15 von
365 385 151 28 Haartman,
532 385 36 21 V.:
585 385 44 28 Jag
643 385 96 21 biträder
754 385 104 21 likaledes
874 385 42 21 den

167 420 24 21 af
209 420 50 21 herr
281 426 43 15 von
339 419 66 26 Born,
426 419 20 21 J.
467 421 34 26 A.,
517 419 96 22 uttalade
628 419 62 28 äsigt,
706 419 23 21 sä
745 419 87 28 mycket
847 419 69 22 hellre

167 461 46 15 som
227 455 39 27 jag
281 460 64 15 anser
360 461 27 14 en
403 453 66 22 sådan
490 453 63 29 afgift
567 460 52 15 vara
634 461 25 14 ur
674 454 115 28 principiel
805 453 111 28 synpunkt

166 489 68 27 riktig
256 489 40 20 och
311 488 48 21 icke
374 487 68 22 heller
461 489 7 20 i
483 489 71 28 någon
571 495 51 14 mon
642 488 145 28 betungande.
818 488 41 21 Om
879 488 36 21 det

167 523 64 21 också
255 529 51 14 vore
328 524 31 19 att
379 523 89 27 förutse,
489 525 32 19 att
536 522 157 21 bondeståndet
713 523 48 21 icke
778 523 69 20 skulle
863 523 52 28 ingå

167 557 72 28 derpå,
256 557 24 21 så
298 558 46 20 tror
362 557 44 28 jag,
427 559 31 19 att
474 557 115 28 ingenting
604 557 89 21 hindrar
708 557 151 27 ridderskapet
875 557 40 21 och

167 591 62 22 adeln
251 593 31 19 att
302 591 74 21 derom
397 591 91 21 besluta.
517 591 44 22 Det
576 593 23 19 är
615 591 105 28 naturligt
735 593 38 25 att,
790 592 6 20 i
812 591 104 22 händelse

166 626 49 21 icke
231 626 42 21 alla
288 625 63 22 stånd
367 625 75 22 förena
458 627 33 27 sig
506 627 82 25 härom,
605 626 91 27 afgiften
712 626 99 21 kommer
827 628 31 19 att
872 626 43 21 för-

166 660 58 21 falla.
255 660 43 27 Jag
312 660 38 21 vill
371 660 55 21 blott
446 660 104 21 anmärka
566 662 59 19 emot
639 661 42 20 den
696 661 24 20 af
733 661 50 20 herr
798 667 42 14 von
856 661 59 21 Born
937 663 3 2 '

165 694 125 28 föreslagna
312 693 67 28 ålder,
402 695 31 20 att
454 695 36 21 det
509 694 83 21 kanske
613 701 50 14 vore
687 695 129 27 lämpligare
832 696 32 19 att
880 695 35 21 be-

166 729 92 22 stämma
273 728 36 22 det
328 728 164 29 ifrågavarande
508 729 63 28 afgift
587 729 39 20 bör
641 729 52 28 utgå
709 729 24 21 af
745 729 44 20 alla
804 729 25 21 de
845 729 71 21 finska

165 765 149 27 medborgare,
331 770 46 15 som
392 763 46 22 före
454 764 77 27 början
547 763 23 21 af
584 763 36 21 det
635 763 30 27 år,
681 763 33 21 för
729 763 84 21 hvilket
828 763 86 21 skatten

166 801 95 27 utgöres,
276 798 50 28 fyllt
343 799 25 20 16
384 798 30 26 år,
430 799 91 20 emedan
537 797 63 22 äfven
612 798 26 20 de
649 797 114 29 personela
773 797 143 29 utskylderna

165 834 88 22 komma
275 835 31 19 att
325 833 8 20 i
351 832 225 22 öfverensstämmelse
599 833 90 20 härmed
711 832 116 21 debiteras.
856 832 58 22 Herr

165 876 42 14 von
229 869 60 20 Born
312 869 38 20 har
368 868 84 28 jemväl
472 870 78 25 ansett,
568 869 38 25 att,
621 868 8 19 i
643 868 104 21 händelse
763 868 54 21 hans
832 868 83 28 förslag

165 903 93 26 bifalles,
274 903 36 21 det
325 909 51 14 vore
392 903 76 26 nödigt
483 904 31 19 att
524 903 8 20 i
542 902 224 28 bevillningsstadgan
781 902 72 21 införa
866 904 49 19 när-

166 945 59 14 mare
241 936 112 22 föreskrift
368 937 112 28 angående
496 937 72 21 denna
583 936 74 28 afgifts
673 936 123 28 debitering
812 936 38 21 och
862 944 54 21 upp-

166 972 59 21 börd.
255 972 43 20 För
319 971 45 21 min
384 971 35 21 del
441 973 44 20 tror
502 971 39 28 jag
562 971 41 20 slik
622 971 111 20 föreskrift
749 970 48 21 icke
813 978 51 13 vara
880 971 36 20 be-

165 1006 74 28 höflig,
256 1008 52 19 enär
320 1005 5 21 i
341 1006 7 27 $
364 1006 27 20 39
406 1005 31 21 uti
453 1005 148 22 betänkandet
615 1007 70 26 säges,
701 1006 31 19 att
749 1006 101 20 senatens
865 1005 50 20 eko-

164 1041 213 27 nomidepartement
399 1047 50 20 eger
472 1039 99 22 meddela
587 1039 26 21 de
628 1040 73 21 vidare
721 1039 137 21 föreskrifter
874 1039 40 21 och

165 1075 146 28 förklaringar
326 1074 8 21 i
349 1074 102 21 afseende
467 1075 12 20 &
494 1073 193 28 verkställigheten
707 1073 24 22 af
748 1073 72 22 denna
839 1073 76 22 bevill-

164 1109 148 28 ningsstadga,
335 1108 74 22 hvilka
431 1109 97 21 befinnas
548 1109 23 20 af
590 1108 214 28 omständigheterna
822 1109 41 20 och
878 1108 36 21 be-

164 1144 75 21 hofvet
254 1143 122 28 påkallade.

232 1178 58 21 Herr
300 1177 201 28 Björkenheim,
514 1177 38 22 R.:
567 1177 12 22 I
589 1179 89 19 motsats
689 1177 33 21 till
733 1177 50 20 herr
794 1183 42 15 von
846 1177 68 27 Born,

165 1213 21 20 J.
208 1213 35 26 A.,
260 1212 40 21 och
320 1212 26 21 de
362 1212 64 21 ärade
450 1212 140 21 medlemmar
613 1212 24 21 af
650 1211 92 27 ståndet,
766 1218 46 14 som
835 1211 80 21 biträdt

165 1247 54 20 hans
235 1246 63 27 åsigt,
314 1252 63 14 anser
394 1247 38 26 jag
447 1247 34 18 för
496 1246 45 20 min
557 1246 34 19 del
607 1246 36 19 det
658 1246 24 20 af
695 1246 79 19 honom
790 1245 126 26 föreslagna

165 1279 129 28 stadgandet
316 1279 50 20 icke
385 1279 106 21 innebära
511 1279 72 27 någon
604 1279 106 28 billighet.
741 1278 42 28 Jag
799 1285 69 20 anser,
882 1280 34 27 att

164 1313 37 22 det
223 1313 70 21 finnes
316 1319 28 14 en
364 1313 43 20 viss
425 1313 197 26 minimi-inkomst,
645 1319 46 14 som
711 1319 50 14 man
777 1313 70 20 måste
862 1319 53 14 anse

164 1348 86 21 absolut
265 1347 125 28 nödvändig
404 1347 34 21 för
454 1349 30 19 att
500 1347 128 22 menniskan
644 1347 56 21 skall
715 1347 74 21 kunna
802 1347 58 21 lefva
876 1347 40 21 och

164 1383 42 22 den
220 1389 63 15 anser
295 1383 41 27 jag
350 1382 48 21 icke
414 1382 80 28 skäligt
505 1384 31 19 att
549 1382 105 22 beskatta.
684 1382 116 21 Dessutom
817 1382 51 21 ville
877 1383 38 27 jag

164 1418 57 22 fästa
243 1417 221 29 uppmärksamheten
488 1417 73 28 derpå,
583 1419 33 19 att
630 1417 7 21 i
653 1419 31 19 ett
703 1416 58 28 land,
780 1416 39 22 der
837 1418 79 20 största

164 1453 63 21 delen
243 1452 24 22 af
280 1452 204 22 statsinkomsterna
500 1452 73 22 består
583 1452 7 21 i
601 1452 108 21 indirekta
725 1452 88 26 skatter,
825 1451 90 22 hufvud-
