986 1711
745 125 42 22 203

65 190 67 21 värda
154 191 137 21 motionären
313 198 65 21 synes
402 191 50 29 följt
474 191 41 22 den
539 192 72 27 gamla
632 192 75 29 regeln
725 193 90 26 ,trägen

64 225 99 27 vinner",
179 225 123 22 innehåller
318 233 26 13 en
360 225 56 28 idée,
436 233 46 14 som
500 226 106 28 förtjenar
622 226 193 29 uppmärksamhet

65 259 40 22 och
128 261 33 19 att
183 259 105 28 förslaget
311 259 91 27 således,
423 260 33 21 för
476 261 31 20 att
522 261 71 27 nyttja
610 267 26 14 en
652 262 57 19 förut
725 261 39 20 här
778 267 35 14 an-

63 293 57 21 vänd
135 293 101 27 liknelse,
257 294 43 20 kan
321 293 111 21 betraktas
448 294 69 20 såsom
534 296 31 19 ett
582 294 53 21 barn
650 294 49 21 med
715 294 100 26 vitalitet,

64 327 85 22 hvilket
162 328 40 21 bör
217 328 22 20 få
254 328 68 26 lefva;
338 335 49 14 men
404 328 36 21 det
455 328 42 21 kan
513 328 7 21 i
536 329 67 20 annat
618 328 111 27 afseende,
739 328 34 22 för
784 329 32 19 att

63 362 96 28 fullfölja
173 362 115 27 liknelsen,
304 362 48 21 icke
368 369 64 15 anses
448 370 52 14 vara
515 370 27 14 en
558 369 79 21 mogen
652 370 58 20 man,
725 363 90 21 hvilken

63 404 30 14 nu
115 397 67 21 redan
205 397 71 21 skulle
292 397 74 21 kunna
385 398 28 27 på
432 404 56 22 egen
506 397 58 21 hand
579 398 63 20 träda
656 400 24 18 ut
694 398 7 20 i
718 398 96 26 verlden,

62 432 34 21 för
116 433 32 19 att
168 432 37 21 der
226 432 97 21 försvara
343 432 33 20 sin
395 432 64 28 plats.
490 431 43 29 Jag
551 432 38 21 vill
604 432 34 21 för
655 432 45 21 min
717 432 34 21 del
767 432 48 21 der-

63 466 46 22 före
132 466 142 28 understödja
297 466 105 28 förslaget
425 466 115 28 såtillvida,
561 468 31 20 att
608 467 151 28 ridderskapet
775 467 40 21 och

63 501 63 21 adeln
145 501 71 21 skulle
235 501 85 21 besluta
339 501 39 21 och
394 501 91 28 inbjuda
500 501 26 22 de
543 501 70 29 öfriga
627 502 91 21 stånden
734 503 32 20 att
781 502 33 20 till

62 536 29 21 H.
106 536 30 22 M.
151 535 27 22 K.
197 536 52 28 ingå
271 536 50 21 med
342 535 138 29 underdånig
499 536 103 22 anhållan
620 543 36 14 om
672 536 142 22 nedsättande

63 570 24 21 af
106 577 28 14 en
158 570 81 21 komité
259 570 24 21 af
302 570 136 28 sakkunnige
460 572 56 25 män,
537 570 74 21 hvilka
634 571 53 28 egde
708 572 32 20 att
759 571 55 21 efter

62 611 80 22 mogen
157 605 104 28 pröfning
277 605 91 20 aflemna
380 605 110 21 utlåtande
502 612 34 14 om
547 605 144 28 möjligheten
703 605 23 21 af
735 605 80 28 grund-

63 639 98 22 skattens
176 639 119 28 aflyftande
311 639 39 22 och
366 639 36 21 det
418 641 49 25 sätt,
483 640 82 27 hvarpå
580 640 7 20 i
603 639 77 22 sådant
694 639 38 22 fall
743 640 72 21 denna

62 674 187 28 genomgripande
273 674 128 28 förändring
424 675 6 20 i
454 675 49 20 hela
522 675 85 21 landets
626 674 189 29 beskattningsvä-

63 709 66 21 sende
149 709 126 28 lämpligast
296 709 71 22 kunde
389 709 145 28 genomföras.
564 709 137 29 Härigenom
717 711 45 20 tror
775 710 40 27 jag

63 745 32 19 att
110 744 43 20 alla
167 743 76 29 billiga
259 744 94 28 anspråk
364 744 66 21 borde
447 751 51 14 vara
513 743 179 28 tillfredsställda,
703 745 48 20 icke
763 744 52 21 alle-

62 780 49 19 nast
130 778 177 27 bondeståndets,
328 781 51 18 utan
402 779 63 21 äfven
482 779 25 21 de
523 779 152 21 medlemmars
690 779 24 21 af
733 778 81 22 ridder-

63 813 78 28 skapet
156 813 40 21 och
211 813 72 26 adeln,
297 813 73 22 hvilka
385 813 39 21 här
440 815 67 26 yttrat
518 814 23 21 så
553 815 44 20 stor
612 813 91 28 farbåga
713 813 33 22 för
761 813 54 21 bon-

63 847 125 21 deståndets
204 848 104 28 missnöje
324 848 107 26 deröfver,
441 850 31 19 att
487 849 26 20 de
530 850 33 19 tre
574 848 71 28 öfriga
655 848 99 27 stånden,
766 848 49 20 med

62 882 50 22 fullt
128 882 144 28 begagnande
295 882 23 21 af
339 883 47 21 sina
410 882 182 22 konstitutionela
608 882 135 29 rättigheter,
760 882 55 28 tagit

63 918 33 27 sig
117 917 42 21 den
182 917 94 21 friheten
300 919 31 19 att
354 917 76 28 aflyfta
450 918 34 21 för
504 918 66 28 evigt,
586 917 70 21 såsom
670 918 39 26 jag
724 917 90 28 hoppas,

63 952 41 20 den
127 952 53 20 kära
202 952 319 28 husbehofsbränvinspannan.
551 952 106 20 Deremot
675 952 43 20 kan
735 952 40 28 jag
793 952 20 26 ej

62 986 117 28 godkänna
198 986 106 28 förslaget
323 986 51 27 deri,
391 988 33 19 att
439 986 157 29 grundskatten
616 986 70 21 skulle
701 992 30 14 nu
746 985 67 21 redan

63 1021 33 20 till
117 1022 69 20 större
207 1022 52 20 eller
279 1021 83 21 mindre
382 1021 34 21 del
437 1023 91 19 ersättas
547 1022 27 20 de
590 1020 224 28 betalningsskyldige

63 1062 78 21 genom
162 1057 32 19 ett
214 1056 105 28 möjligen
334 1056 112 21 blifvande
463 1056 120 21 öfverskott
598 1055 24 21 af
635 1055 179 28 bränningsskat-

63 1092 43 19 ten.
137 1090 43 27 Jag
197 1097 63 14 anser
276 1091 110 27 nemligen
404 1097 26 14 en
447 1091 65 21 sådan
529 1090 77 28 åtgärd
622 1091 20 27 ej
658 1091 93 20 allenast
763 1096 51 14 vara

63 1125 160 27 inkonseqvent
242 1125 7 19 i
264 1124 55 28 följd
337 1125 23 20 af
377 1125 56 21 hvad
450 1133 45 13 som
511 1125 67 21 redan
594 1124 125 28 föreslagits
735 1131 35 13 om
786 1131 27 14 en

63 1158 94 22 komités
178 1158 143 22 nedsättande
336 1159 8 20 i
358 1159 76 28 antydt
450 1160 62 28 syfte,
528 1160 52 20 utan
596 1158 64 22 äfven
676 1159 75 20 kunna
766 1158 48 21 leda

63 1193 33 21 till
119 1193 84 28 ganska
225 1194 79 27 många
326 1194 114 26 praktiska
461 1193 142 28 svårigheter.
634 1192 75 22 Skulle
725 1192 36 21 det
776 1193 38 27 pä-

63 1228 96 21 räknade
182 1228 91 28 möjliga
296 1228 143 21 öfverskottet
461 1228 75 22 kunna
558 1228 127 21 förutsättas
705 1226 67 22 blifva
790 1227 24 21 så

63 1264 61 25 stort,
145 1264 31 19 att
194 1262 158 28 grundskatten
368 1263 46 20 helt
430 1263 74 21 enkelt
518 1262 73 22 kunde
607 1269 25 14 ur
647 1260 166 22 debetsedlarne

62 1297 118 28 utstrykas,
197 1298 23 20 så
236 1304 51 14 vore
303 1297 36 21 det
354 1298 84 27 ganska
453 1298 45 26 lätt,
513 1304 51 14 men
578 1296 100 22 inträffar
688 1296 49 21 icke
748 1296 66 27 detta,

63 1332 40 20 och
119 1332 26 20 då
162 1332 143 20 öfverskottet
320 1332 138 26 naturligtvis
474 1332 41 20 blir
531 1332 37 20 det
579 1338 41 14 ena
635 1331 48 21 året
698 1332 69 19 större
779 1331 36 20 det

63 1365 68 21 andra
149 1365 92 27 mindre,
261 1367 45 19 tror
323 1366 39 27 jag
381 1367 32 19 att
428 1366 42 20 den
486 1366 68 27 årliga
570 1365 244 27 ersättningssummans

63 1399 126 28 fördelning
212 1400 27 27 på
261 1400 43 20 alla
327 1399 126 27 lägenheter
475 1400 7 20 i
505 1400 49 20 hela
576 1399 74 21 landet
668 1398 42 21 blir
731 1398 84 29 ganska

64 1434 55 22 svår.
142 1433 117 22 Dessutom
275 1441 65 15 anser
352 1435 40 27 jag
407 1434 37 21 det
459 1434 126 29 principielt
603 1433 91 28 oriktigt
709 1434 32 21 att
756 1432 58 25 med-
