1000 1714
766 136 42 20 863

155 200 57 22 Herr
228 208 41 14 von
285 201 198 27 Weissenberg:
504 201 44 21 För
567 201 44 21 min
626 200 36 22 del
677 208 65 14 anser
754 202 39 27 jag
809 201 26 21 de

84 236 7 20 i
107 235 41 21 den
171 235 100 28 upplästa
294 235 129 21 skrifvelsen
445 235 130 21 omnämnda
598 235 123 27 kostnader,
743 235 91 21 likasom

84 269 146 21 kostnaderna
245 270 34 20 för
295 270 43 20 alla
352 270 25 20 de
389 269 70 27 öfriga
469 270 110 21 allmänna
590 269 119 28 utskotten,
720 270 53 21 böra
784 270 52 27 utgä

85 304 48 21 frän
149 304 136 21 statsverket.

152 338 102 22 Friherre
271 338 140 29 Carpelan:
433 338 200 22 Besvärsutskottet
650 338 41 22 har
708 338 74 22 derom
798 346 37 14 an-

85 373 54 21 mält
160 373 39 21 hos
223 373 170 26 statsutskottet,
409 380 50 14 men
474 373 150 21 nästbemälde
639 374 84 20 utskott
738 374 39 20 har
793 374 43 20 för-

84 408 71 21 klarat
168 409 32 19 att
210 408 163 21 statsutskottet
383 407 56 22 hade
449 408 114 28 ingenting
575 409 32 20 att
617 408 68 22 skaffa
697 408 48 21 med
756 408 79 27 ifräga-

85 442 95 21 varande
195 443 72 28 utgift.

154 477 58 21 Herr
233 476 166 29 Furuhjelm,
419 477 28 21 H.
467 477 38 21 V.:
526 476 43 29 Jag
584 477 38 21 har
637 478 46 27 mig
697 477 92 27 bekant,
805 478 32 20 att

84 512 37 21 det
140 512 135 21 hedervärda
295 511 158 22 bondeståndet
472 511 92 22 anhållit
584 513 31 20 att
635 512 21 21 få
679 512 38 21 sitt
737 507 99 26 enskilda

86 547 172 21 besvärsutskott
273 547 24 21 af
310 546 110 21 allmänna
436 547 70 20 medel
522 546 122 27 bekostadi,
660 553 49 15 men
724 548 31 19 att
766 546 71 21 denna

86 581 101 22 anhållan
211 581 73 22 blifvit
306 581 108 28 afslagen;
438 582 39 20 och
495 582 39 27 jag
553 583 45 19 tror
617 581 45 28 mig
683 581 74 21 kunna
776 581 63 21 deraf

86 617 62 26 sluta,
164 617 32 20 att
212 623 26 14 en
255 616 60 28 dylik
330 615 226 29 kostnadsersättning
572 615 33 22 för
618 616 110 21 allmänna
738 616 98 21 besvärs-

85 650 108 23 utskottet
208 651 45 20 lika
268 651 48 20 litet
331 656 52 16 vore
399 652 31 19 att
445 650 104 28 päräkna.

154 685 59 21 Herr
227 692 43 14 von
285 685 81 27 Born,
382 685 20 20 J.
418 685 36 20 A.:
477 685 34 21 Då
528 685 206 21 besvärsutskotteis
750 685 85 22 tillvaro

86 721 24 20 är
124 719 46 22 helt
190 719 40 21 och
251 719 68 21 hället
339 726 26 15 en
385 719 54 28 följd
454 719 25 21 af
492 719 103 22 ständens
610 719 99 22 enskilda
723 719 114 28 tillgöran-

87 754 41 21 den
145 754 39 21 och
199 753 60 21 detta
273 753 85 22 utskott
372 753 49 22 icke
436 755 24 19 är
475 753 106 29 behöfligt
595 754 33 21 för
643 754 193 28 handläggningen

87 789 24 20 af
124 788 26 21 de
166 788 79 28 nädiga
260 788 199 28 propositionerna,
480 788 68 28 ansäg
563 788 162 21 statsutskottet
739 788 34 29 sig
788 789 48 20 icke

86 823 73 21 kunna
175 824 96 27 upptaga
286 822 147 22 kostnaderna
449 822 72 21 derför
537 823 6 20 i
559 822 128 28 räkningen.

154 857 103 21 Friherre
280 857 140 28 Carpelan:
443 857 43 28 Jag
508 857 37 22 ber
564 858 31 20 att
611 857 21 21 fä
647 858 90 26 nämna,
753 859 32 20 att
800 857 36 22 vid

86 892 73 28 Borgä
174 891 104 28 landtdag
293 892 43 21 alla
352 891 62 22 dessa
433 891 117 22 kostnader
563 891 91 28 utgingo
670 891 47 22 frän
734 893 101 20 statsver-

85 927 48 27 ket;
149 926 56 21 dock
219 926 38 21 vill
269 927 40 28 jag
324 927 20 27 ej
361 926 86 22 derföre
463 927 68 27 pästä,
547 927 32 20 att
589 925 59 22 detta
659 933 29 14 nu
700 926 66 22 borde
777 927 60 27 tjena

86 961 34 21 till
135 960 152 22 efterrättelse.

155 995 57 21 Herr
232 1002 43 14 von
293 995 81 26 Born,
390 994 20 22 J.
425 995 37 21 A.:
485 995 43 21 Till
544 994 131 22 bemötande
691 995 24 21 af
728 995 56 21 hvad
799 994 38 22 fri-

87 1030 64 21 herre
174 1029 107 29 Carpelan
304 1030 68 27 yttrat
394 1029 38 21 vill
450 1030 39 27 jag
508 1030 54 21 blott
579 1029 115 27 anmärka,
710 1031 42 25 att,
768 1029 69 27 enligt

86 1063 56 21 hvad
160 1064 40 27 jag
219 1066 46 18 tror
280 1064 45 27 mig
340 1064 58 26 veta,
414 1063 43 21 alla
473 1063 117 21 kostnader
606 1065 51 19 utan
674 1064 111 27 undantag
801 1063 36 21 vid

86 1098 73 27 Borgå
175 1098 105 28 landtdag
295 1097 112 22 bestredos
423 1098 24 20 af
460 1098 109 21 allmänna
584 1097 78 22 medel.

155 1132 69 28 Ingen
236 1133 68 21 talare
316 1132 74 21 anhöll
405 1132 74 21 vidare
495 1139 34 15 om
545 1132 69 27 ordet,
630 1134 51 20 utan
698 1132 47 22 blef
757 1140 36 19 nu,
809 1133 28 27 pä

87 1167 49 21 herr
156 1167 211 21 landtmarskalkens
386 1166 74 22 derom
475 1167 78 28 gjorda
568 1167 171 28 framställning,
754 1167 83 21 utskot-

88 1203 42 19 tets
152 1201 166 29 ifrägavarande
340 1201 102 22 anhällan
465 1202 49 20 utaf
531 1201 87 21 ständet
636 1202 96 27 bifallen,
748 1202 88 21 hvarom

86 1236 262 27 riddarhusdirektionen,
370 1236 7 20 i
400 1236 103 21 afseende
523 1236 14 21 &
554 1236 98 21 medlens
672 1236 165 21 utanordnande

89 1270 33 21 till
133 1270 117 22 utskottets
261 1270 144 27 sekreterare,
416 1270 70 21 skulle
497 1276 78 22 genom
587 1270 201 28 protokollsutdrag
799 1277 35 14 un-

87 1304 114 24 derrättas.

157 1373 117 28 Upplästes
290 1374 31 19 ett
336 1373 13 21 &
364 1373 150 20 direktionens
530 1373 33 20 för
578 1372 70 21 finska
663 1372 121 21 militärens
802 1379 35 14 ve-

88 1407 139 22 terankassas
249 1409 82 26 vägnar
353 1406 145 29 uthändigadt
517 1407 60 22 bevis
597 1406 107 27 deröfver,
719 1407 32 20 att
766 1406 27 21 de
810 1407 29 28 pä

89 1442 70 29 grund
181 1442 23 21 af
224 1442 41 21 den
289 1441 49 22 utaf
354 1441 152 28 ridderskapet
521 1441 40 22 och
577 1441 63 22 adeln
657 1441 33 21 för
706 1441 132 28 landtdagen
