1000 1709
778 120 27 22 47

82 184 48 22 skäl
146 184 114 23 sektionen
277 184 79 22 anfört.
386 185 44 29 Jag
440 186 70 21 skulle
522 188 40 25 tro,
578 188 33 19 att
622 186 121 27 sektionen,
752 186 24 21 så
786 186 48 28 tyd-

82 220 41 27 ligt
138 220 77 21 sådant
230 227 69 21 gerna
317 220 43 21 kan
379 221 118 27 uttryckas,
520 221 107 21 förklarat
642 221 33 28 sig
691 220 45 22 afse
752 228 82 14 samma

82 254 50 27 mål,
148 261 46 14 som
210 254 42 21 den
268 254 68 22 andra
352 255 122 27 sektionen,
488 256 109 27 nemligen
610 255 223 21 husbehofsbrännin-

82 296 53 20 gens
151 289 142 21 afskaffande.

149 323 44 21 Det
215 323 160 28 öfvervägande
398 324 94 21 flertalet
512 324 24 21 af
552 324 171 21 medlemmarne
739 324 7 20 i
762 324 72 21 denna

81 357 86 21 sektion
188 358 39 20 har
249 358 117 21 behandlat
384 358 76 29 frågan
480 358 7 21 i
506 358 41 21 den
566 358 99 28 riktning
681 358 40 21 och
736 358 97 28 uttryck-

82 392 59 27 ligen
166 392 79 20 uttalat
273 392 33 28 sig
328 392 34 21 för
385 392 222 28 fabriksbränningen
629 393 7 20 i
659 392 95 28 princip;
782 399 51 14 men

82 425 37 21 det
140 426 40 20 har
202 426 67 22 redan
293 426 59 22 säväl
375 426 23 21 af
418 426 51 22 herr
488 427 134 22 Silfversvan
645 433 46 14 som
711 427 51 21 herr
782 427 51 22 Lin-

81 460 38 22 der
135 460 71 22 blifvit
224 461 131 27 framhället,
378 462 32 20 att
430 461 36 21 det
484 462 60 21 torde
560 468 52 15 vara
627 461 130 28 betänkligt,
778 462 24 27 ja
817 463 15 20 t.

82 502 18 14 o.
117 503 28 13 m.
160 496 90 28 vädligt,
271 498 32 19 att
323 496 53 23 söka
395 496 149 22 brädstörtadt
558 496 129 28 genomföra
702 502 27 14 en
745 496 88 28 reform,

81 537 46 15 som
143 530 48 22 icke
206 531 39 21 har
261 531 48 21 stöd
324 531 7 21 i
346 530 80 22 folkets
443 531 145 28 öfvertygelse
604 530 40 22 och
659 530 48 22 icke
723 531 110 28 uppbäres

81 565 24 21 af
118 565 50 21 dess
182 566 143 21 medvetande
344 571 78 16 om'en
438 566 66 21 sådan
520 566 91 21 reforms
626 566 152 28 rättmätighet
793 566 40 21 och

82 600 137 28 befogenhet.
253 600 44 22 Det
317 601 24 20 är
361 601 29 28 pä
410 600 82 22 sädana
511 601 47 21 skäl
581 600 116 22 sektionen
719 600 114 28 föreslagit

81 634 71 22 denna
168 635 220 29 förmedlingsperiod
403 636 40 21 och
459 636 34 21 för
508 636 46 28 mig
568 635 139 27 ätminstone,
723 635 41 21 och
779 637 53 19 utan

80 670 76 21 tvifvel
175 670 33 21 för
228 670 27 21 de
271 670 63 21 flesta
350 670 74 27 andra,
446 670 64 22 hafva
531 670 63 21 dessa
608 670 176 28 betänkligheter
799 672 33 19 ut-

80 706 58 26 gjort
153 705 37 21 det
205 705 56 21 enda
276 705 97 27 motivet,
388 705 101 21 hvarföre
502 706 38 28 jag
553 705 81 21 biträdt
650 705 41 21 den
706 704 68 22 andra
785 705 47 21 sek-

80 740 86 21 tionens
187 740 66 28 äsigt;
276 742 23 26 ty
319 740 57 21 hvad
394 740 259 27 husbehofsbränningen
671 740 8 20 i
695 740 40 20 och
749 740 34 20 för
798 740 34 27 sig

80 774 110 27 beträffar,
206 775 38 21 har
260 774 42 22 den
317 775 8 20 i
340 775 46 28 mig
401 782 27 14 en
444 774 94 28 gammal
553 774 79 27 fiende,
647 774 84 22 hvilket
743 775 40 27 jag
798 782 34 14 re-

81 810 42 20 dan
146 810 110 22 tillförene
279 810 57 21 varit
354 810 8 20 i
382 810 86 20 tillfälle
487 812 32 19 att
537 809 127 28 offentligen
679 809 77 21 uttala.
785 809 48 21 Har

80 845 34 21 för
130 844 67 29 öfrigt
212 844 115 23 sektionen
342 844 110 29 misstagit
468 845 39 28 sig,
530 844 24 22 sä
572 845 24 21 är
612 844 76 22 sädant
703 843 129 29 menskligt;

80 887 51 15 men
146 882 32 19 att
193 880 30 21 bli
242 880 92 21 föremäl
354 880 34 21 för
404 880 82 21 sädana
500 880 114 26 tillmälen,
634 886 46 14 som
696 879 50 22 herr
761 878 71 22 Ehrn-

80 915 64 21 rooth
164 915 74 21 tillätit
257 915 43 28 sig,
321 914 99 22 deremot
440 922 64 15 anser
520 914 131 22 ätminstone
664 914 40 28 jag
719 914 45 28 mig
779 914 53 20 böra

81 951 131 27 protestera;
235 951 24 27 ty
281 950 37 20 det
333 950 147 27 erkännande,
503 951 32 20 att
553 949 116 21 sektionen
684 948 55 22 ledts
756 948 76 21 endast

82 984 40 21 och
138 984 92 21 allenast
245 984 24 21 af
281 984 95 28 afsigten
392 986 32 19 att
440 984 55 21 efter
511 984 33 21 sin
554 984 63 21 bästa
627 983 142 29 uppfattning
780 983 53 21 söka

80 1019 47 21 lösa
141 1019 78 28 frägan
234 1019 29 28 pä
279 1020 31 20 ett
325 1019 33 21 för
374 1019 37 21 det
426 1019 110 21 allmänna
555 1019 112 28 gagneligt
687 1020 48 25 sätt,
752 1020 33 19 ett
799 1018 32 21 sä-

81 1055 52 21 dant
148 1054 147 27 erkännande,
316 1055 63 27 säger
396 1054 50 28 jag,
467 1054 61 21 torde
548 1053 115 21 sektionen
679 1053 65 21 hafva
760 1053 72 27 nägon

80 1091 43 19 rätt
139 1091 31 19 att
185 1088 80 22 fordra.

149 1124 58 20 Herr
222 1123 105 27 Linder,
342 1123 78 21 Ernst:
450 1123 34 21 Dä
497 1124 39 27 jag
551 1122 67 22 hörde
634 1122 51 21 herr
694 1122 138 22 Ehrnrooths

80 1159 65 28 länga
167 1158 140 28 andragande
327 1158 109 28 pämintes
455 1158 39 28 jag
514 1165 35 13 om
568 1157 102 21 skaldens
689 1159 63 26 utrop
774 1157 58 27 ,ord,

82 1194 44 26 ord,
148 1193 59 27 ord*,
227 1195 23 25 ty
272 1193 38 21 ord
329 1200 39 14 var
388 1193 38 20 der
446 1193 83 27 ganska
547 1192 94 28 mycket,
660 1198 50 14 men
726 1192 106 27 granskar

81 1236 51 14 man
148 1228 122 21 innehället
283 1228 24 20 af
321 1228 64 20 dessa
400 1228 46 26 ord,
460 1228 24 20 sä
494 1227 116 21 reducerar
621 1227 33 27 sig
664 1226 61 21 detta
735 1226 33 20 till
780 1233 52 21 gan-

82 1263 39 21 ska
135 1263 55 24 litet,
207 1264 22 26 ty
245 1262 7 21 i
269 1262 37 21 sitt
321 1262 103 27 föredrag
439 1262 39 20 har
488 1262 50 21 herr
548 1261 125 21 Ehrnrooth
685 1260 77 22 endast
772 1261 60 20 kom-

81 1298 40 20 mit
139 1297 33 20 till
192 1296 42 21 den
249 1296 97 28 verkligt
360 1296 122 28 genialiska
498 1296 123 26 slutsatsen,
644 1295 32 21 att
692 1295 140 21 moraliteten

81 1331 67 21 borde
167 1331 62 27 höjas
248 1338 79 19 genom
344 1332 31 18 att
390 1332 53 25 göra
459 1330 113 21 bränvinet
588 1330 100 26 billigare
704 1330 27 19 än
747 1329 37 21 det
798 1330 34 19 för

80 1364 136 22 närvarande
232 1367 30 18 är.
291 1364 68 20 Detta
373 1371 39 14 var
428 1364 36 20 det
480 1363 110 28 egentliga
604 1362 121 21 innehället
740 1362 24 21 af
772 1362 60 28 talet;

80 1400 34 21 för
131 1399 66 28 öfrigt
212 1398 119 29 ådagalade
347 1398 50 21 herr
412 1398 124 21 Ehrnrooth
552 1397 92 28 mycken
660 1397 83 28 talang,
764 1396 68 22 ehuru

448 1433 6 7 N

82 1435 70 21 denna
174 1434 139 22 händelsevis
332 1432 94 23 verkade
447 1441 13 13 &
479 1433 100 27 rebours,
602 1434 23 26 ty
640 1431 57 22 hvad
713 1438 47 14 som
775 1432 58 20 klart
