<?xml version="1.0" encoding="UTF-8"?>
<alto xmlns="http://www.loc.gov/standards/alto/ns-v3#" xmlns:xlink="http://www.w3.org/1999/xlink" xmlns:xsi="http://www.w3.org/2001/XMLSchema-instance" xsi:schemaLocation="http://www.loc.gov/standards/alto/ns-v3# http://www.loc.gov/alto/v3/alto-3-0.xsd">
	<Description>
		<MeasurementUnit>pixel</MeasurementUnit>
		<sourceImageInformation>
			<fileName>/tmp/tess_a_l7yjk5_input.PNG</fileName>
		</sourceImageInformation>
		<OCRProcessing ID="OCR_0">
			<ocrProcessingStep>
				<processingSoftware>
					<softwareName>tesseract 5.3.4</softwareName>
				</processingSoftware>
			</ocrProcessingStep>
		</OCRProcessing>
	</Description>
	<Layout>
		<Page WIDTH="995" HEIGHT="1714" PHYSICAL_IMG_NR="0" ID="page_0">
			<PrintSpace HPOS="0" VPOS="0" WIDTH="995" HEIGHT="1714">
				<ComposedBlock ID="cblock_0" HPOS="208" VPOS="147" WIDTH="119" HEIGHT="21">
					<TextBlock ID="block_0" HPOS="208" VPOS="147" WIDTH="119" HEIGHT="21">
						<TextLine ID="line_0" HPOS="208" VPOS="147" WIDTH="119" HEIGHT="21">
							<String ID="string_0" HPOS="208" VPOS="147" WIDTH="119" HEIGHT="21" WC="0.70" CONTENT="370"/>
						</TextLine>
					</TextBlock>
				</ComposedBlock>
				<ComposedBlock ID="cblock_1" HPOS="179" VPOS="211" WIDTH="759" HEIGHT="1268">
					<TextBlock ID="block_1" HPOS="179" VPOS="211" WIDTH="759" HEIGHT="1268">
						<TextLine ID="line_1" HPOS="248" VPOS="211" WIDTH="682" HEIGHT="28">
							<String ID="string_1" HPOS="248" VPOS="211" WIDTH="59" HEIGHT="22" WC="0.96" CONTENT="Herr"/><SP WIDTH="18" VPOS="211" HPOS="307"/>
							<String ID="string_2" HPOS="325" VPOS="211" WIDTH="198" HEIGHT="28" WC="0.93" CONTENT="Björkenheim,"/><SP WIDTH="20" VPOS="211" HPOS="523"/>
							<String ID="string_3" HPOS="543" VPOS="211" WIDTH="37" HEIGHT="21" WC="0.92" CONTENT="R.:"/><SP WIDTH="22" VPOS="211" HPOS="580"/>
							<String ID="string_4" HPOS="602" VPOS="211" WIDTH="59" HEIGHT="21" WC="0.96" CONTENT="Herr"/><SP WIDTH="23" VPOS="211" HPOS="661"/>
							<String ID="string_5" HPOS="684" VPOS="218" WIDTH="41" HEIGHT="14" WC="0.96" CONTENT="von"/><SP WIDTH="22" VPOS="218" HPOS="725"/>
							<String ID="string_6" HPOS="747" VPOS="211" WIDTH="121" HEIGHT="21" WC="0.96" CONTENT="Haartman"/><SP WIDTH="22" VPOS="211" HPOS="868"/>
							<String ID="string_7" HPOS="890" VPOS="211" WIDTH="40" HEIGHT="21" WC="0.96" CONTENT="har"/>
						</TextLine>
						<TextLine ID="line_2" HPOS="181" VPOS="245" WIDTH="750" HEIGHT="29">
							<String ID="string_8" HPOS="181" VPOS="246" WIDTH="124" HEIGHT="28" WC="0.93" CONTENT="egentligen"/><SP WIDTH="20" VPOS="246" HPOS="305"/>
							<String ID="string_9" HPOS="325" VPOS="245" WIDTH="101" HEIGHT="22" WC="0.96" CONTENT="anmärkt"/><SP WIDTH="19" VPOS="245" HPOS="426"/>
							<String ID="string_10" HPOS="445" VPOS="247" WIDTH="32" HEIGHT="20" WC="0.96" CONTENT="att"/><SP WIDTH="12" VPOS="247" HPOS="477"/>
							<String ID="string_11" HPOS="489" VPOS="246" WIDTH="39" HEIGHT="27" WC="0.96" CONTENT="jag"/><SP WIDTH="15" VPOS="246" HPOS="528"/>
							<String ID="string_12" HPOS="543" VPOS="246" WIDTH="56" HEIGHT="21" WC="0.96" CONTENT="visat"/><SP WIDTH="14" VPOS="246" HPOS="599"/>
							<String ID="string_13" HPOS="613" VPOS="253" WIDTH="27" HEIGHT="14" WC="0.97" CONTENT="en"/><SP WIDTH="16" VPOS="253" HPOS="640"/>
							<String ID="string_14" HPOS="656" VPOS="245" WIDTH="89" HEIGHT="22" WC="0.93" CONTENT="alldeles"/><SP WIDTH="16" VPOS="245" HPOS="745"/>
							<String ID="string_15" HPOS="761" VPOS="245" WIDTH="170" HEIGHT="28" WC="0.10" CONTENT="utomordentlig"/>
						</TextLine>
						<TextLine ID="line_3" HPOS="180" VPOS="279" WIDTH="750" HEIGHT="30">
							<String ID="string_16" HPOS="180" VPOS="280" WIDTH="115" HEIGHT="29" WC="0.92" CONTENT="trägenhet"/><SP WIDTH="20" VPOS="280" HPOS="295"/>
							<String ID="string_17" HPOS="315" VPOS="280" WIDTH="7" HEIGHT="21" WC="0.93" CONTENT="i"/><SP WIDTH="16" VPOS="280" HPOS="322"/>
							<String ID="string_18" HPOS="338" VPOS="280" WIDTH="164" HEIGHT="29" WC="0.91" CONTENT="framläggande"/><SP WIDTH="21" VPOS="280" HPOS="502"/>
							<String ID="string_19" HPOS="523" VPOS="280" WIDTH="24" HEIGHT="21" WC="0.96" CONTENT="af"/><SP WIDTH="17" VPOS="280" HPOS="547"/>
							<String ID="string_20" HPOS="564" VPOS="279" WIDTH="82" HEIGHT="29" WC="0.96" CONTENT="förslag"/><SP WIDTH="19" VPOS="279" HPOS="646"/>
							<String ID="string_21" HPOS="665" VPOS="280" WIDTH="33" HEIGHT="21" WC="0.93" CONTENT="till"/><SP WIDTH="16" VPOS="280" HPOS="698"/>
							<String ID="string_22" HPOS="714" VPOS="280" WIDTH="169" HEIGHT="28" WC="0.93" CONTENT="grundskattens"/><SP WIDTH="16" VPOS="280" HPOS="883"/>
							<String ID="string_23" HPOS="899" VPOS="280" WIDTH="31" HEIGHT="21" WC="0.93" CONTENT="af-"/>
						</TextLine>
						<TextLine ID="line_4" HPOS="179" VPOS="314" WIDTH="753" HEIGHT="29">
							<String ID="string_24" HPOS="179" VPOS="315" WIDTH="105" HEIGHT="28" WC="0.91" CONTENT="lyftande."/><SP WIDTH="29" VPOS="315" HPOS="284"/>
							<String ID="string_25" HPOS="313" VPOS="314" WIDTH="44" HEIGHT="22" WC="0.96" CONTENT="Det"/><SP WIDTH="16" VPOS="314" HPOS="357"/>
							<String ID="string_26" HPOS="373" VPOS="316" WIDTH="24" HEIGHT="20" WC="0.93" CONTENT="är"/><SP WIDTH="16" VPOS="316" HPOS="397"/>
							<String ID="string_27" HPOS="413" VPOS="315" WIDTH="64" HEIGHT="21" WC="0.87" CONTENT="ocksä"/><SP WIDTH="16" VPOS="315" HPOS="477"/>
							<String ID="string_28" HPOS="493" VPOS="316" WIDTH="64" HEIGHT="20" WC="0.93" CONTENT="sannt"/><SP WIDTH="13" VPOS="316" HPOS="557"/>
							<String ID="string_29" HPOS="570" VPOS="315" WIDTH="32" HEIGHT="21" WC="0.96" CONTENT="att"/><SP WIDTH="15" VPOS="315" HPOS="602"/>
							<String ID="string_30" HPOS="617" VPOS="314" WIDTH="36" HEIGHT="21" WC="0.97" CONTENT="det"/><SP WIDTH="15" VPOS="314" HPOS="653"/>
							<String ID="string_31" HPOS="668" VPOS="316" WIDTH="24" HEIGHT="19" WC="0.93" CONTENT="är"/><SP WIDTH="14" VPOS="316" HPOS="692"/>
							<String ID="string_32" HPOS="706" VPOS="316" WIDTH="77" HEIGHT="20" WC="0.93" CONTENT="trenne"/><SP WIDTH="14" VPOS="316" HPOS="783"/>
							<String ID="string_33" HPOS="797" VPOS="315" WIDTH="83" HEIGHT="28" WC="0.92" CONTENT="gänger"/><SP WIDTH="12" VPOS="315" HPOS="880"/>
							<String ID="string_34" HPOS="892" VPOS="315" WIDTH="40" HEIGHT="28" WC="0.96" CONTENT="jag"/>
						</TextLine>
						<TextLine ID="line_5" HPOS="182" VPOS="349" WIDTH="749" HEIGHT="28">
							<String ID="string_35" HPOS="182" VPOS="350" WIDTH="65" HEIGHT="21" WC="0.96" CONTENT="väckt"/><SP WIDTH="19" VPOS="350" HPOS="247"/>
							<String ID="string_36" HPOS="266" VPOS="350" WIDTH="111" HEIGHT="27" WC="0.96" CONTENT="förslaget,"/><SP WIDTH="21" VPOS="350" HPOS="377"/>
							<String ID="string_37" HPOS="398" VPOS="357" WIDTH="49" HEIGHT="14" WC="0.96" CONTENT="men"/><SP WIDTH="22" VPOS="357" HPOS="447"/>
							<String ID="string_38" HPOS="469" VPOS="356" WIDTH="34" HEIGHT="15" WC="0.96" CONTENT="om"/><SP WIDTH="21" VPOS="356" HPOS="503"/>
							<String ID="string_39" HPOS="524" VPOS="357" WIDTH="49" HEIGHT="14" WC="0.96" CONTENT="man"/><SP WIDTH="21" VPOS="357" HPOS="573"/>
							<String ID="string_40" HPOS="594" VPOS="349" WIDTH="38" HEIGHT="22" WC="0.96" CONTENT="vill"/><SP WIDTH="18" VPOS="349" HPOS="632"/>
							<String ID="string_41" HPOS="650" VPOS="356" WIDTH="52" HEIGHT="15" WC="0.96" CONTENT="vara"/><SP WIDTH="15" VPOS="356" HPOS="702"/>
							<String ID="string_42" HPOS="717" VPOS="350" WIDTH="83" HEIGHT="27" WC="0.96" CONTENT="rättvis,"/><SP WIDTH="17" VPOS="350" HPOS="800"/>
							<String ID="string_43" HPOS="817" VPOS="350" WIDTH="24" HEIGHT="21" WC="0.97" CONTENT="sä"/><SP WIDTH="14" VPOS="350" HPOS="841"/>
							<String ID="string_44" HPOS="855" VPOS="351" WIDTH="24" HEIGHT="20" WC="0.96" CONTENT="är"/><SP WIDTH="16" VPOS="351" HPOS="879"/>
							<String ID="string_45" HPOS="895" VPOS="349" WIDTH="36" HEIGHT="21" WC="0.96" CONTENT="det"/>
						</TextLine>
						<TextLine ID="line_6" HPOS="180" VPOS="383" WIDTH="750" HEIGHT="30">
							<String ID="string_46" HPOS="180" VPOS="385" WIDTH="8" HEIGHT="20" WC="0.93" CONTENT="i"/><SP WIDTH="16" VPOS="385" HPOS="188"/>
							<String ID="string_47" HPOS="204" VPOS="384" WIDTH="78" HEIGHT="29" WC="0.91" CONTENT="sjelfva"/><SP WIDTH="14" VPOS="384" HPOS="282"/>
							<String ID="string_48" HPOS="296" VPOS="383" WIDTH="77" HEIGHT="22" WC="0.93" CONTENT="verket"/><SP WIDTH="15" VPOS="383" HPOS="373"/>
							<String ID="string_49" HPOS="388" VPOS="384" WIDTH="55" HEIGHT="21" WC="0.93" CONTENT="blott"/><SP WIDTH="16" VPOS="384" HPOS="443"/>
							<String ID="string_50" HPOS="459" VPOS="384" WIDTH="36" HEIGHT="21" WC="0.93" CONTENT="tvä"/><SP WIDTH="15" VPOS="384" HPOS="495"/>
							<String ID="string_51" HPOS="510" VPOS="385" WIDTH="88" HEIGHT="27" WC="0.92" CONTENT="gänger,"/><SP WIDTH="12" VPOS="385" HPOS="598"/>
							<String ID="string_52" HPOS="610" VPOS="385" WIDTH="23" HEIGHT="26" WC="0.97" CONTENT="ty"/><SP WIDTH="11" VPOS="385" HPOS="633"/>
							<String ID="string_53" HPOS="644" VPOS="383" WIDTH="41" HEIGHT="22" WC="0.97" CONTENT="den"/><SP WIDTH="11" VPOS="383" HPOS="685"/>
							<String ID="string_54" HPOS="696" VPOS="384" WIDTH="67" HEIGHT="21" WC="0.93" CONTENT="andra"/><SP WIDTH="12" VPOS="384" HPOS="763"/>
							<String ID="string_55" HPOS="775" VPOS="385" WIDTH="85" HEIGHT="28" WC="0.92" CONTENT="gängen"/><SP WIDTH="12" VPOS="385" HPOS="860"/>
							<String ID="string_56" HPOS="872" VPOS="384" WIDTH="58" HEIGHT="21" WC="0.96" CONTENT="detta"/>
						</TextLine>
						<TextLine ID="line_7" HPOS="181" VPOS="418" WIDTH="750" HEIGHT="29">
							<String ID="string_57" HPOS="181" VPOS="419" WIDTH="83" HEIGHT="28" WC="0.93" CONTENT="förslag"/><SP WIDTH="21" VPOS="419" HPOS="264"/>
							<String ID="string_58" HPOS="285" VPOS="419" WIDTH="104" HEIGHT="28" WC="0.92" CONTENT="uppkom,"/><SP WIDTH="23" VPOS="419" HPOS="389"/>
							<String ID="string_59" HPOS="412" VPOS="419" WIDTH="24" HEIGHT="20" WC="0.93" CONTENT="sä"/><SP WIDTH="18" VPOS="419" HPOS="436"/>
							<String ID="string_60" HPOS="454" VPOS="418" WIDTH="156" HEIGHT="21" WC="0.91" CONTENT="understöddes"/><SP WIDTH="20" VPOS="418" HPOS="610"/>
							<String ID="string_61" HPOS="630" VPOS="418" WIDTH="36" HEIGHT="21" WC="0.96" CONTENT="det"/><SP WIDTH="18" VPOS="418" HPOS="666"/>
							<String ID="string_62" HPOS="684" VPOS="419" WIDTH="24" HEIGHT="20" WC="0.93" CONTENT="af"/><SP WIDTH="13" VPOS="419" HPOS="708"/>
							<String ID="string_63" HPOS="721" VPOS="419" WIDTH="52" HEIGHT="20" WC="0.93" CONTENT="flere"/><SP WIDTH="15" VPOS="419" HPOS="773"/>
							<String ID="string_64" HPOS="788" VPOS="419" WIDTH="7" HEIGHT="20" WC="0.96" CONTENT="i"/><SP WIDTH="16" VPOS="419" HPOS="795"/>
							<String ID="string_65" HPOS="811" VPOS="419" WIDTH="41" HEIGHT="21" WC="0.96" CONTENT="den"/><SP WIDTH="16" VPOS="419" HPOS="852"/>
							<String ID="string_66" HPOS="868" VPOS="419" WIDTH="63" HEIGHT="20" WC="0.97" CONTENT="delen"/>
						</TextLine>
						<TextLine ID="line_8" HPOS="182" VPOS="453" WIDTH="749" HEIGHT="28">
							<String ID="string_67" HPOS="182" VPOS="453" WIDTH="138" HEIGHT="28" WC="0.96" CONTENT="åtminstone,"/><SP WIDTH="23" VPOS="453" HPOS="320"/>
							<String ID="string_68" HPOS="343" VPOS="460" WIDTH="46" HEIGHT="14" WC="0.93" CONTENT="som"/><SP WIDTH="21" VPOS="460" HPOS="389"/>
							<String ID="string_69" HPOS="410" VPOS="453" WIDTH="63" HEIGHT="22" WC="0.91" CONTENT="rörde"/><SP WIDTH="23" VPOS="453" HPOS="473"/>
							<String ID="string_70" HPOS="496" VPOS="453" WIDTH="96" HEIGHT="21" WC="0.49" CONTENT="komitön"/><SP WIDTH="24" VPOS="453" HPOS="592"/>
							<String ID="string_71" HPOS="616" VPOS="453" WIDTH="40" HEIGHT="21" WC="0.92" CONTENT="och"/><SP WIDTH="22" VPOS="453" HPOS="656"/>
							<String ID="string_72" HPOS="678" VPOS="453" WIDTH="51" HEIGHT="21" WC="0.96" CONTENT="herr"/><SP WIDTH="20" VPOS="453" HPOS="729"/>
							<String ID="string_73" HPOS="749" VPOS="460" WIDTH="41" HEIGHT="15" WC="0.96" CONTENT="von"/><SP WIDTH="20" VPOS="460" HPOS="790"/>
							<String ID="string_74" HPOS="810" VPOS="453" WIDTH="121" HEIGHT="22" WC="0.96" CONTENT="Haartman"/>
						</TextLine>
						<TextLine ID="line_9" HPOS="182" VPOS="487" WIDTH="750" HEIGHT="28">
							<String ID="string_75" HPOS="182" VPOS="488" WIDTH="39" HEIGHT="21" WC="0.91" CONTENT="har"/><SP WIDTH="23" VPOS="488" HPOS="221"/>
							<String ID="string_76" HPOS="244" VPOS="488" WIDTH="73" HEIGHT="27" WC="0.96" CONTENT="också,"/><SP WIDTH="22" VPOS="488" HPOS="317"/>
							<String ID="string_77" HPOS="339" VPOS="495" WIDTH="35" HEIGHT="14" WC="0.93" CONTENT="om"/><SP WIDTH="23" VPOS="495" HPOS="374"/>
							<String ID="string_78" HPOS="397" VPOS="488" WIDTH="48" HEIGHT="21" WC="0.96" CONTENT="icke"/><SP WIDTH="21" VPOS="488" HPOS="445"/>
							<String ID="string_79" HPOS="466" VPOS="488" WIDTH="49" HEIGHT="21" WC="0.93" CONTENT="mitt"/><SP WIDTH="16" VPOS="488" HPOS="515"/>
							<String ID="string_80" HPOS="531" VPOS="489" WIDTH="37" HEIGHT="20" WC="0.96" CONTENT="öra"/><SP WIDTH="15" VPOS="489" HPOS="568"/>
							<String ID="string_81" HPOS="583" VPOS="487" WIDTH="83" HEIGHT="28" WC="0.96" CONTENT="bedrog"/><SP WIDTH="14" VPOS="487" HPOS="666"/>
							<String ID="string_82" HPOS="680" VPOS="488" WIDTH="52" HEIGHT="27" WC="0.93" CONTENT="mig,"/><SP WIDTH="17" VPOS="488" HPOS="732"/>
							<String ID="string_83" HPOS="749" VPOS="488" WIDTH="77" HEIGHT="21" WC="0.96" CONTENT="erkänt"/><SP WIDTH="16" VPOS="488" HPOS="826"/>
							<String ID="string_84" HPOS="842" VPOS="489" WIDTH="32" HEIGHT="20" WC="0.96" CONTENT="att"/><SP WIDTH="14" VPOS="489" HPOS="874"/>
							<String ID="string_85" HPOS="888" VPOS="488" WIDTH="44" HEIGHT="21" WC="0.96" CONTENT="han"/>
						</TextLine>
						<TextLine ID="line_10" HPOS="182" VPOS="522" WIDTH="750" HEIGHT="28">
							<String ID="string_86" HPOS="182" VPOS="523" WIDTH="34" HEIGHT="21" WC="0.95" CONTENT="för"/><SP WIDTH="22" VPOS="523" HPOS="216"/>
							<String ID="string_87" HPOS="238" VPOS="524" WIDTH="30" HEIGHT="19" WC="0.93" CONTENT="ett"/><SP WIDTH="20" VPOS="524" HPOS="268"/>
							<String ID="string_88" HPOS="288" VPOS="522" WIDTH="118" HEIGHT="28" WC="0.92" CONTENT="ögonblick"/><SP WIDTH="23" VPOS="522" HPOS="406"/>
							<String ID="string_89" HPOS="429" VPOS="522" WIDTH="114" HEIGHT="28" WC="0.96" CONTENT="godkände"/><SP WIDTH="19" VPOS="522" HPOS="543"/>
							<String ID="string_90" HPOS="562" VPOS="522" WIDTH="41" HEIGHT="21" WC="0.96" CONTENT="den"/><SP WIDTH="21" VPOS="522" HPOS="603"/>
							<String ID="string_91" HPOS="624" VPOS="522" WIDTH="69" HEIGHT="21" WC="0.93" CONTENT="delen."/><SP WIDTH="30" VPOS="522" HPOS="693"/>
							<String ID="string_92" HPOS="723" VPOS="522" WIDTH="34" HEIGHT="21" WC="0.90" CONTENT="Dä"/><SP WIDTH="21" VPOS="522" HPOS="757"/>
							<String ID="string_93" HPOS="778" VPOS="522" WIDTH="83" HEIGHT="21" WC="0.91" CONTENT="säledes"/><SP WIDTH="20" VPOS="522" HPOS="861"/>
							<String ID="string_94" HPOS="881" VPOS="522" WIDTH="51" HEIGHT="21" WC="0.91" CONTENT="herr"/>
						</TextLine>
						<TextLine ID="line_11" HPOS="182" VPOS="556" WIDTH="750" HEIGHT="29">
							<String ID="string_95" HPOS="182" VPOS="564" WIDTH="42" HEIGHT="14" WC="0.97" CONTENT="von"/><SP WIDTH="15" VPOS="564" HPOS="224"/>
							<String ID="string_96" HPOS="239" VPOS="557" WIDTH="128" HEIGHT="27" WC="0.96" CONTENT="Haartman,"/><SP WIDTH="22" VPOS="557" HPOS="367"/>
							<String ID="string_97" HPOS="389" VPOS="563" WIDTH="35" HEIGHT="14" WC="0.93" CONTENT="om"/><SP WIDTH="15" VPOS="563" HPOS="424"/>
							<String ID="string_98" HPOS="439" VPOS="557" WIDTH="65" HEIGHT="21" WC="0.96" CONTENT="också"/><SP WIDTH="15" VPOS="557" HPOS="504"/>
							<String ID="string_99" HPOS="519" VPOS="557" WIDTH="55" HEIGHT="20" WC="0.96" CONTENT="blott"/><SP WIDTH="15" VPOS="557" HPOS="574"/>
							<String ID="string_100" HPOS="589" VPOS="556" WIDTH="69" HEIGHT="21" WC="0.96" CONTENT="under"/><SP WIDTH="16" VPOS="556" HPOS="658"/>
							<String ID="string_101" HPOS="674" VPOS="558" WIDTH="32" HEIGHT="19" WC="0.93" CONTENT="ett"/><SP WIDTH="15" VPOS="558" HPOS="706"/>
							<String ID="string_102" HPOS="721" VPOS="557" WIDTH="124" HEIGHT="28" WC="0.96" CONTENT="ögonblick,"/><SP WIDTH="15" VPOS="557" HPOS="845"/>
							<String ID="string_103" HPOS="860" VPOS="557" WIDTH="72" HEIGHT="21" WC="0.97" CONTENT="kunde"/>
						</TextLine>
						<TextLine ID="line_12" HPOS="183" VPOS="591" WIDTH="750" HEIGHT="28">
							<String ID="string_104" HPOS="183" VPOS="591" WIDTH="68" HEIGHT="22" WC="0.93" CONTENT="delvis"/><SP WIDTH="15" VPOS="591" HPOS="251"/>
							<String ID="string_105" HPOS="266" VPOS="591" WIDTH="116" HEIGHT="28" WC="0.92" CONTENT="godkänna"/><SP WIDTH="14" VPOS="591" HPOS="382"/>
							<String ID="string_106" HPOS="396" VPOS="591" WIDTH="110" HEIGHT="28" WC="0.93" CONTENT="förslaget,"/><SP WIDTH="16" VPOS="591" HPOS="506"/>
							<String ID="string_107" HPOS="522" VPOS="598" WIDTH="63" HEIGHT="14" WC="0.96" CONTENT="anser"/><SP WIDTH="13" VPOS="598" HPOS="585"/>
							<String ID="string_108" HPOS="598" VPOS="591" WIDTH="40" HEIGHT="28" WC="0.96" CONTENT="jag"/><SP WIDTH="15" VPOS="591" HPOS="638"/>
							<String ID="string_109" HPOS="653" VPOS="591" WIDTH="37" HEIGHT="21" WC="0.93" CONTENT="det"/><SP WIDTH="14" VPOS="591" HPOS="690"/>
							<String ID="string_110" HPOS="704" VPOS="591" WIDTH="48" HEIGHT="21" WC="0.93" CONTENT="icke"/><SP WIDTH="15" VPOS="591" HPOS="752"/>
							<String ID="string_111" HPOS="767" VPOS="591" WIDTH="52" HEIGHT="21" WC="0.93" CONTENT="böra"/><SP WIDTH="11" VPOS="591" HPOS="819"/>
							<String ID="string_112" HPOS="830" VPOS="591" WIDTH="103" HEIGHT="22" WC="0.92" CONTENT="förundra"/>
						</TextLine>
						<TextLine ID="line_13" HPOS="184" VPOS="625" WIDTH="748" HEIGHT="30">
							<String ID="string_113" HPOS="184" VPOS="625" WIDTH="80" HEIGHT="30" WC="0.91" CONTENT="nägon,"/><SP WIDTH="20" VPOS="625" HPOS="264"/>
							<String ID="string_114" HPOS="284" VPOS="633" WIDTH="35" HEIGHT="14" WC="0.96" CONTENT="om"/><SP WIDTH="22" VPOS="633" HPOS="319"/>
							<String ID="string_115" HPOS="341" VPOS="633" WIDTH="26" HEIGHT="14" WC="0.96" CONTENT="en"/><SP WIDTH="20" VPOS="633" HPOS="367"/>
							<String ID="string_116" HPOS="387" VPOS="633" WIDTH="86" HEIGHT="22" WC="0.96" CONTENT="person,"/><SP WIDTH="22" VPOS="633" HPOS="473"/>
							<String ID="string_117" HPOS="495" VPOS="633" WIDTH="46" HEIGHT="14" WC="0.96" CONTENT="som"/><SP WIDTH="16" VPOS="633" HPOS="541"/>
							<String ID="string_118" HPOS="557" VPOS="626" WIDTH="22" HEIGHT="21" WC="0.96" CONTENT="sä"/><SP WIDTH="15" VPOS="626" HPOS="579"/>
							<String ID="string_119" HPOS="594" VPOS="626" WIDTH="49" HEIGHT="21" WC="0.93" CONTENT="litet"/><SP WIDTH="15" VPOS="626" HPOS="643"/>
							<String ID="string_120" HPOS="658" VPOS="626" WIDTH="79" HEIGHT="28" WC="0.89" CONTENT="sysslat"/><SP WIDTH="15" VPOS="626" HPOS="737"/>
							<String ID="string_121" HPOS="752" VPOS="626" WIDTH="49" HEIGHT="21" WC="0.93" CONTENT="med"/><SP WIDTH="16" VPOS="626" HPOS="801"/>
							<String ID="string_122" HPOS="817" VPOS="626" WIDTH="115" HEIGHT="21" WC="0.93" CONTENT="kamerali-"/>
						</TextLine>
						<TextLine ID="line_14" HPOS="184" VPOS="660" WIDTH="749" HEIGHT="29">
							<String ID="string_123" HPOS="184" VPOS="661" WIDTH="68" HEIGHT="21" WC="0.93" CONTENT="stiska"/><SP WIDTH="21" VPOS="661" HPOS="252"/>
							<String ID="string_124" HPOS="273" VPOS="661" WIDTH="82" HEIGHT="21" WC="0.95" CONTENT="studier"/><SP WIDTH="18" VPOS="661" HPOS="355"/>
							<String ID="string_125" HPOS="373" VPOS="667" WIDTH="47" HEIGHT="15" WC="0.96" CONTENT="som"/><SP WIDTH="15" VPOS="667" HPOS="420"/>
							<String ID="string_126" HPOS="435" VPOS="661" WIDTH="46" HEIGHT="28" WC="0.93" CONTENT="jag,"/><SP WIDTH="16" VPOS="661" HPOS="481"/>
							<String ID="string_127" HPOS="497" VPOS="660" WIDTH="105" HEIGHT="22" WC="0.91" CONTENT="vidhäller"/><SP WIDTH="16" VPOS="660" HPOS="602"/>
							<String ID="string_128" HPOS="618" VPOS="667" WIDTH="27" HEIGHT="14" WC="0.93" CONTENT="en"/><SP WIDTH="16" VPOS="667" HPOS="645"/>
							<String ID="string_129" HPOS="661" VPOS="660" WIDTH="66" HEIGHT="21" WC="0.92" CONTENT="sädan"/><SP WIDTH="14" VPOS="660" HPOS="727"/>
							<String ID="string_130" HPOS="741" VPOS="661" WIDTH="84" HEIGHT="28" WC="0.96" CONTENT="princip"/><SP WIDTH="17" VPOS="661" HPOS="825"/>
							<String ID="string_131" HPOS="842" VPOS="661" WIDTH="40" HEIGHT="21" WC="0.93" CONTENT="och"/><SP WIDTH="15" VPOS="661" HPOS="882"/>
							<String ID="string_132" HPOS="897" VPOS="661" WIDTH="36" HEIGHT="21" WC="0.91" CONTENT="vä-"/>
						</TextLine>
						<TextLine ID="line_15" HPOS="184" VPOS="695" WIDTH="749" HEIGHT="29">
							<String ID="string_133" HPOS="184" VPOS="703" WIDTH="39" HEIGHT="21" WC="0.93" CONTENT="gar"/><SP WIDTH="20" VPOS="703" HPOS="223"/>
							<String ID="string_134" HPOS="243" VPOS="697" WIDTH="46" HEIGHT="27" WC="0.96" CONTENT="just"/><SP WIDTH="15" VPOS="697" HPOS="289"/>
							<String ID="string_135" HPOS="304" VPOS="696" WIDTH="8" HEIGHT="21" WC="0.96" CONTENT="i"/><SP WIDTH="15" VPOS="696" HPOS="312"/>
							<String ID="string_136" HPOS="327" VPOS="695" WIDTH="55" HEIGHT="29" WC="0.96" CONTENT="följd"/><SP WIDTH="23" VPOS="695" HPOS="382"/>
							<String ID="string_137" HPOS="405" VPOS="695" WIDTH="67" HEIGHT="28" WC="0.96" CONTENT="deraf,"/><SP WIDTH="23" VPOS="695" HPOS="472"/>
							<String ID="string_138" HPOS="495" VPOS="697" WIDTH="32" HEIGHT="20" WC="0.96" CONTENT="att"/><SP WIDTH="20" VPOS="697" HPOS="527"/>
							<String ID="string_139" HPOS="547" VPOS="695" WIDTH="40" HEIGHT="22" WC="0.96" CONTENT="den"/><SP WIDTH="16" VPOS="695" HPOS="587"/>
							<String ID="string_140" HPOS="603" VPOS="695" WIDTH="69" HEIGHT="21" WC="0.93" CONTENT="under"/><SP WIDTH="16" VPOS="695" HPOS="672"/>
							<String ID="string_141" HPOS="688" VPOS="695" WIDTH="100" HEIGHT="22" WC="0.92" CONTENT="sednaste"/><SP WIDTH="23" VPOS="695" HPOS="788"/>
							<String ID="string_142" HPOS="811" VPOS="696" WIDTH="122" HEIGHT="21" WC="0.96" CONTENT="diskussion"/>
						</TextLine>
						<TextLine ID="line_16" HPOS="184" VPOS="730" WIDTH="750" HEIGHT="29">
							<String ID="string_143" HPOS="184" VPOS="730" WIDTH="92" HEIGHT="22" WC="0.92" CONTENT="tillvann"/><SP WIDTH="23" VPOS="730" HPOS="276"/>
							<String ID="string_144" HPOS="299" VPOS="731" WIDTH="34" HEIGHT="28" WC="0.96" CONTENT="sig"/><SP WIDTH="22" VPOS="731" HPOS="333"/>
							<String ID="string_145" HPOS="355" VPOS="731" WIDTH="24" HEIGHT="20" WC="0.96" CONTENT="sä"/><SP WIDTH="22" VPOS="731" HPOS="379"/>
							<String ID="string_146" HPOS="401" VPOS="730" WIDTH="87" HEIGHT="28" WC="0.93" CONTENT="mycket"/><SP WIDTH="22" VPOS="730" HPOS="488"/>
							<String ID="string_147" HPOS="510" VPOS="730" WIDTH="104" HEIGHT="27" WC="0.90" CONTENT="medhäll,"/><SP WIDTH="24" VPOS="730" HPOS="614"/>
							<String ID="string_148" HPOS="638" VPOS="731" WIDTH="57" HEIGHT="20" WC="0.96" CONTENT="ännu"/><SP WIDTH="24" VPOS="731" HPOS="695"/>
							<String ID="string_149" HPOS="719" VPOS="737" WIDTH="26" HEIGHT="14" WC="0.93" CONTENT="en"/><SP WIDTH="22" VPOS="737" HPOS="745"/>
							<String ID="string_150" HPOS="767" VPOS="731" WIDTH="58" HEIGHT="28" WC="0.92" CONTENT="gäng"/><SP WIDTH="23" VPOS="731" HPOS="825"/>
							<String ID="string_151" HPOS="848" VPOS="731" WIDTH="86" HEIGHT="21" WC="0.96" CONTENT="komma"/>
						</TextLine>
						<TextLine ID="line_17" HPOS="185" VPOS="765" WIDTH="749" HEIGHT="28">
							<String ID="string_152" HPOS="185" VPOS="765" WIDTH="55" HEIGHT="21" WC="0.92" CONTENT="fram"/><SP WIDTH="21" VPOS="765" HPOS="240"/>
							<String ID="string_153" HPOS="261" VPOS="765" WIDTH="89" HEIGHT="21" WC="0.92" CONTENT="dermed"/><SP WIDTH="15" VPOS="765" HPOS="350"/>
							<String ID="string_154" HPOS="365" VPOS="765" WIDTH="6" HEIGHT="21" WC="0.96" CONTENT="i"/><SP WIDTH="17" VPOS="765" HPOS="371"/>
							<String ID="string_155" HPOS="388" VPOS="765" WIDTH="41" HEIGHT="21" WC="0.96" CONTENT="den"/><SP WIDTH="20" VPOS="765" HPOS="429"/>
							<String ID="string_156" HPOS="449" VPOS="765" WIDTH="62" HEIGHT="27" WC="0.95" CONTENT="form,"/><SP WIDTH="15" VPOS="765" HPOS="511"/>
							<String ID="string_157" HPOS="526" VPOS="765" WIDTH="7" HEIGHT="21" WC="0.93" CONTENT="i"/><SP WIDTH="15" VPOS="765" HPOS="533"/>
							<String ID="string_158" HPOS="548" VPOS="765" WIDTH="88" HEIGHT="21" WC="0.93" CONTENT="hvilken"/><SP WIDTH="16" VPOS="765" HPOS="636"/>
							<String ID="string_159" HPOS="652" VPOS="765" WIDTH="117" HEIGHT="28" WC="0.92" CONTENT="petitioner"/><SP WIDTH="15" VPOS="765" HPOS="769"/>
							<String ID="string_160" HPOS="784" VPOS="765" WIDTH="70" HEIGHT="22" WC="0.91" CONTENT="bruka"/><SP WIDTH="15" VPOS="765" HPOS="854"/>
							<String ID="string_161" HPOS="869" VPOS="765" WIDTH="65" HEIGHT="21" WC="0.92" CONTENT="fram-"/>
						</TextLine>
						<TextLine ID="line_18" HPOS="186" VPOS="799" WIDTH="748" HEIGHT="29">
							<String ID="string_162" HPOS="186" VPOS="799" WIDTH="89" HEIGHT="22" WC="0.92" CONTENT="lemnas."/><SP WIDTH="28" VPOS="799" HPOS="275"/>
							<String ID="string_163" HPOS="303" VPOS="799" WIDTH="59" HEIGHT="22" WC="0.96" CONTENT="Herr"/><SP WIDTH="16" VPOS="799" HPOS="362"/>
							<String ID="string_164" HPOS="378" VPOS="807" WIDTH="42" HEIGHT="14" WC="0.96" CONTENT="von"/><SP WIDTH="15" VPOS="807" HPOS="420"/>
							<String ID="string_165" HPOS="435" VPOS="800" WIDTH="120" HEIGHT="21" WC="0.96" CONTENT="Haartman"/><SP WIDTH="16" VPOS="800" HPOS="555"/>
							<String ID="string_166" HPOS="571" VPOS="799" WIDTH="39" HEIGHT="21" WC="0.93" CONTENT="har"/><SP WIDTH="16" VPOS="799" HPOS="610"/>
							<String ID="string_167" HPOS="626" VPOS="800" WIDTH="40" HEIGHT="20" WC="0.92" CONTENT="talt"/><SP WIDTH="15" VPOS="800" HPOS="666"/>
							<String ID="string_168" HPOS="681" VPOS="800" WIDTH="87" HEIGHT="28" WC="0.96" CONTENT="mycket"/><SP WIDTH="15" VPOS="800" HPOS="768"/>
							<String ID="string_169" HPOS="783" VPOS="807" WIDTH="34" HEIGHT="14" WC="0.96" CONTENT="om"/><SP WIDTH="16" VPOS="807" HPOS="817"/>
							<String ID="string_170" HPOS="833" VPOS="799" WIDTH="37" HEIGHT="22" WC="0.96" CONTENT="det"/><SP WIDTH="15" VPOS="799" HPOS="870"/>
							<String ID="string_171" HPOS="885" VPOS="802" WIDTH="49" HEIGHT="25" WC="0.96" CONTENT="sätt,"/>
						</TextLine>
						<TextLine ID="line_19" HPOS="186" VPOS="834" WIDTH="749" HEIGHT="29">
							<String ID="string_172" HPOS="186" VPOS="834" WIDTH="83" HEIGHT="29" WC="0.92" CONTENT="hvarpä"/><SP WIDTH="17" VPOS="834" HPOS="269"/>
							<String ID="string_173" HPOS="286" VPOS="835" WIDTH="39" HEIGHT="28" WC="0.93" CONTENT="jag"/><SP WIDTH="20" VPOS="835" HPOS="325"/>
							<String ID="string_174" HPOS="345" VPOS="834" WIDTH="104" HEIGHT="28" WC="0.90" CONTENT="uppträdt"/><SP WIDTH="18" VPOS="834" HPOS="449"/>
							<String ID="string_175" HPOS="467" VPOS="834" WIDTH="7" HEIGHT="21" WC="0.93" CONTENT="i"/><SP WIDTH="21" VPOS="834" HPOS="474"/>
							<String ID="string_176" HPOS="495" VPOS="834" WIDTH="76" HEIGHT="28" WC="0.91" CONTENT="frägan"/><SP WIDTH="20" VPOS="834" HPOS="571"/>
							<String ID="string_177" HPOS="591" VPOS="834" WIDTH="25" HEIGHT="21" WC="0.96" CONTENT="de"/><SP WIDTH="17" VPOS="834" HPOS="616"/>
							<String ID="string_178" HPOS="633" VPOS="834" WIDTH="58" HEIGHT="21" WC="0.93" CONTENT="olika"/><SP WIDTH="15" VPOS="834" HPOS="691"/>
							<String ID="string_179" HPOS="706" VPOS="835" WIDTH="111" HEIGHT="28" WC="0.92" CONTENT="gängerna"/><SP WIDTH="16" VPOS="835" HPOS="817"/>
							<String ID="string_180" HPOS="833" VPOS="834" WIDTH="39" HEIGHT="22" WC="0.93" CONTENT="och"/><SP WIDTH="16" VPOS="834" HPOS="872"/>
							<String ID="string_181" HPOS="888" VPOS="841" WIDTH="47" HEIGHT="22" WC="0.92" CONTENT="spe-"/>
						</TextLine>
						<TextLine ID="line_20" HPOS="188" VPOS="869" WIDTH="747" HEIGHT="28">
							<String ID="string_182" HPOS="188" VPOS="869" WIDTH="50" HEIGHT="21" WC="0.84" CONTENT="cielt"/><SP WIDTH="15" VPOS="869" HPOS="238"/>
							<String ID="string_183" HPOS="253" VPOS="869" WIDTH="76" HEIGHT="28" WC="0.96" CONTENT="gjorde"/><SP WIDTH="16" VPOS="869" HPOS="329"/>
							<String ID="string_184" HPOS="345" VPOS="869" WIDTH="43" HEIGHT="21" WC="0.92" CONTENT="han"/><SP WIDTH="21" VPOS="869" HPOS="388"/>
							<String ID="string_185" HPOS="409" VPOS="869" WIDTH="74" HEIGHT="22" WC="0.92" CONTENT="dervid"/><SP WIDTH="16" VPOS="869" HPOS="483"/>
							<String ID="string_186" HPOS="499" VPOS="870" WIDTH="31" HEIGHT="20" WC="0.96" CONTENT="ett"/><SP WIDTH="15" VPOS="870" HPOS="530"/>
							<String ID="string_187" HPOS="545" VPOS="870" WIDTH="55" HEIGHT="20" WC="0.93" CONTENT="stort"/><SP WIDTH="14" VPOS="870" HPOS="600"/>
							<String ID="string_188" HPOS="614" VPOS="869" WIDTH="97" HEIGHT="28" WC="0.96" CONTENT="misstag,"/><SP WIDTH="16" VPOS="869" HPOS="711"/>
							<String ID="string_189" HPOS="727" VPOS="876" WIDTH="46" HEIGHT="15" WC="0.93" CONTENT="som"/><SP WIDTH="15" VPOS="876" HPOS="773"/>
							<String ID="string_190" HPOS="788" VPOS="869" WIDTH="51" HEIGHT="22" WC="0.96" CONTENT="herr"/><SP WIDTH="14" VPOS="869" HPOS="839"/>
							<String ID="string_191" HPOS="853" VPOS="869" WIDTH="82" HEIGHT="21" WC="0.96" CONTENT="Linder"/>
						</TextLine>
						<TextLine ID="line_21" HPOS="186" VPOS="903" WIDTH="749" HEIGHT="28">
							<String ID="string_192" HPOS="186" VPOS="903" WIDTH="68" HEIGHT="22" WC="0.93" CONTENT="redan"/><SP WIDTH="14" VPOS="903" HPOS="254"/>
							<String ID="string_193" HPOS="268" VPOS="903" WIDTH="115" HEIGHT="22" WC="0.92" CONTENT="releverat."/><SP WIDTH="31" VPOS="903" HPOS="383"/>
							<String ID="string_194" HPOS="414" VPOS="903" WIDTH="42" HEIGHT="28" WC="0.96" CONTENT="Jag"/><SP WIDTH="15" VPOS="903" HPOS="456"/>
							<String ID="string_195" HPOS="471" VPOS="903" WIDTH="39" HEIGHT="22" WC="0.93" CONTENT="har"/><SP WIDTH="16" VPOS="903" HPOS="510"/>
							<String ID="string_196" HPOS="526" VPOS="903" WIDTH="110" HEIGHT="28" WC="0.92" CONTENT="nemligen"/><SP WIDTH="16" VPOS="903" HPOS="636"/>
							<String ID="string_197" HPOS="652" VPOS="904" WIDTH="19" HEIGHT="27" WC="0.93" CONTENT="ej"/><SP WIDTH="17" VPOS="904" HPOS="671"/>
							<String ID="string_198" HPOS="688" VPOS="903" WIDTH="112" HEIGHT="28" WC="0.92" CONTENT="föreslagit"/><SP WIDTH="15" VPOS="903" HPOS="800"/>
							<String ID="string_199" HPOS="815" VPOS="905" WIDTH="32" HEIGHT="20" WC="0.93" CONTENT="att"/><SP WIDTH="10" VPOS="905" HPOS="847"/>
							<String ID="string_200" HPOS="857" VPOS="904" WIDTH="78" HEIGHT="21" WC="0.92" CONTENT="under-"/>
						</TextLine>
						<TextLine ID="line_22" HPOS="186" VPOS="937" WIDTH="749" HEIGHT="30">
							<String ID="string_201" HPOS="186" VPOS="937" WIDTH="68" HEIGHT="22" WC="0.93" CONTENT="hället"/><SP WIDTH="15" VPOS="937" HPOS="254"/>
							<String ID="string_202" HPOS="269" VPOS="938" WIDTH="24" HEIGHT="21" WC="0.96" CONTENT="af"/><SP WIDTH="13" VPOS="938" HPOS="293"/>
							<String ID="string_203" HPOS="306" VPOS="938" WIDTH="42" HEIGHT="21" WC="0.93" CONTENT="den"/><SP WIDTH="15" VPOS="938" HPOS="348"/>
							<String ID="string_204" HPOS="363" VPOS="937" WIDTH="82" HEIGHT="22" WC="0.93" CONTENT="indelta"/><SP WIDTH="15" VPOS="937" HPOS="445"/>
							<String ID="string_205" HPOS="460" VPOS="938" WIDTH="109" HEIGHT="21" WC="0.91" CONTENT="militären"/><SP WIDTH="16" VPOS="938" HPOS="569"/>
							<String ID="string_206" HPOS="585" VPOS="938" WIDTH="131" HEIGHT="22" WC="0.92" CONTENT="ätminstone"/><SP WIDTH="16" VPOS="938" HPOS="716"/>
							<String ID="string_207" HPOS="732" VPOS="938" WIDTH="69" HEIGHT="21" WC="0.96" CONTENT="under"/><SP WIDTH="16" VPOS="938" HPOS="801"/>
							<String ID="string_208" HPOS="817" VPOS="946" WIDTH="26" HEIGHT="14" WC="0.96" CONTENT="en"/><SP WIDTH="15" VPOS="946" HPOS="843"/>
							<String ID="string_209" HPOS="858" VPOS="939" WIDTH="77" HEIGHT="28" WC="0.97" CONTENT="längre"/>
						</TextLine>
						<TextLine ID="line_23" HPOS="188" VPOS="972" WIDTH="747" HEIGHT="29">
							<String ID="string_210" HPOS="188" VPOS="972" WIDTH="88" HEIGHT="21" WC="0.90" CONTENT="framtid"/><SP WIDTH="20" VPOS="972" HPOS="276"/>
							<String ID="string_211" HPOS="296" VPOS="972" WIDTH="70" HEIGHT="21" WC="0.93" CONTENT="skulle"/><SP WIDTH="20" VPOS="972" HPOS="366"/>
							<String ID="string_212" HPOS="386" VPOS="973" WIDTH="65" HEIGHT="27" WC="0.93" CONTENT="lyftas"/><SP WIDTH="15" VPOS="973" HPOS="451"/>
							<String ID="string_213" HPOS="466" VPOS="973" WIDTH="48" HEIGHT="20" WC="0.92" CONTENT="frän"/><SP WIDTH="13" VPOS="973" HPOS="514"/>
							<String ID="string_214" HPOS="527" VPOS="972" WIDTH="86" HEIGHT="29" WC="0.92" CONTENT="jorden,"/><SP WIDTH="16" VPOS="972" HPOS="613"/>
							<String ID="string_215" HPOS="629" VPOS="979" WIDTH="49" HEIGHT="14" WC="0.96" CONTENT="men"/><SP WIDTH="16" VPOS="979" HPOS="678"/>
							<String ID="string_216" HPOS="694" VPOS="975" WIDTH="32" HEIGHT="18" WC="0.96" CONTENT="att"/><SP WIDTH="15" VPOS="975" HPOS="726"/>
							<String ID="string_217" HPOS="741" VPOS="973" WIDTH="41" HEIGHT="21" WC="0.97" CONTENT="den"/><SP WIDTH="16" VPOS="973" HPOS="782"/>
							<String ID="string_218" HPOS="798" VPOS="973" WIDTH="70" HEIGHT="21" WC="0.93" CONTENT="skulle"/><SP WIDTH="12" VPOS="973" HPOS="868"/>
							<String ID="string_219" HPOS="880" VPOS="974" WIDTH="55" HEIGHT="27" WC="0.91" CONTENT="jem-"/>
						</TextLine>
						<TextLine ID="line_24" HPOS="187" VPOS="1007" WIDTH="748" HEIGHT="28">
							<String ID="string_220" HPOS="187" VPOS="1013" WIDTH="53" HEIGHT="15" WC="0.91" CONTENT="nare"/><SP WIDTH="16" VPOS="1013" HPOS="240"/>
							<String ID="string_221" HPOS="256" VPOS="1007" WIDTH="94" HEIGHT="21" WC="0.92" CONTENT="fördelas"/><SP WIDTH="15" VPOS="1007" HPOS="350"/>
							<String ID="string_222" HPOS="365" VPOS="1007" WIDTH="28" HEIGHT="28" WC="0.96" CONTENT="pä"/><SP WIDTH="15" VPOS="1007" HPOS="393"/>
							<String ID="string_223" HPOS="408" VPOS="1009" WIDTH="69" HEIGHT="19" WC="0.93" CONTENT="större"/><SP WIDTH="16" VPOS="1009" HPOS="477"/>
							<String ID="string_224" HPOS="493" VPOS="1007" WIDTH="93" HEIGHT="27" WC="0.92" CONTENT="kretsar,"/><SP WIDTH="12" VPOS="1007" HPOS="586"/>
							<String ID="string_225" HPOS="598" VPOS="1008" WIDTH="40" HEIGHT="27" WC="0.93" CONTENT="jag"/><SP WIDTH="15" VPOS="1008" HPOS="638"/>
							<String ID="string_226" HPOS="653" VPOS="1009" WIDTH="45" HEIGHT="20" WC="0.92" CONTENT="tror"/><SP WIDTH="12" VPOS="1009" HPOS="698"/>
							<String ID="string_227" HPOS="710" VPOS="1008" WIDTH="40" HEIGHT="27" WC="0.93" CONTENT="jag"/><SP WIDTH="16" VPOS="1008" HPOS="750"/>
							<String ID="string_228" HPOS="766" VPOS="1007" WIDTH="92" HEIGHT="22" WC="0.91" CONTENT="nämnde"/><SP WIDTH="16" VPOS="1007" HPOS="858"/>
							<String ID="string_229" HPOS="874" VPOS="1007" WIDTH="61" HEIGHT="22" WC="0.92" CONTENT="sock-"/>
						</TextLine>
						<TextLine ID="line_25" HPOS="187" VPOS="1041" WIDTH="749" HEIGHT="28">
							<String ID="string_230" HPOS="187" VPOS="1048" WIDTH="39" HEIGHT="15" WC="0.92" CONTENT="nar"/><SP WIDTH="21" VPOS="1048" HPOS="226"/>
							<String ID="string_231" HPOS="247" VPOS="1041" WIDTH="39" HEIGHT="21" WC="0.93" CONTENT="och"/><SP WIDTH="15" VPOS="1041" HPOS="286"/>
							<String ID="string_232" HPOS="301" VPOS="1041" WIDTH="99" HEIGHT="22" WC="0.91" CONTENT="härader."/><SP WIDTH="29" VPOS="1041" HPOS="400"/>
							<String ID="string_233" HPOS="429" VPOS="1041" WIDTH="76" HEIGHT="28" WC="0.96" CONTENT="Enligt"/><SP WIDTH="18" VPOS="1041" HPOS="505"/>
							<String ID="string_234" HPOS="523" VPOS="1041" WIDTH="45" HEIGHT="21" WC="0.93" CONTENT="min"/><SP WIDTH="20" VPOS="1041" HPOS="568"/>
							<String ID="string_235" HPOS="588" VPOS="1041" WIDTH="56" HEIGHT="28" WC="0.91" CONTENT="äsigt"/><SP WIDTH="16" VPOS="1041" HPOS="644"/>
							<String ID="string_236" HPOS="660" VPOS="1041" WIDTH="69" HEIGHT="22" WC="0.96" CONTENT="skulle"/><SP WIDTH="16" VPOS="1041" HPOS="729"/>
							<String ID="string_237" HPOS="745" VPOS="1042" WIDTH="59" HEIGHT="21" WC="0.93" CONTENT="detta"/><SP WIDTH="16" VPOS="1042" HPOS="804"/>
							<String ID="string_238" HPOS="820" VPOS="1041" WIDTH="116" HEIGHT="22" WC="0.92" CONTENT="medverka"/>
						</TextLine>
						<TextLine ID="line_26" HPOS="188" VPOS="1076" WIDTH="748" HEIGHT="28">
							<String ID="string_239" HPOS="188" VPOS="1076" WIDTH="33" HEIGHT="21" WC="0.93" CONTENT="till"/><SP WIDTH="13" VPOS="1076" HPOS="221"/>
							<String ID="string_240" HPOS="234" VPOS="1076" WIDTH="209" HEIGHT="28" WC="0.80" CONTENT="jordstyckningens"/><SP WIDTH="15" VPOS="1076" HPOS="443"/>
							<String ID="string_241" HPOS="458" VPOS="1076" WIDTH="173" HEIGHT="21" WC="0.95" CONTENT="underlättande."/><SP WIDTH="29" VPOS="1076" HPOS="631"/>
							<String ID="string_242" HPOS="660" VPOS="1077" WIDTH="64" HEIGHT="20" WC="0.87" CONTENT="Hvad"/><SP WIDTH="15" VPOS="1077" HPOS="724"/>
							<String ID="string_243" HPOS="739" VPOS="1077" WIDTH="50" HEIGHT="20" WC="0.96" CONTENT="herr"/><SP WIDTH="16" VPOS="1077" HPOS="789"/>
							<String ID="string_244" HPOS="805" VPOS="1084" WIDTH="42" HEIGHT="14" WC="0.93" CONTENT="von"/><SP WIDTH="10" VPOS="1084" HPOS="847"/>
							<String ID="string_245" HPOS="857" VPOS="1077" WIDTH="79" HEIGHT="21" WC="0.92" CONTENT="Haart-"/>
						</TextLine>
						<TextLine ID="line_27" HPOS="189" VPOS="1110" WIDTH="747" HEIGHT="29">
							<String ID="string_246" HPOS="189" VPOS="1117" WIDTH="50" HEIGHT="14" WC="0.95" CONTENT="man"/><SP WIDTH="16" VPOS="1117" HPOS="239"/>
							<String ID="string_247" HPOS="255" VPOS="1110" WIDTH="73" HEIGHT="21" WC="0.96" CONTENT="vidare"/><SP WIDTH="17" VPOS="1110" HPOS="328"/>
							<String ID="string_248" HPOS="345" VPOS="1110" WIDTH="58" HEIGHT="27" WC="0.96" CONTENT="sade,"/><SP WIDTH="16" VPOS="1110" HPOS="403"/>
							<String ID="string_249" HPOS="419" VPOS="1112" WIDTH="30" HEIGHT="19" WC="0.96" CONTENT="att"/><SP WIDTH="16" VPOS="1112" HPOS="449"/>
							<String ID="string_250" HPOS="465" VPOS="1110" WIDTH="36" HEIGHT="21" WC="0.97" CONTENT="det"/><SP WIDTH="15" VPOS="1110" HPOS="501"/>
							<String ID="string_251" HPOS="516" VPOS="1112" WIDTH="23" HEIGHT="19" WC="0.93" CONTENT="är"/><SP WIDTH="16" VPOS="1112" HPOS="539"/>
							<String ID="string_252" HPOS="555" VPOS="1110" WIDTH="105" HEIGHT="28" WC="0.93" CONTENT="naturligt"/><SP WIDTH="14" VPOS="1110" HPOS="660"/>
							<String ID="string_253" HPOS="674" VPOS="1112" WIDTH="33" HEIGHT="19" WC="0.96" CONTENT="att"/><SP WIDTH="15" VPOS="1112" HPOS="707"/>
							<String ID="string_254" HPOS="722" VPOS="1110" WIDTH="59" HEIGHT="21" WC="0.96" CONTENT="detta"/><SP WIDTH="10" VPOS="1110" HPOS="781"/>
							<String ID="string_255" HPOS="791" VPOS="1111" WIDTH="82" HEIGHT="27" WC="0.93" CONTENT="förslag"/><SP WIDTH="11" VPOS="1111" HPOS="873"/>
							<String ID="string_256" HPOS="884" VPOS="1118" WIDTH="52" HEIGHT="21" WC="0.92" CONTENT="upp-"/>
						</TextLine>
						<TextLine ID="line_28" HPOS="188" VPOS="1143" WIDTH="748" HEIGHT="28">
							<String ID="string_257" HPOS="188" VPOS="1143" WIDTH="99" HEIGHT="28" WC="0.93" CONTENT="kommit,"/><SP WIDTH="14" VPOS="1143" HPOS="287"/>
							<String ID="string_258" HPOS="301" VPOS="1144" WIDTH="91" HEIGHT="21" WC="0.92" CONTENT="emedan"/><SP WIDTH="16" VPOS="1144" HPOS="392"/>
							<String ID="string_259" HPOS="408" VPOS="1144" WIDTH="52" HEIGHT="21" WC="0.92" CONTENT="hvar"/><SP WIDTH="16" VPOS="1144" HPOS="460"/>
							<String ID="string_260" HPOS="476" VPOS="1144" WIDTH="39" HEIGHT="21" WC="0.95" CONTENT="och"/><SP WIDTH="16" VPOS="1144" HPOS="515"/>
							<String ID="string_261" HPOS="531" VPOS="1151" WIDTH="26" HEIGHT="14" WC="0.96" CONTENT="en"/><SP WIDTH="15" VPOS="1151" HPOS="557"/>
							<String ID="string_262" HPOS="572" VPOS="1144" WIDTH="38" HEIGHT="21" WC="0.96" CONTENT="vill"/><SP WIDTH="16" VPOS="1144" HPOS="610"/>
							<String ID="string_263" HPOS="626" VPOS="1151" WIDTH="50" HEIGHT="14" WC="0.93" CONTENT="vara"/><SP WIDTH="16" VPOS="1151" HPOS="676"/>
							<String ID="string_264" HPOS="692" VPOS="1145" WIDTH="27" HEIGHT="20" WC="0.93" CONTENT="fri"/><SP WIDTH="14" VPOS="1145" HPOS="719"/>
							<String ID="string_265" HPOS="733" VPOS="1144" WIDTH="47" HEIGHT="21" WC="0.93" CONTENT="frän"/><SP WIDTH="12" VPOS="1144" HPOS="780"/>
							<String ID="string_266" HPOS="792" VPOS="1145" WIDTH="63" HEIGHT="26" WC="0.92" CONTENT="skatt,"/><SP WIDTH="11" VPOS="1145" HPOS="855"/>
							<String ID="string_267" HPOS="866" VPOS="1145" WIDTH="70" HEIGHT="21" WC="0.96" CONTENT="skulle"/>
						</TextLine>
						<TextLine ID="line_29" HPOS="186" VPOS="1177" WIDTH="750" HEIGHT="30">
							<String ID="string_268" HPOS="186" VPOS="1178" WIDTH="40" HEIGHT="27" WC="0.96" CONTENT="jag"/><SP WIDTH="14" VPOS="1178" HPOS="226"/>
							<String ID="string_269" HPOS="240" VPOS="1177" WIDTH="110" HEIGHT="22" WC="0.96" CONTENT="dessutom"/><SP WIDTH="16" VPOS="1177" HPOS="350"/>
							<String ID="string_270" HPOS="366" VPOS="1177" WIDTH="54" HEIGHT="28" WC="0.93" CONTENT="vilja"/><SP WIDTH="15" VPOS="1177" HPOS="420"/>
							<String ID="string_271" HPOS="435" VPOS="1177" WIDTH="103" HEIGHT="22" WC="0.92" CONTENT="anmärka"/><SP WIDTH="15" VPOS="1177" HPOS="538"/>
							<String ID="string_272" HPOS="553" VPOS="1179" WIDTH="32" HEIGHT="20" WC="0.95" CONTENT="att"/><SP WIDTH="15" VPOS="1179" HPOS="585"/>
							<String ID="string_273" HPOS="600" VPOS="1178" WIDTH="7" HEIGHT="21" WC="0.95" CONTENT="i"/><SP WIDTH="16" VPOS="1178" HPOS="607"/>
							<String ID="string_274" HPOS="623" VPOS="1179" WIDTH="31" HEIGHT="20" WC="0.96" CONTENT="ett"/><SP WIDTH="15" VPOS="1179" HPOS="654"/>
							<String ID="string_275" HPOS="669" VPOS="1178" WIDTH="57" HEIGHT="27" WC="0.96" CONTENT="land,"/><SP WIDTH="17" VPOS="1178" HPOS="726"/>
							<String ID="string_276" HPOS="743" VPOS="1178" WIDTH="38" HEIGHT="21" WC="0.96" CONTENT="der"/><SP WIDTH="14" VPOS="1178" HPOS="781"/>
							<String ID="string_277" HPOS="795" VPOS="1179" WIDTH="42" HEIGHT="21" WC="0.93" CONTENT="den"/><SP WIDTH="16" VPOS="1179" HPOS="837"/>
							<String ID="string_278" HPOS="853" VPOS="1179" WIDTH="83" HEIGHT="28" WC="0.90" CONTENT="ojemn-"/>
						</TextLine>
						<TextLine ID="line_30" HPOS="188" VPOS="1211" WIDTH="750" HEIGHT="30">
							<String ID="string_279" HPOS="188" VPOS="1211" WIDTH="76" HEIGHT="29" WC="0.92" CONTENT="förligt"/><SP WIDTH="21" VPOS="1211" HPOS="264"/>
							<String ID="string_280" HPOS="285" VPOS="1213" WIDTH="69" HEIGHT="20" WC="0.96" CONTENT="större"/><SP WIDTH="23" VPOS="1213" HPOS="354"/>
							<String ID="string_281" HPOS="377" VPOS="1211" WIDTH="62" HEIGHT="21" WC="0.96" CONTENT="delen"/><SP WIDTH="24" VPOS="1211" HPOS="439"/>
							<String ID="string_282" HPOS="463" VPOS="1212" WIDTH="24" HEIGHT="21" WC="0.93" CONTENT="af"/><SP WIDTH="19" VPOS="1212" HPOS="487"/>
							<String ID="string_283" HPOS="506" VPOS="1212" WIDTH="131" HEIGHT="21" WC="0.96" CONTENT="innevånare"/><SP WIDTH="22" VPOS="1212" HPOS="637"/>
							<String ID="string_284" HPOS="659" VPOS="1213" WIDTH="73" HEIGHT="20" WC="0.96" CONTENT="består"/><SP WIDTH="19" VPOS="1213" HPOS="732"/>
							<String ID="string_285" HPOS="751" VPOS="1213" WIDTH="24" HEIGHT="20" WC="0.93" CONTENT="af"/><SP WIDTH="10" VPOS="1213" HPOS="775"/>
							<String ID="string_286" HPOS="785" VPOS="1213" WIDTH="153" HEIGHT="28" WC="0.96" CONTENT="jordbrukare,"/>
						</TextLine>
						<TextLine ID="line_31" HPOS="190" VPOS="1246" WIDTH="747" HEIGHT="28">
							<String ID="string_287" HPOS="190" VPOS="1246" WIDTH="23" HEIGHT="20" WC="0.93" CONTENT="sä"/><SP WIDTH="14" VPOS="1246" HPOS="213"/>
							<String ID="string_288" HPOS="227" VPOS="1246" WIDTH="33" HEIGHT="20" WC="0.92" CONTENT="lär"/><SP WIDTH="19" VPOS="1246" HPOS="260"/>
							<String ID="string_289" HPOS="279" VPOS="1246" WIDTH="48" HEIGHT="20" WC="0.91" CONTENT="icke"/><SP WIDTH="18" VPOS="1246" HPOS="327"/>
							<String ID="string_290" HPOS="345" VPOS="1246" WIDTH="73" HEIGHT="27" WC="0.92" CONTENT="nägon"/><SP WIDTH="20" VPOS="1246" HPOS="418"/>
							<String ID="string_291" HPOS="438" VPOS="1246" WIDTH="81" HEIGHT="21" WC="0.96" CONTENT="reform"/><SP WIDTH="15" VPOS="1246" HPOS="519"/>
							<String ID="string_292" HPOS="534" VPOS="1246" WIDTH="74" HEIGHT="21" WC="0.93" CONTENT="kunna"/><SP WIDTH="15" VPOS="1246" HPOS="608"/>
							<String ID="string_293" HPOS="623" VPOS="1246" WIDTH="49" HEIGHT="21" WC="0.91" CONTENT="leda"/><SP WIDTH="16" VPOS="1246" HPOS="672"/>
							<String ID="string_294" HPOS="688" VPOS="1247" WIDTH="87" HEIGHT="26" WC="0.92" CONTENT="derhän,"/><SP WIDTH="17" VPOS="1247" HPOS="775"/>
							<String ID="string_295" HPOS="792" VPOS="1249" WIDTH="31" HEIGHT="18" WC="0.93" CONTENT="att"/><SP WIDTH="13" VPOS="1249" HPOS="823"/>
							<String ID="string_296" HPOS="836" VPOS="1247" WIDTH="101" HEIGHT="27" WC="0.92" CONTENT="jordbru-"/>
						</TextLine>
						<TextLine ID="line_32" HPOS="189" VPOS="1279" WIDTH="749" HEIGHT="29">
							<String ID="string_297" HPOS="189" VPOS="1279" WIDTH="38" HEIGHT="20" WC="0.92" CONTENT="ket"/><SP WIDTH="19" VPOS="1279" HPOS="227"/>
							<String ID="string_298" HPOS="246" VPOS="1279" WIDTH="42" HEIGHT="21" WC="0.93" CONTENT="blir"/><SP WIDTH="20" VPOS="1279" HPOS="288"/>
							<String ID="string_299" HPOS="308" VPOS="1279" WIDTH="47" HEIGHT="20" WC="0.91" CONTENT="fritt"/><SP WIDTH="15" VPOS="1279" HPOS="355"/>
							<String ID="string_300" HPOS="370" VPOS="1279" WIDTH="48" HEIGHT="20" WC="0.92" CONTENT="frän"/><SP WIDTH="21" VPOS="1279" HPOS="418"/>
							<String ID="string_301" HPOS="439" VPOS="1279" WIDTH="65" HEIGHT="26" WC="0.92" CONTENT="skatt,"/><SP WIDTH="19" VPOS="1279" HPOS="504"/>
							<String ID="string_302" HPOS="523" VPOS="1286" WIDTH="49" HEIGHT="14" WC="0.96" CONTENT="men"/><SP WIDTH="18" VPOS="1286" HPOS="572"/>
							<String ID="string_303" HPOS="590" VPOS="1279" WIDTH="71" HEIGHT="21" WC="0.96" CONTENT="denna"/><SP WIDTH="15" VPOS="1279" HPOS="661"/>
							<String ID="string_304" HPOS="676" VPOS="1279" WIDTH="43" HEIGHT="22" WC="0.93" CONTENT="kan"/><SP WIDTH="16" VPOS="1279" HPOS="719"/>
							<String ID="string_305" HPOS="735" VPOS="1280" WIDTH="88" HEIGHT="27" WC="0.90" CONTENT="äläggas"/><SP WIDTH="13" VPOS="1280" HPOS="823"/>
							<String ID="string_306" HPOS="836" VPOS="1281" WIDTH="102" HEIGHT="27" WC="0.92" CONTENT="jordbru-"/>
						</TextLine>
						<TextLine ID="line_33" HPOS="189" VPOS="1312" WIDTH="749" HEIGHT="31">
							<String ID="string_307" HPOS="189" VPOS="1313" WIDTH="39" HEIGHT="21" WC="0.92" CONTENT="ket"/><SP WIDTH="14" VPOS="1313" HPOS="228"/>
							<String ID="string_308" HPOS="242" VPOS="1313" WIDTH="8" HEIGHT="21" WC="0.93" CONTENT="i"/><SP WIDTH="16" VPOS="1313" HPOS="250"/>
							<String ID="string_309" HPOS="266" VPOS="1312" WIDTH="151" HEIGHT="29" WC="0.92" CONTENT="mängahanda"/><SP WIDTH="22" VPOS="1312" HPOS="417"/>
							<String ID="string_310" HPOS="439" VPOS="1313" WIDTH="88" HEIGHT="27" WC="0.96" CONTENT="former,"/><SP WIDTH="23" VPOS="1313" HPOS="527"/>
							<String ID="string_311" HPOS="550" VPOS="1313" WIDTH="39" HEIGHT="21" WC="0.96" CONTENT="och"/><SP WIDTH="21" VPOS="1313" HPOS="589"/>
							<String ID="string_312" HPOS="610" VPOS="1313" WIDTH="36" HEIGHT="22" WC="0.96" CONTENT="det"/><SP WIDTH="22" VPOS="1313" HPOS="646"/>
							<String ID="string_313" HPOS="668" VPOS="1313" WIDTH="61" HEIGHT="22" WC="0.93" CONTENT="torde"/><SP WIDTH="19" VPOS="1313" HPOS="729"/>
							<String ID="string_314" HPOS="748" VPOS="1314" WIDTH="83" HEIGHT="21" WC="0.92" CONTENT="kanske"/><SP WIDTH="19" VPOS="1314" HPOS="831"/>
							<String ID="string_315" HPOS="850" VPOS="1315" WIDTH="20" HEIGHT="28" WC="0.92" CONTENT="ej"/><SP WIDTH="17" VPOS="1315" HPOS="870"/>
							<String ID="string_316" HPOS="887" VPOS="1322" WIDTH="51" HEIGHT="14" WC="0.96" CONTENT="vara"/>
						</TextLine>
						<TextLine ID="line_34" HPOS="189" VPOS="1347" WIDTH="749" HEIGHT="30">
							<String ID="string_317" HPOS="189" VPOS="1347" WIDTH="75" HEIGHT="22" WC="0.92" CONTENT="alltför"/><SP WIDTH="15" VPOS="1347" HPOS="264"/>
							<String ID="string_318" HPOS="279" VPOS="1347" WIDTH="66" HEIGHT="28" WC="0.92" CONTENT="djerft"/><SP WIDTH="16" VPOS="1347" HPOS="345"/>
							<String ID="string_319" HPOS="361" VPOS="1354" WIDTH="35" HEIGHT="14" WC="0.96" CONTENT="om"/><SP WIDTH="16" VPOS="1354" HPOS="396"/>
							<String ID="string_320" HPOS="412" VPOS="1354" WIDTH="49" HEIGHT="14" WC="0.93" CONTENT="man"/><SP WIDTH="16" VPOS="1354" HPOS="461"/>
							<String ID="string_321" HPOS="477" VPOS="1348" WIDTH="66" HEIGHT="27" WC="0.96" CONTENT="vågar"/><SP WIDTH="15" VPOS="1348" HPOS="543"/>
							<String ID="string_322" HPOS="558" VPOS="1348" WIDTH="54" HEIGHT="27" WC="0.96" CONTENT="yrka"/><SP WIDTH="15" VPOS="1348" HPOS="612"/>
							<String ID="string_323" HPOS="627" VPOS="1348" WIDTH="28" HEIGHT="28" WC="0.92" CONTENT="på"/><SP WIDTH="15" VPOS="1348" HPOS="655"/>
							<String ID="string_324" HPOS="670" VPOS="1348" WIDTH="117" HEIGHT="28" WC="0.92" CONTENT="aflyftande"/><SP WIDTH="16" VPOS="1348" HPOS="787"/>
							<String ID="string_325" HPOS="803" VPOS="1349" WIDTH="24" HEIGHT="21" WC="0.96" CONTENT="af"/><SP WIDTH="9" VPOS="1349" HPOS="827"/>
							<String ID="string_326" HPOS="836" VPOS="1356" WIDTH="26" HEIGHT="15" WC="0.93" CONTENT="en"/><SP WIDTH="11" VPOS="1356" HPOS="862"/>
							<String ID="string_327" HPOS="873" VPOS="1349" WIDTH="65" HEIGHT="28" WC="0.96" CONTENT="skatt,"/>
						</TextLine>
						<TextLine ID="line_35" HPOS="190" VPOS="1381" WIDTH="748" HEIGHT="30">
							<String ID="string_328" HPOS="190" VPOS="1389" WIDTH="46" HEIGHT="14" WC="0.96" CONTENT="som"/><SP WIDTH="14" VPOS="1389" HPOS="236"/>
							<String ID="string_329" HPOS="250" VPOS="1389" WIDTH="50" HEIGHT="14" WC="0.96" CONTENT="man"/><SP WIDTH="17" VPOS="1389" HPOS="300"/>
							<String ID="string_330" HPOS="317" VPOS="1389" WIDTH="63" HEIGHT="14" WC="0.93" CONTENT="anser"/><SP WIDTH="16" VPOS="1389" HPOS="380"/>
							<String ID="string_331" HPOS="396" VPOS="1381" WIDTH="83" HEIGHT="22" WC="0.96" CONTENT="belasta"/><SP WIDTH="15" VPOS="1381" HPOS="479"/>
							<String ID="string_332" HPOS="494" VPOS="1382" WIDTH="129" HEIGHT="28" WC="0.75" CONTENT="jordbruket"/><SP WIDTH="11" VPOS="1382" HPOS="623"/>
							<String ID="string_333" HPOS="634" VPOS="1383" WIDTH="6" HEIGHT="21" WC="0.75" CONTENT="i"/><SP WIDTH="11" VPOS="1383" HPOS="640"/>
							<String ID="string_334" HPOS="651" VPOS="1384" WIDTH="69" HEIGHT="21" WC="0.93" CONTENT="större"/><SP WIDTH="16" VPOS="1384" HPOS="720"/>
							<String ID="string_335" HPOS="736" VPOS="1384" WIDTH="158" HEIGHT="27" WC="0.96" CONTENT="proportioner,"/><SP WIDTH="16" VPOS="1384" HPOS="894"/>
							<String ID="string_336" HPOS="910" VPOS="1386" WIDTH="28" HEIGHT="19" WC="0.96" CONTENT="än"/>
						</TextLine>
						<TextLine ID="line_36" HPOS="190" VPOS="1416" WIDTH="748" HEIGHT="29">
							<String ID="string_337" HPOS="190" VPOS="1416" WIDTH="56" HEIGHT="22" WC="0.92" CONTENT="hvad"/><SP WIDTH="23" VPOS="1416" HPOS="246"/>
							<String ID="string_338" HPOS="269" VPOS="1416" WIDTH="41" HEIGHT="22" WC="0.96" CONTENT="den"/><SP WIDTH="23" VPOS="1416" HPOS="310"/>
							<String ID="string_339" HPOS="333" VPOS="1416" WIDTH="34" HEIGHT="21" WC="0.93" CONTENT="till"/><SP WIDTH="19" VPOS="1416" HPOS="367"/>
							<String ID="string_340" HPOS="386" VPOS="1416" WIDTH="131" HEIGHT="21" WC="0.93" CONTENT="statsverket"/><SP WIDTH="15" VPOS="1416" HPOS="517"/>
							<String ID="string_341" HPOS="532" VPOS="1417" WIDTH="119" HEIGHT="28" WC="0.89" CONTENT="inbringar,"/><SP WIDTH="16" VPOS="1417" HPOS="651"/>
							<String ID="string_342" HPOS="667" VPOS="1417" WIDTH="50" HEIGHT="22" WC="0.93" CONTENT="med"/><SP WIDTH="14" VPOS="1417" HPOS="717"/>
							<String ID="string_343" HPOS="731" VPOS="1418" WIDTH="50" HEIGHT="21" WC="0.92" CONTENT="fullt"/><SP WIDTH="15" VPOS="1418" HPOS="781"/>
							<String ID="string_344" HPOS="796" VPOS="1418" WIDTH="142" HEIGHT="22" WC="0.92" CONTENT="medvetande"/>
						</TextLine>
						<TextLine ID="line_37" HPOS="190" VPOS="1451" WIDTH="661" HEIGHT="28">
							<String ID="string_345" HPOS="190" VPOS="1453" WIDTH="32" HEIGHT="19" WC="0.96" CONTENT="att"/><SP WIDTH="15" VPOS="1453" HPOS="222"/>
							<String ID="string_346" HPOS="237" VPOS="1457" WIDTH="50" HEIGHT="15" WC="0.96" CONTENT="man"/><SP WIDTH="16" VPOS="1457" HPOS="287"/>
							<String ID="string_347" HPOS="303" VPOS="1451" WIDTH="28" HEIGHT="28" WC="0.96" CONTENT="pä"/><SP WIDTH="15" VPOS="1451" HPOS="331"/>
							<String ID="string_348" HPOS="346" VPOS="1452" WIDTH="66" HEIGHT="21" WC="0.93" CONTENT="annat"/><SP WIDTH="15" VPOS="1452" HPOS="412"/>
							<String ID="string_349" HPOS="427" VPOS="1451" WIDTH="44" HEIGHT="22" WC="0.96" CONTENT="håll"/><SP WIDTH="16" VPOS="1451" HPOS="471"/>
							<String ID="string_350" HPOS="487" VPOS="1451" WIDTH="32" HEIGHT="22" WC="0.96" CONTENT="får"/><SP WIDTH="15" VPOS="1451" HPOS="519"/>
							<String ID="string_351" HPOS="534" VPOS="1452" WIDTH="72" HEIGHT="23" WC="0.96" CONTENT="betala"/><SP WIDTH="16" VPOS="1452" HPOS="606"/>
							<String ID="string_352" HPOS="622" VPOS="1452" WIDTH="41" HEIGHT="21" WC="0.96" CONTENT="den"/><SP WIDTH="15" VPOS="1452" HPOS="663"/>
							<String ID="string_353" HPOS="678" VPOS="1453" WIDTH="8" HEIGHT="20" WC="0.95" CONTENT="i"/><SP WIDTH="16" VPOS="1453" HPOS="686"/>
							<String ID="string_354" HPOS="702" VPOS="1459" WIDTH="71" HEIGHT="15" WC="0.96" CONTENT="annan"/><SP WIDTH="16" VPOS="1459" HPOS="773"/>
							<String ID="string_355" HPOS="789" VPOS="1453" WIDTH="62" HEIGHT="22" WC="0.96" CONTENT="form."/>
						</TextLine>
					</TextBlock>
				</ComposedBlock>
			</PrintSpace>
		</Page>
	</Layout>
</alto>
