975 1703
727 142 38 20 701

46 207 69 21 tionen
126 214 25 13 en
162 209 99 19 närmare
275 207 132 28 granskning
421 206 40 22 och
471 206 28 29 på
510 205 71 30 grund
591 207 24 20 af
623 207 72 22 denna
705 208 90 27 gransk-

46 241 54 27 ning
116 241 70 20 uttala
206 242 31 19 ett
257 241 43 20 till-
316 241 53 21 eller
388 241 141 27 afstyrkande
545 241 24 20 af
581 241 147 28 petitionerne
743 242 54 21 eller

45 275 47 27 just
114 274 57 21 hvad
190 281 50 14 man
256 275 6 20 i
278 275 77 27 början
376 275 24 21 af
416 275 132 27 landtdagen
570 275 58 21 velat
648 275 101 28 förbjuda
765 277 32 19 ut-

48 308 89 21 skottet.
167 309 35 20 Då
217 309 123 20 emellertid
359 309 138 21 riksstånden
514 309 86 28 engång
614 311 83 27 antagit
710 310 87 27 petitio-

46 349 68 15 nerne
129 343 71 21 såsom
215 343 55 27 sina,
286 343 68 27 ansåg
369 343 34 28 sig
418 343 108 21 utskottet
536 343 49 21 icke
595 343 74 22 kunna
680 344 118 21 framträda

46 377 58 21 inför
119 377 117 21 ständerna
252 378 40 20 och
309 378 88 21 tillräda
412 377 48 21 dem
477 379 31 19 att
524 377 55 22 afstä
594 378 47 20 från
658 378 55 21 hvad
728 378 26 21 de
765 379 33 21 sä-

47 411 66 21 lunda
136 412 56 20 hade
214 412 96 21 beslutit.
342 412 42 27 Jag
404 412 43 20 kan
468 412 110 28 nemligen
596 412 48 21 icke
661 412 77 28 frängä
753 414 44 19 min

48 446 56 28 äsigt
120 448 32 19 att
172 446 36 21 det
227 448 24 19 är
272 446 133 28 fullkomligt
423 446 57 22 klart
496 448 32 20 att
543 446 85 21 ständet
643 446 72 22 häruti
731 447 67 21 redan

47 480 64 21 fattat
132 480 47 21 sina
198 480 79 22 beslut.
307 480 137 28 Visserligen
465 481 89 21 hindrar
570 482 25 27 ju
611 481 60 21 detta
687 481 49 21 dem
751 481 47 21 icke

47 516 33 20 att
94 515 34 21 till
144 515 54 28 följd
219 515 24 21 af
261 515 92 21 sednare
372 515 115 21 inträffade
507 515 186 41 omständigheter
709 523 89 14 numera

48 556 53 15 anse
117 549 122 29 petitionen
256 549 134 28 öfverflödig.

115 584 11 21 I
142 584 38 21 fall
199 584 71 21 denna
290 584 124 21 diskussion
435 585 58 20 ännu
514 584 55 21 skall
587 585 119 26 fortsättas,
722 586 23 19 är
761 585 36 21 det

47 619 59 21 svårt
121 620 32 19 att
168 619 91 26 förutse,
274 619 57 20 huru
346 619 65 27 länge
426 619 42 20 den
483 619 43 20 kan
542 619 88 20 komma
644 621 33 19 att
692 620 71 26 räcka,
775 621 23 26 ty

47 653 59 21 detta
130 654 23 20 är
168 655 32 19 ett
220 655 71 25 ämne,
314 660 46 14 som
381 653 44 21 kan
446 653 60 28 gifva
521 653 119 28 anledning
656 654 33 21 till
705 654 91 27 mycken

47 687 191 28 meningsolikhet.

114 722 78 21 Redan
208 722 68 21 första
292 722 86 28 gängen
389 723 74 20 ämnet
473 722 39 21 hos
522 722 151 28 ridderskapet
684 722 39 21 och
735 722 62 22 adeln

48 757 92 26 förevar,
160 763 39 14 var
220 756 69 28 enligt
311 756 44 20 min
371 756 66 21 tanke
453 756 152 21 diskussionen
620 757 84 27 ganska
720 758 78 20 uttöm-

48 790 78 22 mande
149 790 40 21 och
210 790 58 28 läng,
292 790 70 21 säsom
380 790 40 28 jag
440 790 55 21 hado
516 792 51 20 äran
588 792 58 26 yttra
661 792 52 27 mig,
729 792 68 20 ehuru

48 826 54 20 visst
116 825 49 21 herr
180 824 125 22 Ehrnrooth
322 831 65 21 synes
402 832 51 14 vara
469 825 24 21 af
501 831 27 15 en
544 832 71 14 annan
630 826 97 27 mening.
746 826 49 21 Men

50 860 60 20 detta
132 860 64 20 beror
216 860 26 26 ju
264 859 155 21 heltochhället
441 860 28 27 pä
488 860 52 20 hvar
561 859 39 21 och
621 866 38 14 ens
675 860 122 27 subjektiva

49 894 141 28 uppfattning
210 893 40 21 och
272 893 105 27 förtjenar
393 893 48 21 icke
457 894 119 21 omtvistas.
606 893 43 28 Jag
665 894 70 20 skulle
751 894 47 21 der-

48 929 46 20 före
118 928 80 21 föreslä
220 928 163 20 diskussionens
406 928 130 20 afslutande.
573 928 49 20 Men
646 928 151 22 dessförinnan

48 963 52 21 ville
113 963 39 27 jag
167 962 55 20 blott
238 962 91 28 tillägga
344 962 68 28 nägra
428 962 38 20 ord
482 962 49 21 med
546 962 119 28 anledning
675 962 23 21 af
707 964 31 19 att
749 963 50 21 herr

49 997 74 27 Arppe
139 996 127 27 ytterligare
282 996 135 27 framdragit,
433 998 31 19 att
479 996 153 21 medständens
648 1003 49 15 svar
712 997 28 27 pä
755 998 42 20 rid-

50 1030 128 27 derskapets
192 1030 40 21 och
246 1029 76 21 adelns
342 1030 130 28 inbjudning
488 1030 70 21 skulle
574 1030 44 21 lida
633 1030 24 21 af
671 1031 127 28 otydlighet.

50 1065 76 20 Säsom
142 1064 68 21 kändt
224 1066 67 26 antog
306 1064 151 29 ridderskapet
473 1065 39 20 och
528 1064 63 21 adeln
606 1065 147 27 petitionerna
766 1068 33 19 sä-

50 1107 44 13 som
117 1099 48 21 sina
185 1099 39 20 och
245 1099 75 31 inbjöd
336 1099 26 20 de
378 1099 70 28 öfriga
464 1099 91 21 ständen
572 1101 31 18 att
618 1099 6 20 i
640 1099 50 21 dem
706 1099 93 28 deltaga,

50 1134 44 21 icke
108 1134 10 20 i
132 1135 69 27 någon
222 1133 32 21 del
273 1133 29 28 af
319 1133 114 27 desamma,
449 1135 51 20 utan
516 1134 7 20 i
539 1133 63 21 deras
618 1133 83 28 helhet;
717 1136 82 25 presta-

53 1168 40 21 och
109 1167 185 29 borgareständen
310 1167 71 28 hafva,
398 1168 70 21 säsom
483 1169 51 20 herr
548 1168 75 28 Arppe
639 1168 67 28 sjelf
699 1163 10 37 i
718 1169 32 20 sin
766 1175 33 14 re-

50 1203 109 21 servation
175 1202 121 28 medgifvit,
311 1203 84 27 antagit
411 1203 71 21 denna
492 1202 138 28 inbjudning,
640 1203 160 21 bondeständet

49 1237 56 21 hade
125 1236 128 28 visserligen
273 1236 55 22 först
343 1237 76 21 endast
439 1237 121 28 hänskjutit
580 1237 121 27 petitionen
717 1238 33 20 till
767 1240 32 18 ut-

50 1272 92 20 skottets
165 1271 141 27 granskning,
322 1278 50 14 men
391 1271 46 27 har,
458 1272 69 27 enligt
547 1271 55 21 hvad
619 1272 38 27 jag
673 1272 67 20 sedan
756 1272 43 20 för-

50 1305 101 27 nummit,
166 1311 91 15 numera
275 1306 84 27 antagit
375 1305 116 21 desamma.
522 1305 10 21 I
548 1306 102 20 afseende
665 1306 52 20 derä
733 1306 67 20 borde

50 1339 86 21 säledes
151 1339 68 27 nägra
235 1339 73 20 vidare
324 1339 176 26 betänkligheter
515 1340 48 20 icke
579 1340 165 26 ifrägakomma.

118 1372 59 21 Herr
192 1372 125 20 Bläfield:
333 1372 129 21 Förenande
477 1373 45 26 mig
538 1373 49 20 med
602 1372 51 21 herr
666 1372 134 28 Lagerborg,

51 1406 38 22 ber
102 1406 38 29 jag
156 1406 70 21 tillika
242 1405 22 22 fä
279 1407 122 26 omnämna,
417 1407 32 20 att
464 1406 27 21 dä
507 1406 36 21 det
554 1406 68 21 första
633 1405 96 28 ärendet,
741 1413 59 14 nem-

52 1442 58 27 ligen
126 1441 77 28 frägan
220 1448 34 14 om
269 1441 125 28 periodiska
409 1441 135 28 landtdagar,
559 1441 7 20 i
577 1441 110 22 allmänna
702 1441 99 22 besvärs-
