986 1709
205 130 42 21 322

177 196 40 21 och
233 196 63 21 adeln
313 196 86 27 hyllade
423 196 57 27 åsigt
494 195 7 21 i
517 197 81 25 ämnet,
618 196 162 28 ridderskapets
797 197 39 21 och
852 197 75 21 adelns

176 230 109 29 protokoll
305 230 66 21 måtte
392 229 104 29 medfölja
517 230 36 21 det
568 230 149 28 underdåniga
739 238 50 14 svar
803 231 13 21 å
831 231 42 21 den
888 232 38 20 nå-

176 266 51 27 diga
242 264 172 29 propositionen,
430 272 46 14 som
491 260 33 26 till
538 264 29 22 H.
583 264 39 21 M:t
638 264 98 22 kommer
751 267 33 19 att
799 265 56 29 afgå.
872 266 54 27 Spe-

176 300 51 22 eielt
247 299 38 22 vill
302 300 39 27 jag
356 300 80 20 nämna
452 300 31 20 att
498 299 55 21 hvad
570 300 10 26 &
596 300 13 20 2
625 300 74 27 angår,
715 300 23 20 så
754 300 73 21 stöder
842 300 84 21 utskot-

175 336 43 20 tets
234 334 82 28 förslag
331 334 33 27 sig
380 333 72 28 derpå,
468 335 31 19 att
515 333 26 21 de
557 333 205 29 protokollsutdrag,
779 341 45 15 som
838 334 88 22 kommo

176 369 107 22 utskottet
297 368 112 26 tillhanda,
430 368 69 21 utvisa
515 369 32 20 att
560 368 36 21 två
612 368 69 26 stånd,
699 368 109 28 nemligen
824 370 102 27 borgare-

175 404 40 22 och
231 402 173 30 prestastånden,
415 402 55 21 hade
481 402 97 28 godkänt
587 403 164 27 propositionen
763 404 6 20 i
780 404 80 27 ämnet,
871 404 54 22 hvil-

173 439 44 21 ken
240 438 64 22 äfven
327 437 62 21 dessa
409 437 74 21 stånds
503 437 132 28 deputerade
654 438 6 20 i
677 438 106 21 utskottet
797 438 56 22 hade
868 439 58 21 velat

174 472 116 29 tillstyrka.
320 471 161 29 Ridderskapet
500 471 40 21 och
560 471 62 21 adeln
639 472 46 20 åter
700 472 55 21 hade
771 472 97 28 godkänt
883 473 41 21 den

173 507 123 26 redaktion,
313 513 45 14 som
374 506 49 21 dess
439 506 39 21 och
495 506 168 21 bondeståndets
679 506 134 29 deputerade
823 507 7 21 i
841 508 83 20 utskot-

173 544 33 19 tet
225 541 121 27 föreslagit,
365 542 55 19 samt
439 540 164 27 bondeståndet,
619 543 31 18 att
666 540 63 22 döma
745 541 56 21 efter
817 542 35 21 det
868 542 56 21 deri-

172 577 49 21 från
241 576 104 21 inkomna
365 574 207 29 protokollsutdrag,
593 574 89 22 alldeles
702 574 49 22 icke
773 576 77 21 uttalat
869 576 55 28 sig
913 570 15 38 i

172 611 84 29 frågan.
286 610 72 21 Fallet
378 611 24 19 är
422 609 56 21 dock
496 611 32 19 att
547 609 24 21 af
584 608 26 22 de
626 610 35 20 två
677 610 147 28 alternativer,
840 618 46 14 som
902 611 24 21 af

171 646 108 21 utskottet
293 644 98 26 föreslås,
407 644 76 21 endast
497 644 37 21 det
549 650 42 14 ena
605 644 70 20 finnes
689 644 7 20 i
711 645 148 21 betänkandet
874 646 50 21 med

171 680 75 22 kursiv
262 680 36 20 stil
313 680 111 27 upptaget,
440 678 40 22 och
496 678 27 28 på
539 678 71 21 denna
625 678 71 28 grund
711 679 82 28 vågade
803 680 39 28 jag
856 680 67 22 redan

171 716 7 20 i
194 714 107 22 utskottet
316 713 68 21 uttala
400 712 41 22 den
458 713 120 27 förmodan,
589 714 32 20 att
631 712 159 23 bondeståndet
800 714 55 22 hade
870 714 52 29 god-

171 750 53 21 känt
244 748 161 28 ridderskapets
425 748 39 20 och
483 747 75 21 adelns
574 749 56 19 samt
645 747 46 21 sina
708 755 55 21 egna
779 748 143 29 deputerades

170 784 84 28 förslag
269 783 33 21 till
318 782 114 21 redaktion
448 782 24 20 af
485 782 70 20 denna
571 782 19 26 $,
606 781 68 21 ehuru
689 782 26 21 de
730 783 29 27 på
771 784 90 21 anförda
874 784 48 21 skäl

170 818 49 22 icke
239 818 43 20 fäst
302 817 34 27 sig
354 816 35 21 vid
407 818 32 19 att
454 816 33 20 till
502 823 82 14 samma
598 816 105 28 paragraf
717 824 26 14 en
759 824 70 15 annan
845 818 77 22 redak-

170 853 46 22 tion
231 850 126 24 alternativt
373 850 98 22 föreslås.
500 850 44 22 För
560 850 37 21 det
612 850 38 22 fall
666 852 31 20 att
715 850 71 23 denna
802 852 56 29 åsigt
872 852 49 23 icke

170 888 25 21 af
207 887 118 21 utskottets
347 885 141 21 medlemmar
509 885 69 21 skulle
595 885 66 27 delas,
684 886 72 20 anhöll
770 886 39 29 jag
824 889 32 19 att
872 888 49 20 med

170 922 77 29 åtgärd
262 922 7 20 i
285 921 65 21 saken
374 920 70 21 skulle
467 919 23 21 få
511 920 59 26 bero,
594 919 44 21 tills
661 927 50 14 man
734 920 41 21 fått
797 921 123 23 kännedom

170 964 35 14 om
229 954 171 24 bondeståndets
424 954 76 21 beslut.
530 954 78 21 Denna
627 954 99 21 anhållan
750 954 72 22 bifölls
843 956 21 28 ej
880 957 40 21 och

169 992 115 21 resultatet
307 990 61 21 deraf
384 990 24 20 är
424 988 36 22 det
478 988 89 28 förslag,
586 995 46 14 som
651 996 28 14 nu
699 989 118 28 upplästes.
846 990 73 22 Emel-

168 1026 65 22 lertid
254 1026 39 20 har
311 1024 39 28 jag
365 1024 7 20 i
388 1023 42 28 dag
448 1024 29 27 pä
495 1022 171 22 bondeständets
686 1024 69 21 kansli
772 1024 95 22 enskildt
882 1033 37 14 an-

169 1061 63 21 hällit
252 1066 35 15 om
308 1058 132 28 upplysning
460 1057 75 21 härom
555 1057 41 21 och
612 1057 40 21 fätt
668 1057 41 21 den
724 1058 87 29 uppgift
826 1060 24 20 af
863 1061 56 27 tjen-

168 1097 129 19 stemännen
312 1093 7 20 i
336 1092 96 22 ständets
452 1092 77 26 kansli,
550 1093 32 19 att
597 1092 158 22 bondeständet
770 1093 97 28 godkänt
882 1094 37 22 det

168 1129 123 26 alternativ,
314 1134 46 14 som
375 1126 151 28 ridderskapet
548 1126 40 21 och
608 1126 63 22 adeln
690 1127 39 21 och
749 1128 170 22 bondeständets

167 1162 133 31 deputerade
322 1161 120 28 föreslagit.
472 1160 89 22 Säledes
582 1161 33 21 stä
635 1161 38 21 här
693 1162 36 20 två
744 1162 63 21 stånd
822 1165 45 19 mot
882 1164 36 21 två

166 1198 41 22 och
223 1197 91 23 alldeles
329 1196 47 20 icke
390 1197 32 19 tre
438 1197 45 19 mot
496 1196 31 20 ett
543 1194 53 21 eller
612 1196 36 20 två
663 1197 45 19 mot
723 1197 38 25 ett,
777 1203 46 15 som
839 1198 6 20 i
862 1205 55 14 sam-

166 1230 284 30 manjemkningsförslaget
465 1231 97 26 antages.
592 1228 43 28 Jag
650 1229 42 21 kan
708 1230 85 22 således
805 1231 47 21 icke
865 1240 52 14 anse

165 1267 68 27 något
252 1264 47 22 skäl
321 1262 117 24 förefinnas
454 1264 32 19 att
504 1263 3 20 i
523 1263 71 20 denna
610 1263 69 27 punkt
694 1263 77 28 frångå
787 1264 36 22 det
838 1266 78 27 beslut,

164 1299 153 29 ridderskapet
331 1298 41 20 och
386 1296 64 24 adeln
466 1296 67 21 redan
548 1296 70 21 fattat.

233 1334 58 22 Herr
309 1332 125 30 Pipping,
457 1330 21 24 J.
498 1330 36 24 F.:
557 1330 43 28 Jag
622 1329 39 22 har
683 1330 91 22 anhållit
797 1340 34 14 om
854 1333 62 23 ordet

164 1370 56 21 blott
239 1370 34 21 för
293 1370 32 19 att
341 1366 113 30 anmärka,
470 1367 32 19 att
518 1365 50 23 herr
583 1364 169 31 Björkenheims
767 1374 51 22 nyss
834 1368 81 29 afgifna

163 1404 101 30 yttrande
285 1403 68 28 gäller
373 1400 153 29 förnämligast
545 1400 14 21 2
579 1400 11 27 $&
608 1400 23 21 af
649 1400 143 24 förevarande
808 1410 106 16 samman-

161 1437 216 31 jemkningsförslag,
397 1438 56 20 samt
472 1437 31 21 att
523 1435 67 23 innan
610 1434 152 26 diskussionen
777 1436 75 25 härom
868 1439 46 24 yid-
