986 1706
187 133 41 20 300

158 198 42 20 han
215 198 33 26 sig
263 198 116 27 begagnar.
410 197 50 21 Men
476 204 29 14 nu
520 199 50 19 veta
585 197 21 20 vi
621 198 32 19 att
668 196 90 21 oaktadt
774 197 41 20 den
826 197 80 27 skjuts-

157 232 50 28 lega
222 232 24 20 af
261 232 25 20 10
302 232 65 28 penni
386 232 34 20 för
435 233 58 19 verst
509 238 45 14 som
570 238 29 14 nu
615 232 107 27 erlägges,
738 231 26 21 de
781 230 126 29 skjutsande

158 267 33 21 för
212 267 164 28 skjutsningens
394 266 121 28 utgörande
530 266 69 21 måste
615 266 119 21 vidkännas
750 266 111 28 betydliga
876 265 31 21 bi-

159 302 58 27 drag.
248 301 128 21 Emellertid
396 301 39 20 har
456 301 105 21 utskottet
581 300 48 21 icke
649 300 114 28 föreslagit
778 301 71 27 någon
865 300 43 20 för-

157 336 92 28 höjning
264 336 7 20 i
287 336 70 20 denna
372 336 56 27 lega,
445 336 90 20 såframt
550 335 48 21 icke
622 335 98 27 skjutsen
744 342 78 20 genom
837 336 70 19 entre-

157 372 80 26 prenör
260 370 112 26 bestrides,
395 370 89 20 oaktadt
506 370 59 20 detta
588 369 77 21 besvär
686 369 180 28 ovedersägligen
884 370 24 20 är

158 404 139 28 synnerligen
313 404 138 27 betungande
468 404 39 21 och
520 404 33 20 till
567 403 33 21 sin
617 404 70 27 grund
702 404 100 20 orättvist
812 403 96 21 åhvälfdt

159 439 41 20 den
217 438 135 28 jordegande
374 438 134 21 folkklassen
529 445 80 13 ensam.
639 437 68 21 Detta
727 444 63 14 anser
807 438 39 27 jag
859 437 49 21 icke

158 480 50 13 vara
225 472 49 21 med
289 474 43 19 rätt
348 472 38 21 och
402 472 101 28 billighet
518 472 243 21 öfverensstämmande.
792 471 115 21 Erkänner

158 514 50 14 man
228 514 28 13 en
276 507 58 27 gång
353 508 33 19 att
401 507 49 20 med
465 508 43 19 rätt
523 507 40 20 och
587 507 100 27 billighet
710 507 143 20 sammanstår
875 507 32 20 att

159 542 40 21 den
218 541 91 21 resande
330 541 39 20 bör
390 541 72 21 lemna
480 541 38 21 full
535 541 165 27 vedergällning
716 541 33 21 för
765 541 41 20 den
821 541 85 20 förmon

158 577 42 20 han
216 576 24 21 af
254 575 40 22 den
311 575 126 28 skjutsande
453 576 102 27 åtnjuter,
571 575 70 20 finnes
656 575 56 20 intet
726 575 47 21 skäl
784 577 31 19 att
825 575 82 21 undan-

158 610 58 21 hålla
232 610 25 20 de
274 609 126 28 skjutsande
414 609 131 21 densamma.
575 603 132 27 Ändamålet
725 611 32 19 att
772 610 78 20 lättare
865 609 42 21 till-

158 644 134 28 vägabringa
310 644 168 28 entreprenader
498 645 24 19 är
542 643 48 21 icke
607 650 26 14 en
649 643 118 28 tillräcklig
783 644 125 21 bevekelse-

159 679 71 28 grund
250 680 32 20 att
297 679 55 27 begå
367 685 26 14 en
411 679 110 20 orättvisa.
551 678 11 21 I
571 678 93 21 Finland
676 678 38 21 ske
724 685 61 14 resor
796 678 48 21 med
855 679 53 20 håll-

159 713 69 28 skjuts
251 713 99 28 billigare
373 713 40 20 och
436 713 63 20 äfven
519 713 81 20 fortare
621 714 26 19 än
663 713 7 20 i
686 713 67 28 något
768 715 67 18 annat
850 713 57 21 land.

157 747 38 21 Uti
210 747 60 21 detta
285 747 134 21 förhållande
438 748 49 27 låge
501 747 7 21 i
525 747 119 21 allmänhet
659 748 55 20 intet
730 747 59 26 ondt,
806 754 49 14 men
871 747 36 21 det

158 784 23 19 är
197 781 116 28 bedröfligt
328 781 26 21 då
369 788 51 14 man
435 784 35 18 vet
486 784 31 18 att
533 781 36 21 det
585 781 50 21 sker
650 782 27 27 på
693 781 121 21 bekostnad
830 782 23 20 af
862 782 45 21 lan-

157 816 47 21 dets
226 816 160 27 modernäring,
407 816 136 27 jordbruket,
563 816 28 27 på
611 815 63 21 hvars
695 816 113 21 förkofran
823 816 85 21 landets

158 851 99 21 välstånd
277 851 70 20 beror.
377 850 43 28 Jag
440 852 36 19 vet
495 851 56 20 intet
569 850 47 21 skäl
632 850 100 21 hvarföre
748 857 50 14 man
813 851 48 20 icke
877 850 31 21 äf-

158 893 41 13 ven
218 885 38 20 här
277 885 7 20 i
300 885 68 20 likhet
388 885 50 20 med
461 885 68 23 andra
550 885 76 21 länder
649 885 69 21 skulle
744 885 63 21 ställa
829 886 78 20 ersätt-

158 920 81 28 ningen
260 920 6 20 i
288 919 66 27 något
376 919 135 21 förhållande
534 920 33 20 till
590 919 41 20 den
655 919 103 21 effektiva
779 919 128 21 kostnaden.

158 954 42 28 Jag
216 954 32 21 får
264 953 86 21 derföre
365 953 81 21 föreslå
461 955 38 25 att,
515 953 49 21 med
580 953 150 22 bibehållande
742 954 23 20 af
774 954 70 27 någon
857 954 50 20 skil-

158 988 42 21 nad
216 988 6 21 i
238 988 135 28 skjutslegan
390 987 48 21 med
452 988 102 20 afseende
571 987 52 21 derå
638 994 34 14 om
688 988 99 28 skjutsen
803 988 104 21 bestrides

158 1029 78 22 genom
260 1022 145 28 entreprenad
425 1022 53 20 eller
499 1022 55 26 icke,
577 1021 135 29 skjutslegan
734 1022 122 22 bestämdes
873 1023 33 20 till

160 1058 24 20 16
206 1057 66 28 penni
293 1056 33 21 för
342 1058 64 24 verst,
429 1056 27 21 då
474 1058 143 26 entreprenör
632 1056 128 22 verkställer
776 1057 130 28 skjutsning,

158 1092 40 21 och
215 1092 25 20 12
256 1091 66 28 penni
337 1090 33 21 för
387 1092 58 19 verst
460 1091 12 21 å
488 1090 25 21 de
529 1091 84 26 ställen,
626 1090 38 21 der
675 1091 26 20 de
713 1091 195 28 skjutsningsskyl-

158 1127 50 27 diga
226 1125 76 28 sjelfva
321 1126 77 26 utgöra
416 1125 77 27 skjuts.
523 1125 68 21 Detta
606 1125 79 27 belopp
702 1125 205 21 öfverensstämmer

158 1160 65 21 också
238 1159 49 21 med
302 1159 135 28 skjutslegan
452 1160 7 20 i
471 1159 96 28 Sverige,
583 1159 87 21 hvilken
686 1160 57 20 ännu
758 1160 61 20 torde
830 1162 78 26 utgöra

158 1201 26 14 en
200 1194 107 21 riksdaler
320 1200 39 21 per
374 1193 38 21 mil
428 1194 33 20 för
477 1194 168 27 entreprenörer
660 1194 40 20 och
714 1194 28 21 80
757 1195 37 20 öre
810 1194 33 21 för
858 1195 48 21 dem

157 1236 46 13 som
219 1228 77 28 sjelfva
311 1228 123 27 ombesörja
448 1228 159 28 skjutsningen.
916 1248 2 4 ,

225 1262 59 20 Herr
298 1268 41 14 von
356 1261 76 26 Born,
448 1261 26 21 K.
493 1262 32 20 F.:
541 1261 43 27 Jag
598 1261 39 21 har
648 1261 76 28 begärt
736 1262 61 20 ordet
808 1262 32 21 för
851 1262 57 27 att,
900 1257 12 36 i

157 1295 226 21 öfverensstämmelse
392 1295 49 21 med
449 1295 55 20 hvad
510 1296 39 26 jag
557 1295 67 21 redan
633 1295 141 21 härförinnan
782 1296 8 20 i
798 1296 66 20 saken
873 1304 35 13 an-

157 1331 49 26 fört,
222 1332 58 26 yttra
295 1329 113 21 enahanda
424 1330 62 27 äsigt,
502 1336 45 14 som
560 1337 29 13 nu
602 1330 71 21 blifvit
684 1330 83 21 uttalad
779 1330 23 22 af
816 1330 92 22 friherre

157 1365 27 21 de
193 1365 21 21 la
227 1364 113 28 Chapelle;
354 1364 40 20 och
408 1370 46 14 som
466 1364 39 28 jag
519 1364 84 22 säledes
617 1364 71 22 blifvit
702 1365 157 27 förekommen,
869 1366 39 20 ber

155 1400 39 27 jag
205 1399 76 21 endast
297 1400 31 19 att
343 1398 21 22 fä
380 1398 76 21 förena
471 1399 60 28 migi
542 1399 53 21 hans
611 1399 106 28 yttrande,
734 1400 39 20 och
789 1400 33 21 fär
837 1400 71 21 tillika

157 1434 92 27 upplysa
261 1435 32 20 att
304 1433 35 21 vid
350 1433 42 21 den
404 1440 52 21 nyss
467 1434 107 21 afslutade
585 1434 116 28 riksdagen
710 1434 6 21 i
726 1434 89 28 Sverige
827 1434 81 28 skjuts-
