984 1734
186 146 42 21 774

160 212 135 21 beträffande
316 212 24 20 21
362 213 20 26 $,
404 218 49 14 men
473 211 100 21 deremot
586 212 72 19 ansett
674 210 33 27 sig
722 210 50 21 icke
786 210 75 20 kunna
876 210 32 21 bi-

159 247 53 20 falla
232 246 33 21 till
285 253 83 14 samma
387 246 82 28 förslag
490 245 70 22 sävidt
580 245 25 28 $$
627 246 26 20 10
672 245 40 20 och
730 246 22 19 11
770 245 89 28 angick,
875 245 32 20 uti

159 282 74 21 hvilka
249 281 60 22 delar
325 281 87 22 ständet
423 281 58 28 förty
496 280 109 22 vidblifvit
618 280 37 21 sitt
665 280 59 21 förut
735 280 81 21 fattade
828 279 81 29 beslut;

228 318 34 21 6:0
278 317 34 21 för
327 317 41 20 den
384 317 12 20 9
412 316 7 21 i
434 316 72 21 denna
524 315 78 22 månad
618 315 49 21 med
686 315 111 28 anmälan,
813 316 32 20 att
860 315 49 21 bor-

159 352 141 29 gareständet
320 352 23 21 af
360 351 150 22 förekommen
530 350 127 29 anledning,
675 350 49 21 med
739 350 134 29 frängäende
888 350 24 21 af

160 388 38 21 sitt
212 388 60 21 förut
286 387 7 20 i
309 387 67 21 saken
392 386 82 22 fattade
491 386 78 27 beslut,
585 385 85 22 förenat
685 385 33 28 sig
733 385 31 21 uti
775 386 83 27 presta-
869 386 40 21 och

159 422 178 22 bondeständens
356 422 72 21 beslut
447 421 8 20 i
475 421 118 28 anledning
611 420 24 21 af
651 419 79 29 nädiga
744 420 165 29 propositionen

159 465 35 14 n:o
216 459 26 20 14
262 457 113 30 angäende
395 456 96 27 lindring
511 457 24 21 af
553 463 29 14 nu
601 455 102 29 gällande
724 455 135 29 stadganden
875 462 34 15 om

159 493 127 29 kyrkoplikt
302 493 41 22 och
358 491 153 30 upphäfvande
527 491 24 22 af
564 491 41 22 den
619 491 33 21 för
663 491 58 22 vissa
730 491 60 22 brott
799 491 111 29 påbjudna

160 529 63 28 afgift
238 529 34 21 till
286 528 75 30 kyrka.

229 564 110 22 Skolande
354 563 92 22 berörde
462 562 206 29 protokollsutdrag,
684 562 74 22 hvilka
774 562 48 22 icke
837 562 72 21 föran-

159 599 64 22 ledde
246 600 33 21 till
302 599 71 28 nägon
396 598 87 30 ätgärd,
505 599 98 22 förvaras
626 597 65 22 bland
717 597 96 22 ständets
840 597 71 29 öfriga

160 631 137 36 handlingar.
486 664 21 2 =

229 705 125 28 Föredrogs
374 704 40 22 och
433 704 126 28 godkändes
575 705 156 21 sammansatta
744 704 45 28 lag-
805 704 40 20 och
861 704 50 21 eko-

160 740 179 22 nomiutskottets
354 739 82 28 förslag
449 740 34 20 till
499 738 210 30 sammanjemkning
724 739 24 21 af
762 738 151 22 riksständens

162 775 128 29 skiljaktiga
308 775 72 21 beslut
399 774 8 21 i
427 774 118 28 anledning
565 774 24 21 af
602 774 80 28 nädiga
697 773 164 29 propositionen
877 780 35 15 n:o

163 812 27 20 10
205 810 113 28 angäende
330 809 129 29 jordegares
476 809 124 29 skyldighet
615 811 32 19 att
657 810 59 20 emot
727 809 121 29 ersättning
859 816 53 22 upp-

162 846 44 22 läta
222 845 62 23 mark
300 845 34 22 för
349 844 91 23 allmänt
455 845 72 21 behof.

229 881 83 22 Härom
333 881 70 22 skulle
423 882 20 27 ej
463 881 84 22 mindre
563 880 143 22 medständen
722 881 28 21 än
766 880 147 29 expeditions-

163 917 107 22 utskottet
286 923 77 22 genom
380 916 201 29 protokollsutdrag
595 916 146 21 underrättas.

228 986 126 29 Föredrogs
379 987 220 21 ekonomiutskottets
630 986 83 29 förslag
743 986 33 21 till
805 993 108 14 samman-

160 1015 118 35 jemkning
298 1021 24 22 af
335 1021 103 22 ständens
454 1021 127 29 skiljaktiga
595 1021 73 21 beslut
683 1021 7 21 i
706 1021 119 29 anledning
840 1021 24 21 af
877 1022 37 21 nä-

162 1057 51 27 diga
232 1056 164 29 propositionen
417 1063 35 14 n:o
467 1057 28 20 42
510 1056 113 29 angäende
639 1056 97 28 lindring
751 1056 24 21 af
785 1056 129 28 jordegares

164 1091 124 28 skyldighet
306 1091 34 21 till
360 1091 173 28 hällskjutsning
552 1092 56 20 samt
628 1092 51 26 väg-
701 1091 39 21 och
761 1091 151 28 brobyggnad;

161 1125 91 21 hvarvid
267 1125 98 28 följande
380 1125 68 21 talare
464 1126 85 27 yttrade
565 1124 44 28 sig:

231 1160 58 20 Herr
307 1166 42 14 von
368 1159 92 21 Essen:
481 1160 35 20 Dä
537 1160 25 21 de
583 1161 32 19 tre
636 1160 71 28 öfriga
727 1159 91 21 ständen
839 1159 76 22 endast

163 1194 50 21 med
228 1194 68 28 nägra
310 1193 22 22 fä
346 1194 177 28 skiljaktigheter
539 1194 85 28 antagit
639 1194 118 21 utskottets
768 1194 146 28 betänkande,

162 1235 50 15 men
233 1228 152 28 ridderskapet
406 1229 40 21 och
465 1228 64 22 adeln
549 1229 108 26 deremot,
678 1229 27 21 dä
723 1229 77 28 frägan
815 1229 40 21 hos
869 1229 46 21 det-

162 1270 83 14 samma
259 1263 93 25 förevar,
368 1264 68 26 ansäg
452 1264 31 20 att
499 1263 36 21 det
550 1263 67 21 borde
633 1264 62 20 anstä
710 1263 50 21 med
775 1263 26 20 de
817 1264 7 19 i
839 1264 76 20 betän-

163 1296 81 20 kandet
264 1296 125 27 föreslagna
408 1296 202 28 interimsätgärder
630 1296 44 20 tills
695 1296 42 21 den
755 1296 94 27 komitö,
869 1303 46 14 som

162 1330 73 21 blifvit
249 1330 134 28 föreslagen,
399 1330 73 22 kunde
488 1330 34 21 till
537 1332 65 20 nästa
615 1330 106 28 landtdag
736 1330 73 22 lemna
825 1337 26 15 en
868 1330 47 28 nöj-

162 1364 62 28 aktig
239 1364 118 28 utredning
370 1364 8 21 i
392 1364 86 29 frägan,
494 1365 92 21 utbeder
599 1366 40 27 jag
654 1365 45 28 mig
715 1367 31 19 att
761 1364 23 22 fä
793 1365 122 27 hemställa,

161 1399 108 22 huruvida
289 1400 20 28 ej
330 1399 152 29 ridderskapet
503 1400 40 21 och
564 1400 65 21 adeln
649 1400 52 21 ville
722 1400 33 21 stä
770 1399 44 21 fast
826 1400 36 22 vid
878 1400 38 21 sitt

163 1442 27 14 en
206 1435 58 28 gäng
279 1435 7 21 i
302 1434 66 22 saken
384 1434 82 22 fattade
482 1435 78 27 beslut,
576 1436 24 21 sä
615 1435 88 28 mycket
717 1442 48 15 mer
776 1442 46 14 som
832 1435 83 22 ridder-

163 1470 77 29 skapet
262 1470 40 22 och
324 1469 63 23 adeln
415 1476 80 22 genom
518 1470 247 30 jemkningsförslagets
790 1471 123 28 antagande
