970 1709
736 146 38 22 621

383 212 55 28 Kap.
455 212 28 22 11.

149 257 72 23 Sättet
242 258 33 22 för
290 258 256 28 inkomstbevillningens
561 258 156 22 fastställande.

226 299 39 21 1:0.
295 298 343 28 Bevillningskomitöerna.

406 339 11 27 8
436 340 20 20 9.

126 378 57 22 Herr
200 386 43 15 von
264 380 79 26 Born,
364 379 20 21 J.
404 380 37 21 A.:
465 380 43 27 Jag
522 380 33 20 fär
569 379 116 22 hemställa
700 386 35 14 om
750 380 55 27 icke,

58 414 7 21 i
82 414 226 22 öfverensstämmelse
323 414 49 21 med
387 414 56 21 hvad
454 414 66 22 också
530 414 134 28 högvördiga
674 415 132 27 prestastän-

59 448 36 22 det
109 448 96 28 beslutit,
226 448 36 22 det
281 448 161 28 förtydligande
458 449 77 28 tillägg
552 448 65 22 borde
633 448 31 21 till
680 450 12 26 $
707 450 13 19 9
736 451 71 25 göras,

59 490 46 14 som
125 483 40 28 jag
179 484 8 20 i
202 483 45 21 min
269 483 135 21 reservation
425 484 119 28 föreslagit,
564 483 92 21 emedan
673 483 36 21 det
724 484 24 20 är
760 484 47 28 just

59 518 162 21 fastställandet
242 518 24 22 af
284 518 99 28 afgiften,
403 526 46 14 som
470 518 125 28 egentligen
617 517 132 22 tillkommer
770 519 36 21 be-

59 552 241 29 villningskomitöerne
317 553 44 25 och
382 552 59 22 detta
460 553 7 21 i
482 552 143 22 definitionen
640 553 7 20 i
662 553 12 28 $
690 554 12 20 9
718 553 89 21 alldeles

59 588 49 21 icke
124 588 44 20 stär
187 590 74 19 utsatt.

127 622 43 21 Till
190 622 56 28 följd
265 622 65 22 häraf
348 622 81 22 beslöts
449 624 32 20 att
500 622 166 28 ifrågavarande
682 623 11 27 $
709 623 12 21 9
737 623 70 21 skulle

59 657 148 28 omredigeras
223 657 100 21 sålunda:
339 674 9 12 ,
353 657 103 29 beloppet
472 658 23 21 af
508 657 41 21 den
560 657 102 27 inkomst,
673 657 88 22 hvarför
771 658 37 20 be-

59 692 93 28 villning
168 692 38 20 bör
221 692 101 28 erläggas
338 694 56 19 samt
408 692 23 21 af
445 692 77 28 sjelfva
536 692 225 28 bevillningsafgiften
774 692 34 22 för

59 727 75 27 hvarje
149 726 153 30 skattskyldig,
318 727 118 21 fastställes
452 728 34 20 af*
503 734 19 14 o.
538 734 16 15 s.
570 735 19 14 v.

403 768 11 28 $
431 768 32 20 10.

127 801 57 22 Herr
199 809 42 15 von
257 802 78 27 Born,
350 802 28 21 K.
394 802 35 21 F.:
445 802 43 29 Jag
502 802 133 27 hemställer,
651 809 34 14 om
700 802 48 21 icke
763 804 43 20 ter-

59 836 73 22 minen
143 837 34 21 för
190 837 280 28 bevillningskomit&ernas
485 836 182 28 sammanträden,
684 843 45 15 som
743 838 24 20 är
777 837 30 21 fö-

58 871 99 29 reslagen
173 871 48 22 frän
236 872 42 21 den
295 872 26 21 15
336 872 56 28 april
407 872 33 20 till
456 872 111 28 utgängen
581 870 24 22 af
614 871 90 21 oktober
720 872 86 26 mänad,

60 906 72 22 kunde
155 907 86 21 ändras.
271 906 43 28 Jag
333 908 46 20 tror
399 906 35 21 det
454 908 23 20 är
498 906 34 21 för
552 906 64 27 tidigt
635 907 31 19 att
686 912 27 15 en
732 906 75 21 bevill-

59 941 160 28 ningskomitös
238 941 194 21 sammankomster
450 941 88 28 vidtaga
553 940 43 21 den
613 941 25 20 15
654 941 61 27 april.
745 940 62 22 Män-

60 983 42 20 gen
125 976 116 21 affärsman
263 976 44 21 kan
327 976 49 21 icke
397 975 35 22 vid
454 976 40 21 den
511 975 60 21 tiden
586 974 65 22 hafva
665 975 47 21 sina
727 975 81 21 böcker

61 1011 24 20 sä
101 1010 112 28 afslutade,
229 1012 32 20 att
276 1010 26 21 de
318 1010 23 21 af
355 1010 48 22 dem
418 1010 70 21 skulle
503 1010 64 21 hafva
583 1009 119 29 tillräcklig
719 1009 90 29 ledning

60 1045 34 21 för
109 1045 150 21 beräknandet
278 1045 24 21 af
322 1045 33 21 sin
374 1051 53 15 rena
442 1045 102 26 inkomst,
558 1044 128 28 isynnerhet
699 1044 58 21 lärer
772 1044 36 21 det

61 1086 52 14 vara
129 1079 60 21 fallet
200 1080 6 20 i
218 1080 30 27 år,
265 1080 26 20 dä
306 1080 24 20 sä
344 1079 93 28 mången
452 1079 57 21 varit
524 1079 34 21 vid
575 1078 138 29 landtdagen.
738 1078 71 22 Hvar-

60 1114 47 22 före
131 1114 22 20 sä
168 1114 51 28 läng
235 1114 78 21 termin
329 1114 56 21 skall
403 1120 51 15 vara
474 1115 74 25 utsatt,
563 1113 44 21 kan
620 1114 39 27 jag
674 1113 47 21 icke
737 1113 70 21 heller

60 1150 54 20 inse.
145 1148 42 28 Jag
202 1148 33 21 fär
251 1148 85 22 derföre
352 1148 81 22 föreslä
448 1148 123 28 september
591 1148 40 21 och
653 1147 90 21 oktober
763 1148 44 20 mä-

60 1184 67 21 nader
142 1184 71 20 säsom
229 1183 127 28 lämpligare
372 1183 85 21 termin.

128 1217 102 21 Friherre
245 1217 103 21 Mellin:
369 1217 112 21 Utskottet
496 1218 39 20 har
550 1216 114 28 föreslagit
679 1216 60 21 tiden
754 1216 53 21 mel-

60 1253 36 20 lan
119 1252 42 21 den
183 1253 25 19 15
229 1252 54 28 april
300 1252 39 21 och
358 1252 111 27 utgängen
488 1252 25 20 af
526 1251 99 26 oktober,
640 1251 28 27 pä
684 1250 35 22 det
733 1250 76 22 bevill-

59 1286 203 28 ningskomit&erna
277 1286 66 22 måtte
360 1286 82 21 lemnas
456 1286 86 21 tillfälle
557 1287 32 19 att
602 1285 160 21 sammanträda
772 1284 36 22 vid

60 1322 27 20 de
103 1321 62 27 tider,
181 1328 46 14 som
247 1321 33 21 för
298 1320 76 28 hvarje
390 1321 97 21 landsort
502 1320 51 22 fölle
569 1320 33 28 sig
617 1320 131 28 lämpligast.
778 1319 32 21 Af

62 1356 26 20 de
104 1354 58 22 olika
177 1354 81 29 äsigter
273 1354 113 28 angående
401 1355 108 20 terminen
524 1354 33 21 för
572 1354 94 20 nämnde
690 1353 119 21 komitéers

61 1389 184 27 sammanträden,
269 1395 45 15 som
337 1389 59 21 inom
419 1389 105 21 utskottet
547 1388 76 28 gjorde
645 1388 33 27 sig
700 1387 109 27 gällande,

61 1425 52 21 fann
135 1431 50 14 man
204 1426 32 19 att
256 1424 34 20 för
309 1430 27 15 en
352 1424 34 20 del
401 1425 58 19 orter
475 1430 51 15 vore
542 1423 74 26 vären,
631 1423 33 21 för
680 1422 67 22 andra
762 1422 47 21 äter

62 1466 121 15 sommaren
205 1459 54 21 eller
279 1458 77 22 hösten
371 1459 7 21 i
394 1458 58 22 detta
470 1458 101 22 afseende
592 1457 216 28 ändamälsenligast;
