992 1709
197 134 41 22 164

167 202 61 19 utom
251 200 92 21 likasom
366 200 35 21 för
422 195 145 33 lurendrejeri
586 201 56 19 samt
660 199 65 21 miste
744 197 27 23 då
786 196 71 24 tillika
873 196 47 24 dra-

169 241 51 21 gare
236 234 40 21 och
291 234 205 28 forslingsredskap,
512 241 35 14 om
564 234 27 20 de
606 233 81 21 honom
702 233 107 21 tillhöra."

236 269 51 21 Men
303 269 91 21 emedan
409 268 76 21 härvid
499 269 59 20 olika
572 268 115 28 meningar
703 268 132 27 förspordes,
845 267 76 22 skreds

168 304 33 21 till
216 304 108 27 votering,
341 310 45 14 som
401 303 76 21 utföll:

318 337 8 21 i
342 337 57 28 3:dje
414 337 29 22 kl.
459 337 50 21 med
525 337 25 22 15
560 338 29 28 ja
605 337 40 21 och
662 337 26 21 10
702 338 42 27 nej,

317 388 10 11 s
344 372 90 27 SNR
482 389 8 10 ww
541 373 38 25 Og
620 389 9 9 x»
674 372 13 21 2
718 389 8 9 »

317 407 117 26 nista
429 403 18 34 1»
482 423 9 10 n»
541 407 39 26 87»
621 423 8 10 n»
677 407 13 20 5
720 423 9 10 »

237 440 36 23 Då
291 442 25 27 ja
334 441 31 22 uti
384 441 44 21 alla
443 443 33 19 tre
491 441 113 22 klasserna
620 442 80 27 segrat,
720 440 70 21 skulle
806 440 63 22 alltså
884 441 37 20 be-

169 475 64 22 rörde
252 477 12 27 8
285 476 26 21 63
331 475 111 28 redigeras
461 475 7 21 i
485 475 98 29 enlighet
598 475 50 21 med
662 475 58 21 hvad
734 475 139 22 förestående
886 476 34 27 ja-

169 510 138 29 proposition
321 510 129 21 innehäller.

236 544 177 23 Vidkommande
415 539 14 38 $
447 545 26 20 66
484 545 32 21 uti
524 543 222 23 utskottssektionens
754 544 166 28 ifrägavarande

169 579 140 22 betänkande
324 579 113 21 anmärkte

237 614 60 21 Herr
311 621 43 15 von
369 613 198 29 Weissenberg:
589 613 12 21 I
620 613 27 21 de
662 613 72 29 begge
749 613 69 22 första
833 621 87 14 momm.

171 648 24 23 af
209 648 71 23 denna
295 649 12 28 &
323 649 78 21 saknas
416 649 76 28 hvarje
506 649 245 21 ansvarsbestämmelse
767 649 34 21 för
811 649 48 27 den,
875 656 47 15 som

169 685 41 27 gör
229 683 34 29 sig
280 683 86 28 skyldig
384 683 34 21 till
437 683 156 22 öfverträdelse
609 683 24 21 af
646 683 56 21 hvad
718 683 38 21 der
771 685 24 19 är
810 683 112 28 förbjudet

170 718 41 21 och
226 718 119 28 meningen
360 717 63 22 torde
439 718 84 21 ändock
538 725 58 20 vara,
612 719 32 20 att
659 718 67 27 nägot
737 725 78 14 ansvar
826 719 7 20 i
844 718 77 21 sädant

171 753 39 21 fall
229 752 55 22 skall
304 759 41 21 ega
359 758 54 16 rum.
444 752 43 28 Jag
502 752 91 22 föreslär
608 752 87 22 derföre
711 754 31 20 att
758 752 56 22 efter
828 754 13 20 2
857 760 64 15 mom.

170 788 71 20 skulle
251 787 63 28 fogas
324 786 97 28 följande
433 786 86 29 tillägg:
531 788 85 27 ,brytes
626 787 106 27 häremot,
740 794 52 14 vare
803 788 36 21 det
851 788 70 22 öfver-

170 822 116 28 skjutande
301 821 104 29 beloppet
421 821 90 21 bränvin
527 822 63 21 alltid
604 822 128 21 förbrutet.*

239 856 58 21 Herr
312 856 98 21 Taube:
426 856 65 21 Emot
506 857 72 21 denna
593 857 11 27 $
620 857 27 20 66
663 857 39 20 har
718 857 63 21 äfven
794 858 39 27 jag
846 865 27 14 en
884 865 37 14 an-

171 891 117 28 märkning
303 892 32 20 att
351 892 60 27 göra.
441 890 49 22 Den
505 891 61 28 lyder
581 891 7 20 i
604 891 87 28 början:
711 891 77 27 ,bland
803 891 56 28 dem,
875 900 46 13 som

171 926 48 21 icke
239 927 38 20 äro
297 925 138 28 berättigade
453 927 32 19 att
502 925 92 22 bränvin
612 925 109 28 tillverka,
744 926 106 21 distillera
868 927 53 21 eller

169 959 98 28 försälja,
289 960 36 20 mä
344 966 27 15 en
388 959 53 22 hvar
460 960 112 21 husbonde
591 961 28 26 pä
638 967 26 14 en
680 961 58 27 gäng
753 960 39 21 hos
808 961 33 28 sig
856 961 65 21 hafva

170 994 61 28 dylik
241 1000 53 15 vara
307 993 34 21 till
353 995 31 20 ett
395 993 80 28 belopp
491 994 24 21 af
527 995 65 27 högst
607 994 37 21 tvä
659 994 40 21 och
710 1001 27 14 en
747 995 49 20 half
804 995 73 22 kanna
888 996 33 20 för

169 1028 77 27 hvarje
261 1034 88 22 person,
365 1027 60 22 äldre
442 1028 53 21 eller
510 1035 75 22 yngre,
600 1028 89 21 hvilken
704 1029 40 20 hör
761 1029 32 21 till
804 1029 55 21 hans
869 1030 51 21 hus-

169 1062 45 21 håll
230 1062 53 21 eller
298 1061 87 28 ständig
399 1062 51 21 kost
465 1062 39 21 hos
519 1063 80 21 honom
610 1063 116 27 åtnjuter."
757 1063 77 28 Enligt
849 1064 72 21 denna

169 1097 12 26 8
197 1096 70 21 skulle
286 1096 84 21 således
389 1103 27 14 en
435 1103 86 20 person,
545 1104 47 13 som
610 1097 21 28 ej
646 1097 40 21 har
701 1098 81 27 många
796 1098 55 21 barn
867 1099 54 20 eller

169 1131 55 20 stort
239 1129 87 22 hushåll
341 1131 7 20 i
364 1130 73 29 öfrigt,
453 1131 20 27 ej
491 1131 21 21 få
527 1131 58 28 köpa
600 1131 38 20 sitt
653 1131 68 22 behof
734 1132 24 21 af
770 1133 90 20 bränvin
872 1133 48 20 från

168 1164 107 27 fabriken,
298 1164 92 21 emedan
409 1165 38 20 der
467 1165 20 27 ej
506 1165 34 21 fär
559 1166 67 27 säljas
644 1166 85 21 mindre
744 1168 28 19 än
788 1167 26 20 15
830 1167 90 21 kannor.

169 1199 51 20 Han
242 1199 70 20 mäste
335 1198 84 21 säledes
440 1199 57 27 köpa
515 1200 23 20 af
555 1200 198 27 minuthandlaren,
777 1201 38 20 hos
831 1201 89 22 hvilken

168 1233 117 21 bränvinet
307 1232 61 21 alltid
387 1233 69 21 måste
475 1240 51 15 vara
545 1233 77 28 dyrare
641 1235 26 20 än
686 1235 8 20 i
714 1234 106 22 fabriken.
850 1235 70 22 Hvar-

168 1265 47 21 före
231 1265 56 22 skall
303 1272 27 15 en
346 1265 67 22 sådan
428 1266 162 28 inkonsegvens
605 1273 41 22 ega
661 1268 104 21 rumien
776 1268 51 28 lag?
849 1269 71 22 Hvar-

168 1300 47 20 före
231 1299 56 21 skall
305 1300 48 26 den,
370 1306 46 14 som
430 1300 40 20 har
486 1302 30 19 ett
532 1300 48 21 litet
595 1300 86 22 hushäll
698 1302 40 20 och
754 1302 84 22 säledes
854 1304 66 21 oftast

168 1336 24 19 är
207 1334 7 20 i
229 1333 91 29 torftiga
336 1334 39 21 och
391 1334 88 28 knappa
494 1335 194 29 omständigheter,
704 1337 85 28 tvingas
805 1339 32 19 att
847 1338 73 22 betala

169 1368 33 22 sin
217 1376 52 14 vara
285 1368 78 28 dyrare
379 1370 27 20 än
422 1369 49 27 den,
487 1377 45 14 som
548 1370 50 22 med
614 1372 59 20 stora
684 1371 236 29 förmögenhetsvilkor

167 1402 39 22 har
221 1405 32 19 ett
268 1404 55 20 stort
337 1403 94 22 hushäll.
453 1403 117 23 Dessutom
586 1405 148 22 förekommer
748 1407 40 21 här
804 1414 26 14 en
846 1415 73 15 annan

167 1437 168 29 inkonsegvens.
365 1438 32 21 Af
414 1438 115 22 utländska
548 1440 155 29 spritdrycker,
723 1443 15 19 t.
754 1448 34 14 ex.
804 1442 41 22 den
865 1450 16 14 s.
897 1444 21 20 k.
