992 1717
199 133 41 21 356

170 198 120 22 betecknar
313 204 27 14 en
362 197 105 28 handling
489 204 46 14 som
558 198 32 21 ett
612 196 65 28 brott,
701 198 53 20 hvar
770 197 39 21 och
825 203 34 21 en,
875 204 46 14 som

171 234 68 28 begår
261 232 133 27 densamma,
415 232 24 21 är
454 232 134 28 tillräknelig
608 231 79 22 derför.
717 232 67 21 Detta
799 238 64 22 synes
876 232 45 28 mig

171 274 52 15 vara
242 274 27 15 en
291 267 64 22 enkel
374 266 61 28 logik
451 266 40 22 och
506 267 7 21 i
529 266 98 28 enlighet
642 266 90 22 dermed
747 266 39 22 har
801 267 120 29 lagutskot-

169 304 33 20 tet
224 302 95 27 handlat,
343 302 27 21 då
393 301 36 21 det
451 301 34 21 för
504 301 166 29 ifrågavarande
689 302 105 20 förseelse
810 302 58 21 velat
884 302 36 21 be-

169 338 66 28 lägga
257 337 64 22 äfven
345 336 94 29 gvinnan
462 336 48 22 med
534 342 83 16 ansvar.
648 336 44 28 Jag
712 336 76 28 tycker
804 336 65 22 ocksä
885 336 36 22 det

169 379 52 15 vore
236 378 47 16 mer
299 373 28 20 än
342 371 144 22 nedsättande
502 371 33 21 för
552 371 101 29 gvinnan,
670 378 34 14 om
720 371 44 21 hon
774 371 8 21 i
792 371 75 29 frägan
884 378 34 15 om

169 407 74 29 dylika
265 407 118 21 förseelser
403 407 20 28 ej
445 406 69 22 skulle
531 413 63 15 anses
610 406 142 28 tillräknelig.
783 406 50 22 Hon
850 406 70 22 skulle

168 442 127 29 derigenom
311 442 112 22 nedsättas
438 441 48 22 frän
502 447 27 15 en
544 441 107 28 förnuftig
666 441 84 22 varelse
766 441 33 21 till
815 441 104 28 antingen

169 479 31 19 ett
214 477 54 21 barn
282 477 54 21 eller
351 484 28 14 en
394 476 91 27 varelse,
502 483 46 14 som
564 475 48 22 icke
627 477 93 26 ansäges
736 476 34 21 sui
782 476 63 28 juris.

235 511 59 22 Herr
313 518 42 14 von
375 510 145 28 Knorring:
543 511 45 21 Det
602 517 52 15 vore
670 511 7 20 i
694 511 93 28 sanning
801 510 116 29 högeligen

169 549 31 19 att
220 546 94 29 beklaga
334 553 35 14 om
389 545 105 22 Finlands
514 545 89 22 ständer
620 546 24 21 är
662 546 54 21 1864
730 545 49 22 icke
794 545 55 22 hade
865 552 54 22 upp-

168 582 47 21 nätt
238 581 42 22 den
302 580 54 28 grad
375 581 24 20 af
419 580 129 27 humanitet,
567 586 46 15 som
630 579 26 22 de
672 581 93 20 svenska
781 581 54 28 egde
851 581 67 21 redan

169 616 61 27 1810,
253 615 94 22 likasom
369 615 37 21 det
428 615 76 21 länder
526 615 37 21 det
585 614 93 22 svenska
700 615 163 28 prestaständet
886 615 33 21 till

167 650 122 28 evinnerlig
304 649 73 27 heder,
394 651 33 20 att
443 649 83 22 motion
541 649 5 21 i
564 649 36 21 det
616 651 70 25 ämne,
702 656 46 15 som
764 657 30 14 nu
808 651 23 20 är
841 649 77 29 ifräga,

167 685 38 22 der
225 685 47 28 just
294 684 75 29 utgick
391 684 57 21 ifrån
471 684 93 21 nämnde
586 683 70 24 stånd.
686 684 44 29 Jag
750 684 59 22 inser
828 691 44 22 nog
887 686 31 19 att

166 719 152 28 ridderskapet
341 719 39 21 och
404 718 71 28 adeln,
498 725 80 22 genom
600 718 139 22 vidhällande
762 719 23 21 af
806 719 37 21 sitt
859 719 58 21 förra

166 755 79 27 beslut,
268 754 20 29 ej
311 754 43 21 kan
376 753 67 22 verka
463 754 29 28 pä
511 753 79 22 sakens
608 754 90 27 utgäng,
714 755 53 20 enär
782 754 7 21 i
804 754 62 28 fräga
882 761 35 14 om

165 789 115 29 principen
303 789 36 21 två
362 788 63 21 stånd
448 790 88 19 stannat
559 789 58 20 emot
638 789 36 20 två
692 789 40 20 och
748 788 87 22 dermed
851 788 66 22 också

165 826 24 19 är
205 823 103 29 afgjordt,
324 824 33 20 att
372 823 37 21 det
425 823 55 21 skall
495 822 103 22 förblifva
613 823 36 20 vid
664 823 36 21 det
716 823 78 28 gamla.
817 823 50 22 Men
877 824 40 28 jag

165 858 66 29 yrkar
249 858 55 21 dock
323 858 28 27 på
369 858 37 21 det
426 859 140 27 enträgnaste
582 859 32 20 att
629 857 152 29 ridderskapet
796 858 40 21 och
852 858 63 21 adeln

165 893 48 22 icke
229 893 67 21 måtte
312 892 113 21 frånträda
441 893 32 20 sin
489 892 131 22 härutinnan
637 892 66 21 redan
719 893 86 27 yttrade
820 893 96 28 mening,

165 927 98 28 emedan,
280 935 34 14 om
334 927 66 21 också
416 927 92 28 ändring
524 928 7 20 i
547 927 41 21 den
605 933 29 15 nu
649 927 101 28 gällande
768 928 103 21 orättvisa
886 927 30 22 la-

164 969 43 22 gen
230 963 20 27 ej
271 961 44 22 kan
336 962 84 27 vinnas,
443 961 151 29 ridderskapet
614 961 39 22 och
674 962 64 21 adeln
754 961 66 22 likväl
835 969 80 21 genom

164 997 138 22 vidhållande
318 996 24 21 af
356 997 37 20 sitt
410 996 71 21 beslut
496 996 33 21 får
542 996 41 21 den
599 995 193 23 tillfredsställelse
806 998 31 20 att
851 997 64 21 hafva

165 1032 88 28 kämpat
268 1032 34 21 för
318 1037 27 15 en
361 1031 42 28 god
419 1031 39 21 sak
474 1031 40 21 och
529 1031 57 21 fallit
600 1031 50 21 med
666 1032 44 20 ära.

231 1066 59 22 Herr
301 1065 176 22 Silfversvan:
492 1066 44 21 Det
546 1065 44 22 kan
601 1065 48 22 icke
660 1073 68 20 gerna
738 1065 87 22 komma
835 1067 7 20 i
853 1066 62 29 fråga

164 1103 32 19 att
211 1101 72 28 någon
299 1107 71 14 annan
382 1101 80 27 qvinna
473 1101 97 20 kommer
581 1102 32 19 att
624 1107 92 14 ansvara
726 1100 34 21 för
770 1107 27 14 en
808 1101 106 21 förseelse

163 1135 24 22 af
200 1134 167 29 ifrågavarande
381 1136 41 25 art,
433 1136 27 19 än
471 1135 49 27 den,
536 1141 46 15 som
598 1134 104 22 framfödt
713 1136 31 20 ett
754 1135 61 27 barn,
827 1135 38 21 och
875 1136 39 27 jag

162 1170 76 28 tycker
253 1169 51 28 hon,
320 1176 79 21 genom
415 1169 26 21 de
457 1169 127 28 bekymmer
599 1169 43 21 hon
658 1169 91 22 sålunda
764 1170 100 27 erhåller,
880 1177 33 14 re-

162 1205 42 21 dan
223 1206 23 19 är
265 1204 129 27 tillräckligt
413 1204 95 27 straffad,
524 1206 52 19 utan
597 1205 32 20 att
648 1204 74 21 vidare
741 1204 71 28 plikta
829 1204 34 21 för
879 1205 33 20 sin

162 1238 111 22 förseelse.
297 1237 44 28 Jag
355 1238 87 21 förenar
457 1238 45 27 mig
518 1238 86 21 derföre
619 1238 50 21 med
679 1238 51 21 herr
741 1245 41 14 von
794 1238 118 29 Knorring.

229 1271 58 22 Herr
302 1270 158 22 Edelsköld:
483 1271 33 21 På
535 1272 43 20 sätt
594 1272 40 27 jag
649 1271 67 21 redan
732 1272 7 20 i
754 1272 107 21 utskottet
876 1279 36 15 va-

161 1306 29 21 rit
205 1306 7 20 i
227 1305 87 21 tillfälle
330 1306 32 20 att
377 1307 65 25 yttra,
457 1306 39 20 har
509 1305 39 28 jag
563 1305 35 21 för
613 1306 45 20 min
674 1306 36 20 del
724 1306 115 28 ingenting
854 1308 58 20 emot

161 1340 26 22 de
207 1340 95 22 humana
323 1340 107 27 åtgärder,
451 1346 45 14 som
518 1340 135 21 beträffande
670 1340 94 28 qvinnan
780 1341 32 21 uti
827 1341 84 21 föreva-

160 1376 67 21 rande
246 1376 63 27 fråga
327 1374 117 27 förordats;
458 1375 39 27 jag
513 1374 80 22 önskar
608 1374 56 22 blott
679 1376 32 20 att
726 1382 94 16 mannen
836 1376 76 22 dervid

162 1410 106 22 likställes
284 1409 49 21 med
350 1410 93 27 qvinnan
461 1409 59 28 eller,
540 1410 51 21 med
606 1409 67 22 andra
688 1410 46 28 ord,
750 1412 32 20 att
797 1411 38 21 allt
851 1411 63 21 straff

162 1446 34 20 för
211 1444 117 29 lägersmål
343 1444 110 28 utstrykes
469 1444 47 21 från
532 1444 72 28 lagen.
628 1444 67 22 Detta
711 1452 51 15 vore
778 1446 135 29 konseqvent
