978 1717
727 138 39 22 511

45 204 26 28 ju
93 204 129 29 uppenbart,
246 206 31 20 att
297 204 126 22 donatarien
447 205 64 21 äfven
534 204 55 22 efter
613 206 53 20 1817
689 205 64 21 bordt
775 205 22 22 få

48 239 61 27 njuta
125 239 71 21 denna
214 239 133 21 frälsenatur
364 240 35 20 för
414 240 48 21 dem
479 240 33 20 till
527 240 64 28 godo.
620 240 82 21 Vidare
723 241 23 20 är
765 240 31 21 uti

47 273 36 21 det
99 273 122 29 åberopade
238 275 120 20 momentet
373 276 49 19 utur
439 275 53 20 1817
508 274 35 21 års
559 274 129 28 författning
706 274 91 21 citeradt

47 308 36 20 det
103 308 126 27 stadgande,
246 311 43 24 ,att
310 308 26 21 de
352 308 49 21 med
419 309 134 21 allodialrätt
567 308 113 22 förlänade
695 308 101 22 hemman

48 343 53 25 n9ch
122 343 130 27 lägenheter
274 343 66 21 borde
363 343 111 21 betraktas
497 345 68 20 såsom
583 343 77 29 frälse,
681 346 41 18 när
732 344 66 28 jemte

46 377 89 28 yjorden
155 378 65 28 äfven
240 381 80 18 räntan
334 378 71 28 blifvit
420 378 33 22 till
467 378 125 22 donatarien
607 378 123 28 öfverläten,
747 384 48 14 men

48 412 84 25 n8äsom
155 412 81 27 skatte,
263 412 27 21 dä
309 412 198 28 jordeboksräntan
535 412 84 21 kronan
642 412 154 21 förbehällits*.

46 447 47 20 Allt
113 447 59 21 detta
193 447 145 28 ädagalägger
358 449 32 19 att
410 447 109 28 ätskilliga
536 447 169 28 donationsgods
721 447 76 26 finnas,

45 481 74 21 hvilka
135 482 63 21 äfven
217 482 23 21 är
258 483 54 20 1817
328 482 88 21 erkänts
433 482 156 28 obestridligen
604 489 40 21 ega
659 482 137 21 frälsenatur.

47 506 102 42 Önskligt
172 517 54 21 hade
250 517 62 26 varit,
335 519 33 18 att
383 523 26 14 en
429 517 127 28 fullständig
572 517 116 28 utredning
704 523 34 14 om
755 517 41 21 den

45 553 64 19 natur
125 551 101 28 samtliga
243 551 200 28 donationsgodsen
466 552 24 21 af
503 551 60 22 älder
583 551 98 30 innehaft
702 551 40 21 och
758 551 38 21 vil-

46 585 68 22 koren
135 585 34 22 för
189 586 63 21 deras
275 586 123 21 donerande
418 586 55 22 hade
492 587 83 20 kunnat
590 587 85 26 vinnas;
691 586 107 21 utskottet

46 620 40 21 har
108 620 92 21 anhållit
222 621 38 20 hos
283 621 131 28 regeringen
437 623 31 18 att
488 621 22 21 få
529 621 35 20 del
582 620 24 21 af
618 620 26 21 de
660 621 136 27 handlingar,

46 657 50 18 utur
112 655 74 21 hvilka
201 661 27 15 en
244 655 66 21 sädan
329 655 118 28 utredning
462 655 54 21 hade
533 655 104 28 möjligen
653 655 84 20 kunnat
752 655 45 21 vin-

46 696 47 19 nas,
113 696 50 14 men
180 689 38 21 har
234 689 46 21 deri
296 689 48 22 icke
360 689 83 28 lyckats
463 689 40 22 och
519 689 35 22 vid
571 689 76 21 sädant
662 689 134 21 förhällande

45 724 40 21 har
101 724 113 27 utskottet,
230 725 71 20 säsom
317 724 6 21 i
340 724 148 21 betänkandet
503 726 24 19 är
543 724 93 26 anfördt,
651 723 49 22 icke
714 724 83 21 kunnat

45 761 67 18 annat
135 761 26 19 än
185 766 58 20 anse,
267 761 32 19 att
321 759 54 21 1826
395 759 35 21 ärs
446 759 130 27 författning
596 759 68 20 mäste
684 759 112 21 betraktas

45 794 71 21 såsom
139 801 28 14 en
185 793 47 29 fait
252 795 107 28 accompli.
389 793 34 22 En
444 796 45 19 stor
509 793 34 21 del
560 793 23 21 af
597 793 198 28 donationsgodsen

45 828 40 21 har
100 829 67 20 sedan
187 829 23 20 år
233 829 54 21 1826
308 829 83 27 ombytt
407 835 75 22 egare;
499 830 31 19 att
545 835 30 14 nu
590 829 75 27 tvinga
682 827 62 22 dessa
759 828 36 21 do-

45 863 165 28 nationsegare,
234 863 74 22 hvilka
330 863 69 21 under
421 863 50 22 fullt
493 865 58 27 hopp
575 871 33 14 om
634 863 113 22 beståndet
775 863 23 21 af

45 899 48 20 sina
108 899 130 27 rättigheter
253 899 54 28 köpt
327 898 163 28 lägenheterna,
509 900 32 19 att
556 898 55 21 afstä
627 898 55 27 dem,
698 905 51 14 vore
766 900 30 19 att

46 934 23 20 är
86 934 55 20 1864
162 933 56 28 begä
238 940 27 14 en
286 941 29 20 ny
331 933 104 21 orättvisa
450 934 33 20 för
498 935 33 19 att
546 933 53 21 söka
615 933 51 21 bota
681 939 27 15 en
724 939 71 15 annan

46 968 110 26 orättvisa,
177 975 45 14 som
242 975 49 14 man
308 975 63 14 anser
387 975 51 14 vara
453 969 114 27 begängen
584 968 22 20 är
624 969 60 20 1826.
714 967 34 22 En
764 969 32 20 sä-

45 1003 40 21 dan
110 1003 114 28 grundsats
248 1003 42 21 kan
308 1003 40 28 jag
368 1003 48 21 icke
434 1003 91 26 biträda,
548 1004 52 19 utan
621 1009 63 14 anser
702 1004 31 19 att
753 1002 43 21 lika

45 1038 79 28 pligtig
139 1038 73 21 landet
232 1039 24 20 är
276 1039 32 20 att
322 1037 54 22 söka
391 1037 70 22 lindra
476 1038 107 27 följderna
598 1037 24 21 af
635 1037 41 22 den
693 1038 103 21 orättvisa

44 1075 46 18 mot
112 1072 234 27 donationsbönderne,
369 1079 45 14 som
430 1072 8 20 i
452 1073 57 20 vissa
533 1072 38 21 fall
587 1073 37 28 egt
646 1079 47 14 rum
718 1079 77 21 genom

47 1109 53 20 1826
117 1109 34 20 ärs
168 1107 136 29 författning,
319 1107 45 22 lika
380 1107 145 29 oberättigadt
541 1109 23 19 är
580 1107 73 21 landet
664 1109 32 19 att
706 1107 34 21 för
750 1107 46 21 vin-

45 1143 71 21 nande
133 1143 23 21 af
170 1143 59 21 detta
249 1143 43 20 mäl
313 1142 56 28 begä
384 1149 25 14 en
426 1149 28 21 ny
470 1142 104 21 orättvisa
589 1149 79 21 genom
684 1141 27 22 de
726 1141 24 22 af
763 1143 33 20 ut-

45 1178 83 21 skottet
143 1177 124 28 föreslagne
283 1177 186 28 tvängsätgärder.
485 1176 78 22 Kunde
575 1177 103 27 regering
688 1177 40 20 och
739 1178 57 19 stän-

45 1213 38 20 der
103 1219 64 14 anses
185 1211 136 29 berättigade
342 1213 32 19 att
395 1211 108 21 anhefalla
524 1211 26 20 de
566 1211 125 21 nuvarande
707 1211 88 21 donata-

43 1248 73 21 rierno
132 1249 31 19 att
178 1247 56 21 afstä
250 1246 47 21 sina
317 1246 60 28 gods,
393 1246 24 21 sä
432 1246 73 21 kunde
521 1245 50 22 med
586 1252 82 15 samma
683 1245 47 21 skäl
746 1253 49 14 ena-

44 1281 72 22 handa
131 1281 77 29 åtgärd
223 1280 106 30 päbjudas
342 1280 7 22 i
360 1280 102 22 afseende
473 1281 13 20 &
496 1279 89 22 hvilken
601 1287 71 14 annan
689 1280 106 28 egendom

45 1324 45 13 som
106 1317 57 21 helst
178 1316 7 21 i
200 1316 100 26 Finland,
316 1317 23 26 ty
355 1315 152 21 donatarierne
523 1316 37 19 äro
577 1321 77 21 genom
670 1315 126 27 kejsareord

43 1350 106 28 tryggade
173 1350 34 20 vid
230 1350 148 26 besittningen
403 1349 23 20 af
444 1349 47 20 sina
511 1349 135 26 lägenheter.
676 1348 58 20 Herr
753 1356 42 12 von

43 1384 114 28 Knorring
172 1384 38 21 har
225 1383 75 22 vidare
316 1383 59 21 ställt
390 1389 29 14 nu
435 1381 165 29 ifrågavarande
612 1382 102 27 åtgärder
725 1382 6 20 i
740 1382 56 28 jem-

43 1419 81 21 förelse
140 1419 49 21 med
204 1418 163 29 expropriation
384 1416 39 22 och
439 1424 25 14 ur
475 1418 81 20 statens
567 1416 103 28 rättighet
681 1416 33 21 till
725 1416 70 21 denna

45 1454 134 22 sistnämnda
195 1454 48 21 sökt
259 1453 107 21 deducera
381 1451 179 28 rättmätigheten
577 1451 23 22 af
614 1451 41 22 den
666 1450 68 28 förra;
745 1457 49 15 men
