986 1709
202 142 39 21 798

172 208 39 20 ska
227 207 133 28 förvaltning
375 208 24 20 är
412 208 103 28 önskligt,
526 209 31 19 att
568 207 116 21 ständerna
695 209 67 19 sattes
773 208 7 20 i
792 207 85 21 tillfälle
888 209 32 19 att

171 242 73 21 rådslå
258 248 34 15 om
308 242 26 21 de
349 242 117 28 principer,
480 249 45 14 som
538 242 35 21 vid
584 242 210 29 tullagstiftningens
810 242 109 21 ordnande

172 277 66 21 borde
249 277 115 28 iakttagas,
376 277 39 20 och
426 277 33 21 får
470 277 85 21 derföre
566 277 7 20 i
584 277 100 28 djupaste
694 277 174 28 underdånighet
879 277 39 21 hos

170 312 70 21 Eders
255 311 125 28 Kejserliga
394 311 103 28 Majestät
509 311 96 27 anhålla,
618 311 36 21 det
665 311 68 21 Eders
746 311 102 28 Majestät
860 311 59 21 täck-

171 349 33 18 tes
225 347 12 20 å
257 348 62 19 nästa
338 345 103 28 landtdag
457 346 111 27 förelägga
583 345 85 21 landets
684 345 90 22 ständer
789 345 66 28 nådig
870 352 48 21 pro-

171 381 102 28 position,
289 380 140 27 hvarigenom
447 380 116 21 ständerna
578 380 110 27 inrymdes
703 381 44 20 rätt
765 381 31 20 att
810 380 7 21 i
833 380 85 21 samråd

171 415 49 21 med
240 415 130 28 regeringen
391 414 120 21 bestämma
527 415 25 20 de
569 414 109 21 allmänna
692 414 101 28 grunder,
809 414 110 21 hvarefter

172 449 158 28 tullafgifterne
346 449 66 20 borde
429 449 108 21 debiteras
554 449 38 20 och
608 448 127 29 uppbäras.*

240 484 46 21 Och
302 483 46 21 blef
361 483 92 22 berörde
469 483 82 28 förslag
566 483 23 21 af
603 483 86 22 ståndet
699 483 118 28 godkändt,
828 483 89 22 hvarom

170 521 108 20 utskottet
295 518 68 21 skulle
380 525 77 21 genom
474 517 200 30 protokollsutdrag
689 518 143 21 underrättas.

240 589 122 27 Föredrogs
378 595 27 14 en
421 588 47 21 från
484 587 222 22 riddarhusutskottet
721 587 33 21 till
769 587 149 28 ridderskapet

172 625 39 20 och
227 624 63 21 adeln
307 623 78 21 aflåten
401 623 120 26 skrifvelse,
538 623 23 20 så
577 622 102 28 lydande:

240 659 83 26 »Innan
341 657 222 22 riddarhusutskottet
582 657 39 27 går
636 659 31 18 att
683 657 107 28 nedlägga
807 657 32 20 sin
855 657 62 20 verk-

172 694 90 26 samhet,
278 693 38 20 har
331 691 108 22 utskottet
454 693 52 19 trott
522 692 33 27 sig
570 691 53 21 böra
640 691 58 21 inför
713 691 150 28 ridderskapet
878 691 39 21 och

172 728 62 21 adeln
254 727 106 27 redogöra
380 726 34 21 för
432 725 36 21 det
486 725 104 26 tillständ,
609 725 85 21 hvaruti
710 725 25 21 de
752 725 67 21 under
835 725 82 21 utskot-

171 764 42 20 tets
236 761 52 22 vård
311 761 39 21 och
372 760 133 28 förvaltning
526 759 77 22 ställda
619 760 75 21 kassor
710 759 33 29 sig
759 760 95 27 befinna;
878 760 40 21 och

170 797 34 21 får
226 796 106 21 utskottet
354 796 7 20 i
384 794 76 21 sådant
481 794 101 22 afseende
601 795 110 20 vördsamt
729 794 92 27 anmäla,
837 794 80 21 beträf-

170 831 64 21 fande
255 830 77 21 främst
351 829 201 26 riddarhuskassan,
572 830 32 20 att
623 829 71 21 denna
709 828 59 28 fond,
783 829 28 28 på
827 830 43 19 sätt
885 835 33 14 re-

171 867 41 20 dan
234 865 108 21 tillförene
363 864 39 20 hos
423 864 150 27 ridderskapet
595 863 39 21 och
654 863 64 21 adeln
734 863 133 28 ådagalagts,
883 863 35 21 vid

171 901 41 20 den
228 899 31 21 tid
276 899 124 20 densamma
416 898 109 27 öfvertogs
541 897 23 21 af
578 898 229 27 riddarhusutskottet,
823 898 95 28 uppgick

170 935 33 20 till
226 933 77 27 89,603
325 933 61 20 mark
410 933 26 20 12
458 933 72 27 penni,
553 932 78 21 hvaraf
649 933 61 26 1,679
732 932 61 21 mark
810 933 25 20 12
851 932 66 27 penni

170 969 108 20 befunnos
292 967 92 21 kontant
399 966 155 29 inneliggande
570 967 7 20 i
593 967 85 26 kassan,
698 967 76 26 12,000
789 967 61 20 mark
865 973 52 14 voro

171 1001 137 29 deponerade
330 1002 58 19 emot
410 1001 12 20 5
446 1002 89 26 procent
555 1001 7 20 i
583 1000 200 28 föreningsbanken
799 1001 39 20 och
855 1001 62 26 8,000

171 1036 62 21 mark
248 1035 97 22 använde
364 1035 33 20 till
416 1035 84 21 inlösen
516 1034 23 21 af
552 1034 228 28 brandstodsbolagets
795 1034 33 21 för
844 1034 74 21 landet

170 1072 13 19 4
198 1072 101 27 procents
320 1069 48 21 med
388 1071 62 20 ränta
468 1070 28 27 pä
515 1070 63 21 ränta
593 1069 92 28 löpande
701 1069 144 28 obligationer
861 1070 55 19 samt

171 1106 76 26 64,840
268 1104 61 21 mark
348 1104 84 21 utlänta
453 1105 58 20 emot
526 1105 12 20 6
554 1105 101 26 procents
673 1105 69 25 ränta,
758 1106 56 19 samt
829 1105 31 20 att
876 1103 40 21 den

172 1141 12 20 &
208 1140 26 20 de
255 1142 33 18 tre
311 1138 133 21 sistnämnda
467 1145 124 14 summorna
613 1137 57 22 intill
690 1138 41 21 den
755 1138 25 21 15
795 1138 123 28 september

173 1175 53 20 1863
248 1174 110 27 upplupna
378 1179 50 15 men
449 1173 94 28 oguldna
562 1174 78 19 räntan
654 1173 101 28 utgjorde
771 1173 63 27 3,084
849 1173 68 20 mark.

169 1209 31 20 Af
214 1208 63 21 dessa
293 1207 70 21 medel
377 1207 40 21 har
432 1207 107 21 utskottet
553 1207 92 20 bestridt
659 1207 114 26 särskilda,
786 1207 130 21 hufvudsak-

169 1243 65 26 ligast
258 1242 23 20 af
301 1240 132 28 landtdagen
454 1241 39 20 och
509 1241 189 20 landtständernas
714 1241 203 21 sammanträdande

170 1276 13 20 &
198 1275 136 21 riddarhuset
349 1274 127 22 föranledde
492 1274 124 26 kostnader,
633 1274 33 21 till
676 1276 31 19 ett
718 1274 78 28 belopp
807 1274 24 21 af
839 1274 77 27 54,902

169 1310 63 20 mark
253 1309 26 21 62
299 1309 73 27 penni,
390 1308 78 21 hvaraf
482 1308 51 21 flere
548 1310 69 19 större
633 1310 72 26 poster
720 1308 71 28 ätgätt
807 1308 32 21 till
855 1308 61 28 ligvi-

169 1343 95 22 derande
285 1343 23 21 af
326 1342 110 28 ätskillige
457 1343 47 21 utaf
518 1342 41 22 den
575 1345 73 19 senast
669 1343 110 28 afgängna
793 1342 123 22 riddarhus-

169 1379 138 21 direktionen
324 1378 77 28 gjorda
416 1378 157 28 beställningar
588 1378 13 21 &
616 1378 82 21 möbler
714 1377 40 22 och
770 1378 67 21 andra
849 1378 67 22 effek-

169 1415 33 20 ter
222 1414 34 20 för
276 1412 143 28 riddarhuset,
437 1415 55 19 samt
510 1412 124 29 aflöningen
649 1413 34 21 för
698 1412 163 29 ridderskapets
877 1413 39 21 och

170 1449 75 21 adelns
265 1447 68 23 under
353 1447 132 29 landtdagen
503 1447 92 22 tillsatta
612 1448 174 28 kanslipersonal
799 1448 69 28 jemte
883 1456 31 14 ar-
