992 1703
756 127 42 21 345

76 189 63 22 stånd
152 192 33 19 att
201 190 110 22 förnärma
327 197 162 22 qvarnegarens
505 192 50 26 rätt,
566 191 69 22 måste
646 192 65 22 också
722 193 103 21 kontrak-

76 226 32 19 tet
123 225 54 21 eller
192 225 93 22 vilkoret
301 225 47 21 från
365 225 41 21 den
421 226 77 21 andras
514 226 46 21 sida
571 226 22 21 få
604 227 84 28 brytas;
705 227 37 21 det
756 227 71 22 skulle

76 259 50 21 med
148 259 68 21 andra
238 259 45 27 ord,
307 259 134 21 beträffande
461 259 155 28 Tammerfors,
636 263 52 26 säga
706 261 120 22 detsamma

76 299 45 15 som
143 295 32 19 att
195 294 62 27 flytta
277 294 50 20 bort
342 294 49 21 hela
406 294 83 27 staden,
506 295 39 20 och
562 295 86 21 derföre
664 301 63 15 anser
739 296 41 27 jag
795 297 31 19 ett

76 327 76 21 sådant
168 327 117 29 undantag,
306 335 46 13 som
371 327 92 22 friherre
478 327 77 22 Mellin
570 329 121 28 föreslagit,
707 336 51 14 vara
774 337 52 21 gan-

76 361 39 21 ska
130 361 83 28 nödigt.

143 396 104 21 Friherre
263 396 29 21 de
307 396 26 20 la
349 396 138 28 Chapelle:
503 396 35 22 Då
553 403 27 15 en
597 397 118 29 odalqvarn
727 398 50 21 med
792 398 34 21 sin

76 432 62 19 ränta
153 430 71 28 ingått
243 430 32 22 till
296 430 101 22 bildande
414 430 23 21 af
451 438 26 14 en
493 431 167 27 rusthållsstom,
676 433 36 21 vet
724 432 41 28 jag
778 432 48 22 icke

75 465 55 21 huru
151 465 50 21 med
220 466 38 20 vår
273 472 29 14 nu
318 465 101 27 gällande
439 465 139 29 lagstiftning
593 472 27 15 en
636 466 128 28 utbrytning
778 466 48 22 från

75 501 108 19 stommen
203 500 55 20 skall
279 500 74 20 kunna
373 501 98 19 ersättas.
502 500 35 21 Då
556 507 97 21 qvarnen
668 500 72 28 ingått
755 502 71 20 såsom

74 534 155 28 integrerande
245 534 35 21 del
296 534 31 21 uti
343 534 121 26 rusthållet,
476 535 64 21 hvars
551 541 66 21 egare
628 534 63 22 äfven
703 542 51 20 eger
766 542 61 21 qvar-

75 574 51 21 nen,
148 568 44 21 kan
213 568 41 22 den
273 568 130 28 nyanlagda,
423 575 71 15 annan
511 575 65 21 egare
592 568 112 29 tillhöriga
720 576 107 20 qvarnens

75 604 63 20 ränta
157 602 48 21 icke
224 604 78 27 utgöra
325 603 121 27 ersättning
462 603 33 21 för
510 602 106 29 mistning
632 603 23 21 af
669 604 157 27 eganderätten

76 637 33 21 till
125 637 42 21 den
182 637 60 21 äldre
258 637 82 21 indelta
356 637 155 29 odalqvarnen,
526 644 47 14 som
589 638 123 21 emellertid
727 638 47 28 gått
789 645 38 15 un-

75 672 45 21 der.
150 672 41 20 Att
213 672 46 21 åter
282 672 72 27 någon
377 672 141 28 nedsättning
536 672 24 21 af
580 679 28 13 en
627 674 137 26 qvarnränta,
781 680 45 13 som

75 706 147 21 rusthållaren
238 706 53 28 sjelf
305 706 96 28 åtnjuter
417 707 70 20 såsom
503 706 76 28 bidrag
594 706 33 21 till
642 707 108 28 rustning,
761 707 67 21 sedan

76 747 109 22 qvarnens
201 741 58 21 mäld
273 741 102 28 upphört,
391 740 48 21 icke
456 741 42 20 kan
514 741 88 21 komma
615 741 77 28 ifråga,
704 741 61 22 torde
776 749 52 13 vara

75 775 86 29 tydligt.
192 775 43 28 Jag
257 775 70 21 finner
351 775 83 21 således
457 775 89 21 alldeles
566 775 164 28 oundgängligt,
746 775 34 21 för
796 777 32 20 att

76 810 136 21 förekomma
233 810 162 27 förvecklingar
418 810 7 20 i
448 810 122 26 framtiden,
591 811 32 19 att
643 810 43 21 den
703 810 126 28 föreslagna

76 845 188 28 pröfningsrätten
283 844 8 21 i
309 843 103 22 afseende
428 844 13 21 å
456 843 168 29 ifrågavarande
639 844 59 21 äldre
715 844 114 28 odalqvar-

76 885 39 16 nar
131 878 148 29 uttryckligen
296 878 139 21 förbehålles.

144 913 59 22 Herr
217 920 42 14 von
275 913 79 26 Born,
370 912 27 21 K.
413 912 32 21 F.:
465 913 43 28 Jag
526 913 69 21 måste
611 913 104 21 motsätta
730 913 46 28 mig
790 913 38 21 fri-

76 949 64 20 herre
156 948 27 21 de
198 947 21 21 la
235 947 116 29 Chapelles
367 947 64 28 åsigt.
455 947 41 22 Om
513 954 27 14 en
556 954 66 21 qvarn
639 947 62 29 ingår
712 947 7 21 i
730 950 32 18 ett
772 949 56 20 rust-

76 983 52 26 håll,
144 983 24 20 så
183 983 37 20 äro
236 982 67 21 redan
319 983 41 20 200
376 982 23 21 år
415 981 102 22 förflutna
533 982 66 21 sedan
611 983 31 20 ett
656 982 78 21 sådant
748 982 80 21 förhål-

76 1017 64 21 lande
161 1017 51 20 kom
233 1017 33 20 till
287 1016 70 21 stånd.
387 1016 52 21 Icke
459 1016 72 21 kunde
547 1022 50 15 man
614 1016 27 20 då
656 1016 82 21 förutse
754 1017 32 19 att
802 1022 27 14 en

76 1057 68 21 qvarn
164 1050 69 21 skulle
249 1050 22 22 få
287 1050 138 21 uteslutande
445 1050 139 28 privilegium
600 1050 34 20 för
650 1050 28 21 all
694 1050 88 20 framtid
798 1051 32 19 att

76 1085 58 21 mala
154 1085 34 21 för
207 1084 51 21 hela
277 1085 40 21 den
337 1084 138 28 omgifvande
491 1084 165 28 befolkningen,
670 1084 88 22 hvilken
774 1084 55 27 möj-

76 1119 59 28 ligen
158 1120 28 26 på
209 1120 62 20 orten
295 1118 72 21 kunde
384 1119 85 27 uppstå,
491 1126 27 14 en
542 1118 136 28 befolkning,
697 1125 46 14 som
763 1118 66 21 sedan

76 1154 72 20 denna
164 1153 31 20 tid
211 1153 42 20 kan
269 1153 65 21 hafva
348 1152 138 28 fyrdubblats
502 1152 40 22 och
558 1152 56 21 efter
630 1154 30 19 ett
676 1152 59 21 sekel
746 1152 84 20 kanske

76 1189 24 19 är
119 1186 133 22 tiodubblad.
283 1186 61 22 Skall
363 1194 27 13 en
411 1186 65 21 sådan
496 1187 171 27 rusthällsgvarn
686 1186 145 21 tillerkännas

76 1221 106 28 rättighet
198 1223 31 19 att
245 1222 116 26 utestänga
376 1221 43 21 alla
435 1220 68 22 andra
522 1228 94 21 qvarnar
631 1220 7 21 i
654 1220 102 22 trakten?
787 1220 44 21 Det

76 1256 44 20 kan
143 1256 66 20 också
231 1256 68 20 oftast
320 1255 67 21 blifva
411 1262 27 14 en
462 1255 128 29 omöjlighet
610 1256 32 20 att
658 1255 24 21 så
697 1254 90 29 utvidga
802 1261 27 15 en

76 1290 68 21 sådan
168 1297 73 21 qvarn,
263 1292 32 18 att
315 1290 41 20 den
376 1289 73 21 kunde
469 1290 58 21 mala
546 1290 34 20 för
600 1289 50 21 hela
665 1289 166 28 befolkningen,

78 1324 40 21 och
133 1324 54 21 hvar
203 1324 55 21 skall
274 1324 34 20 väl
325 1324 27 20 då
367 1324 29 20 all
413 1324 56 26 öfrig
485 1324 97 27 behöflig
596 1324 59 20 mäld
670 1324 74 20 kunna
760 1324 71 20 åstad-

77 1357 114 20 kommas?
211 1358 27 20 då
259 1358 42 19 den
322 1357 59 20 äldre
401 1364 104 21 qvarnen,
522 1357 67 20 sådan
605 1357 42 20 den
662 1357 83 20 funnits
761 1356 33 20 till
810 1356 25 21 af

76 1391 68 26 ålder,
160 1391 39 20 har
215 1391 40 21 full
271 1391 174 28 sysselsättning,
461 1391 83 20 hvilket
555 1390 36 21 vid
602 1390 129 28 tilltagande
746 1390 85 21 befolk-

78 1425 54 29 ning
153 1425 94 28 troligen
271 1425 62 22 alltid
356 1425 43 22 blir
421 1425 69 28 fallet,
509 1425 43 22 kan
573 1425 67 28 något
658 1425 88 28 intrång
761 1424 7 21 i
782 1425 50 22 dess
