973 1709
739 132 41 21 673

58 196 69 29 något
144 198 127 21 omoraliskt
286 198 49 28 låge
345 198 7 20 i
363 197 229 29 fabriksbränningen,
608 200 22 26 ty
641 200 31 19 att
687 198 53 28 vilja
750 197 60 21 tolka

60 231 170 22 bondeståndets
247 232 71 21 beslut
333 232 132 21 härutinnan
477 232 96 27 sålunda,
584 234 33 19 att
630 232 36 21 det
676 232 134 20 hedervärda

58 265 87 21 ståndet
160 268 59 19 emot
233 265 115 29 betalning
362 266 83 21 tillåter
459 266 131 21 omoraliska
605 266 136 28 handlingar,
757 272 52 14 vore

58 307 27 14 en
100 300 83 21 infami.
215 300 102 21 Derefter
339 301 39 20 har
402 301 159 20 bondeståndet
582 301 85 20 voterat
686 299 124 28 fördelning

58 334 24 21 af
96 335 42 20 den
159 341 78 21 genom
258 335 205 28 fabriksbrännings
483 335 113 21 införande
615 335 23 21 af
651 335 108 20 utskottet
775 334 35 21 be-

58 369 96 21 räknade
175 369 65 26 skatt,
261 376 49 14 men
325 369 68 21 under
409 369 118 28 gårdagen,
543 369 66 21 sedan
625 369 37 21 det
677 369 134 21 hedervärda

58 403 160 21 bondeståndet
240 403 88 22 erhållit
350 403 99 28 kunskap
471 411 41 20 om,
532 405 32 20 att
582 403 27 25 de
626 403 69 28 öfrige
711 403 99 26 stånden,

58 437 170 22 bondeståndets
243 437 132 29 inbjudning
390 438 95 27 oaktadt,
502 438 96 21 vidhålla
613 438 47 21 sina
674 438 78 26 beslut,
766 437 43 21 för-

57 472 73 21 kastat
146 472 107 28 samtliga,
270 472 111 28 angående
398 472 286 28 bränvinstillverkningens
700 471 110 22 ordnande

58 506 78 28 gjorda
155 507 83 27 förslag
258 507 41 20 och
319 507 43 26 det,
382 507 85 20 oafsedt
483 513 82 15 samma
579 507 62 20 stånd
656 507 67 20 redan
739 506 71 21 förde-

58 541 32 20 lat
105 541 41 20 den
163 540 155 29 presumerade
334 541 93 21 skatten,
457 541 39 21 Ett
512 541 77 21 sådant
604 541 125 21 förfarande
741 541 70 20 skulle

59 575 42 21 den
117 575 111 22 allmänna
244 574 118 29 opinionen
378 575 105 28 möjligen
500 575 107 21 förklarat
622 575 98 26 sålunda,
736 577 32 19 att
783 582 27 14 en

58 610 73 27 knapp
155 610 113 27 majoritet
287 610 7 20 i
309 609 160 22 bondeståndet
490 609 91 22 handlat
601 609 69 22 under
690 609 121 29 inflytande

58 644 24 21 af
102 643 72 29 dåliga
196 645 40 20 och
258 644 141 27 egennyttiga
414 644 130 28 rädgifvare,
562 645 46 26 och,
624 644 26 21 då
666 644 42 21 den
724 643 88 29 dagliga

59 678 154 22 erfarenheten
229 679 36 20 vid
280 679 85 20 landets
380 679 188 21 underdomstolar
584 679 69 28 gifver
668 679 34 20 för
718 678 94 27 handen,

60 715 32 19 att
107 715 32 19 ett
155 713 51 21 slikt
221 713 120 28 inflytande
352 713 72 21 städse
435 713 33 21 för
479 714 109 27 allmogen
600 713 52 28 sjelf
660 713 56 21 varit
726 713 85 28 olycks-

59 747 129 28 bringande,
204 748 55 21 skall
281 755 82 14 samma
378 748 89 27 opinion
483 748 120 28 möjligtvis
619 747 65 28 lägga
699 747 27 22 de
742 747 70 28 öfriga

60 783 94 21 stånden
176 782 32 21 till
225 783 50 26 last,
292 789 33 14 om
342 782 26 21 de
385 783 19 28 ej
421 789 29 14 nu
467 789 78 22 genom
562 789 26 14 en
604 789 126 21 gemensam
746 781 66 29 depu-

60 817 70 20 tation
146 817 7 20 i
168 817 125 27 broderliga
314 817 40 20 och
373 817 104 28 hjertliga
499 817 90 27 ordalag
609 817 59 27 gifva
683 816 37 21 det
735 816 77 21 heder-

61 851 66 22 värda
148 851 159 22 bondeståndet
328 851 107 22 tillkänna
456 853 32 20 att
508 852 33 27 de,
555 851 169 22 bondeständets
742 851 71 23 beslut

61 887 97 24 oaktadt,
174 887 53 30 icke
247 886 74 21 kunna
337 886 50 21 vika
403 886 47 21 från
467 887 47 21 sina
529 887 7 20 i
552 887 72 21 denna
638 887 63 28 fråga
716 887 96 22 uttalade

61 921 141 28 grundsatser
219 921 41 21 och
275 921 36 21 det
325 921 23 20 sä
363 921 87 28 mycket
469 929 53 18 mer,
538 928 46 15 som
600 921 74 29 hvarje
690 921 72 22 beslut
776 922 37 21 vid

61 956 72 21 denna
149 956 105 27 landtdag
269 955 56 22 skall
341 956 22 20 af
377 955 107 23 historien
500 962 28 17 en
543 957 58 28 gäng
614 957 104 21 bedömas
735 957 39 20 och
786 957 26 20 de

62 990 70 28 öfriga
154 990 90 21 stånden
262 991 20 27 ej
298 990 75 21 kunna
387 990 147 30 undertrycka
550 991 41 22 den
607 991 122 27 förmodan,
745 992 31 20 att
791 991 24 20 af

60 1024 171 22 bondeståndets
253 1025 73 21 beslut
346 1026 8 20 i
375 1026 71 21 denna
467 1027 63 28 fråga
554 1033 92 14 numera
667 1026 65 21 beror
755 1025 57 22 hvad

60 1059 92 28 aktning
168 1059 119 22 monarken
302 1060 39 21 och
356 1061 36 20 det
407 1061 71 21 finska
493 1061 69 21 folket
578 1060 7 21 i
597 1061 32 20 sin
644 1060 74 27 helhet
729 1060 7 20 i
747 1059 65 22 fram-

60 1093 60 22 tiden
144 1094 54 21 skall
221 1095 75 21 kunna
315 1095 54 28 hysa
389 1095 33 21 för
440 1095 84 22 landets
540 1095 94 28 allmoge
650 1095 40 20 och
705 1094 107 21 huruvida

60 1129 20 28 ej
101 1129 40 20 hos
164 1129 128 27 monarken,
316 1136 79 21 genom
417 1129 171 22 bondeståndets
608 1129 7 20 i
631 1129 181 27 bränvinsfrågan

59 1163 123 22 hvarandra
198 1164 23 21 så
236 1164 143 27 motsägande
395 1164 154 27 tillgöranden,
565 1163 57 21 skall
632 1164 78 20 väckas
722 1164 32 19 ett
764 1162 49 21 tvif-

59 1199 36 20 vel
111 1205 34 14 om
161 1199 73 26 någon
250 1199 62 26 nytta
327 1198 23 21 af
364 1197 36 21 det
415 1198 70 21 finska
500 1197 99 29 språkets
615 1197 115 21 införande
741 1197 71 21 såsom

60 1232 139 28 kurialspråk
215 1232 56 21 skall
287 1239 50 14 vara
353 1233 32 20 att
400 1233 6 20 i
422 1233 117 20 framtiden
554 1232 107 21 förvänta.

129 1267 44 20 För
189 1266 66 28 öfrigt
270 1273 52 14 vore
338 1266 43 27 det,
395 1267 50 20 med
456 1266 104 21 afseende
571 1267 12 20 &
594 1265 144 28 landtdagens
749 1271 64 14 snara

60 1301 128 20 afblåsande
204 1301 40 20 och
259 1301 28 20 då
303 1301 23 20 så
342 1300 126 28 skiljaktiga
483 1300 114 28 meningar
613 1307 35 14 om
664 1299 105 21 huruvida
780 1301 33 18 tre

62 1335 53 20 eller
132 1335 48 26 fyra
195 1335 62 20 stånd
274 1341 40 20 ega
334 1336 31 19 att
381 1335 107 20 fastställa
504 1334 197 25 bränvinsaccisen,
718 1333 96 26 önskligt

60 1370 33 19 att
112 1368 38 21 det
168 1368 120 27 höglofliga
306 1367 86 22 ståndet
410 1368 52 21 ville
477 1368 69 21 uttala
562 1368 33 20 sin
611 1367 57 28 åsigt
683 1367 74 21 derom
772 1366 41 21 och

60 1402 66 22 äfven
148 1409 110 21 uppmana
278 1402 26 21 de
326 1402 69 28 öfrige
418 1402 92 22 stånden
528 1403 32 20 att
579 1403 53 27 göra
647 1401 127 27 detsamma,
790 1401 25 20 så

129 1443 51 23 Högl.
194 1442 52 18 Ridd.
260 1443 29 17 och
301 1443 64 17 Adelns
377 1443 67 17 Protok.
714 1442 31 17 43"
