995 1706
202 126 40 24 128

173 195 58 20 inom
250 194 50 21 dess
320 192 95 29 område,
436 194 66 21 innan
521 195 89 21 senaten
630 193 97 28 godkänt
742 192 37 23 det
794 192 78 30 gjorda
886 201 38 14 an-

174 228 66 21 budet
262 229 39 20 och
325 229 103 21 kontrakt
448 229 7 20 i
474 228 138 21 omförmäldt
630 228 103 21 afseende
750 228 70 22 blifvit
835 231 89 25 upprät-

172 262 53 22 tadt.
256 263 44 21 Vid
318 263 76 21 sådant
411 263 135 21 förhållande
565 270 51 14 vore
636 263 36 21 det
688 264 58 20 svårt
761 264 33 20 att
808 264 63 27 bryta
887 263 37 21 det

173 298 66 20 redan
258 297 114 21 utfärdade
391 297 132 25 kontraktet,
539 297 73 21 hvilka
628 297 47 21 skäl
691 298 13 20 å
718 298 143 20 kommunens
877 298 47 20 sida

174 332 40 21 ock
230 332 73 21 kunde
326 339 51 14 vara
400 332 125 28 förebragte
545 332 32 20 till
596 333 81 26 vägran
694 333 12 19 å
721 339 27 13 en
765 332 67 21 sådan
847 332 77 21 inrätt-

173 367 53 27 ning
240 367 59 21 inom
315 367 141 20 kommunen.
472 366 77 22 Redan
565 366 41 21 den
622 366 168 28 omständighet,
805 368 32 20 att
852 368 72 20 entre-

172 402 108 26 prenören
303 401 43 20 kan
368 400 66 22 hafva
457 400 58 28 gjort
538 400 112 28 betydliga
672 401 118 21 kostnader
808 402 7 20 i
834 400 39 22 och
889 401 35 21 för

173 435 168 28 anläggningen,
360 435 67 21 innan
447 435 143 21 kommunens
605 434 97 22 ansökan
719 435 72 21 blifvit
806 436 117 26 inlemnad,

172 471 64 26 utgör
251 470 78 20 hinder
344 469 34 21 för
394 469 159 22 återkallandet
567 470 24 20 af
604 470 133 26 kontraktet,
753 477 46 14 som
815 470 108 21 föranledt

172 504 153 21 kostnaderne.
345 504 43 21 Till
403 504 179 28 undanrödjande
598 504 24 20 af
635 504 62 21 dessa
708 504 141 28 olägenheter
860 511 64 14 anser

169 539 40 27 jag
219 538 67 22 redan
298 539 6 20 i
315 540 43 19 6:te
366 540 18 26 &,
393 538 38 21 der
443 540 65 19 sättet
518 538 33 21 för
562 538 259 28 fabriksbränningsrätts
833 538 91 22 förvärf-

171 572 70 22 vande
257 573 123 27 afhandlas,
396 572 67 22 borde
477 573 77 27 inflyta
569 574 31 20 ett
616 573 126 27 stadgande,
753 575 32 19 att
795 573 128 28 länestyrel-

172 614 39 14 sen
222 607 62 28 äläge
297 607 98 21 inhemta
410 607 100 28 yttrande
521 607 24 21 af
555 607 41 21 den
608 607 110 27 kommun,
734 607 59 21 inom
805 607 65 21 hvars
879 614 56 14 om-*

171 641 51 21 råde
239 641 162 29 anläggningen
416 642 87 21 komme
519 643 32 19 att
566 642 48 26 ske;
630 642 40 20 och
685 641 132 21 förbehåller
828 643 40 27 jag
879 642 45 28 mig

172 678 32 20 att
223 676 116 21 framdeles
355 676 22 21 få
392 676 83 22 föreslå
490 676 41 21 den
547 676 261 28 redaktionsförändring,
824 683 45 15 som
886 683 37 21 ge-

171 718 51 16 nom
238 711 133 29 antagandet
386 711 24 21 af
424 713 31 19 ett
470 711 77 21 sådant
565 710 120 28 stadgande
703 710 73 22 kunde
792 711 130 21 föranledas.

239 746 59 20 Herr
314 752 42 14 von
371 745 83 27 Born,
470 745 20 21 J.
506 746 33 21 A.:
565 745 158 21 Diskussionen
746 752 34 14 om
797 745 36 21 det
848 746 25 21 af
885 746 38 20 fri-

171 780 64 21 herre
251 780 26 21 de
293 780 21 20 la
330 779 105 29 Chapelle
451 780 125 28 föreslagna
591 780 118 28 stadgande
725 787 64 14 anser
802 780 39 28 jag
854 780 69 29 lämp-

171 815 65 27 ligast
259 815 73 21 kunna
355 815 140 28 framskjutas
510 816 34 20 till
565 816 11 20 7
597 815 19 27 $,
636 814 38 21 der
692 822 26 14 en
735 815 114 21 föreskrift
864 815 7 21 i
887 815 37 21 det

171 851 74 20 ämnet
264 849 154 27 förekommer,
438 851 23 26 ty
480 849 191 28 nödvändigheten
692 856 65 22 synes
772 849 48 22 icke
835 850 89 28 päkalla

171 886 32 20 att
227 885 3 20 i
250 885 12 20 6
281 884 11 27 &
313 884 67 28 något
398 884 74 21 derom
492 884 93 28 inflyter.
615 884 65 21 Hvad
699 885 46 21 åter
761 886 68 26 angår
844 884 42 22 den
902 886 24 20 af

170 919 59 21 Herr
244 918 125 22 Ehrnrooth:
390 918 135 22 framställda
541 918 63 28 äsigt,
620 920 31 19 att
667 919 70 28 nägon
754 919 90 21 auktion
860 920 6 20 i
882 920 40 21 och

170 954 34 20 för
219 952 144 28 utbjudandet
377 953 48 21 icke
435 953 68 21 borde
518 954 76 25 hällas,
605 955 51 19 utan
668 955 32 19 att
710 953 130 29 regeringen
852 954 70 21 skulle

170 994 42 22 ega
226 988 7 20 i
248 988 76 28 hvarje
339 987 88 21 särskilt
442 987 38 21 fall
496 988 76 28 pröfva
588 988 26 20 de
630 988 72 20 anbud
716 995 34 13 om
767 988 155 28 öfvertagande

170 1022 24 21 af
208 1022 371 28 bränvinstillverkningsrättighet,
595 1029 46 14 som
651 1022 114 27 inlemnas,
777 1022 98 22 anhäller
883 1024 40 27 jag

170 1058 31 19 att
216 1056 22 21 få
253 1057 60 20 fästa
331 1056 119 28 höglotliga
469 1057 97 20 ständets
581 1056 195 28 uppmärksamhet
791 1057 82 27 dervid,
889 1060 32 18 att

169 1092 29 26 pä
214 1092 42 19 sätt
270 1090 8 21 i
293 1090 72 21 denna
380 1091 12 27 $
408 1091 147 28 uttryckligen
572 1091 95 27 stadgas,
683 1091 41 20 den
741 1091 112 21 bestämda
864 1092 58 21 skat-

170 1127 37 18 ten
230 1125 24 20 af
276 1126 8 19 1
309 1124 62 21 mark
394 1125 28 20 60
444 1126 66 26 penni
531 1127 63 25 utgör
611 1125 76 21 endast
702 1127 31 19 ett
749 1125 173 30 minimibelopp,

169 1159 123 21 hvarunder
307 1159 68 28 nägot
390 1159 73 20 anbud
478 1159 48 22 icke
542 1159 58 28 finge
616 1161 97 26 antagas,
729 1166 50 15 men
793 1160 75 21 dervid
878 1161 43 21 för-

168 1195 100 25 utsättes,
283 1195 32 19 att
334 1193 86 21 utöfver
441 1193 70 22 denna
527 1194 59 21 skatt
598 1195 59 19 ännu
673 1201 26 14 en
715 1195 128 27 ytterligare
858 1195 64 28 afgift

168 1227 71 22 skulle
255 1227 90 26 betalas,
357 1228 40 20 och
407 1227 78 27 högsta
501 1227 103 29 beloppet
618 1228 24 20 af
656 1228 59 21 detta
726 1228 94 21 tillskott
830 1229 42 21 kan
884 1236 37 15 en-

168 1261 48 20 dast
227 1267 80 20 genom
318 1260 168 21 konkurrensen
497 1261 36 20 vid
544 1267 26 15 en
582 1261 88 21 auktion
683 1261 69 21 ernäs.
769 1261 72 28 Nägot
852 1263 70 27 dylikt

166 1294 95 21 tillskott
282 1294 7 20 i
312 1294 92 27 afgiften
424 1294 70 21 skulle
515 1295 98 20 deremot
633 1295 70 28 enligt
718 1295 51 20 herr
784 1295 136 22 Ehrnrooths

166 1329 83 27 förslag
266 1329 48 20 icke
334 1328 74 21 kunna
426 1329 87 21 komma
528 1329 7 20 i
551 1329 69 28 fräga,
636 1331 52 19 utan
705 1329 132 29 pröfningen
852 1331 68 28 deraf,

166 1364 22 21 ät
203 1363 88 21 hvilken
311 1363 65 22 bland
394 1363 53 22 flera
462 1371 105 21 personer
582 1371 46 14 som
643 1365 61 28 gjort
721 1365 79 27 anbud,
816 1366 104 28 rättighe-

166 1401 36 18 ten
225 1398 33 21 till
282 1398 134 29 anläggning
437 1399 24 21 af
482 1399 102 22 bränneri
604 1399 71 21 skulle
691 1399 125 28 öfverlätas,
833 1401 86 22 komme

165 1433 47 23 helt
230 1433 40 22 och
288 1433 67 22 hället
374 1435 32 20 att
425 1433 50 22 bero
495 1434 23 21 af
536 1434 116 29 godtycke.
681 1433 49 23 Den
751 1441 51 22 nyss
823 1437 96 28 antydda
