995 1717
198 147 42 20 844

170 215 23 21 af
211 211 322 23 kolonisationsförhållandena
549 213 54 19 samt
620 211 196 28 tillgodogörandet
833 212 24 20 af
870 211 48 21 kro-

170 256 54 14 nans
240 248 86 28 skogar,
344 247 69 21 såsom
435 246 39 21 ock
489 248 32 19 att
535 246 170 28 prestaståndet,
720 246 8 21 i
743 246 69 21 likhet
827 246 49 21 med
892 246 26 21 de

171 284 70 27 öfriga
256 282 98 26 stånden,
369 281 99 26 beslutit,
484 282 31 20 att
531 280 7 21 i
553 280 38 22 fall
604 280 236 30 justeringsutskottet,
852 281 67 21 sedan

170 318 118 22 ständerna
309 316 106 28 åtskiljts,
438 315 66 22 funne
527 316 47 20 skäl
593 315 34 21 till
650 316 170 28 anmärkningar
839 316 36 21 vid
893 316 26 22 de

170 352 150 28 underdåniga
343 358 48 14 svar
414 350 39 22 och
477 350 133 27 utlåtanden,
630 350 74 22 hvilka
724 351 7 21 i
748 350 171 29 expeditionsut-

171 388 81 21 skottet
267 386 71 22 blifvit
354 385 155 27 formulerade,
525 386 69 20 skulle
611 385 62 21 dessa
689 386 69 28 begge
776 385 94 27 utskott,
885 386 34 21 för

170 420 210 31 tillvägabringande
401 420 23 21 af
443 420 226 22 öfverensstämmelse
688 421 7 20 i
714 421 26 20 de
757 420 90 29 stridiga
862 420 56 29 åsig-

170 459 69 25 terna,
255 455 161 23 sammanträda
429 455 32 21 till
477 457 31 19 ett
524 457 135 26 gemensamt
674 455 89 21 utskott.

237 491 163 28 Deputationen
417 489 102 22 tackades
535 489 40 21 och
591 489 103 22 afträdde.

239 554 72 27 Äfven
332 559 6 20 i
360 559 69 28 öfriga
449 559 60 21 delar
529 559 92 28 gillades
642 559 118 20 utskottets
779 559 91 28 förslag,
887 560 32 21 så-

171 595 66 22 lunda
257 594 67 21 likväl
345 595 42 26 att,
407 594 6 20 i
435 593 96 28 enlighet
551 593 49 21 med
621 593 37 21 det
673 593 24 21 af
710 593 159 22 bondeståndet
885 594 35 21 vid

171 628 169 31 godkännandet
360 629 22 20 af
401 635 82 14 samma
503 628 81 27 förslag
604 627 77 29 gjorda
696 627 116 28 förbehåll,
829 628 42 21 den
887 629 33 20 till

170 665 170 20 kommunernas
360 663 127 28 förfogande
508 662 103 29 anslagna
633 669 26 14 en
679 662 77 28 miljon
772 663 62 20 mark
850 663 69 20 skulle

171 699 53 28 utgå
244 699 48 20 näst
311 697 55 21 efter
380 697 42 20 den
437 696 106 29 fjerdedel
559 697 23 20 af
595 697 198 26 bränvinsskatten,
809 703 45 15 som
870 697 49 21 blif-

170 734 32 20 vit
221 730 105 29 anslagen
347 731 33 21 till
400 731 140 20 kommunala
559 731 76 26 behof,
651 731 40 20 och
707 731 25 20 de
748 731 83 21 kronan
848 732 70 21 såsom

171 767 122 27 ersättning
315 766 34 21 för
368 765 327 28 bränvinsbränningsarrendet
717 765 89 28 tillagde
829 766 91 27 660,000

171 801 69 23 mark.

238 835 65 22 Hvad
321 835 103 27 slutligen
442 833 78 29 angick
535 834 35 21 det
586 834 23 21 af
623 833 158 22 bondeståndet
796 835 124 27 uppställda

170 871 71 21 vilkor
261 871 31 20 att
312 868 182 22 sistomförmälde
515 876 28 14 en
561 869 75 28 miljon
656 868 62 21 mark
733 869 70 21 skulle
819 870 52 27 utgå
885 869 34 22 till

171 906 49 21 dess
235 905 159 28 grundskatten
410 904 72 21 blifvit
497 903 96 29 aflyftad,
608 903 97 28 yttrade:

237 939 59 22 Herr
315 945 42 15 von
377 938 92 21 Essen:
491 938 76 21 Ehuru
583 939 40 27 jag
638 939 23 20 är
677 937 128 29 öfvertygad
820 939 32 20 att
866 938 54 22 hvar

170 975 41 21 och
226 981 34 20 en,
275 974 33 21 för
325 975 31 19 att
371 973 53 20 ernå
435 979 26 14 en
475 973 82 28 lycklig
567 972 87 28 lösning
664 972 24 21 af
697 972 142 21 förevarande
850 973 69 28 fråga,

171 1015 68 23 gerna
261 1009 39 27 gör
324 1008 42 21 alla
388 1007 90 28 möjliga
497 1007 128 28 eftergifter,
641 1013 64 15 anser
717 1007 40 28 jag
772 1007 55 21 dock
843 1007 77 22 sådant

170 1042 135 23 beträffande
327 1049 30 14 nu
378 1041 166 28 ifrågavarande
567 1041 70 21 vilkor
659 1041 49 22 icke
733 1042 45 20 låta
803 1041 34 28 sig
859 1043 60 26 göra.

170 1077 35 22 Då
225 1077 37 21 det
282 1076 124 27 föreslagna
424 1077 65 20 sättet
505 1077 32 20 för
553 1075 121 22 ordnandet
689 1075 24 22 af
725 1076 76 27 frågan
818 1076 58 21 afser
892 1084 27 14 en

171 1111 123 28 begränsad
309 1109 32 22 tid
356 1110 24 21 af
394 1111 26 20 10
435 1111 30 26 år,
481 1111 56 20 efter
552 1110 88 21 hvilken
657 1110 42 21 tids
714 1110 86 28 förlopp
816 1110 36 21 det
867 1118 52 14 vore

171 1145 85 28 möjligt
271 1146 32 20 att
316 1144 274 28 bränvinstillverkningen
601 1143 40 22 och
653 1145 85 20 skatten
750 1144 72 21 derför
833 1144 86 23 komme

171 1182 31 19 att
217 1179 74 22 ställas
307 1179 28 28 på
350 1185 27 14 en
392 1179 46 21 helt
454 1186 71 14 annan
541 1179 41 26 fot,
599 1178 42 21 kan
654 1179 39 28 jag
708 1179 20 28 ej
745 1179 54 26 inse,
815 1179 55 22 huru
886 1182 33 19 ut-

171 1214 94 28 gåendet
280 1213 24 21 af
317 1213 41 21 den
374 1214 76 27 miljon
467 1213 68 27 mark,
551 1219 45 14 som
613 1213 105 28 anslagits
733 1213 33 21 till
782 1213 137 22 kommuner-

171 1256 39 13 nas
225 1247 138 28 förfogande,
379 1248 55 20 skall
455 1248 73 21 kunna
547 1249 63 25 göras
629 1248 109 20 beroende
753 1247 23 20 af
790 1249 129 26 grundskat-

171 1284 48 19 tens
235 1280 125 29 aflyftande.
389 1281 44 21 För
448 1282 45 20 min
509 1281 34 21 del
560 1281 79 21 önskar
652 1281 39 27 jag
706 1281 60 26 visst,
782 1281 28 27 på
826 1283 42 19 sätt
881 1283 40 27 jag

170 1316 68 21 redan
260 1315 58 21 förut
341 1315 55 21 varit
416 1315 7 21 i
444 1315 86 21 tillfälle
546 1316 31 19 att
592 1316 67 27 yttra,
675 1316 32 20 att
722 1314 158 29 grundskatten
896 1316 24 22 så

170 1350 44 21 fort
237 1356 45 15 som
305 1349 87 29 möjligt
412 1350 39 20 bör
471 1349 96 28 aflyftas,
583 1356 49 14 men
648 1356 63 14 anser
727 1349 77 22 sådant
820 1351 100 28 omöjligt

171 1385 74 21 kunna
261 1384 37 21 ske
314 1384 59 21 inom
391 1385 26 20 10
430 1384 30 21 år.
635 1409 3 1 .

239 1419 58 21 Herr
320 1426 42 14 von
384 1419 80 27 Born,
487 1418 20 22 J.
529 1419 37 21 A.:
589 1418 44 29 Jag
652 1420 24 20 är
695 1418 89 22 alldeles
800 1420 23 20 af
837 1427 82 14 samma

172 1454 66 22 tanke
259 1461 46 15 som
325 1454 51 22 herr
392 1460 41 16 von
448 1453 77 22 Eissen.
555 1454 56 21 Lika
625 1453 64 29 lifligt
704 1460 46 15 som
765 1454 43 22 han
824 1454 95 22 önskade
