970 1709
733 134 41 19 573

55 198 117 28 jemkning
188 198 22 20 af
225 198 101 20 ständens
346 197 126 28 skiljaktiga
488 198 70 20 beslut
574 198 5 20 i
596 198 118 28 anledning
729 198 24 20 af
767 198 36 20 nä-

57 232 50 27 diga
123 232 163 27 propositionen
302 238 35 14 n:o
355 232 25 20 15
396 232 112 27 angäende
519 231 129 22 barnamord
660 235 55 17 samt
725 232 78 20 fosters

56 266 148 20 fördrifvande
226 266 39 20 och
286 265 124 21 utsättande
429 266 111 20 äfvensom
560 265 57 20 vissa
633 265 37 20 fall
686 266 23 20 af
723 266 80 27 lägers-

57 300 50 25 mäl,
123 299 23 21 af
160 300 86 20 ständet
261 300 79 26 gillats.

295 333 27 27 B)
338 333 48 20 frän
402 333 166 28 prestaständet.

125 368 31 20 1:o
172 367 24 20 af
210 367 131 21 sistberörde
358 367 49 27 dag,
426 367 45 21 deri
488 367 116 26 meddelas,
616 369 31 18 att
659 367 36 21 det
709 368 92 27 högvör-

57 402 50 27 diga
131 402 85 20 ståndet
239 401 96 28 godkänt
358 401 154 28 lagutskottets
533 401 142 21 nästnämnde
697 408 106 15 samman-

56 436 221 27 jemkningsförslag
267 432 13 35 ;

127 471 33 20 2:0
180 470 23 21 af
221 477 81 14 samma
322 469 48 28 dag,
390 471 60 20 hvari
466 470 106 27 delgifves
586 471 32 19 att
633 470 172 27 expeditionsut-

58 505 92 20 skottets
167 504 81 28 förslag
263 505 32 20 till
310 504 114 21 redaktion
441 504 23 21 af
478 505 111 27 ingressen
603 504 33 20 till
648 505 36 20 det
694 504 110 21 blifvande

57 538 212 28 landtdagsbeslutet
289 538 90 21 sålunda
401 539 101 27 antagits,
523 540 31 19 att
570 538 106 21 utskottet
692 538 66 21 borde
773 538 31 21 fä-

59 575 33 19 sta
107 573 192 28 uppmärksamhet
315 573 27 27 pä
357 573 189 27 nödvändigheten
559 574 32 19 att
603 572 31 21 uti
646 572 64 28 sagde
721 573 84 27 ingress

59 607 72 21 utföra
145 607 128 21 titulaturen
288 607 34 20 för
337 607 28 21 H.
380 607 26 20 K.
417 607 39 20 M:t
472 607 48 21 med
536 613 81 14 samma
632 607 173 27 fullständighet,

57 648 46 15 som
124 641 30 21 uti
176 641 58 21 förra
255 641 198 27 riksdagsbesluten
475 641 40 21 och
535 641 70 27 öfrige
621 641 184 28 statshandlingar

58 676 56 21 varit
130 675 94 28 vanligt;

127 711 33 20 3:o
176 710 23 21 af
212 711 41 20 den
270 711 11 20 6
296 710 8 21 i
320 710 66 28 sagde
403 711 84 26 månad,
506 709 154 22 innehällande
676 712 31 19 att
722 712 82 25 presta-

58 745 94 26 ståndet,
174 745 36 20 vid
233 745 183 28 föredragningen
439 745 23 20 af
483 745 168 20 bondeständets
673 744 132 28 inbjudning

58 780 33 20 till
115 779 129 28 deltagande
267 779 7 20 i
295 779 49 21 dess
367 779 71 20 beslut
459 787 34 13 om
514 779 108 27 afsägelse
637 779 23 20 af
677 779 126 21 husbehofs-

59 813 251 28 bränningsrättigheten
332 814 38 20 och
392 813 101 21 tillätelse
513 813 32 21 till
560 813 245 28 bränvinstillverkning

59 849 6 20 i
89 848 102 27 fabriker,
212 848 89 21 säframt
320 848 19 28 ej
361 848 92 21 allenast
473 847 138 29 jordskatten
632 847 52 22 eller
699 848 44 21 alla
758 848 47 22 frän

56 883 80 28 jorden
156 883 110 28 utgäende
286 883 112 28 utskylder
417 883 33 20 till
469 883 83 20 kronan
568 883 70 20 säsom
654 883 107 26 gärdeshö
778 891 27 12 m.

59 925 36 19 m.,
110 919 52 19 utan
178 917 41 21 ock
234 917 121 21 militärens
371 917 120 26 underhäll,
505 917 124 27 skjutsning
640 919 54 18 samt
704 919 51 26 väg-
767 918 39 20 och

59 951 143 28 brobyggnad
218 951 112 28 aflyftades
346 951 48 20 från
408 951 78 27 jorden
501 951 39 20 och
553 951 72 28 jemnt
641 951 123 22 fördelades
779 953 28 27 pä

59 986 84 21 landets
168 987 41 20 alla
234 985 192 27 samhällsklasser,
449 986 46 20 icke
519 985 72 21 funnit
609 985 47 21 skäl
672 985 135 22 förekomma

60 1023 32 18 att
107 1021 77 27 frångå
200 1021 38 20 sitt
252 1021 7 20 i
275 1021 61 26 fråga
356 1027 34 13 om
407 1019 245 28 bränvinstillverkning
667 1021 39 20 och
721 1021 86 27 försälj-

59 1055 54 28 ning
133 1055 6 20 i
160 1055 74 20 landet
254 1055 142 20 härförinnan
416 1054 83 21 fattade
519 1054 77 26 beslut,
615 1054 32 20 till
662 1054 53 28 följd
731 1055 78 20 hvaraf

59 1089 159 28 inbjudningen
234 1089 91 28 afböjts;

130 1125 33 19 4:0
186 1123 24 20 af
228 1123 82 27 jemväl
332 1123 40 20 den
393 1124 12 19 6
425 1123 61 28 april,
505 1123 61 21 hvari
583 1122 177 29 tillkännagifves
775 1125 32 18 att

62 1157 176 21 bankutskottets
254 1157 80 27 förslag
350 1157 33 20 till
400 1157 210 27 sammanjemkning
621 1157 24 20 af
658 1157 103 20 ständens
772 1157 35 21 be-

61 1192 43 20 slut
127 1191 6 20 i
156 1191 80 27 nädiga
256 1191 162 27 propositionen
440 1198 34 13 n:o
493 1191 27 20 32
537 1197 33 14 om
587 1191 105 26 styrelsen
709 1191 39 20 och
765 1191 42 20 för-

61 1225 127 27 valtningen
204 1225 24 20 af
240 1225 104 20 Finlands
361 1225 64 26 bank,
441 1225 23 20 af
477 1224 161 28 prestaständet
653 1225 116 27 godkänts;

131 1261 32 19 5:o
187 1259 23 20 af
230 1259 142 21 nästnämnde
396 1259 48 27 dag,
467 1259 48 21 med
539 1258 158 21 underrättelse
713 1261 31 18 att
760 1259 47 20 sist-

63 1293 98 21 bemälde
181 1293 95 20 utskotts
296 1293 113 21 enahanda
429 1293 81 28 förslag
528 1292 92 21 rörande
635 1293 80 27 nädiga
730 1299 78 22 propo-

62 1328 94 19 sitionen
180 1334 35 13 n:o
239 1328 27 19 45
287 1327 111 26 angående
421 1327 98 20 enskilda
539 1326 87 26 banker,
646 1327 72 26 gillats
735 1327 24 20 af
773 1327 36 20 det

62 1361 135 27 högvördiga
220 1361 85 20 ståndet
328 1361 48 20 med
401 1360 40 20 den
465 1360 148 21 modifikation
636 1361 38 24 att,
689 1360 6 19 i
712 1360 98 27 enlighet

63 1395 50 21 med
133 1394 162 28 ridderskapets
312 1394 39 21 och
366 1394 63 21 adeln
446 1394 140 21 derförinnan
602 1394 34 20 till
650 1394 160 27 prestaständet

63 1429 83 21 skedda
168 1429 137 28 inbjudning,
328 1428 62 22 ordet
410 1429 153 26 ,ätminstone*
580 1428 69 21 skulle
665 1428 31 20 uti
711 1428 12 27 &
741 1430 8 19 1
767 1428 43 21 till-
