992 1709
191 132 42 23 118

164 205 48 14 som
227 198 7 21 i
249 198 120 28 anledning
386 199 25 21 af
427 199 26 21 de
473 199 58 21 olika
550 200 141 27 meningarne
710 199 112 28 angående
839 199 74 28 belop-

165 234 38 26 pet
217 232 24 21 af
254 233 42 21 den
311 232 112 22 blifvande
438 233 191 21 bränvinsskatten
644 234 68 20 borde
728 235 58 19 emot
797 234 117 21 utskottets

162 266 140 23 betänkande
317 268 128 28 uppställas,
460 267 135 22 framställde
611 274 29 15 nu
654 268 50 21 herr
715 268 199 22 landtmarskalken

165 301 97 29 följande
277 302 82 28 förslag
373 302 82 21 dertill:

235 353 8 9 »
247 336 46 21 Vill
301 336 152 28 ridderskapet
462 337 39 22 och
512 337 64 21 adeln
587 337 33 20 till
631 337 214 28 kontraproposition
856 339 59 19 emot

165 370 37 21 det
217 370 23 21 af
253 370 117 21 utskottets
385 371 69 21 första
469 370 86 22 sektion
573 371 125 28 föreslagna
712 371 152 28 skattebelopp
880 371 34 22 för

165 404 246 29 bränvinstillverkning
424 407 79 26 antaga
518 405 42 22 den
575 406 8 20 i
596 405 43 21 den
654 405 80 28 nådiga
749 406 164 28 propositionen

164 438 115 22 förordade
295 439 86 21 skatten
396 439 25 21 af
433 440 36 21 två
484 440 62 21 mark
560 447 40 20 per
615 440 87 21 kanna?

232 473 50 21 Den
302 480 47 14 som
368 473 39 22 vill
425 475 79 27 antaga
519 474 67 21 sådan
600 474 224 29 kontraproposition,
839 481 74 15 svarar

164 507 33 28 ja;
213 507 43 21 den
271 507 38 22 det
323 507 48 22 icke
387 508 38 21 vill
441 515 73 14 svarar
529 509 43 27 nej.

231 541 86 22 Vinner
329 543 44 27 nej,
389 544 90 27 antages
495 543 33 21 till
539 543 214 28 kontraproposition
764 544 32 20 att
806 543 33 21 för
850 543 63 21 brän-

165 575 192 30 vinstillverkning
375 576 56 21 skall
447 577 83 21 betalas
546 584 26 14 en
588 577 58 21 skatt
661 577 24 21 af
705 578 4 19 1
727 577 61 21 mark
804 578 27 21 20
845 577 68 28 penni

164 617 39 21 per
218 610 93 21 kanna."

235 644 45 21 Vid
297 645 97 21 härefter
408 645 29 28 på
452 645 95 30 begäran
562 645 94 22 anställd
671 646 101 29 votering
786 646 78 21 utföllo
879 647 34 20 rö-

167 679 74 21 sterna
255 679 59 21 inom

323 713 58 29 3:dje
395 714 30 21 kl.
441 715 50 21 med
506 715 26 21 19
542 716 30 28 ja
587 715 40 21 och
642 715 13 21 8
670 716 42 27 nej.

324 748 89 27 2:dra
404 744 21 36 »
458 765 9 11 »
505 750 56 25 10,
600 767 8 8 n»
641 750 13 20 2
684 767 10 9 >,

326 783 85 27 Ista
411 779 16 35 ,
456 800 9 10 »
504 784 56 26 10,
598 800 10 9 »
640 784 13 21 4
682 799 12 10 »

165 817 7 20 i
193 816 55 29 följd
267 817 79 22 hvaraf
364 817 43 22 den
423 818 23 21 af
459 818 51 21 herr
525 818 201 21 landtmarskalken
744 818 8 21 i
767 819 67 20 saken
850 819 65 21 fram-

165 851 79 23 ställda
258 852 166 29 propositionen
440 853 69 21 erhöll
524 853 72 22 denna
610 853 93 28 lydelse:

235 903 9 10 »
249 886 132 27 Godkänner
396 887 152 29 ridderskapet
564 888 39 21 och
624 888 63 21 adeln
703 888 43 21 den
761 889 23 20 af
797 889 117 21 utskottets

165 921 69 21 första
253 921 85 21 sektion
357 921 124 29 föreslagna
500 922 59 22 skatt
576 923 34 20 för
630 923 246 29 bränvinstillverkning
894 923 24 21 af

167 955 9 20 1
194 954 63 22 mark
272 956 27 20 60
314 956 67 27 penni
395 956 34 21 för
445 957 101 21 kannan?

233 989 50 21 Den
302 996 46 15 som
367 990 128 27 godkänner
513 991 66 22 sådan
598 991 58 21 skatt
674 998 74 15 svarar
764 992 34 28 ja;
821 992 42 21 den
879 992 36 21 det

165 1024 49 21 icke
229 1025 40 27 gör
284 1031 74 14 svarar
373 1025 43 28 nej.

232 1058 85 21 Vinner
338 1059 43 27 nej,
401 1059 130 22 bestämmes
546 1059 86 22 skatten
648 1060 33 21 till
696 1061 36 20 två
746 1061 63 20 mark
824 1061 34 21 för
872 1061 43 20 till-

167 1092 82 21 verkad
263 1093 93 20 kanna."

233 1126 110 21 Häröfver
358 1127 93 27 yrkades
464 1128 83 28 jemväl
562 1129 112 28 votering,
692 1136 46 14 som
754 1129 58 28 förty
827 1130 88 21 anställ-

166 1161 38 20 des
219 1160 40 21 och
275 1160 63 21 utföll
353 1161 59 21 inom

326 1195 57 28 3:dje
399 1195 28 21 kl.
443 1197 50 20 med
509 1197 25 20 17
544 1198 30 27 ja
589 1197 40 20 och
646 1198 25 19 13
686 1199 42 27 nej.

325 1229 86 26 2da
407 1225 16 37 »
458 1247 8 9 1
518 1231 98 26 Sn»
662 1232 12 19 2
705 1247 9 10 &

326 1263 83 25 Ista
407 1259 17 34 n»
457 1280 9 8 n»
504 1264 27 19 10
561 1280 9 9 »
603 1279 11 10 »
659 1264 12 20 5
701 1280 11 9 »

165 1294 40 21 och
227 1301 47 14 som
296 1295 164 28 propositionen
483 1297 91 20 sålunda
595 1297 73 20 blifvit
684 1297 98 28 jakande
802 1298 113 27 besvarad,

165 1329 88 20 komme
273 1329 64 22 alltsä
357 1329 88 22 skatten
464 1331 34 20 för
513 1331 247 29 bränvinstillverkning
775 1333 31 20 att
821 1333 94 21 bestäm-

165 1370 46 15 mas
226 1363 34 21 till
277 1364 9 21 1
304 1363 62 23 mark
381 1365 28 20 60
424 1365 66 27 penni
506 1365 33 21 för
554 1365 94 22 kannan.

234 1397 73 22 Sedan
322 1398 59 22 detta
396 1399 134 29 antecknats,
548 1400 95 29 begärde
658 1401 51 21 herr
719 1401 103 28 Linder,
836 1401 33 29 E.,
881 1409 34 15 or-

166 1433 37 21 det
218 1433 40 21 och
274 1433 97 28 yttrade:
