989 1709
192 126 41 26 336

232 196 59 20 Herr
306 202 42 14 von
364 196 80 26 Born,
459 196 27 20 K.
502 195 32 22 F.:
551 196 42 28 Jag
608 195 69 21 håller
691 196 46 20 före
754 197 32 19 att
801 196 26 20 de
843 194 24 22 af
880 198 33 19 ut-

164 230 81 22 skottet
260 230 96 21 uttalade
372 230 91 21 motiver
483 230 33 20 till
532 230 37 21 det
584 230 124 27 föreslagna
724 230 129 28 stadgandet
871 232 42 24 ,att

165 264 138 28 obegagnadt
317 264 107 21 strömfall
440 264 63 30 äfven
519 264 38 22 bör
574 266 99 24 ersättas,
687 264 73 21 derest
770 264 36 21 det
816 264 50 21 icke
876 264 37 21 be-

163 299 69 21 finnes
255 298 133 28 fullkomligt
404 298 127 27 värdelöst,
554 300 37 20 äro
613 299 22 20 sä
657 298 94 28 talande,
767 300 32 20 att
809 299 40 27 jag
864 298 48 22 icke

163 334 43 21 kan
222 333 47 21 inse
285 334 31 20 att
332 332 35 22 det
383 335 23 19 är
422 334 80 27 skäligt
517 335 32 19 att
566 333 48 21 vika
630 332 102 22 derifrån.
763 333 43 28 Jag
815 333 40 21 ber
866 333 47 21 der-

162 368 47 21 före
229 370 31 18 att
280 368 22 20 få
322 367 85 21 biträda
427 368 148 21 betänkandet
590 368 6 20 i
613 367 40 21 den
675 368 62 20 delen
756 367 78 21 liksom
850 368 6 20 i
870 367 44 21 alla

164 402 70 28 öfriga
250 404 128 24 momenter,
394 402 89 22 hvarom
499 402 38 22 här
553 404 24 19 är
591 402 68 28 fråga.

231 436 58 22 Herr
305 436 175 22 Silfversvan:
504 436 43 29 Jag
566 436 38 21 ber
624 438 31 19 att
675 437 21 20 få
715 436 75 22 förena
804 437 45 28 mig
864 437 50 21 med

162 473 51 21 herr
228 471 119 29 Stjernvall
364 471 113 27 angående
493 471 136 28 obegagnadt
646 471 112 26 strömfull,
773 473 22 26 ty
806 472 36 20 det
852 471 61 21 torde

163 513 51 14 vara
231 506 58 21 svårt
304 508 32 18 att
351 506 117 28 uppskatta
484 506 49 21 dess
549 506 72 20 värde.

230 540 59 22 Herr
304 540 125 28 Pipping,
445 540 24 21 F.
485 540 27 22 L:
533 540 44 21 Det
596 540 55 20 enda
667 540 46 21 skäl
729 540 49 21 herr
794 540 119 28 Stjernvall

162 575 73 21 anfört
251 574 94 28 derföre,
356 577 31 19 att
398 582 65 21 egare
474 576 33 20 till
519 574 139 30 obegagnadt
669 575 107 21 strömfall
786 575 48 21 icke
845 575 68 21 borde

162 610 35 22 för
218 609 135 29 mistningen
376 610 24 20 af
418 610 66 21 sådan
504 610 85 21 förmon
609 610 62 27 njuta
694 610 128 27 ersättning,
838 611 24 19 är
877 609 37 21 det

161 646 33 20 att
209 644 100 28 orimliga
324 645 150 27 pretentioner
489 645 6 21 i
512 644 73 28 dylika
601 644 37 21 fall
653 644 74 21 kunna
741 644 121 29 uppställas
872 643 41 22 och

162 679 90 22 sålunda
275 678 65 29 lägga
362 679 165 29 oöfverstigliga
549 679 77 21 hinder
647 679 6 21 i
674 680 69 27 vägen
766 679 34 21 för
823 679 90 21 allmänt

161 714 86 28 nyttiga
262 713 167 29 anläggningar.
459 714 42 21 Om
517 720 49 15 man
582 713 55 21 blott
652 713 120 28 medgifver
788 714 32 20 att
836 713 76 22 sådant

162 748 107 22 strömfall
290 750 24 20 är
334 755 26 14 en
382 748 49 21 med
449 748 124 28 fullkomlig
593 748 129 28 eganderätt
737 748 91 21 förenad
843 748 69 22 fördel

161 783 34 22 för
210 783 165 27 innehafvaren,
391 783 43 21 kan
450 790 49 14 man
515 783 48 21 icke
579 782 68 22 heller
662 783 27 27 på
700 783 80 28 lagliga
790 784 122 27 rättsgrun-

162 818 38 21 der
215 818 101 28 fråntaga
336 818 80 20 honom
436 818 70 21 denna
523 818 104 27 rättighet
643 820 51 18 utan
711 818 128 27 ersättning.
869 817 44 22 För

162 852 67 30 öfrigt
247 854 24 20 är
291 852 36 22 det
348 852 5 21 i
373 852 43 22 alla
439 852 128 29 rättsfrågor
590 852 23 21 af
626 852 113 22 enahanda
762 852 150 22 beskaffenhet

160 888 45 21 lika
229 887 103 21 tänkbart
354 889 32 19 att
407 888 92 20 enskilta
524 887 107 21 intressen
655 887 108 27 uppställa
779 886 133 22 öfverdrifna

161 922 236 28 ersättningsanspråk,
419 924 52 19 utan
491 923 32 20 att
544 922 80 21 sådana
645 922 66 21 likväl
727 921 73 21 kunna
815 921 97 29 lagligen

160 957 137 28 godkännas;
312 956 40 21 och
371 956 38 21 har
430 956 113 27 utskottet,
561 957 47 27 just
627 956 32 21 för
675 958 32 19 att
722 956 27 28 på
765 958 31 19 ett
811 956 101 28 lämpligt

160 993 44 20 sätt
218 991 65 22 häfva
300 991 62 21 dessa
377 991 83 27 hinder,
472 994 55 18 samt
538 992 33 20 för
583 992 30 20 att
624 990 131 29 pröfningen
767 992 67 20 måtte
846 990 66 22 blifva

160 1027 24 21 så
200 1026 97 28 opartisk
314 1032 45 15 som
376 1026 91 28 möjligt,
484 1025 113 28 föreslagit
613 1028 31 18 att
655 1025 126 21 densamma
792 1025 71 21 skulle
874 1033 38 13 an-

160 1061 87 21 komma
270 1060 28 28 på
320 1060 56 28 gode
396 1062 55 20 män.
482 1060 43 29 Jag
545 1067 64 14 anser
628 1060 83 21 således
727 1060 7 20 i
753 1062 91 19 motsats
867 1062 45 19 mot

159 1096 76 21 herrar
256 1095 118 27 Stjernvall
394 1095 39 21 och
449 1094 140 27 Silfversvan,
609 1094 41 21 den
664 1102 46 14 som
727 1094 37 21 vill
780 1102 79 20 genom
875 1102 37 14 ex-

159 1129 136 29 propriation
312 1128 99 22 tillvinna
427 1130 33 27 sig
474 1136 83 14 annans
577 1129 140 27 obegagnade
734 1129 113 27 strömfall,
863 1130 48 20 här-

160 1164 87 28 igenom
264 1170 50 14 vara
334 1163 132 28 fullkomligt
483 1163 120 28 betryggad
619 1164 33 20 för
668 1163 133 21 öfverdrifna
817 1163 94 28 anspräk

160 1198 40 21 och
222 1197 99 21 förordar
345 1197 32 21 till
397 1197 52 29 följe
473 1198 64 21 häraf
553 1197 110 28 punktens
679 1198 122 27 antagande
816 1197 7 21 i
840 1197 71 21 denna

159 1232 41 21 del,
230 1232 47 20 Mot
300 1232 48 20 dess
372 1231 70 28 öfriga
465 1232 96 21 innehäll
585 1234 23 18 är
629 1232 54 21 intet
702 1232 106 26 anmärkt,
824 1232 86 21 derföre

160 1265 62 21 torde
238 1265 40 20 den
295 1264 74 22 kunna
384 1264 7 20 i
408 1266 32 19 sin
455 1265 74 21 helhet
544 1265 134 27 godkännas.

228 1299 81 21 Grefve
326 1298 104 21 Creutz:
451 1298 42 29 Jag
513 1299 86 21 förenar
619 1299 44 28 mig
678 1299 50 21 med
742 1299 50 21 herr
807 1299 103 28 Pipping.

227 1334 58 21 Herr
302 1334 158 27 Stjernvall,
476 1334 35 21 F.:
528 1333 43 29 Jag
587 1334 38 20 har
641 1334 48 21 icke
704 1334 58 21 velat
777 1334 87 21 förorda
880 1336 31 19 att

160 1368 138 29 obegagnadt
321 1368 106 21 strömfall
450 1368 70 22 skulle
544 1376 51 14 vara
615 1368 47 22 fritt
680 1368 48 22 från
746 1369 164 29 expropriation

158 1404 56 21 blott
234 1403 86 21 derföre
341 1404 32 20 att
389 1410 81 21 egaren
490 1403 72 22 kunde
577 1404 110 28 uppställa
703 1404 99 28 orimliga
818 1404 93 22 fordrin-

159 1446 39 23 gar
218 1439 33 21 för
272 1438 50 22 dess
345 1438 92 27 inlösen,
457 1440 52 20 utan
526 1438 85 22 derförc
628 1441 32 19 att
676 1438 113 28 strömfall,
805 1446 46 14 som
864 1439 47 29 just
