1011 1706
773 127 28 21 43

81 193 58 20 ännu
155 192 7 22 i
177 192 71 22 denna
270 192 41 29 dag
332 193 68 27 fallet,
416 193 40 21 och
472 193 105 28 derjemte
593 193 115 28 dageligen
725 200 34 14 ser
773 192 57 22 huru

79 227 132 28 otillräcklig
231 227 34 21 för
285 228 81 20 vården
388 228 24 20 af
430 228 49 20 hela
499 228 84 21 landets
602 228 139 28 sinnessjuka
759 227 71 21 denna

80 262 57 21 enda
151 262 63 28 ringa
229 262 81 21 anstalt
325 262 7 20 i
348 262 159 21 hufvudstaden
523 263 30 26 är;
570 262 26 21 då
609 262 39 28 jag
661 262 76 27 finner,
751 264 32 18 att
793 262 37 21 det

80 296 144 28 ovilkorligen
248 296 71 21 skulle
340 296 84 21 fordras
446 296 141 21 fördubblade
608 297 75 27 anslag
698 296 33 21 för
747 296 82 21 vården

78 330 25 21 af
116 330 62 28 sjuke
193 330 39 22 och
249 330 105 28 derjemte
370 332 36 19 vet
422 332 31 20 att
468 331 39 21 allt
522 330 60 22 detta
598 330 42 21 kan
657 331 77 21 vinnas
749 338 79 21 genom

79 372 26 13 en
127 365 172 28 ändamålsenlig
319 365 141 28 beskattning
480 365 24 21 af
522 365 41 21 den
580 365 167 28 olycksaligaste
762 364 67 22 bland

79 400 249 26 konsumtionsartiklar,
344 400 88 21 hvilken
448 408 27 14 en
486 400 71 21 sekler
568 400 51 28 lång
629 408 55 13 vana
694 400 65 21 redan
771 401 59 27 gjort

78 434 34 21 till
128 441 26 14 en
170 435 23 21 af
207 434 267 28 nödvändighetsvarorna
485 435 7 20 i
502 435 48 21 vårt
566 434 58 27 land,
640 435 69 21 måste
721 435 107 24 ursäktas,

78 476 35 13 om
131 470 39 27 jag
189 469 52 21 ville
261 470 85 20 sträcka
361 469 86 21 handen
463 470 55 20 efter
535 469 71 21 denna
621 469 207 28 räddningsplanka.

78 502 80 22 Kastar
175 504 39 27 jag
234 504 88 20 dernäst
341 511 27 13 en
384 504 57 20 blick
457 504 28 28 på
500 503 93 21 orsaken
610 504 33 20 till
658 505 32 19 att
705 504 123 27 sjukvårds-

78 538 106 20 anstalter
206 538 39 21 och
269 538 81 21 vården
369 538 23 21 af
410 538 138 28 sinnessjuka
566 538 24 21 så
608 538 87 28 mycket
717 538 111 26 behöfves,

79 574 31 19 att
131 573 90 21 orsaken
243 573 73 21 härtill
336 575 24 18 är
380 573 33 20 till
434 573 154 28 hufvudsaklig
608 572 34 22 del
658 573 115 21 bränvinet
788 572 40 21 och

79 609 58 19 ännu
159 609 100 19 närmare
285 608 263 28 husbehofsbränningen,
571 608 69 20 måste
661 608 39 27 jag
723 608 65 20 också
803 614 26 14 ur

79 642 70 21 denna
165 642 110 28 synpunkt
291 642 68 21 önska
370 649 27 13 en
409 642 66 28 nödig
486 642 94 21 inkomst
591 649 80 21 genom
681 642 72 20 denna
764 642 64 20 skatt.

77 676 45 21 Det
137 678 24 19 är
183 679 31 18 ett
234 676 73 21 säkert
326 677 90 25 faktum,
437 678 31 19 att
486 676 256 28 husbehofsbränningen
758 677 70 20 såsom

79 718 28 14 en
122 711 107 28 hemslöjd
244 712 31 25 är,
297 718 34 14 om
346 711 48 20 icke
411 710 41 21 den
469 711 61 27 enda,
547 711 23 21 så
585 711 132 21 åtminstone
733 718 27 13 en
777 718 52 20 gan-

77 746 38 20 ska
131 745 69 28 vigtig
215 746 72 20 faktor
303 746 33 20 för
352 745 36 20 det
404 745 92 27 myckna
507 745 113 28 supandet,
632 745 40 21 och
689 745 36 21 det
735 746 24 20 är
770 745 59 21 detta

80 780 209 28 bränvinssupande,
309 786 45 14 som
375 781 39 26 gör
430 781 32 19 att
477 787 49 14 man
541 780 28 28 på
585 780 91 27 sjukhus
692 780 32 20 får
740 787 22 13 se
778 781 51 19 män

78 814 24 21 af
116 815 27 21 30
159 814 12 21 ä
186 815 27 20 40
229 814 23 21 år
273 814 66 20 redan
358 814 66 20 hafva
440 814 91 28 uppnått
549 814 77 21 åldern
642 814 22 20 af
679 814 149 27 decrepiditet,

78 849 111 21 hvarefter
209 848 27 22 de
258 848 47 22 icke
326 856 60 13 mera
406 850 36 19 äro
463 849 7 20 i
486 848 62 22 stånd
563 850 31 19 att
610 855 79 21 genom
703 848 77 21 sådant
795 856 33 13 ar-

78 884 56 26 bete,
157 890 46 14 som
219 885 23 19 är
259 888 26 16 en
301 883 114 21 menniska
433 883 92 28 värdigt,
541 883 79 21 lifnära
635 883 40 28 sig,
691 885 52 19 utan
759 884 68 20 måste

78 919 104 27 antingen
198 918 69 20 svälta
281 918 54 27 ihjäl
351 918 53 20 eller
420 918 52 20 falla
487 918 227 28 fattigförsörjningen
731 918 32 20 till
778 918 48 20 last.

78 954 43 20 Det
133 954 23 20 är
167 952 33 21 väl
211 952 24 21 af
243 952 52 21 flere
307 952 47 20 skäl
365 952 21 21 vi
396 952 40 20 här
446 952 49 21 hört
504 952 41 22 den
556 952 133 28 olycksaliga
699 952 129 20 husbehofs-

78 987 137 27 bränningen
230 988 62 26 tagas
307 987 8 20 i
329 986 93 28 försvar;
446 994 48 13 man
511 988 63 26 säger
590 988 31 19 att
637 986 40 20 den
694 988 23 18 är
733 992 26 15 en
775 986 52 21 nöd-

77 1022 118 28 vändighet
210 1021 34 21 för
258 1021 141 28 jordbruket;
424 1021 70 21 denna
513 1028 63 21 synes
592 1021 45 27 mig
653 1027 50 14 vara
720 1027 26 14 en
762 1020 66 22 bland

79 1057 26 20 de
127 1058 57 19 mest
204 1056 111 27 paradoxa
335 1058 75 23 satser,
432 1062 50 14 man
503 1056 49 20 med
566 1055 46 20 helt
628 1055 62 27 lugnt
706 1056 61 19 sinne
783 1055 44 21 kan

77 1091 127 21 framställa.
234 1090 44 21 För
294 1089 36 22 det
345 1090 75 27 första,
435 1089 56 21 hvad
506 1090 195 27 hemmansegaren
717 1089 109 27 beträffar,

79 1126 23 20 så
117 1125 36 21 må
168 1132 49 13 man
236 1125 57 20 blott
311 1124 92 27 minnas,
427 1126 31 19 att
476 1124 46 21 före
538 1124 23 21 år
578 1124 54 21 1800
647 1124 179 27 hemmansegare

78 1160 49 21 icke
147 1159 55 21 hade
223 1159 71 21 denna
314 1160 66 26 utväg
396 1160 32 19 att
442 1159 94 27 förtjena
551 1158 34 28 sig
599 1158 129 28 penningar.
759 1158 67 21 Hem-

78 1201 79 14 manen
176 1201 51 13 voro
247 1193 27 21 då
289 1193 112 21 belastade
418 1193 49 20 med
482 1193 152 28 bevillningar,
655 1199 45 14 som
717 1193 26 20 de
759 1193 67 20 sedan

80 1229 54 20 1809
151 1229 36 20 äro
203 1227 98 21 befriade
317 1227 53 21 från.
402 1227 134 21 Jordbruket
551 1227 48 20 stod
614 1227 26 20 då
655 1227 28 27 på
699 1233 26 14 en
740 1227 87 27 mycket

77 1264 60 26 lägre
153 1262 134 28 ståndpunkt
302 1263 27 19 än
344 1269 36 19 nu,
396 1261 40 21 och
452 1261 27 22 då
493 1269 37 13 var
541 1261 37 21 det
588 1261 66 28 ingen
664 1261 162 27 nödvändighet

78 1298 33 20 för
126 1297 131 20 utkomsten.
287 1296 109 21 Hvarföre
412 1296 70 21 skulle
493 1303 35 20 nu,
545 1296 66 20 sedan
619 1295 131 28 jordbruket
761 1295 65 20 fram-

78 1331 77 20 skridit
171 1331 39 19 och
227 1330 66 20 sedan
308 1331 78 26 mänga
397 1330 130 27 jordbruket
537 1329 28 21 dä
576 1329 124 20 belastande
711 1329 115 20 bevillnin-

78 1371 39 21 gar
137 1364 72 21 blifvit
228 1364 123 27 borttagne,
374 1364 101 20 hvarföre
496 1363 70 21 skulle
587 1363 194 27 hemmansegaren
797 1369 29 14 nu

78 1399 49 21 icke
148 1398 73 22 kunna
243 1398 95 21 existera
352 1399 52 19 utan
420 1397 212 28 bränvinsbränning
648 1397 40 20 och
701 1397 39 27 jag
756 1398 69 26 säger,

78 1435 32 20 att
125 1440 50 15 man
190 1433 69 22 måste
273 1433 65 22 hafva
352 1433 40 21 bra
406 1433 49 20 litet
471 1434 70 27 öppen
561 1431 64 28 blick,
646 1431 65 22 hafva
726 1433 42 19 sett
783 1431 43 22 för-
