1000 1711
763 132 41 21 857

153 197 58 21 Herr
231 197 155 26 Schauman,
404 196 20 21 J.
440 197 36 21 A.:
498 196 42 29 Jag
556 204 64 14 anser
635 198 31 20 att
682 197 63 21 dessa
760 198 77 26 38,000

84 231 62 21 rubel
161 231 53 21 böra
230 230 111 22 betraktas
353 231 70 21 såsom
436 238 26 14 en
473 231 153 27 hedersskuld;
637 238 34 14 om
685 231 49 21 herr
745 231 92 21 Muncks

84 264 154 22 amendement
253 265 72 21 blifvit
340 265 121 27 godkändt,
476 266 24 20 så
514 265 56 21 hade
586 266 20 20 vi
620 266 46 20 haft
683 278 22 2 —
718 273 25 14 en
758 266 80 21 heders-

85 299 64 21 skuld
162 299 48 20 med
223 299 76 21 vilkor.

154 332 71 21 Sedan
248 333 51 21 herr
321 332 201 22 landtmarskalken
543 333 177 27 tillkännagifvit,
735 335 33 19 att
783 340 55 14 sam-

85 366 125 22 manträdet
235 367 86 21 komme
344 368 32 20 att
398 367 113 22 fortsättas
534 367 94 22 klockan
651 367 47 22 half
719 374 39 15 sex
774 367 64 22 efter-

84 401 124 28 middagen,
228 401 114 28 åtskiljdes
363 401 163 29 ridderskapets
546 401 40 22 och
607 401 76 22 adelns
699 401 140 23 medlemmar

85 435 95 22 klockan
196 437 42 20 två.

623 472 16 16 In
652 472 61 17 fidem:

519 505 79 20 Victor
614 505 26 20 de
657 505 23 20 la
696 505 120 24 Chapelle.

223 645 115 28 Samma
358 646 58 37 dag
436 646 40 26 kl.
498 645 63 28 half
579 647 17 25 6
618 656 22 16 e.
664 655 37 17 m.

155 713 119 28 Upplästes
295 714 40 21 och
356 714 129 28 godkändes
500 713 116 27 särskilda,
631 713 144 22 härförinnan
791 713 48 21 icke

87 747 121 29 bordlagda
223 749 25 26 $$
263 748 26 21 af
301 748 217 28 landtdagsbeslutet.

156 817 58 21 Herr
230 817 199 28 Björkenheim,
440 817 34 27 R.,
486 817 73 22 anhöll
571 824 34 14 om
617 816 62 22 ordet
693 816 39 21 och
743 816 97 29 yttrade:

89 852 43 28 Jag
153 851 41 21 har
216 851 77 28 begärt
309 852 62 21 ordet
392 852 33 21 för
440 854 33 19 att
488 852 68 21 väcka
571 853 31 19 ett
617 851 92 28 förslag,
725 857 53 21 som,
794 851 46 21 ifall

89 886 37 21 det
141 886 70 20 skulle
227 888 101 26 antagas,
343 893 51 15 vore
410 888 57 20 ännu
484 888 30 20 ett
529 886 75 21 försök
619 886 47 20 frän
678 885 162 28 ridderskapets

89 920 40 21 och
145 919 75 22 adelns
241 920 46 22 sida
307 922 32 20 att
354 921 78 27 bringa
447 921 33 20 till
496 922 32 20 ett
543 919 117 22 önskvärdt
676 919 43 21 slut
734 926 26 14 en
777 919 24 21 af
814 918 26 22 de

89 954 117 28 vigtigaste
229 955 81 28 frågor,
333 962 45 14 som
399 955 57 21 varit
471 956 117 20 ständerna
602 954 119 27 förelagde.
751 953 11 21 I
777 953 63 21 brän-

88 989 126 28 vinsfrägan
229 989 40 21 har
285 990 158 21 bondeständet
458 990 63 28 gifvit
537 989 50 21 vika
602 989 34 20 för
651 988 27 20 de
695 988 70 28 öfriga
783 988 57 20 stän-

89 1023 53 21 dens
166 1024 134 28 önskningar
323 1024 40 21 och
388 1024 86 21 förenat
497 1025 33 27 sig
551 1023 49 21 med
621 1022 58 27 dem;
695 1022 38 22 det
748 1022 93 21 återstår

89 1058 65 26 ännu,
170 1058 34 20 för
220 1060 31 19 att
267 1058 26 21 de
309 1058 220 27 kommunikationer,
544 1064 46 14 som
601 1064 49 14 man
662 1057 91 21 allmänt
764 1056 78 21 erkänt

89 1098 52 14 vara
163 1092 81 28 nödiga
264 1092 34 21 för
318 1093 48 21 värt
380 1092 60 28 land,
456 1093 66 21 mätte
538 1092 74 21 kunna
627 1090 159 29 ävägabringas
801 1090 40 21 och

89 1126 34 21 för
146 1128 32 19 att
201 1126 25 21 de
250 1127 168 28 allmännyttiga
440 1128 98 25 arbeten,
558 1132 46 15 som
620 1127 37 19 äro
673 1126 24 20 af
709 1125 132 27 regeringen

88 1160 125 29 föreslagne
236 1161 41 20 och
299 1161 24 20 af
344 1161 118 21 ständerna
485 1160 125 26 förordade,
633 1160 67 21 mätte
715 1158 69 21 under
799 1158 42 21 den

90 1195 125 22 nuvarande
238 1195 282 28 statsregleringsperioden
543 1195 73 20 kunna
638 1194 92 25 utföras,
755 1194 32 19 att
809 1194 33 19 ut-

90 1229 68 22 verka
180 1229 171 22 bondeständets
374 1229 152 28 medgifvande
549 1228 33 21 till
605 1227 140 29 upptagande
768 1226 23 21 af
812 1227 30 20 ett

91 1263 112 22 utländskt
218 1263 43 22 län.
284 1264 11 20 I
311 1263 60 21 detta
386 1263 102 22 afseende
504 1263 39 21 har
559 1261 159 22 bondeståndet
734 1261 45 20 tills
792 1260 50 21 dato

90 1298 101 21 vidhållit
206 1298 38 21 sitt
259 1298 59 21 förra
334 1298 78 27 beslut,
425 1298 89 21 oaktadt
525 1297 26 21 de
562 1297 68 21 andra
641 1296 104 21 ståndens
756 1295 86 28 inbjud-

91 1333 60 26 ning.
182 1332 42 27 Jag
246 1332 66 27 hyser
335 1331 55 22 dock
412 1331 134 21 fortfarande
570 1333 40 24 ett,
629 1331 69 20 ehuru
713 1328 129 27 visserligen

92 1367 72 26 svagt,
179 1365 57 27 hopp
257 1372 35 14 om
312 1366 32 19 att
365 1372 28 14 en
409 1372 71 14 annan
496 1365 57 27 åsigt
568 1365 43 20 kan
627 1365 53 26 göra
693 1363 34 27 sig
741 1361 101 28 gällande

91 1399 60 21 inom
167 1398 158 22 bondeståndet
342 1399 39 21 och
396 1405 65 15 anser
476 1398 36 21 det
527 1405 51 14 vara
589 1396 134 28 fullkomligt
733 1395 110 21 öfverens-

92 1433 135 22 stämmande
243 1433 50 21 med
308 1433 162 28 ridderskapets
486 1432 39 22 och
541 1432 75 22 adelns
632 1431 56 29 pligt
700 1430 8 21 i
718 1430 50 21 dess
778 1436 66 22 egen-
