970 1714
188 143 40 20 606

161 206 143 29 nedstigande
320 207 41 27 led,
378 206 67 22 blifva
461 207 32 21 till
509 207 49 21 hela
574 207 38 21 sitt
628 207 82 29 kapital
726 208 49 20 med
791 207 120 29 bevillning

162 241 115 21 belastade.
307 241 73 28 Något
394 243 67 19 annat
476 241 74 21 kunna
565 242 26 20 de
607 241 48 22 icke
671 242 88 21 komma
773 242 41 21 till.

228 276 59 21 Herr
302 276 159 26 Schauman,
478 276 19 21 J.
516 277 34 20 A.:
573 276 57 21 Hela
653 276 42 21 den
719 276 80 28 dispyt,
821 283 45 14 som
883 284 28 14 nu

160 310 115 28 försiggår,
291 310 63 21 beror
370 311 28 27 pä
413 312 31 19 ett
459 310 152 22 missförstånd
626 311 44 27 af
661 306 10 37 $
686 312 19 25 4,
721 318 46 14 som
781 311 73 21 kunde
866 311 46 21 häf-

162 352 43 20 vas,
222 352 34 14 om
276 352 50 14 man
346 345 90 21 framför
452 346 66 20 orden
535 346 65 26 ,hans
614 346 296 28 förmögenhetstillökning*

161 380 80 20 insatte
258 380 35 20 det
308 380 46 20 lilla
370 380 71 21 ordet:
451 380 63 28 från.

229 414 103 20 Friherre
348 414 140 28 Carpelan:
503 414 45 21 För
563 414 44 20 min
623 414 34 20 del
673 421 64 14 anser
749 415 40 27 jag
805 414 58 21 såväl
878 421 34 14 re-

163 448 118 21 daktionen
303 448 24 21 af
344 449 14 20 4
378 449 11 27 8
406 456 44 14 som
470 455 64 14 mom.
551 449 17 27 f)
584 448 6 20 i
607 448 12 21 5
635 449 11 27 $
662 455 51 15 vara
728 448 7 21 i
751 449 79 27 högsta
845 449 67 21 måtto

163 482 151 22 missledande.
344 483 51 21 Man
417 485 23 19 är
461 483 20 27 ej
501 482 84 22 alltid
575 478 12 36 i
602 482 87 22 tillfälle
710 484 31 20 att
756 483 65 21 hafva
836 483 77 21 redak-

163 519 87 19 törerna
274 518 32 20 till
328 517 69 21 hands
420 517 36 21 vid
477 518 128 27 tolkningen
626 517 24 21 af
664 518 63 21 dessa
743 518 24 27 8$
783 518 39 21 och
835 519 40 27 jag
889 520 24 19 är

163 552 49 22 fullt
224 552 128 28 öfvertygad
368 559 34 13 om
415 554 32 19 att
461 552 58 21 olika
532 552 112 27 meningar
657 552 74 21 derom
743 552 62 22 skola
817 553 95 27 förspör-

162 588 41 27 jas.
233 579 140 28 Åtminstone
388 586 39 21 har
439 587 40 27 jag
493 586 48 21 icke
555 586 83 20 kunnat
650 586 59 21 tolka
721 588 12 20 4
745 587 12 27 $
771 586 142 27 annorlunda,

165 624 27 18 än
208 622 32 20 att
255 621 35 20 det
304 622 24 19 är
343 620 123 21 inkomsten
487 620 23 21 af
528 620 112 28 kapitalet,
657 620 47 22 icke
725 621 106 27 kapitalet
846 621 67 29 sjelft,

164 663 47 15 som
227 656 69 20 skulle
312 654 117 22 beskattas.
459 654 82 22 Likasä
555 656 69 20 måste
640 655 49 27 den,
703 662 45 14 som
760 655 55 21 först
825 663 88 21 genom-

165 691 56 20 läser
243 696 65 14 mom.
324 690 24 26 f),
364 690 87 20 komma
465 689 34 21 till
514 690 41 20 den
576 690 153 27 öfvertygelse,
745 691 32 20 att
792 690 39 27 arf,
847 692 66 19 testa-

165 726 73 20 mente
258 724 53 20 eller
331 723 156 21 fideikommiss
508 724 34 20 till
561 724 77 20 makar
654 724 53 20 eller
723 724 111 28 arfvingar
849 725 7 20 i
871 726 43 20 rätt

165 766 53 21 upp-
240 758 52 21 eller
312 758 143 27 nedstigande
473 757 34 22 led
528 758 69 21 skulle
613 758 96 21 hvarken
725 758 36 21 det
777 758 68 22 första
861 759 54 21 eller

166 792 129 22 kommande
310 792 25 21 år
349 792 105 28 beläggas
473 792 50 21 med
539 792 70 28 någon
626 792 222 29 inkomstbevillning,
864 800 50 14 men

165 835 38 14 var
218 827 167 21 redaktörernes
406 828 89 27 mening
511 834 77 20 annan,
604 826 54 22 hade
681 827 25 21 de
722 828 50 20 bort
786 830 53 25 göra
849 835 65 15 mom.

166 862 108 28 tydligare
290 862 40 20 och
346 862 36 21 det
397 861 54 21 hade
467 862 89 23 kunnat
566 862 38 20 ske
620 868 79 22 genom
715 862 101 29 tillägget
830 863 85 28 ,under

166 897 68 21 första
250 896 67 21 &ret.*

234 931 102 21 Friherre
350 931 85 27 Boije:
453 931 42 27 Jag
511 930 37 22 vill
564 930 77 21 endast
656 930 76 22 förena
748 932 44 27 mig
805 931 49 21 med
865 932 50 21 herr

167 966 122 21 Schauman
304 966 8 19 i
328 965 53 21 hans
404 965 82 27 förslag
508 966 31 20 att
557 965 7 20 i
582 966 12 19 4
610 966 12 26 &
638 965 69 21 skulle
730 966 101 27 tilläggas
855 966 61 21 ordet

166 1001 72 26 yirän*
260 999 90 22 framför
374 1000 66 25 ,hans
461 999 301 28 förmögenhetstillökning.*
796 1000 119 28 Meningen

168 1035 38 21 har
228 1035 56 20 varit
302 1035 32 19 att
354 1034 36 20 det
410 1033 69 21 skulle
495 1041 52 13 vara
562 1040 27 14 en
605 1041 59 20 proc.
680 1034 23 20 af
717 1034 78 27 sjelfva
809 1034 106 28 kapitalet

166 1069 41 21 och
228 1069 48 21 icke
291 1068 24 20 af
333 1068 117 28 kapitalets
465 1068 133 27 afkastning.
628 1068 58 21 Herr
700 1075 41 14 von
757 1068 67 28 Born,
840 1068 27 22 K.
882 1069 33 27 F.,

167 1104 39 20 har
222 1102 128 28 visserligen
368 1104 71 19 ansett
454 1102 37 20 det
507 1110 51 13 vara
573 1102 89 20 alldeles
679 1103 106 27 omöjligt,
801 1110 49 14 men
865 1110 51 14 man

167 1137 42 21 kan
232 1137 67 21 tänka
322 1137 33 27 sig
375 1138 31 20 ett
425 1136 76 21 sädant
521 1137 38 20 fall
578 1138 32 18 att
625 1143 26 14 en
668 1143 79 21 person
762 1139 107 26 mottager
885 1140 32 18 ett

167 1171 36 21 arf
216 1172 40 20 och
272 1171 79 21 förstör
366 1170 37 21 det
421 1170 65 22 redan
502 1171 68 20 under
586 1170 68 21 första
670 1171 47 21 äret
732 1171 40 21 och
787 1172 28 20 dä
830 1172 85 21 komme

167 1207 66 27 ingen
256 1205 121 28 bevillning
399 1207 32 19 att
453 1205 84 21 betalas
559 1206 34 20 för
614 1205 36 21 det
669 1206 76 20 arfvet.
775 1206 140 22 Beträffande

166 1241 47 20 äter
236 1247 64 14 mom.
320 1239 18 27 f)
358 1240 7 20 i
381 1240 11 26 $
408 1240 12 20 5
436 1246 63 14 anser
513 1240 46 27 jag,
576 1239 27 21 dä
619 1240 13 20 4
648 1240 10 26 $
675 1240 97 27 tydligen
794 1241 121 20 innehäller

167 1275 32 20 att
215 1280 27 14 en
262 1273 43 21 viss
325 1279 59 21 proc.
399 1273 7 20 i
421 1273 121 27 bevillning
562 1273 39 20 bör
616 1273 83 20 betalas
715 1273 33 21 för
764 1273 57 21 hvad
835 1274 80 21 honom

166 1307 105 26 tillfaller,
287 1307 59 20 detta
360 1307 112 27 undantag
482 1307 7 20 i
500 1313 63 14 mom.
578 1307 20 27 £)
613 1307 83 27 ganska
711 1307 35 21 väl
761 1307 108 22 försvarar
883 1308 33 21 sin

168 1343 56 27 plats
248 1341 39 21 och
309 1341 39 21 ber
367 1341 40 28 jag
429 1341 102 27 slutligen
553 1343 31 18 att
600 1341 22 21 fä
636 1343 85 26 nämna,
745 1343 32 19 att
791 1343 81 26 precist
887 1349 27 14 en

168 1376 61 29 dylik
249 1375 150 29 uppställning
419 1375 116 22 förefinnes
550 1375 8 21 i
573 1375 92 22 svenska
685 1376 231 29 bevillningsstadgan.

237 1411 58 21 Herr
310 1418 43 14 von
367 1410 80 26 Born,
463 1410 28 21 K.
506 1410 35 21 F.:
562 1410 71 22 Sedan
654 1417 91 15 numera
760 1411 59 21 olika
834 1413 82 20 menin-

170 1453 39 21 gar
231 1446 97 27 uppstått
347 1445 55 21 huru
418 1445 13 21 4
447 1446 11 27 8
474 1445 115 28 rätteligen
611 1445 55 21 skall
686 1446 86 27 förstås,
788 1446 61 21 torde
864 1447 52 21 den-
