986 1709
752 120 39 23 241

69 187 176 29 kronofogdarne
268 187 87 23 komme
378 188 110 22 sannolikt
506 190 31 20 att
551 187 100 29 upphöra
666 189 31 20 att
712 188 110 28 framgent

70 229 52 14 vara
143 223 239 28 kronouppbördsmän,
405 223 123 28 antagande
548 223 7 20 i
576 222 74 21 stället
670 223 111 27 egenskap
801 223 23 21 af

71 256 170 22 skatteutdelare
257 258 22 20 åt
295 257 42 21 den
352 257 98 22 enskilde
464 257 167 29 jordbrukaren.
655 257 42 28 Jag
709 257 55 22 hade
775 257 47 22 der-

71 293 58 19 emot
153 292 19 27 ej
196 292 47 20 haft
265 292 67 27 något
352 294 32 19 att
404 291 93 22 invända
517 292 72 21 derest
609 291 151 28 ridderskapet
782 292 40 21 och

71 327 64 22 adeln
151 326 64 22 fattat
231 327 36 22 det
282 327 78 28 beslut,
374 328 32 21 att
422 327 24 22 af
459 327 35 22 det
509 327 105 29 möjligen
630 327 111 22 blifvande
753 327 69 22 öfver-

71 361 82 22 skottet
174 362 24 21 af
216 361 190 22 bränvinsskatten
426 362 8 21 i
454 362 76 21 sädant
546 361 104 22 afseende
665 361 84 22 tilldela
762 362 60 29 jord-

71 396 123 22 brukarene
210 398 33 19 ett
257 397 54 21 visst
327 397 83 21 mindre
427 397 100 27 tillskott,
543 397 33 21 till
591 397 104 28 beloppet
707 397 115 28 bestämdt,

72 433 15 19 t.
104 439 33 14 ex.
158 433 119 26 yttermera
297 433 91 26 300,000
403 432 13 20 å
432 433 91 26 500,000
544 432 69 26 mark,
635 433 24 20 sä
674 433 32 20 att
721 432 50 21 hela
786 439 37 14 an-

73 466 69 27 slaget
157 466 22 21 åt
185 460 180 33 jordbrukarene
380 466 74 21 kunde
466 473 63 14 anses
541 468 78 26 utgöra
630 466 39 21 full
684 466 139 29 godtgörelse

71 500 34 21 för
116 500 42 21 den
168 500 79 21 hittills
259 501 97 20 erhällna
366 501 69 20 fördel
444 501 24 20 af
474 501 263 28 husbehofsbränningen,
749 501 77 22 hvaraf

72 535 27 21 de
114 535 110 27 framgent
239 535 28 27 gä
282 535 7 20 i
305 535 111 28 mistning,
432 542 49 14 men
497 536 47 20 äter
560 535 61 21 anslä
632 535 56 21 hvad
699 536 125 21 derutöfver

72 569 146 28 tilläfventyrs
241 569 43 20 kan
309 569 127 28 ytterligare
458 570 76 28 inflyta
556 570 33 20 till
613 569 88 29 delning
729 571 92 20 emellan

72 603 254 22 kommunikationernas
342 603 163 23 fullkomnande
521 604 39 22 och
577 604 109 21 allmänna
701 605 34 21 för
750 605 75 22 landet

72 639 85 27 nyttiga
170 638 212 28 jordbruksföretag.

141 673 112 21 Herrarne
269 673 183 28 Standertskjöld,
467 681 42 14 von
524 673 72 22 Törne
608 673 39 22 och
657 673 115 22 Molander
782 674 42 21 för-

73 708 69 21 enade
159 707 33 28 sig
206 709 32 20 uti
255 708 51 21 herr
321 715 41 14 von
379 709 131 20 Haartmans
526 709 142 20 reservation.

141 742 101 22 Friherre
258 743 104 28 Hisinger
385 745 56 19 samt
464 743 103 21 herrarne
587 743 89 26 Linder,
692 742 35 28 K.,
743 743 80 21 Schau-

75 784 56 20 man,
157 776 21 22 J.
203 778 34 26 A.,
263 778 41 20 och
329 777 132 22 Silfversvan
488 777 107 21 instämde
611 778 32 20 uti
665 778 50 20 herr
738 777 85 21 Taubes

73 812 108 28 yttrande.

143 846 41 21 Om
200 846 57 22 hvad
272 846 151 29 ridderskapet
439 847 41 22 och
494 847 64 21 adeln
569 847 7 20 i
587 847 156 22 ofvanstäende
757 847 67 21 mätto

74 881 112 22 förordnat
200 881 71 22 skulle
286 881 142 22 medständen
445 882 40 21 och
500 882 245 28 expeditionsutskottet
756 882 7 21 i
773 888 51 15 van-

73 917 31 28 lig
121 917 92 28 ordning
229 917 144 21 underrättas.

141 986 125 28 Föredrogs
293 985 155 28 lagutskottets
474 986 137 21 betänkande
634 986 7 21 i
662 985 119 29 anledning
804 985 23 22 af

74 1021 124 21 återremiss
220 1021 24 20 af
262 1021 28 20 H.
311 1020 61 29 Kejs.
392 1020 52 21 M:ts
463 1021 79 27 nådiga
556 1021 137 28 proposition
709 1027 34 14 n:o
760 1021 13 20 2
789 1027 36 14 an-

75 1055 84 28 gäende
178 1055 154 28 förändringar
354 1055 40 21 och
409 1055 78 28 tillägg
501 1055 36 21 vid
553 1056 109 20 allmänna
677 1056 76 27 lagens
770 1055 56 20 stad-

75 1089 86 29 ganden
185 1097 34 14 om
241 1089 199 28 förmyndarevärd.
470 1089 120 22 Bordlades
606 1090 34 20 till
655 1091 63 20 nästa
733 1090 95 27 plenum.

143 1158 122 28 Föredrogs
293 1160 155 20 sammansatta
474 1159 45 28 lag-
542 1159 39 20 och
605 1158 220 21 ekonomiutskottets

75 1193 138 21 betänkande
233 1193 7 20 i
261 1193 118 28 anledning
400 1193 23 21 af
441 1193 28 21 H.
491 1193 61 28 Kejs.
568 1193 51 21 M:ts
635 1193 80 28 nädiga
729 1193 98 28 proposi-

75 1228 45 21 tion
137 1234 35 14 n:o
189 1228 11 20 7
216 1227 114 28 angående
345 1227 191 28 vattenledningar
552 1228 40 21 och
607 1227 137 22 vattenverk.

143 1261 46 22 Och
212 1261 47 22 blef
279 1261 92 22 berörde
387 1262 138 21 betänkande
541 1261 116 28 bordlagdt
678 1262 33 20 till
730 1261 41 21 den
790 1262 13 20 5
819 1261 7 20 i

75 1297 72 21 denna
161 1296 85 22 månad.

144 1364 123 27 Föredrogs
283 1370 27 14 en
326 1364 48 20 från
388 1363 223 22 riddarhusutskottet
622 1363 130 21 ankommen
764 1361 63 23 skrif-

76 1399 59 21 velse
151 1398 23 21 af
187 1398 97 28 följande
299 1397 93 29 lydelse:

145 1432 72 22 Sedan
238 1433 39 21 hos
297 1432 222 22 riddarhusutskottet
539 1432 97 22 anmäldt
655 1431 79 27 blifvit,
757 1432 32 20 att
804 1430 24 22 af

143 1473 51 22 Högl.
208 1473 53 17 Ridd.
275 1473 29 17 och
316 1472 63 18 Adelns
392 1473 68 17 Protok.
730 1471 30 19 16"
