973 1711
190 147 42 21 690

162 212 47 27 årig
224 211 93 22 konflikt
333 210 93 22 emellan
440 211 100 28 styrande
555 210 40 21 och
611 211 76 28 styrde,
703 217 27 14 en
746 211 39 26 tid,
800 211 64 21 hvars
880 210 32 21 hi-

163 246 67 21 storia
245 247 97 26 gömmer
357 245 83 20 minnet
456 245 24 20 af
493 245 37 21 det
545 244 118 28 vidrigaste
682 244 230 29 korruptionssystem,

161 281 51 20 kom
228 287 50 14 man
295 280 33 20 till
344 279 41 21 den
401 279 153 29 öfvertygelse,
570 280 32 19 att
617 279 67 27 något
703 281 66 19 annat
784 279 40 21 och
840 280 72 20 bättre

163 314 161 28 oeftergifligen
347 314 75 26 måste,
445 320 35 14 om
503 313 66 21 också
591 313 112 27 våldsamt,
725 314 186 28 tillvägabringas.

162 349 52 21 Men
237 348 66 22 sedan
327 355 49 14 man
396 348 55 21 hade
471 348 85 28 lyckats
572 349 32 19 att
619 348 137 21 undanstöka
772 348 26 22 de
814 348 98 22 ministe-

162 384 54 21 riela
233 384 139 28 oligarkerna
387 382 40 22 och
443 382 62 22 deras
519 382 79 22 krönta
608 383 186 27 personifikation,
805 383 107 21 hamnade

163 425 50 15 man
233 418 46 21 helt
300 417 136 22 oförmodadt
454 417 7 20 i
480 417 42 21 den
538 416 125 22 nuvarande
679 417 89 21 franska
783 417 129 28 imperialis-

163 459 61 15 mens
241 453 71 20 sköte!

230 486 153 28 Förbigående
398 486 27 21 de
441 485 145 22 förnedrande
602 485 219 29 korruptionsmedel,
837 486 75 21 hvilka

164 523 66 27 öppet
245 521 115 28 tillgripas,
377 520 39 21 och
433 520 42 21 alla
491 521 25 20 de
532 520 122 27 skandaler,
668 521 74 21 hvilka
755 521 53 21 höra
819 521 33 20 till
864 520 48 22 ord-

163 557 82 27 ningen
259 556 34 21 för
309 555 77 27 dagen:
399 554 69 21 under
487 555 223 27 valförrättningarna
725 555 6 21 i
747 555 108 28 England,
872 555 40 21 och

163 590 68 22 under
253 590 74 21 hvilka
350 589 162 27 okunnigheten
534 589 39 21 och
593 590 127 26 penningen
740 590 20 28 ej
779 589 69 21 sällan
864 596 48 21 seg-

162 624 67 22 rande
250 624 83 22 brottas
353 624 49 21 med
423 623 40 21 den
484 623 141 21 obemedlade
644 624 162 27 intelligensen,
822 624 38 21 vill
873 624 39 27 jag

163 660 56 20 blott
232 661 87 25 nämna,
335 660 31 20 att
381 660 104 26 regenten
502 658 6 20 i
525 658 66 28 sagde
607 658 50 21 land
673 659 63 27 utgör
752 665 27 14 en
790 658 121 28 personlig-

163 694 44 27 het,
226 700 47 15 som
293 693 65 27 ingen
380 692 58 21 finne
454 692 24 21 af
491 692 51 22 äkta
561 692 60 21 skrot
637 692 39 21 och
691 692 55 22 korn
762 692 62 22 torde
840 692 72 22 tillön-

164 729 40 21 ska
224 735 45 20 oss;
289 727 21 21 vi
331 728 37 20 äro
389 726 24 22 af
427 726 60 22 ålder
503 734 54 14 vana
573 728 32 19 att
619 727 74 27 vörda,
708 727 62 21 älska
785 727 39 21 och
840 727 51 28 lyda
906 728 7 20 i

163 764 38 21 vår
221 764 77 26 regent
317 768 25 15 en
358 761 112 29 ,Herrans
486 761 101 27 smorde",
603 768 45 14 som
664 761 49 21 icke
729 768 51 22 eger
796 763 32 19 att
843 762 71 21 blindt

163 797 72 21 utföra
258 797 47 20 sina
327 796 121 21 ministrars
471 795 78 27 beslut,
570 802 50 14 men
641 802 46 15 som
706 796 92 21 befaller
816 796 49 21 dem
882 797 31 20 att

163 832 119 21 verkställa
305 831 59 21 hans.
397 830 40 20 Att
460 831 53 26 göra
535 830 68 27 några
625 830 144 21 ministeriela
792 830 120 28 dignitärer

163 866 34 21 till
217 865 142 22 innehafvare
379 864 24 21 af
421 864 41 21 den
484 864 111 28 egentliga
615 864 173 28 regentmakten,
804 865 54 21 eller
874 866 38 25 att,

163 907 78 22 genom
263 900 40 21 den
324 899 124 28 föreslagna
467 898 273 29 ansvarighetsprincipen,
756 899 108 21 indirekte
880 899 32 21 öf-

163 936 101 27 verflytta
279 934 88 28 mycket
383 933 23 21 af
419 934 26 20 de
461 933 55 21 båda
532 933 179 22 statsmakternas
722 934 126 21 nuvarande
859 933 53 22 kon-

165 969 136 22 stitutionela
322 967 166 29 berättiganden
510 967 34 21 till
564 967 42 22 den
627 974 41 15 ena
687 969 24 20 af
724 968 56 26 dem,
796 969 33 20 till
844 968 69 21 landt-

166 1005 77 28 dagen,
264 1003 40 21 och
325 1002 120 28 dymedelst
465 1003 54 26 göra
538 1003 106 26 regenten
663 1002 34 21 till
712 1009 26 14 en
755 1002 77 28 simpel
850 1003 64 20 verk-

166 1039 88 20 ställare
270 1037 23 21 af
307 1037 81 20 dennes
404 1037 87 27 åsigter,
510 1036 59 21 detta
585 1036 70 21 skulle
671 1037 33 20 stå
718 1037 7 20 i
740 1037 41 21 rak
796 1037 54 21 strid
864 1037 49 20 med

166 1073 38 20 vår
224 1071 117 21 historiska
361 1070 126 28 utveckling
506 1070 39 21 och
565 1069 77 28 skulle,
658 1077 34 14 om
709 1071 35 20 det
760 1071 66 28 ginge
841 1071 7 20 i
864 1071 50 21 full-

166 1106 90 26 bordan,
279 1106 60 20 snart
361 1104 112 21 förvandla
495 1105 52 20 våra
569 1104 94 28 fredliga
684 1104 129 28 landtdagar
833 1105 33 20 till
887 1112 26 13 en

166 1139 149 28 tummelplats
337 1139 34 20 för
393 1138 103 28 politiska
518 1138 143 28 partistrider.
690 1139 56 20 Vårt
766 1139 148 25 ,framåtskri-

165 1174 82 21 dande"
271 1173 88 21 komme
381 1172 124 28 säkerligen
529 1173 32 20 att
583 1172 28 28 gå
633 1172 125 28 baklänges,
780 1172 45 21 tills
846 1179 25 15 en
892 1173 24 21 af

167 1209 62 20 dessa
251 1206 153 28 tilldragelser,
427 1206 103 22 liknande
553 1206 48 21 dem
623 1206 25 21 af
667 1207 24 21 år
715 1207 54 21 1772
789 1207 40 21 och
851 1208 61 26 1789,

164 1241 161 28 lyckliggjorde
349 1248 34 13 oss
406 1241 49 20 med
478 1248 27 13 en
528 1247 29 20 ny
575 1241 121 28 förenings-
712 1241 36 21 och
762 1242 149 25 säkerhetsakt,

164 1276 49 20 med
232 1274 119 28 åtföljande
366 1277 129 25 presstvång
511 1274 40 20 och
565 1274 116 20 osäkerhet
696 1274 7 20 i
719 1274 78 28 många
812 1275 100 20 väsendt-

163 1310 46 26 liga
231 1308 125 22 afseenden.
387 1308 41 21 Om
454 1308 105 28 enigheten
579 1308 40 20 och
638 1308 39 22 allt
695 1316 43 14 som
754 1309 44 21 kan
813 1309 99 29 befordra

163 1344 37 22 och
215 1347 76 26 trygga
306 1343 46 27 den,
367 1344 64 26 utgör
447 1344 31 19 ett
494 1342 57 21 folks
566 1342 102 22 säkerhet
683 1343 41 21 och
739 1343 81 28 styrka,
836 1344 24 21 så
876 1343 36 21 be-

163 1378 66 21 höfva
251 1378 21 21 vi
295 1378 20 27 ej
337 1376 73 22 blicka
432 1376 61 29 långt
515 1376 95 28 söderut,
633 1378 20 28 ej
675 1381 56 18 utom
750 1378 162 28 kejsaredömets

166 1414 97 27 gränsor,
280 1412 33 21 för
329 1413 32 20 att
379 1411 67 22 skåda
461 1411 26 22 de
503 1411 92 27 frukter,
610 1418 45 15 som
672 1412 133 27 framkallas,
822 1413 39 21 och
875 1413 37 20 ha-
