995 1714
754 125 41 21 367

75 188 69 28 mätig
159 188 80 29 klagan
255 188 70 22 skulle
340 189 104 28 upphöra.
474 189 38 22 Dit
528 190 68 22 måste
612 190 36 21 det
664 190 41 21 ock
714 190 45 22 förr
771 190 53 21 eller

75 224 91 20 sednare
182 224 94 26 komma,
292 231 35 13 om
343 224 41 22 den
401 224 45 21 ofta
461 224 124 28 åberopade
598 225 99 21 likheten
712 226 57 20 inför
787 226 37 26 lag

75 258 55 20 skall
145 258 68 21 blifva
229 265 27 14 en
272 259 99 27 sanning.
401 259 40 20 Att
455 258 37 22 det
507 259 42 21 blir
564 259 141 29 förknippadt
714 260 49 20 med
777 260 46 21 svå-

73 292 98 28 righeter
186 294 32 18 att
234 293 129 27 omgestalta
380 300 26 14 en
423 293 68 21 under
506 293 72 22 sekler
593 300 78 21 genom
685 294 63 27 lagen
760 294 63 28 skyd-

75 326 41 21 dad
131 326 234 28 samhällsinstitution,
383 327 36 21 vill
432 328 40 28 jag
487 328 48 21 icke
550 327 117 22 bestrida.”
683 328 84 21 Sakens
779 328 46 28 vigt

74 361 40 21 och
130 368 26 14 en
172 361 100 29 allvarlig
286 362 53 28 vilja
353 362 54 21 böra
423 362 54 21 dock
492 362 64 22 äfven
571 362 74 22 kunna
658 362 80 22 bereda
753 362 70 22 medel

74 396 40 20 och
130 397 92 27 utvägar
238 396 33 21 till
285 396 140 28 aflägsnande
440 396 24 21 af
476 396 71 22 denna
563 390 110 34 orättvisa,
689 397 41 21 och
745 397 36 21 det
796 398 28 27 på

74 432 31 19 ett
126 432 48 25 sätt,
194 437 46 15 som
256 431 48 21 icke
320 431 93 21 drabbar
428 430 26 22 de
470 430 125 22 nuvarande
611 438 93 21 egarene
720 431 32 21 till
768 431 56 21 skat-

73 465 51 21 tefri
144 465 50 28 jord
216 465 50 22 med
285 472 28 21 ny
329 466 109 21 orättvisa.
469 466 11 20 I
497 467 39 27 går
550 466 89 21 väcktes
654 466 63 28 fråga
732 473 34 14 om
781 466 43 21 till-

74 500 100 21 sättande
196 500 24 21 af
241 507 26 15 en
289 500 83 22 komité
393 500 33 22 för
447 500 121 23 utrönande
584 500 24 21 af
620 508 27 14 en
662 501 115 28 möjlighet
793 503 31 20 att

73 535 111 28 upphäfva
201 535 148 28 jordskatten;
370 536 64 21 äfven
453 536 39 28 jag
512 536 51 21 ville
583 536 110 28 tillstyrka
708 543 25 15 en
750 537 73 26 sådan,

73 577 51 14 men
146 570 50 22 med
218 570 100 22 ändamål
340 572 32 19 att
394 572 98 27 uppgöra
515 571 87 28 projekt
623 571 32 20 till
672 571 151 28 jordskattens

71 605 75 28 jemna
162 604 131 29 fördelning.

142 640 58 21 Herr
215 647 42 14 von
271 640 80 27 Born,
366 640 27 21 K.
409 640 32 21 F.:
456 640 99 21 Emedan
571 641 41 20 den
626 641 110 21 såkallade
743 641 79 29 grund-

73 676 83 20 skatten
178 675 48 21 från
244 675 208 28 jordlägenheterne
468 677 6 19 i
490 675 74 21 landet
583 677 24 19 är
623 675 98 22 bestämd
736 676 33 21 för
785 677 38 20 all-

74 711 80 20 männa
172 709 123 22 statsbehof
311 710 39 21 och
371 710 84 21 således
476 710 19 27 ej
513 710 42 21 kan
571 709 86 29 aflyftas
672 712 50 19 utan
739 711 32 20 att
786 717 37 14 an-

75 745 37 20 dre
132 745 69 21 medel
217 745 33 20 till
266 745 96 28 fyllande
378 745 24 20 af
415 744 63 21 dessa
493 744 67 21 behof
573 745 93 26 anvisas,
681 752 57 20 men,
755 745 69 21 såvidt

71 781 39 26 jag
133 779 80 22 förmår
236 779 54 27 inse,
306 780 43 21 alla
364 779 68 21 andra
447 779 124 29 tillgångar,
587 787 45 13 som
649 781 37 19 äro
701 779 122 28 disponibla

74 814 53 21 eller
150 815 104 28 möjligen
278 814 73 21 kunna
372 814 116 27 användas,
509 814 45 21 dels
569 814 67 22 redan
651 813 69 22 finnas
736 815 33 20 för
785 822 37 13 an-

74 850 38 21 dra
133 849 100 22 ändamål
252 849 118 28 bestämda,
389 849 46 22 dels
454 851 36 20 äro
507 849 108 28 behöfliga
630 849 33 21 för
679 849 144 22 folkskolevä-

74 885 87 21 sendets
177 885 117 26 ordnande,
313 884 346 21 kommunikationsanstalternas
674 884 149 22 förbättrande

74 921 40 21 och
137 919 107 22 särskilda
266 919 67 22 andra
355 919 193 29 maktpåliggande
564 919 146 29 tillgöranden
726 920 33 21 för
775 921 48 21 vårt

73 955 62 21 lands
158 954 197 22 framåtskridande
371 955 6 20 i
393 954 103 28 tidsenlig
518 954 104 28 riktning,
644 954 69 22 måste
731 956 39 26 jag
789 956 34 20 för

73 990 45 20 min
138 989 35 21 del
192 990 59 20 hålla
266 989 47 21 före
329 991 37 25 att,
383 996 33 14 om
433 989 65 21 också
514 988 168 29 grundskattens
698 989 125 28 aflyftande,

73 1025 140 27 hvarigenom
234 1024 66 21 bland
320 1026 67 18 annat
407 1024 49 20 hela
476 1023 202 27 indelningsverket
696 1024 86 27 rubbas,
797 1032 28 14 ur

73 1062 70 26 någon
160 1060 108 28 synpunkt
283 1058 124 27 betraktadt,
423 1058 73 21 kunde
511 1064 63 15 anses
585 1065 52 13 vara
647 1058 124 27 önskvärdt,
783 1059 39 21 och

73 1094 29 28 ej,
118 1094 70 21 såsom
202 1094 38 27 jag
256 1093 67 21 likväl
339 1093 92 27 befarar,
447 1094 68 20 mötte
531 1092 197 28 oöfvervinnerliga
738 1093 85 27 hinder,

73 1128 76 28 frågan
168 1128 82 28 derom,
269 1128 131 22 åtminstone
421 1128 33 21 för
469 1126 134 23 närvarande
619 1127 40 21 och
675 1128 63 20 äfven
754 1127 69 22 under

73 1170 26 14 en
123 1164 52 28 lång
197 1163 87 29 tidföljd
303 1162 24 22 af
345 1163 24 21 år
388 1162 85 28 framåt,
495 1162 67 22 likväl
575 1162 65 20 hörer
656 1162 77 22 endast
748 1162 33 21 till
796 1162 27 22 de

73 1198 93 21 fromma
182 1198 173 28 önskningarnes
371 1198 69 27 antal;
460 1197 41 21 och
517 1197 33 21 får
563 1197 39 27 jag
618 1196 64 21 alltså
697 1196 27 28 på
735 1196 87 27 desse,
812 1192 13 38 i

73 1232 101 29 förening
194 1232 50 22 med
264 1232 26 22 de
309 1232 24 22 af
347 1232 181 28 nästföregående
544 1231 68 21 talare
628 1231 7 20 i
650 1230 66 29 öfrigt
732 1231 90 21 anförde

73 1267 59 27 skäl,
154 1267 111 21 vördsamt
287 1267 80 21 föreslå
389 1268 32 19 att
443 1266 50 21 herr
517 1265 168 29 Björkenheims
710 1266 113 20 memorial

73 1302 67 20 måtte
156 1302 76 28 läggas
247 1302 34 20 till
296 1301 164 28 handlingarne.

141 1336 57 20 Herr
213 1335 162 27 Furuhjelm,
391 1335 29 20 H.
436 1335 38 20 V.:
490 1334 50 20 Med
556 1333 164 21 återhemtande
734 1334 23 20 af
766 1334 56 20 hvad

70 1369 39 28 jag
129 1369 142 21 härförinnan
291 1369 72 20 anfört
384 1368 33 20 till
433 1366 184 28 understödjande
633 1366 22 21 af
669 1366 41 21 den
727 1374 28 13 nu
771 1367 51 20 ifrå-

73 1403 123 28 gavarande
211 1403 129 28 petitionen,
355 1402 38 21 vill
406 1403 39 27 jag
461 1409 29 14 nu
504 1401 57 22 blott
576 1400 105 21 anmärka
696 1401 66 28 något
778 1403 45 18 mot

73 1437 152 29 ordalydelsen
245 1437 24 22 af
286 1437 132 28 densamma,
434 1437 65 22 sådan
516 1436 41 21 den
571 1434 74 22 blifvit
660 1435 8 20 i
684 1435 36 21 det
735 1435 24 22 af
772 1435 51 21 herr
