989 1720
758 129 41 20 823

77 192 145 22 medstånden
239 193 151 28 öfverbringas
405 193 93 21 medelst
513 201 27 14 en
556 193 133 28 deputation,
704 194 88 21 hvilken
807 195 23 21 af

77 227 51 21 herr
150 227 203 21 landtmarskalken
376 227 75 27 utsågs
472 228 40 20 och
533 230 78 25 genast
630 228 73 27 afgick
721 230 56 19 samt
792 235 35 14 om

77 268 27 15 en
127 261 66 23 stund
216 261 98 22 återkom
337 257 39 26 och
398 261 95 22 anmälte
514 262 35 28 sig
570 261 68 23 hafva
655 262 100 29 fullgjort
773 269 54 22 upp-

77 291 82 37 draget.

145 365 123 28 Föredrogs
283 365 233 22 riddarhusutskottets
533 365 35 22 vid
584 365 122 29 gårdagens
720 372 107 17 samman-

77 399 61 22 träde
160 400 56 21 intill
237 399 72 22 denna
330 399 42 29 dag
392 399 122 29 bordlagda
528 401 114 20 memorial
657 400 25 21 af
695 400 42 22 den
754 401 27 21 12
795 401 32 22 in-

77 434 126 21 nevarande
219 434 63 28 april,
297 433 151 23 innefattande
459 434 140 28 redogörelse
611 434 60 21 öfver
682 434 73 28 adliga
762 435 66 29 jung-

77 468 104 23 frustifts-
204 468 39 22 och
265 468 234 22 riddarhuskassornas
519 468 99 22 tillstånd
633 468 36 21 vid
684 469 143 29 landtdagens

78 504 43 22 slut
135 504 42 21 den
195 504 24 20 15
235 503 7 22 i
258 504 72 21 denna
345 504 86 26 månad,
446 504 110 22 hvarefter
572 503 60 22 ordet
646 503 108 28 begärdes
770 504 24 21 af

144 538 59 22 Herr
217 545 43 15 von
275 538 82 27 Born,
371 538 27 21 K.
415 538 31 27 F.,
463 545 45 15 som
524 538 96 28 yttrade:
643 538 44 28 Jag
700 538 71 23 skulle
787 541 39 26 tro,

77 575 33 19 att
131 572 60 23 detta
211 573 113 21 memorial
344 574 20 27 ej
385 579 68 21 gerna
468 573 43 21 kan
526 572 115 22 föranleda
656 573 33 21 till
705 573 74 29 vidare
795 574 32 22 åt-

77 608 61 28 gärd,
162 610 27 19 än
212 610 31 19 att
265 607 137 22 memorialet
424 608 33 21 får
476 608 76 28 inflyta
574 608 8 21 i
604 607 162 30 ridderskapets
786 608 40 23 och

77 643 77 22 adelns
169 643 109 28 protokoll
294 643 40 21 och
350 643 33 21 för
399 642 65 29 öfrigt
478 643 78 28 lägges
571 643 33 21 till
620 642 165 29 handlingarna.

146 677 33 22 På
197 677 162 29 framställning
374 677 25 22 af
411 677 51 22 herr
482 677 200 22 landtmarskalken
698 677 82 22 beslöts
795 680 32 19 att

78 713 137 21 memorialet
241 712 70 22 skulle
337 713 76 28 läggas
440 713 33 20 till
500 712 163 28 ridderskapets
689 712 40 22 och
752 713 74 23 adelns

77 743 136 37 handlingar.

145 817 125 28 Föredrogs
285 818 32 20 ett
332 817 48 21 från
392 817 161 21 statsutskottet
564 816 126 21 ankommet
700 816 24 22 sä
734 816 93 29 lydande

79 853 114 21 memorial
209 853 22 20 af
245 852 43 21 den
304 853 24 19 11
346 851 92 21 dennes:

148 904 9 10 ,
160 887 47 21 Hos
228 887 59 27 högl.
305 885 151 29 ridderskapet
474 886 40 21 och
530 885 65 21 adeln
610 885 33 21 får
658 886 169 27 statsutskottet,

78 929 47 15 som
139 922 48 21 haft
201 922 8 20 i
224 921 99 29 uppdrag
343 922 30 20 att
388 921 24 21 af
426 921 141 21 statsverkets
584 920 117 29 tillgångar
716 921 112 28 reqvirera

80 956 143 28 erforderliga
239 956 71 21 medel
325 956 34 20 till
373 955 136 21 betäckande
525 955 24 21 af
561 955 121 28 utgifterna
698 955 34 21 för
748 956 80 21 bonde-

79 991 97 22 ståndets
196 990 72 22 kansli
289 992 56 20 samt
360 990 128 21 ständernas
502 990 91 26 utskott,
609 989 111 22 vördsamt
734 990 93 27 anmäla,

79 1028 32 20 att
126 1026 69 28 enligt
210 1025 112 28 behöriga,
338 1025 23 21 af
374 1025 152 21 sekreteraren
541 1025 8 21 i
564 1024 166 22 nedannämnde
744 1025 84 21 utskott

79 1060 120 22 aflemnade
222 1060 41 21 och
283 1060 24 20 af
324 1059 113 21 utskotten
460 1058 114 30 godkände
593 1058 125 28 räkningar,
738 1059 89 21 kostna-

78 1095 68 21 derna
168 1095 33 21 för
224 1094 64 22 dessa
305 1094 84 21 utskott
408 1094 69 22 under
492 1092 147 23 innevarande
654 1092 104 29 landtdag
773 1100 55 22 upp-

79 1130 47 29 gått
141 1130 33 20 till
190 1129 97 28 följande
302 1129 87 27 belopp,
404 1129 120 27 nemligen:

107 1165 33 21 för
154 1164 166 22 bankutskottet
335 1163 33 21 till
398 1179 5 5 .
433 1179 5 5 .
469 1180 5 4 .
504 1180 4 4 .
539 1178 5 6 .
574 1179 5 4 .
610 1178 5 6 .
630 1163 38 21 mk
683 1162 72 27 4,857:
771 1163 27 21 65

157 1198 239 28 bevillningsutskottet
411 1198 34 21 til
474 1214 1 4 .
505 1214 5 4 .
540 1213 6 5 .
576 1212 5 6 .
612 1214 4 4 .
647 1212 5 5 .
682 1198 73 26 5,000:
770 1210 29 3 —

157 1233 210 22 ekonomiutskottet
382 1232 34 22 till
438 1248 2 5 .
470 1248 4 5 .
505 1248 5 6 .
541 1247 5 5 .
576 1247 5 5 .
612 1247 5 5 .
647 1232 108 26 .13,156:
771 1232 27 21 60

115 1285 10 9 »
157 1269 156 21 sammansatta
327 1267 46 28 lag-
389 1267 41 21 och
445 1266 159 22 ekonomiutsk.
620 1266 33 21 till
669 1266 87 27 10,029:
772 1266 26 21 28

116 1321 9 9 »
157 1302 162 22 statsutskottet
334 1301 33 22 till
400 1317 5 5 .
436 1317 4 5 .
471 1317 5 5 .
506 1317 5 6 .
542 1317 4 4 .
577 1317 5 4 .
612 1316 5 5 +»
647 1301 108 26 .10,951:
772 1301 26 20 66

147 1337 35 21 Då
203 1337 35 20 till
256 1336 142 21 omförmälde
416 1336 128 21 kostnaders
560 1335 165 27 sammanlagda
739 1334 88 28 belopp,

79 1372 77 26 43,995
172 1370 61 21 mark
251 1370 24 21 19
291 1369 74 27 penni,
380 1370 75 27 lägges
471 1370 20 26 ej
507 1368 85 22 mindre
606 1368 131 28 utgifterna:

108 1406 34 21 för
157 1404 169 22 bondeständets
341 1403 71 22 kansli
428 1403 100 28 omkring
546 1418 2 6 .
579 1419 5 5 .
614 1418 6 6 .
650 1418 4 4 .
670 1401 38 22 mk
722 1402 78 26 33,000

116 1458 9 11 »
158 1438 245 33 expeditionsutskottet
440 1454 4 6 .
475 1454 5 8 .
510 1453 5 6 -
545 1454 5 5 «
580 1453 6 6 +
616 1452 5 7 +
651 1453 5 5 »
686 1452 6 6 +»
736 1436 64 28 4,800
