986 1709
728 128 40 22 211

49 193 151 29 ersättningen
223 192 33 23 till
279 192 83 24 kronan
382 194 34 22 för
436 194 38 22 det
493 194 78 22 fordna
587 193 212 29 bränvinsarrendet,

49 230 57 20 samt
121 228 26 21 de
163 229 24 20 af
200 228 42 22 den
258 228 129 22 förändrade
406 229 167 28 lagstiftningen
591 228 127 22 föranledda
733 229 66 28 utgif-

50 264 39 25 ter,
106 265 56 19 samt
177 263 89 21 dernäst
281 263 139 28 godtgörelse
436 264 22 20 åt
469 263 159 28 jordbrukaren
645 263 33 21 för
689 263 41 21 den
741 264 58 21 vinst

49 297 42 21 han
107 297 109 21 härintills
232 297 46 21 haft
289 297 24 21 af
326 297 257 28 husbehofsbränningen
595 299 31 19 att
636 298 104 28 påräkna.
757 298 43 28 Jag

49 332 36 20 må
108 331 66 21 sedan
197 332 59 20 kalla
278 332 71 21 denna
372 332 138 28 godtgörelse
530 332 97 27 lindring
647 331 8 21 i
676 332 124 28 vägabygg-

49 366 210 27 nadsskyldigheten
270 366 53 20 eller
333 366 206 28 hållskjutsningen,
548 366 54 21 eller
613 365 56 22 hvad
679 373 47 15 som
736 366 64 28 helst,

50 401 76 26 ehuru,
142 407 35 14 om
193 402 32 19 ett
239 400 109 22 bestämdt
363 408 65 13 namn
444 400 62 21 deråt
519 400 56 21 skall
591 400 76 28 gifvas,
680 401 64 28 jag,
737 396 10 37 i
759 401 40 21 lik-

50 435 37 21 het
105 434 50 22 med
173 435 50 21 herr
244 435 164 27 Björkenheim,
424 435 51 21 ville
490 434 59 22 kalla
565 434 125 22 densamma
705 435 96 29 lindring

50 470 24 21 af
90 469 165 28 grundskatten.
285 469 33 21 På
338 469 26 21 de
380 469 24 21 af
417 469 45 28 mig
482 469 91 21 anförda
589 469 46 21 skäl
651 469 98 22 förordar
762 471 39 28 jag

51 504 90 28 således,
164 505 32 20 att
218 504 26 21 de
267 504 24 20 af
311 504 210 21 utskottssektionen
543 504 126 28 föreslagna
689 505 112 27 1,400,000

51 539 62 21 mark
134 539 68 21 måtte
225 538 24 21 af
270 538 41 22 den
334 538 110 22 blifvande
466 538 191 22 bränvinsskatten
677 539 72 21 anslås
768 540 34 21 till

51 573 98 22 lättande
164 573 23 21 af
201 573 26 21 de
248 572 85 28 bördor,
352 580 46 14 som
419 573 76 28 trycka
507 572 137 29 jordbruket.
674 573 64 22 Hvad
754 575 48 21 åter

52 608 27 22 de
95 608 68 22 under
179 608 40 21 litt.
232 608 16 21 C
260 610 111 26 upptagne
386 610 74 26 poster
476 608 74 28 angår,
566 614 38 15 var
620 608 126 22 sektionens
757 616 44 15 me-

53 644 54 28 ning
127 644 32 20 att
179 643 63 21 dessa
263 642 70 22 skulle
352 643 54 27 utgå
426 642 77 22 endast
523 642 33 22 till
574 644 63 20 nästa
651 643 110 29 landtdag,
776 644 28 22 då

54 679 37 21 det
114 678 70 21 skulle
206 677 117 22 ankomma
344 678 28 28 på
395 677 116 21 ständerne
532 679 32 19 att
583 678 127 28 ytterligare
728 678 74 22 derom

53 714 127 20 bestämma.
211 712 43 28 Jag
276 712 58 21 inser
356 712 88 28 mycket
467 712 34 21 väl
524 713 31 20 att
578 712 91 26 300,000
689 713 62 21 mark
766 715 38 19 äro

53 748 89 27 mycket
162 747 34 21 för
215 747 50 21 litet
285 746 34 21 för
338 746 214 28 fängelseväsendets
573 746 156 28 förbättrande,
748 750 57 19 samt

55 782 92 21 föreslår
163 781 85 21 derföre
264 781 66 21 också
344 781 41 21 den
402 781 92 28 ändring
509 781 7 21 i
532 780 125 22 sektionens
669 781 88 29 förslag,
773 784 32 19 att

56 816 91 27 300,000
165 816 62 21 mark
246 815 71 22 anslås
336 815 34 21 till
384 815 94 21 kreditiv
493 816 23 21 åt
531 815 107 29 styrelsen
654 816 40 21 och
709 816 7 21 i
732 817 74 21 stället

55 851 94 27 500,000
167 850 63 22 mark
248 850 34 22 för
299 850 216 28 fängelseväsendets
531 850 117 22 ordnande.
677 850 65 23 Hvad
758 851 47 23 der-

56 888 58 20 emot
133 886 71 27 öfrige
224 885 68 22 under
311 885 41 21 litt.
378 885 8 21 C
401 888 111 26 upptagne
531 886 76 27 anslag
626 886 109 26 beträffar,
751 886 54 22 eller

57 921 105 27 anslagen
176 920 35 20 till
226 920 53 21 fond
292 920 33 20 för
341 919 208 29 donationsgodsens
560 920 113 21 inlösande
689 920 40 21 och
745 920 61 22 kom-

56 955 201 21 munikationernas
278 954 172 27 fullkomnande,
466 954 39 21 ber
517 954 40 28 jag
572 956 32 19 att
619 954 32 21 uti
667 954 63 22 dessa
746 955 60 21 delar

57 990 22 20 få
101 988 87 22 förorda
210 988 222 22 utskottssektionens
454 988 145 22 betänkande.
632 988 175 22 Vidkommande

59 1022 133 22 sistnämnde
212 1023 82 27 anslag,
313 1029 63 15 anser
389 1022 39 28 jag
443 1023 45 27 mig
503 1022 112 29 derjemte,
631 1023 7 20 i
653 1022 118 29 anledning
786 1024 24 20 af

59 1065 26 14 en
106 1057 35 21 del
163 1057 79 21 talares
262 1057 85 27 yttrade
368 1057 113 21 förmodan
499 1058 32 20 att
547 1056 122 22 detsamma
685 1057 76 21 endast
776 1058 32 20 af-

58 1092 52 28 såge
131 1091 135 21 inrättandet
289 1091 24 21 af
330 1091 126 28 jernvägar,
475 1091 22 21 få
517 1091 92 28 upplysa
629 1092 32 20 att
681 1091 127 22 sektionens

58 1126 89 27 mening
162 1126 56 21 varit
237 1127 32 20 att
289 1125 89 21 dermed
394 1126 70 20 skulle
480 1125 107 22 bestridas
602 1125 127 22 annuiteten
745 1126 7 20 i
768 1126 39 21 och

58 1160 33 22 för
113 1160 36 22 det
169 1160 43 27 lån,
233 1167 47 14 som
301 1160 68 21 måste
391 1162 108 26 upptagas
515 1160 34 21 för
564 1160 59 21 såväl
634 1160 119 28 jernvägar
767 1160 41 22 och

59 1195 90 21 kanaler
170 1202 46 13 som
236 1194 67 21 andra
321 1195 7 20 i
348 1194 42 21 den
405 1195 81 28 nådiga
499 1195 164 27 propositionen
680 1195 129 21 omnämnde

60 1229 221 22 kommunikationer.
305 1228 73 28 Några
393 1228 69 22 talare
477 1229 64 21 hafva
556 1229 35 21 väl
606 1228 64 29 yrkat
686 1229 124 21 attifräm-

61 1266 33 19 sta
109 1265 95 20 rummet
224 1262 68 22 borde
307 1264 52 27 utgå
374 1263 76 28 anslag
466 1263 33 21 till
514 1263 186 28 folkbildningens
716 1263 95 28 höjande

61 1298 40 21 och
121 1297 67 22 sedan
203 1298 34 20 till
252 1297 215 28 fängelseväsendets
488 1296 119 28 ordnande;
623 1304 57 20 men,
696 1297 68 21 ehuru
779 1298 31 21 äf-

60 1339 42 14 ven
119 1333 40 26 jag
177 1332 34 20 för
229 1332 45 20 min
293 1332 35 20 del
348 1338 63 14 anser
432 1332 76 26 anslag
523 1331 34 21 till
571 1330 187 28 folkbildningens
774 1332 37 20 hö-

58 1365 68 29 jande
149 1365 52 21 böra
221 1365 74 28 intaga
317 1364 67 21 första
405 1367 100 23 rummet,
525 1366 46 19 tror
584 1364 40 28 jag
639 1364 55 21 dock
710 1364 36 21 det
760 1372 52 13 vara

63 1399 119 27 obehöfligt
202 1400 32 19 att
248 1399 25 21 af
286 1398 190 22 bränvinsskatten
495 1398 73 22 dertill
586 1398 62 21 anslå
663 1399 73 27 något,
753 1400 59 26 enär,

62 1435 57 21 huru
137 1434 78 28 frågan
236 1440 35 15 om
291 1433 148 31 bevillningen
460 1434 27 21 än
507 1434 36 21 må
562 1432 94 30 afgöras,
674 1432 57 22 intet
750 1432 63 23 stånd
