975 1723
763 124 40 21 727

84 191 317 30 bränvinsbränningsafgiften
421 192 24 22 år
466 193 53 21 1772
538 193 24 20 af
578 199 83 15 samma
676 194 94 28 ständer,
785 201 46 16 som

84 229 81 27 antogo
186 228 38 21 vår
242 235 30 14 nu
290 227 101 28 gällande
411 228 176 28 regeringsform,
602 227 49 22 icke
666 229 79 28 ansågs
761 230 70 22 såsom

85 269 26 14 en
127 262 127 28 bevillning,
270 263 52 20 utan
339 262 70 21 såsom
427 269 26 14 en
468 261 224 29 konsumtionsafgift,
708 263 66 29 skiljd
784 265 48 21 från

85 297 159 28 bevillningen;
267 297 43 28 2:0)
333 297 32 20 att
385 296 35 21 vid
440 296 59 22 tiden
519 297 34 21 för
574 297 54 21 1786
644 297 34 21 års
694 297 96 30 riksdag,
805 299 28 22 då

84 331 117 22 ständerna
216 331 7 21 i
239 332 11 27 $
266 332 12 21 3
294 331 24 21 af
331 331 38 21 sitt
384 330 72 22 beslut
471 331 123 22 förklarade
609 331 44 22 alla
667 331 48 29 fyra
730 333 103 22 ständens

84 366 187 28 samstämmighet
291 365 109 22 erfordras
419 366 33 21 till
467 366 119 29 afgörande
601 366 77 22 endast
693 367 24 21 af
731 368 101 29 ,privile-

84 402 40 28 gii-
140 402 40 21 och
195 401 199 28 bevillningsmål”,
410 401 240 28 bränvinsbränningen
666 401 166 30 icke.utgjorde

83 436 92 22 föremål
195 436 33 21 för
249 435 128 29 bevillning,
397 436 90 21 emedan
506 435 70 22 denna
596 435 143 31 tillverkning
754 438 27 22 då
795 438 37 22 be-

84 471 58 22 drefs
165 471 70 21 såsom
258 472 32 20 ett
311 471 74 28 regale
407 477 79 21 genom
508 471 151 29 förpaktning;
681 472 39 21 och
741 473 44 30 3:0)
800 475 32 20 att

84 506 118 21 ständerne
216 505 37 22 vid
269 505 55 22 1800
339 505 35 21 års
390 505 95 28 riksdag,
500 505 28 22 då
543 506 37 21 det
592 507 125 20 nuvarande
727 507 104 22 kontrak-

84 542 32 21 tet
131 540 93 22 emellan
239 539 104 29 regering
361 540 41 21 och
422 539 87 22 ständer
524 547 34 14 om
574 539 257 32 husbehofsbränningen

83 575 91 28 ingicks,
193 575 49 21 icke
260 575 70 21 heller
349 575 80 27 ansågo
446 575 42 21 den
503 575 73 21 härför
592 575 79 28 åtagna
686 575 59 22 skatt
760 577 70 21 såsom

83 610 126 28 bevillning.
240 609 47 22 Och
307 609 91 22 emedan
418 609 91 22 berörde
530 609 64 28 afgift
614 609 84 22 således
713 610 37 22 vid
764 611 67 28 ingen

82 645 24 22 af
124 645 63 21 dessa
207 646 33 19 tre
259 643 34 22 för
312 643 88 29 frågans
420 643 157 22 bedömmande
597 644 84 28 vigtiga
701 645 81 28 epoker
798 648 33 19 ut-

83 681 59 28 gjort
162 679 127 28 bevillning,
309 685 64 15 anser
388 679 41 28 jag
444 679 131 27 densamma,
590 679 8 20 i
614 679 88 22 hvilken
717 679 57 22 form
789 680 42 22 den

83 717 26 20 än
126 714 70 29 utgår,
211 713 49 22 icke
275 713 75 22 kunna
365 713 143 22 tillerkännas
521 713 204 29 bevillningsnatur.

150 749 44 21 Vid
216 748 78 22 sådant
315 748 136 22 förhållande
475 748 39 22 och
536 748 91 22 emedan
650 749 11 28 $
684 749 26 21 57
730 749 24 21 af
769 757 62 21 rege-

83 785 146 28 ringsformen
254 783 147 28 uttryckligen
427 783 87 29 stadgar
536 784 32 21 att
588 783 38 21 der
648 784 68 28 något
738 784 93 29 otydligt

83 820 70 21 skulle
175 819 69 21 finnas
267 818 7 21 i
297 818 143 28 grundlagen,
460 825 50 14 man
530 817 40 22 bör
590 819 56 20 rätta
662 818 33 28 sig
711 819 55 21 efter
781 819 50 22 dess

82 854 130 28 bokstafliga
226 852 98 23 innehåll
338 852 58 22 intill
412 852 48 22 dess
475 852 81 29 Kongl.
565 852 41 22 M:t
622 852 39 22 och
676 853 86 22 riksens
773 855 58 20 stän-

83 890 45 27 der,
143 889 29 28 pä
187 890 43 19 sätt
245 894 46 15 som
306 888 32 21 uti
353 888 27 21 39
397 887 39 22 och
452 888 27 21 42
494 888 25 27 $$
534 887 149 28 föreskrifves,
698 888 75 22 kunna
787 889 44 22 för-

83 931 59 21 enas,
162 930 64 21 synes
246 922 37 22 det
303 921 45 29 mig
368 921 48 22 icke
436 929 51 14 vara
507 929 35 14 oss
563 922 131 28 tillständigt
712 925 32 19 att
759 923 73 22 afvika

83 959 48 21 från
149 958 35 21 det
203 957 130 28 bokstafliga
350 957 120 21 innehållet
485 957 24 21 af
521 957 11 28 $
548 957 13 20 3
576 957 7 20 i
601 957 55 21 1786
671 957 35 21 års
721 957 110 29 riksdags-

82 994 78 25 beslut,
176 999 79 22 genom
274 993 32 20 att
320 992 29 28 på
363 991 241 28 bränvinsbränningen
620 991 41 22 och
676 991 92 28 afgiften
784 993 47 21 der-

82 1029 47 21 före
145 1028 99 27 tillämpa
258 1027 57 21 hvad
330 1027 38 20 der
384 1026 146 29 uttryckligen
546 1025 78 22 endast
639 1026 142 22 föreskrifves
796 1027 35 21 för

83 1062 119 30 privilegii-
223 1061 40 22 och
282 1061 185 28 bevillningsmål;
487 1063 53 20 utan
558 1067 64 15 anser
638 1061 40 28 jag
692 1062 33 20 att
739 1061 7 20 i
761 1061 71 22 denna

84 1098 61 28 fråga
164 1098 12 27 $
194 1097 27 21 45
240 1097 23 21 af
276 1096 198 28 regeringsformen
488 1096 39 21 bör
543 1095 115 29 tillämpas,
674 1095 40 22 och
729 1097 33 20 att
777 1096 54 21 säle-

84 1132 37 22 des
143 1133 105 26 regenten
271 1131 50 21 icke
342 1133 53 19 utan
417 1130 127 22 ständernas
564 1131 111 27 samtycke
690 1130 33 21 får
738 1130 93 29 pålägga

83 1167 85 22 landets
190 1167 104 20 invånare
317 1165 92 22 berörde
431 1165 73 28 afgift;
526 1171 50 15 men
595 1164 34 21 till
644 1165 60 21 detta
719 1165 112 28 samtycke

84 1201 104 22 behöfves
203 1201 55 29 icke,
281 1200 70 28 enligt
372 1200 45 21 min
439 1200 73 26 tanke,
531 1199 43 21 alla
589 1199 48 28 fyra
653 1199 110 28 ståndens,
778 1201 53 20 utan

83 1236 77 21 endast
175 1238 33 19 tre
223 1235 74 21 stånds
312 1234 164 29 samstämmiga
489 1234 78 21 beslut.

152 1271 57 20 Herr
231 1277 43 14 von
296 1269 83 27 Born,
402 1269 28 21 K.
449 1269 32 21 F.:
504 1268 65 22 Olika
589 1268 81 28 åsigter
685 1269 64 21 hafva
765 1269 66 21 bland

83 1305 119 28 höglofliga
223 1304 163 28 ridderskapets
409 1303 39 22 och
471 1303 75 22 adelns
565 1303 142 21 medlemmar
727 1304 104 28 uppstätt,

83 1339 107 21 huruvida
208 1339 26 20 de
252 1339 154 26 förändringar
421 1339 7 20 i
443 1337 270 29 bränvinslagstiftningen
728 1338 39 21 och
782 1337 48 22 der-

77 1373 57 29 "med
148 1371 212 28 sammanhängande
380 1374 85 24 ämnen,
480 1371 75 21 hvilka
570 1371 24 20 af
607 1371 26 20 de
648 1371 64 21 flesta
727 1371 104 21 riksstän-

85 1408 41 21 den
146 1408 36 20 vid
202 1407 72 21 denna
294 1406 105 29 landtdag
418 1406 71 22 blifvit
508 1407 103 27 antagne,
631 1412 52 15 vore
701 1404 24 22 af
738 1405 41 21 den
795 1405 36 21 be-

84 1442 129 28 skaffenhet,
236 1443 32 21 att
290 1441 69 29 enligt
379 1442 11 28 $
410 1442 13 20 3
444 1441 31 21 uti
495 1440 195 28 riksdagsbeslutet
705 1440 24 21 af
747 1440 41 22 den
805 1441 26 21 23
