1009 1714
767 127 41 21 435

85 190 85 22 mindre
186 191 64 21 odlad
262 190 51 29 jord
327 190 7 22 i
350 191 136 22 förhållande
501 191 34 21 till
550 191 155 29 folkmängden
721 192 39 22 och
776 193 61 27 långt

86 231 46 15 mer
146 226 135 20 ödemarker.
311 225 44 21 Det
369 226 44 20 kan
429 226 83 21 således
527 233 52 14 vara
595 226 61 27 tutal,
670 233 34 15 om
722 228 41 20 den
776 228 60 27 jern-

85 260 49 27 väg,
150 266 46 14 som
213 260 69 20 ekulle
298 260 78 27 dragas
392 260 33 20 tili
441 260 155 27 Tammerfors,
611 260 86 22 komme
713 261 64 21 äfven
788 262 49 20 med

83 293 88 28 hänsigt
187 294 33 20 till
236 294 26 20 de
276 294 169 26 industrialster,
461 294 148 21 Tammerfors
625 294 73 21 kunde
713 297 123 26 exportera,

83 328 32 20 att
131 327 92 21 rendera
238 335 60 13 mera
314 329 27 20 än
357 328 41 21 den
412 328 99 28 jernväg,
528 336 45 13 som
589 328 131 22 utsträcktes
736 329 33 21 till
780 329 56 22 Lah-

83 362 37 27 tis;
143 362 218 29 Tammerforsvägen
385 362 78 28 drages
486 362 139 29 naturligtvis
644 365 76 19 norrut
734 364 53 21 eller
802 364 34 21 till

83 396 72 28 någon
179 397 85 21 kustort
287 396 36 22 vid
346 396 116 22 Bottniska
485 398 72 20 viken.
587 397 147 29 Lahtisvägen
758 400 24 19 är
801 399 36 20 väl

84 431 46 21 åter
151 432 78 20 ämnad
250 433 31 19 att
300 431 164 22 sammanbinda
479 431 105 22 Finlands
599 432 111 21 blifvande
722 433 115 28 jernvägs-

63 490 2 2 =
82 466 38 20 nät
142 466 49 20 med
211 466 110 28 Ryssland
342 466 39 21 och
397 466 126 28 derigenom
540 466 49 21 med
605 466 37 21 det
656 466 70 28 öfriga
741 466 95 30 Europa.

83 500 51 21 Man
158 500 55 21 skall
236 500 40 22 lätt
299 500 64 28 finna,
388 500 75 28 tycker
480 501 46 27 jag,
543 502 32 20 att
590 500 36 22 det
641 502 23 20 är
680 501 156 29 Lahtisvägen,

83 542 46 14 som
152 536 40 20 har
213 542 26 14 en
261 537 69 20 större
353 535 88 21 framtid
463 536 34 20 för
512 536 34 28 sig
562 536 39 20 och
617 537 32 19 att
662 536 75 28 hvarje
754 538 46 26 steg
814 537 22 21 ät

83 570 37 21 det
135 570 68 21 hället
218 570 66 21 ocksä
299 572 24 19 är
338 572 31 18 ett
384 572 49 26 steg
448 570 32 20 till
497 570 71 21 denna
583 570 97 28 framtid;
697 570 71 22 denna
776 572 60 27 jern-

83 606 41 26 väg
140 604 78 22 blifver
234 605 109 21 dessutom
360 605 92 27 ungefär
468 604 83 22 hälften
567 605 23 21 sä
605 605 97 21 kostsam
714 612 46 14 som
772 605 64 22 Tam-

84 640 170 28 merforsvägen.
284 639 45 22 För
351 639 44 21 min
418 639 33 21 del
473 640 51 28 säge
541 640 40 27 jag
600 639 58 21 helst
678 641 32 19 att
729 639 56 22 bäda
800 642 35 19 vä-

84 681 66 22 garne
166 674 72 22 kunde
255 674 83 28 byggas
353 674 28 28 pä
397 680 27 14 en
439 674 65 28 gäng,
520 680 48 15 men
582 674 39 28 jag
635 674 43 21 kan
689 675 20 27 ej
720 674 116 22 bedömma

83 709 143 27 möjligheten
242 708 67 27 deraf,
324 708 58 22 helst
398 708 76 22 sädant
489 708 139 28 naturligtvis
643 708 77 21 främst
734 708 63 22 beror
807 710 28 27 pä

83 744 141 21 anskaffande
244 744 24 20 af
284 743 80 29 nödiga
379 743 78 28 medel,
473 750 49 14 men
538 742 55 22 skall
609 743 125 28 nägondera
746 744 88 28 jernvä-

82 786 42 20 gen
144 778 65 22 hafva
229 778 117 28 företräde,
366 778 38 21 ber
421 778 39 28 jag
475 778 22 21 fä
513 778 87 21 förorda
615 778 217 22 Riihimäki-Lahtis-

83 813 78 21 banan.

151 848 59 21 Herr
224 847 154 22 Edelsköld:
398 847 34 21 Dä
448 847 74 21 säkert
537 848 79 28 mänga
631 847 136 29 sakkunnige
783 850 51 20 män

84 883 86 21 komma
190 884 33 20 att
242 884 59 26 yttra
320 883 33 27 sig
368 883 7 20 i
390 882 144 22 förevarande
550 882 67 28 fråga,
634 882 42 21 kan
689 883 46 27 jag,
751 890 46 14 som
813 883 21 27 ej

83 925 52 20 eger
150 917 81 29 speciel
249 917 124 21 kännedom
387 918 6 20 i
405 919 79 25 ämnet,
500 917 55 21 fatta
570 917 45 28 mig
630 916 56 22 kort.
716 917 34 21 En
765 918 70 28 punkt

85 953 6 20 i
107 953 77 27 frägan
207 952 69 21 mäste
296 953 40 27 jag
358 952 56 21 dock
434 960 56 20 egna
510 952 66 28 nägot
595 952 51 21 flere
663 952 45 27 ord,
724 952 110 28 nemligen

83 987 42 21 den
145 986 76 29 punkt,
245 994 46 14 som
311 986 50 22 herr
376 986 134 22 Silfversvan
526 987 7 21 i
549 986 49 22 dess
612 987 135 21 reservation
763 987 70 21 berör.

84 1022 42 28 Jag
141 1022 39 21 ber
196 1024 31 18 att
243 1022 21 20 få
279 1021 142 28 understödja
441 1021 72 21 denna
528 1021 140 27 reservation,
684 1022 103 21 afseende
802 1024 33 18 att

83 1057 71 27 nägon
178 1056 83 28 ätgärd,
283 1056 89 21 hvilken
394 1063 47 14 som
461 1056 63 27 helst,
545 1056 70 21 skulle
630 1056 66 21 redan
712 1056 36 22 vid
763 1056 72 22 denna

84 1090 104 28 landtdag
208 1090 106 28 vidtagas,
332 1090 34 21 för
382 1093 32 18 att
428 1090 49 21 leda
492 1097 28 14 en
533 1090 109 28 jernbana
656 1090 48 21 frän
720 1090 42 21 den
778 1090 57 21 före-

83 1125 77 28 slagna
180 1124 364 28 Tavastehus-Tammerforsvägen
565 1124 34 21 till
617 1117 49 28 Åbo
681 1124 40 21 och
737 1124 59 22 detta
811 1126 23 20 sä

85 1159 87 29 mycket
191 1166 66 20 mera,
276 1166 46 14 som
342 1159 163 21 reservationen
522 1158 204 22 öfverensstämmer
741 1158 49 22 med
804 1158 30 22 H.

85 1194 50 21 M:ts
155 1194 80 27 nädiga
254 1194 136 28 proposition
406 1194 7 20 i
428 1195 80 25 ämnet,
528 1192 89 22 hvilken
635 1193 91 21 föreslär
742 1195 32 19 att
788 1193 46 22 lan-

85 1229 47 22 dets
148 1229 87 21 ständer
250 1229 51 20 ville
316 1227 81 22 bereda
412 1228 70 21 medel
498 1227 40 22 och
549 1229 91 26 utvägar
651 1227 33 22 till
695 1228 139 21 bestridande

85 1264 23 21 af
128 1263 146 22 kostnaderne
296 1262 34 22 för
352 1269 27 14 en
400 1262 65 21 sådan
485 1262 80 21 bibana
580 1262 34 20 till
628 1254 49 29 Åbo
693 1262 54 21 eller
762 1262 72 27 ocksä,

84 1300 32 19 att
130 1299 34 20 för
175 1297 36 22 det
222 1297 94 22 enskilta
327 1297 71 28 bolag,
409 1304 45 14 som
466 1296 146 27 tilläfventyrs
623 1296 63 27 ätoge
697 1297 33 27 sig
740 1296 95 21 nämnda

86 1333 89 19 bibanas
198 1331 140 27 anläggning,
360 1333 117 24 garantera
499 1337 27 14 en
547 1331 44 20 viss
609 1331 87 26 proc.&
711 1330 37 22 det
762 1330 73 22 dertill

86 1365 142 27 erforderliga
255 1364 112 28 kapitalet.
406 1363 52 22 Man
482 1363 40 21 har
547 1364 58 26 sagt:
637 1363 74 27 ,fräga
736 1370 26 14 en
785 1370 49 21 per-

87 1407 46 20 son,
148 1398 112 22 hvarifrän
277 1398 43 21 han
335 1399 24 20 är
369 1397 86 22 hemma
466 1397 40 21 och
518 1397 27 21 du
556 1396 56 21 skall
622 1397 28 27 pä
660 1396 93 22 förhand
763 1397 72 21 känna

84 1434 54 21 hans
159 1433 57 28 &sigt
230 1433 8 21 i
252 1433 77 28 frågan
350 1439 34 14 om
401 1430 232 23 kommunikationer".
662 1431 67 21 Detta
744 1431 43 22 slår
802 1432 31 21 ät-
