981 1714
212 134 41 21 482

184 217 35 14 om
242 210 32 20 att
296 207 111 22 utsträcka
425 207 122 28 jernvägen
568 208 75 29 längre
662 211 27 20 än
708 210 57 23 hvad
779 219 29 14 nu
825 213 111 28 bestämts,

184 246 44 19 tror
248 244 40 28 jag
308 244 32 20 att
359 247 36 16 en'
409 241 92 22 särskild
521 243 198 29 jernvägsstyrelse
741 246 19 28 ej
779 248 24 20 är
818 247 23 21 af
855 248 79 27 nöden,

183 281 52 20 utan
252 279 31 20 att
298 277 39 22 allt
350 277 57 21 hvad
421 277 28 27 på
465 283 25 14 en
507 277 66 21 sådan
590 277 69 22 skulle
675 279 117 22 ankomma
807 281 72 22 kunde
891 282 42 22 för-

181 315 106 22 anstaltas
307 319 78 22 genom
405 311 166 28 öfverstyrelsen
587 312 34 21 för
636 315 50 27 väg-
703 315 39 21 och
758 317 174 22 vattenkommu-

180 349 160 24 nikationerna.
371 347 43 27 Jag
436 346 42 21 kan
501 346 86 22 derföre
609 347 48 22 icke
677 348 76 23 förena
770 351 45 28 mig
831 358 33 15 om
882 352 50 21 herr

180 385 146 22 Silfversvans
341 382 82 27 förslag
437 382 7 20 i
459 381 139 21 omförmäldt
612 382 109 23 afseende.

247 419 58 22 Herr
320 417 149 27 Törngren:
491 416 11 20 I
515 417 90 20 motsats
621 417 32 21 till
669 418 56 21 hvad
741 419 41 22 den
798 421 132 28 föregående

178 455 65 22 ärade
266 453 83 22 talaren
373 451 78 27 anfört,
471 457 65 15 anser
554 451 39 28 jag
608 452 45 29 mig
669 453 52 21 böra
735 455 142 29 understödja
894 457 35 21 det

176 489 82 28 förslag
279 488 51 21 herr
348 486 134 22 Silfversvan
503 487 64 27 gjort,
588 487 91 22 emedan
691 488 41 28 jag
746 491 45 19 tror
807 492 32 19 att
855 497 26 15 en
898 492 30 21 di-

175 525 94 26 rektion,
292 522 142 22 sammansatt
456 521 55 21 efter
531 521 113 21 enahanda
663 523 96 27 grunder
775 532 46 14 som
837 526 41 21 den
894 527 34 21 för

175 561 71 21 banan
268 557 93 22 emellan
379 555 140 28 Helsingfors
537 555 40 22 och
593 556 143 29 Tavastehus,
752 559 61 22 alltid
827 560 42 21 blir
884 561 42 22 den

174 594 139 29 lämpligaste
329 591 34 22 för
379 590 160 22 öfvervakande
554 591 23 20 af
591 591 84 21 landets
689 592 124 30 jernvägar.

242 627 58 22 Herr
315 633 42 15 von
374 625 189 22 Christierson:
587 625 43 29 Jag
649 627 98 21 anhåller
766 631 31 18 att
815 630 110 23 medstån-

173 665 42 21 den
237 663 68 21 måtte
327 660 102 29 inbjudas
451 662 32 20 att
503 660 84 21 biträda
609 661 162 29 ridderskapets
791 665 40 20 och
849 665 76 23 adelns

172 699 72 22 beslut
259 704 34 15 om
309 695 150 23 förbättrande
475 695 23 22 af
512 695 112 28 sjökorten
637 696 60 22 öfver
707 697 166 25 Bottenhafvets
885 701 39 22 fin-

170 735 40 20 ska
224 732 83 22 kuster.

238 767 60 22 Herr
313 766 148 27 Törngren:
484 765 71 21 Jemte
579 765 36 21 det
634 767 40 27 jag
696 767 87 22 förenar
805 769 45 29 mig
872 772 49 21 med

169 803 51 22 herr
242 809 43 14 von
309 800 145 22 Christierson
477 799 97 22 anhåller
594 800 45 27 jag,
658 803 32 18 att
708 802 3 20 i
727 802 104 23 händelse
850 805 72 23 beslut

169 839 65 20 fattas
250 838 32 20 att
297 843 26 14 en
340 834 92 22 särskild
452 834 91 28 styrelse
559 834 34 21 för
606 835 128 28 jernvägars
751 837 114 30 byggande
882 841 39 22 bör

168 873 110 25 tillsättas,
288 869 132 28 inbjudning
430 869 73 21 derom
514 869 40 20 hos
565 869 143 22 medstånden
719 871 66 22 också
795 873 67 22 måtte
874 875 45 22 ske.

236 905 44 22 Till
295 904 55 29 följd
365 903 23 22 af
401 903 72 22 denna
486 903 123 21 diskussion
621 904 39 21 och
672 905 134 24 beträffande
817 910 103 21 särskildt

165 942 51 21 herr
232 940 145 22 Silfversvans
393 938 81 28 förslag
490 944 35 15 om
541 938 134 22 tillsättande
691 940 24 21 af
728 947 27 14 en
768 942 150 31 jernvägssty-

164 977 58 21 relse
243 976 34 21 för
296 974 28 21 de
342 973 114 21 förordade
477 973 153 27 jernvägarne,
653 973 88 28 beslöts,
757 977 28 26 på
800 977 116 23 framställ-

164 1011 54 28 ning
233 1010 24 21 af
269 1009 51 21 herr
335 1007 206 26 landtmarskalken,
557 1007 20 27 ej
593 1007 92 22 allenast
701 1011 31 19 att
742 1009 7 21 i
761 1013 156 29 sammanhang

164 1045 51 21 med
230 1045 73 20 svaret
317 1043 13 21 å
344 1041 165 28 ifrågavarande
531 1041 78 28 nådiga
623 1043 142 28 proposition,
781 1046 136 31 underdånig

163 1080 101 21 anhållan
288 1077 125 22 äfvenledes
432 1076 69 21 skulle
518 1077 70 20 såsom
604 1078 32 19 ett
652 1078 164 28 önskningsmål
831 1081 40 22 hos
886 1083 28 21 H.

162 1113 27 22 K.
205 1114 39 21 M:t
260 1114 63 27 göras
339 1119 34 14 om
394 1111 80 27 nödiga
493 1110 111 29 åtgärders
627 1111 131 28 vidtagande
777 1114 89 29 derhän,
883 1120 31 18 att

161 1155 27 15 en
204 1147 57 22 skild
274 1146 198 29 jernvägsstyrelse
488 1145 73 26 måtte,
577 1145 34 21 för
626 1146 41 21 den
683 1147 104 22 händelse
802 1151 31 20 att
844 1151 26 20 de
881 1151 31 22 fö-

159 1183 103 28 reslagna
273 1181 210 29 jernvägsarbetena
502 1180 87 21 komma
604 1181 31 20 att
651 1181 136 28 verkställas,
803 1184 109 29 tillsättas,

159 1217 49 22 med
230 1215 100 30 uppdrag
353 1217 31 19 att
405 1215 116 21 öfvervaka
543 1214 126 22 utförandet
689 1216 24 21 af
729 1216 110 23 desamma
855 1223 57 19 samt

157 1252 35 19 för
208 1251 118 20 ständerna
348 1249 99 20 redovisa
463 1249 60 20 öfver
539 1249 26 20 de
581 1249 76 26 medel,
674 1257 45 13 som
735 1251 72 20 dertill
822 1253 87 22 komme

157 1286 32 19 att
204 1283 117 27 användas,
339 1285 53 18 utan
407 1283 40 20 ock
463 1284 32 19 att
507 1283 82 27 jemväl
605 1283 102 28 borgare-
724 1284 39 21 och
779 1285 130 24 bondestån-

156 1318 50 28 den,
226 1317 114 30 angående
361 1317 94 21 beslutet
476 1323 35 15 om
526 1316 177 29 kanaliseringen
719 1318 24 21 af
755 1319 153 24 Walkiakoski

155 1354 44 21 fors
215 1353 39 22 och
272 1352 41 21 den
335 1351 72 22 dertill
427 1351 117 29 rätteligen
567 1351 142 29 erforderliga
729 1360 89 22 summa,
833 1356 74 23 äfven-

154 1395 46 15 som
224 1387 101 28 samtlige
348 1386 91 21 stånden
459 1385 133 22 beträffande
612 1387 193 29 önskningsmålen
829 1398 34 14 om
880 1394 27 26 a)

154 1423 66 28 sagde
233 1421 204 30 jernvägsstyrelse,
453 1421 26 26 0)
494 1421 140 28 tillförlitliga
652 1422 95 27 sjökorts
763 1425 143 23 utarbetande

153 1458 34 21 för
202 1457 118 22 Bottniska
335 1457 76 22 vikens
427 1455 69 22 finska
512 1455 81 29 kuster,
610 1459 57 19 samt
681 1458 19 27 c)
711 1459 195 25 vinterkommuni-
