986 1706
194 148 41 23 276

164 216 101 27 tigheter,
288 218 22 18 at
330 217 41 26 äga
391 214 40 22 och
451 214 79 23 besitta
549 215 102 28 Säterier,
667 218 56 19 samt
737 215 44 22 Rå-
797 212 39 25 och
852 214 64 29 Rörs,

166 250 41 21 och
222 250 36 21 the
273 250 6 21 i
296 250 79 27 Skäne,
390 249 96 22 Halland
502 250 40 21 och
557 250 124 28 Blekingen
692 250 109 22 säkallade
813 250 104 22 insockne

164 285 117 22 Hemman.
312 284 45 22 Och
378 284 35 21 mä
433 285 7 20 i
462 284 65 29 öfrigt
547 284 82 22 Jorden
651 285 20 27 ej
687 285 67 21 ändra
770 286 32 20 sin
819 285 97 27 urgamla

166 322 64 19 natur
252 320 41 21 och
314 318 93 22 skillnad
429 319 23 21 af
475 318 77 28 Säteri,
574 318 84 28 Frelse,
681 319 77 21 Skatte
781 319 40 21 och
836 320 81 26 krono;

165 361 50 15 men
236 354 239 28 skjutsningsbesväret
494 354 40 20 bör
553 354 59 20 delas
627 353 44 21 lika
686 354 28 27 pä
727 354 43 20 alla
785 353 108 22 Hemman
910 354 6 20 i

165 389 73 27 Riket,
260 388 131 27 Säterierne,
411 388 44 21 Rä-
471 388 39 21 och
530 388 56 21 Rörs
605 389 56 20 samt
676 388 109 21 Insockne
800 388 116 28 Hemman,

165 424 40 21 och
220 423 113 22 Boställen
350 423 95 20 derifrän
462 423 139 27 undantagne
617 422 40 21 och
672 422 117 22 befriade*.

234 457 41 22 Om
290 457 40 21 ock
341 457 26 21 de
378 457 70 21 finska
459 457 116 21 ständerne
586 458 137 26 gemensamt
733 457 40 20 och
785 456 69 22 säsom
866 457 52 28 sjelf

164 499 28 14 en
207 492 141 28 lagstiftande
364 491 65 28 korps
445 491 48 21 icke
510 491 70 21 skulle
595 497 52 15 anse
663 492 33 27 sig
710 491 88 21 bundna
813 491 24 21 af
846 491 70 21 denna

166 526 158 27 säkerhetsakt,
345 525 38 22 vill
401 526 40 27 jag
461 526 55 21 dock
535 525 98 22 förmoda
653 527 32 19 att
701 525 26 21 de
743 525 62 21 skola
820 525 53 22 söka
888 525 28 28 pä

164 563 31 20 ett
210 561 101 28 lämpligt
326 559 40 22 och
381 559 34 22 för
430 559 42 22 den
488 559 108 22 enskildes
612 561 43 20 rätt
669 559 49 22 icke
735 553 126 28 kränkande
873 561 43 20 sätt

165 595 169 28 tillvägabringa
344 594 128 28 ändringen.
488 595 51 22 Men
550 594 26 21 dä
588 601 26 15 en
626 594 167 28 kapitalisering
804 594 23 21 af
836 594 80 29 skjuts-

165 631 148 27 ningstungan
330 629 40 21 och
385 629 117 28 utredning
516 629 23 22 af
548 629 130 28 ömsesidiga
689 628 121 29 ätaganden
822 629 40 20 och
872 629 43 20 för-

164 665 114 21 minskade
294 664 154 28 skyldigheter,
464 665 28 27 pä
507 665 42 20 sätt
564 663 52 21 herr
632 663 130 27 Grotenfelt,
778 663 33 27 A.,
826 663 90 21 föresla-

165 700 38 28 git,
217 699 132 21 ätminstone
365 698 34 21 för
414 698 134 21 närvarande
563 698 36 21 vid
610 697 113 22 utförande
737 699 68 19 mötte
816 697 100 21 väsendt-

164 734 45 27 liga
224 733 142 28 svårigheter,
381 732 77 21 tvekar
471 733 38 27 jag
523 732 48 21 icke
582 734 32 19 att
624 732 110 21 vördsamt
745 731 109 28 tillstyrka
864 732 52 28 god-

164 768 115 21 kännande
301 767 24 22 af
338 767 117 22 utskottets
470 767 138 21 betänkande
624 766 7 21 i
646 767 72 20 denna
733 766 42 27 del,
791 767 23 20 sä
829 767 87 27 mycket

164 803 76 26 hellre,
256 809 47 14 som
321 802 78 28 frägan
414 801 47 21 icke
477 809 46 13 mer
539 801 69 28 gäller
623 801 152 28 ridderskapet
790 801 39 21 och
850 801 64 21 adeln

164 837 101 26 enskildt,
289 838 59 24 utan,
371 835 66 22 sedan
460 836 86 21 ständet
569 835 70 28 afsagt
659 835 33 27 sig
713 835 32 21 sin
764 835 105 28 rättighet
884 837 31 20 att

164 870 138 23 uteslutande
325 877 40 21 ega
386 870 39 21 och
445 870 79 21 besitta
545 869 181 21 allodialsäterier
742 871 56 19 samt
813 869 59 22 såväl
888 876 27 15 en

164 906 81 28 mängd
265 905 56 21 slika
341 904 128 29 lägenheter
485 911 45 14 som
546 904 116 21 berustade
678 904 91 21 säterier
784 903 65 22 redan
866 904 49 21 här-

164 940 102 22 förinnan
290 939 108 28 öfvergätt
416 938 6 21 i
442 938 78 22 ofrälse
544 938 64 27 hand,
631 938 91 21 sålunda
745 938 57 21 afser
824 938 90 21 folket
902 934 15 37 i

164 982 78 21 gemen
258 974 40 21 och
314 973 48 21 dess
377 974 50 20 rätt.

232 1007 139 22 Beträffande
390 1007 171 21 lotshemmanen
577 1007 127 21 instämmer
716 1007 41 28 jag
772 1006 33 21 till
820 1007 43 21 alla
879 1006 35 22 de-

163 1043 33 21 lar
210 1044 32 20 uti
258 1042 50 22 herr
324 1049 41 14 von
380 1042 79 26 Borns,
474 1041 26 21 K.
516 1042 32 27 F.,
564 1042 28 28 pä
607 1041 185 21 sakförhällandet
802 1041 112 27 grundade

163 1077 108 29 yttrande.
301 1076 65 22 Emot
380 1076 51 21 herr
449 1076 134 21 Grotenfelts
597 1076 122 28 beräkning
733 1076 23 21 af
765 1076 25 21 de
801 1075 48 22 frän
860 1076 54 21 häll-

163 1112 125 28 skjutsning
310 1110 97 22 befriade
427 1111 168 27 lägenheternes
610 1111 81 21 mantal
707 1110 58 21 inom
781 1110 57 22 vissa
853 1110 61 22 sock-

163 1154 39 13 nar
217 1146 33 21 fär
263 1146 40 28 jag
318 1146 47 20 äter
380 1144 111 28 anmärka,
506 1146 32 20 att
553 1144 175 28 frälsehemman,
740 1144 73 22 hvilka
823 1144 33 21 till
869 1147 45 19 stor

163 1181 34 21 del
217 1181 72 27 ingått
307 1180 7 20 i
330 1180 37 20 det
381 1179 107 28 uppgifna
502 1180 104 27 beloppet
621 1179 80 21 mantal
717 1179 13 21 &
745 1179 169 27 frälselägenhe-

162 1217 40 25 ter,
218 1216 77 26 utgöra
310 1214 131 28 skjutsning.

228 1248 66 21 Hvad
312 1248 67 27 angär
399 1248 107 20 boställen
525 1248 7 20 i
548 1247 119 21 allmänhet
681 1247 99 21 befinnes
795 1248 118 20 utskottets

162 1282 138 21 betänkande
316 1282 12 20 &
343 1280 61 22 sidan
421 1282 12 19 3
449 1280 119 22 innehälla:
584 1282 31 20 ett
629 1281 61 21 lands
704 1281 209 21 kommunikations-

161 1317 105 21 anstalter
281 1322 72 22 gagna
367 1315 44 21 alla
425 1314 50 22 dess
490 1315 110 27 invånare,
616 1314 63 22 äfven
696 1321 34 15 om
747 1315 59 21 detta
821 1322 57 22 gagn
892 1316 20 27 ej

161 1352 61 21 alltid
237 1352 23 20 är
277 1350 140 24 omedelbart,
434 1350 39 20 och
488 1350 27 28 på
529 1350 70 28 grund
615 1349 63 22 deraf
690 1350 43 21 kan
751 1350 36 21 det
801 1351 19 27 ej
834 1350 78 22 bestri-

161 1386 44 28 das,
221 1388 31 20 att
267 1385 156 30 principenligt
438 1384 43 22 alla
495 1385 143 28 medborgare
656 1384 66 22 borde
739 1384 86 29 deltaga
836 1385 7 21 i
853 1386 59 20 kost-

161 1422 97 21 naderna
273 1421 34 21 för
321 1419 253 22 kommunikationernas
589 1420 192 28 upprätthållande
796 1420 59 22 inom
869 1422 42 20 sta-

160 1458 44 20 ten.
234 1456 48 21 Den
299 1455 123 22 rättvisaste
437 1454 87 29 lösning
540 1455 24 22 af
577 1455 75 28 frågan
669 1461 33 14 om
717 1454 144 29 skjutsnings-
870 1455 41 22 och
