986 1709
190 137 41 22 190

159 203 23 21 af
193 202 144 28 jordegarens
355 200 124 30 skyldighet
497 200 34 23 till
549 201 172 29 hållskjutsning
736 204 56 19 samt
807 202 51 28 väg-
869 200 40 23 och

159 237 149 28 brobyggnad,
324 236 40 21 och
380 236 82 27 dervid,
479 237 70 20 såsom
564 236 65 21 också
640 236 23 21 af
677 243 26 13 en
715 236 132 29 föregående
858 236 52 22 ärad

159 272 68 20 talare
239 271 118 26 anmärkts,
371 270 98 21 förordat
481 270 111 28 åtskilliga
606 270 107 29 åtgärder,
727 271 92 22 ledande
829 271 33 21 till
873 271 37 21 be-

160 306 69 28 tydlig
237 305 84 22 lättnad
332 305 7 21 i
349 305 55 21 både
413 305 193 28 hållskjutsnings-
617 307 56 18 samt
683 307 62 26 väga-
755 306 39 21 och
802 305 108 28 brobygg-

160 341 145 28 nadstungan.
340 339 35 21 Då
392 339 40 28 jag
453 340 131 21 åtminstone
605 340 67 20 måste
692 340 83 28 hoppas
797 341 32 20 att
852 339 59 22 detta

160 375 82 28 förslag
261 375 99 20 kommer
381 375 31 19 att
432 375 65 20 vinna
517 373 97 22 ståndets
634 374 69 27 bifall,
727 381 64 14 anser
808 375 40 27 jag
865 374 46 28 mig

160 410 53 21 böra
227 417 30 13 nu
273 408 116 28 tillstyrka,
405 409 31 20 att
452 409 26 20 de
495 408 83 29 ganska
593 410 58 19 stora
666 409 77 27 anslag
753 409 33 20 till
797 409 113 21 enahanda

161 444 107 27 ändåmål,
290 443 76 21 hvilka
386 443 108 21 utskottet
512 443 114 27 föreslagit
642 445 31 19 att
688 444 53 27 utgå
757 443 23 21 af
797 443 113 21 bränvins-

162 479 94 26 skatten,
271 478 68 21 måtte
355 477 128 29 medgifvas,
499 477 57 22 helst
572 477 71 28 äfven,
659 478 70 21 såsom
744 477 69 22 under
828 477 84 22 diskus-

161 514 76 20 sionen
258 512 24 21 af
299 511 261 29 hällskjutsningsfrägan
576 512 7 20 i
598 512 107 21 utskottet
720 512 75 26 erfors,
815 512 95 28 uppfatt-

161 549 81 26 ningen
263 547 24 20 af
305 546 219 29 skjutsningstungan
545 548 23 19 är
589 547 83 26 ganska
693 547 58 20 olika
766 547 29 28 pä
810 547 102 21 särskilta

161 584 59 19 orter
241 581 41 21 och
298 581 59 21 detta
372 580 78 22 besvär
465 581 7 21 i
488 581 79 28 mänga
583 580 59 22 delar
658 581 23 21 af
695 581 74 21 landet
784 581 48 22 icke
848 588 64 15 anses

161 617 23 21 sä
207 615 138 28 betungande
365 622 47 15 som
432 615 40 21 här
492 615 7 21 i
519 615 64 21 södra
599 615 101 22 Finland.
731 615 43 28 Jag
789 615 33 22 fär
838 616 74 21 derför

160 651 111 22 vördsamt
286 650 87 27 föreslä,
389 652 31 19 att
436 650 68 21 under
519 650 41 21 litt.
576 649 18 22 B
606 651 77 26 skulle,
699 650 50 21 med
759 650 152 22 bibehällande

161 687 23 21 af
203 685 149 28 ersättningen
373 685 35 21 för
423 685 48 20 bro-
487 684 40 21 och
543 684 289 29 skallfogde-aflöningarne,
856 693 54 20 upp-

161 724 61 25 tagas
242 720 34 21 till
296 719 113 22 lindrande
428 719 24 22 af
469 719 239 29 vägbyggnadstungan
729 719 76 22 endast
820 720 92 27 500,000

161 755 68 27 mark,
240 761 49 15 men
301 755 55 20 intet
368 754 76 27 anslag
455 754 33 21 till
499 754 296 28 hällskjutsningsbesvärets
807 754 104 27 lättande,

161 793 52 18 utan
227 790 7 20 i
250 789 49 21 dess
315 789 63 20 ställe
392 789 83 20 införas
491 788 36 21 det
543 789 77 27 anslag
636 789 23 20 af
677 789 92 26 490,000
784 789 70 27 mark,
870 789 42 21 den

161 824 79 28 nädiga
260 823 164 28 propositionen
444 824 108 27 upptager
573 823 70 20 säsom
662 823 123 28 ersättning
800 823 33 21 till
849 825 63 19 stats-

160 859 76 22 verket
256 858 33 21 för
309 858 155 27 öfvertagande
486 858 23 21 af
527 858 142 27 lagmännens
691 858 39 21 och
745 858 167 21 häradshöfdin-

161 900 78 22 garnes
259 892 121 27 aflönande,
403 892 6 21 i
430 892 76 28 utbyte
527 893 45 20 mot
591 892 42 21 den
652 892 34 21 till
701 892 62 22 desse
779 893 132 28 tjenstemän

160 935 30 14 nu
211 927 108 28 utgäende
339 927 170 28 tingsgästning,
531 927 49 21 frän
600 927 64 20 hvars
685 926 132 29 erläggande
836 927 75 21 veder-

161 961 96 22 börande
277 961 77 21 hittills
375 961 225 28 betalningsskyldige
621 961 70 20 skulle
713 962 86 20 befrias.
832 961 80 21 Denna

161 996 103 21 befrielse
289 996 87 20 komme
398 995 129 28 visserligen
551 997 31 19 att
605 995 80 20 bereda
708 1002 27 14 en
757 995 85 21 lättnad
863 996 49 21 icke

161 1031 56 20 blott
237 1031 33 20 för
290 1030 27 21 de
332 1029 124 22 nuvarande
469 1029 263 28 husbehofsbrännarene,
754 1031 52 20 utan
822 1030 40 21 ock
878 1030 35 21 för

161 1065 75 26 andra,
260 1071 55 20 som,
330 1064 70 21 ehuru
420 1063 48 21 icke
483 1063 136 28 berättigade
639 1063 33 21 till
692 1064 220 29 bränvinsbränning,

161 1101 37 18 äro
214 1098 160 21 underkastade
388 1097 152 28 skyldigheten
551 1099 33 20 att
593 1097 73 22 betala
676 1098 172 28 tingsgästning;
860 1105 50 14 men

160 1133 40 28 jag
214 1139 64 15 anser
294 1139 26 14 en
337 1131 61 28 dylik
413 1131 83 22 lättnad
512 1132 64 21 äfven
592 1131 34 21 för
641 1131 62 22 desse
719 1132 133 21 sistnämnde
863 1132 49 22 icke

161 1174 52 14 vara
233 1166 82 27 obillig,
339 1165 92 22 emedan
450 1166 27 21 de
495 1166 63 21 fleste
578 1165 22 21 af
618 1165 48 22 dem
685 1166 61 21 torde
765 1173 51 14 vara
831 1166 80 22 konsu-

161 1203 84 20 menter
261 1201 24 20 af
297 1200 92 21 bränvin
405 1201 40 20 och
461 1201 70 20 denna
547 1207 52 14 vara
613 1201 139 20 tvifvelsutan
764 1201 98 31 kommår
872 1199 40 31 ätt,

162 1243 35 14 om
212 1234 194 28 fabriksbränning
420 1236 46 19 mot
480 1235 68 26 högre
564 1234 59 21 skatt
633 1235 90 26 införes,
738 1236 84 26 stegras
837 1235 8 22 i
858 1236 52 27 pris.

162 1269 84 21 Genom
269 1267 225 28 domareaflöningens
516 1267 138 28 utbetalning
673 1267 25 21 af
716 1267 84 22 kronan
823 1268 88 22 komme

161 1303 64 21 äfven
246 1302 41 21 den
307 1301 70 22 fördel
393 1303 32 19 att
443 1301 69 27 ernås,
533 1302 33 19 att
580 1301 44 21 alla
640 1301 139 22 omedelbara
793 1302 118 29 aflönings-

160 1337 93 28 liqvider
269 1335 94 22 emellan
378 1335 110 28 aälmogen
503 1336 13 21 ä
531 1341 42 16 ena
588 1335 61 22 sidan
660 1335 40 22 och
711 1336 63 21 deras
785 1336 126 30 domare
882 1331 33 39 på

161 1371 41 22 den
222 1371 69 21 andra
305 1370 71 22 blefve
392 1369 171 29 undanrödjade,
579 1371 41 20 och
636 1372 31 19 att
683 1371 26 20 de
725 1371 115 22 betalande
856 1373 54 21 und-

160 1407 65 28 ginge
246 1405 27 22 de
293 1405 142 29 svårigheter,
456 1411 45 15 som
522 1406 37 21 äro
579 1405 103 22 förenade
697 1405 49 22 med
762 1406 78 29 sjelfva
855 1415 54 21 upp-
