973 1709
192 141 41 20 542

165 206 87 20 komma
269 206 32 19 att
321 205 23 21 af
361 203 107 29 styrelsen
488 204 88 27 inlösas,
598 205 39 21 och
653 204 165 28 afbetalningen
835 206 23 20 af
872 205 41 21 den

163 239 34 21 för
216 239 85 21 inlösen
321 239 89 27 erlagda
429 238 156 28 köpesumman
602 240 70 26 jemte
688 238 52 22 derå
756 239 92 28 löpande
864 240 48 21 rän-

165 276 29 24 ta,
210 273 97 28 yttrades
322 273 24 20 af

233 307 82 21 Grefve
329 307 124 27 Armfelt,
468 308 64 27 Aug.:
548 307 46 28 Mig
609 307 112 22 förefaller
732 307 36 22 det
779 310 77 19 nästan
868 315 45 14 som

164 343 71 20 skulle
256 342 107 27 styrelsen
383 343 27 26 på
429 342 85 21 inlösen
530 342 24 20 af
567 342 62 21 dessa
644 343 101 20 hemman
762 344 53 26 göra
829 350 27 13 en
872 343 42 28 god

165 377 60 26 affär,
248 377 71 20 såsom
341 377 8 20 i
372 376 60 21 detta
456 383 64 14 mom.
542 377 104 27 föreslås;
667 379 22 25 ty
711 377 68 27 enligt
794 377 120 21 detsamma

165 412 70 21 skulle
255 411 227 22 donationsbönderne
503 411 72 20 betala
594 411 156 28 köpesumman
767 412 69 27 jemte
852 413 63 20 ränta

165 447 39 20 och
221 446 68 27 enligt
305 445 97 28 följande
418 453 63 13 mom.
499 445 66 20 borde
581 445 26 21 de
623 446 109 20 dessutom
749 445 72 21 betala
834 446 80 21 skatte-

164 483 70 18 ränta.
266 479 41 22 Om
330 479 26 21 de
378 479 72 22 betala
469 480 54 21 fulla
542 479 77 21 värdet
634 480 70 27 jemte
723 481 69 25 ränta,
809 481 23 20 så
848 480 66 21 borde

163 515 79 28 jorden
258 515 22 20 få
294 513 88 22 behålla
397 513 41 22 den
454 515 65 20 natur
539 513 42 21 den
596 513 62 28 hade,
675 515 26 20 då
717 515 41 20 den
774 514 47 21 blef
834 515 25 20 af
872 517 42 18 sta-

165 552 37 18 ten
218 549 84 28 inköpt,
317 548 73 21 betala
405 548 26 21 de
447 548 98 21 deremot
561 548 76 21 endast
651 549 108 28 kapitalet
774 549 98 27 tillbaka,
888 549 27 21 då

165 584 40 21 har
224 584 40 27 jag
286 583 116 28 ingenting
426 585 58 18 emot
514 585 32 19 att
568 583 26 20 de
616 583 69 21 blifva
707 583 207 28 skattelägenheter.

166 618 45 21 Vill
232 625 49 13 man
302 624 26 14 en
349 617 42 27 god
412 617 38 20 sak
470 617 40 21 och
531 617 37 21 vill
589 624 49 14 man
654 617 74 28 hjelpa
744 618 41 21 den
801 619 114 27 betryckta

166 652 117 27 allmogen,
299 652 23 20 så
337 651 40 20 bör
395 658 50 13 man
465 652 65 21 också
548 651 100 28 uppoffra
664 653 66 27 något
746 653 39 20 och
801 653 48 20 icke
866 655 50 26 taga

166 687 58 20 vinst
239 687 28 27 på
282 686 56 20 dem.
369 685 42 28 Jag
429 685 92 22 föreslår
541 686 93 26 derföre,
650 688 32 19 att
698 687 166 28 bestämningen
880 695 34 14 om

167 723 90 19 räntans
273 720 161 27 återbetalning
449 720 48 21 från
513 721 59 21 detta
587 727 64 14 mom.
667 721 67 21 måtte
750 723 58 27 utgå.

231 755 64 21 Herr
311 755 147 27 Törngren:
478 755 44 27 Jag
540 755 70 21 skulle
626 755 53 21 visst
695 756 58 28 gilla,
769 756 57 22 hvad
841 757 75 27 grefve

168 790 95 21 Armfelt
278 791 74 26 yttrat,
371 796 34 14 om
419 790 39 27 jag
473 789 83 27 trodde,
575 792 33 18 att
621 790 26 20 de
663 790 46 21 små
724 791 82 27 anslag,
823 798 45 14 som
883 798 33 14 re-

168 825 105 28 geringen
293 824 37 20 vid
348 824 72 20 denna
438 824 105 28 landtdag
557 824 44 21 kan
616 824 98 28 påräkna
729 825 34 21 för
778 825 58 21 detta
852 826 64 21 ända-

168 859 50 26 mål,
233 865 52 15 vore
301 859 137 27 tillräckliga,
457 865 50 14 men
523 859 27 20 då
565 859 37 20 det
617 859 70 28 ligger
703 859 7 21 i
726 853 190 28 donationsallmo-

169 901 53 22 gens
242 894 92 20 intresse
357 895 32 20 att
411 894 23 21 så
453 894 78 27 många
547 894 53 27 gods
616 901 46 14 som
678 895 86 28 möjligt
780 895 66 22 blifva
861 896 55 21 inlö-

168 932 33 18 sta
221 930 56 19 samt
295 928 131 28 regeringen
446 929 119 27 möjligtvis
583 929 87 20 komme
688 931 32 18 att
739 930 68 21 sakna
825 932 92 27 utvägar

169 963 80 26 dertill,
265 963 70 20 skulle
350 963 47 27 jag,
415 962 76 21 endast
507 963 28 28 på
550 963 41 20 den
608 963 76 27 grund,
700 963 53 28 vilja
768 965 72 20 tillåta
855 971 63 22 rege-

168 999 78 27 ringen
261 999 32 19 att
308 997 63 20 äfven
387 999 50 25 taga
453 998 70 25 ränta,
538 999 23 26 ty
577 997 126 28 derigenom
714 997 73 22 kunde
802 1000 31 19 ett
848 1001 69 19 större

169 1031 130 28 lånebelopp
323 1033 124 19 amorteras.
478 1031 75 20 Skulle
577 1031 98 21 deremot
698 1038 27 14 en
747 1033 63 27 ringa
828 1033 35 21 del
879 1041 37 13 an-

169 1067 57 20 mäla
245 1065 33 28 sig
296 1065 34 20 för
349 1067 32 18 att
396 1067 111 26 emottaga
522 1065 27 20 de
565 1065 152 28 obligationer,
732 1067 74 20 hvilka
821 1067 21 21 vi
857 1070 60 19 vote-

169 1103 39 24 rat,
227 1101 24 20 så
271 1105 64 15 anser
353 1099 39 28 jag
408 1101 31 19 att
454 1099 130 28 regeringen
600 1100 48 21 icke
664 1100 39 21 bör
719 1101 84 27 tvingas
819 1103 33 18 att
867 1103 51 26 taga

168 1136 69 19 ränta.
268 1133 43 27 Jag
331 1133 70 20 skulle
422 1133 86 21 derföre
529 1140 51 14 anse
600 1133 60 21 detta
679 1134 119 27 stadgande
817 1135 100 22 öfverflö-

168 1169 53 27 digt,
241 1169 39 20 och
298 1167 51 21 ville
368 1167 134 22 öfverlemna
517 1168 22 20 åt
554 1168 131 27 regeringen
701 1170 31 19 att
748 1170 52 26 göra
816 1169 40 21 och
872 1170 46 21 låta

170 1203 131 20 härutinnan
317 1202 71 20 såsom
404 1201 41 21 den
460 1202 34 21 för
510 1202 52 28 godt
577 1202 76 21 finner.

237 1236 82 21 Grefve
333 1236 125 26 Armfelt,
474 1237 64 26 Aug.:
556 1236 45 21 Det
619 1238 23 19 är
656 1237 129 27 visserligen
802 1237 69 27 sagdt,
887 1240 31 18 att

169 1269 228 21 donationsbönderne
419 1269 47 21 icke
489 1269 70 21 skulle
583 1269 72 21 betala
677 1271 71 26 någon
767 1270 58 21 skatt
843 1271 75 21 förrän

168 1304 164 27 amorteringen
354 1304 24 20 är
398 1304 70 26 gjord,
489 1311 50 13 men
560 1303 37 21 det
611 1305 24 19 är
651 1304 153 29 tvifvelaktigt,
820 1305 98 22 hvilken-

168 1338 53 21 dera
243 1345 45 14 som
312 1337 41 21 blir
375 1338 75 27 högre,
471 1338 42 21 den
533 1338 58 21 skatt
610 1338 27 20 de
652 1338 116 22 framdeles
784 1339 87 22 komma
887 1343 31 19 att

169 1373 22 20 få
214 1373 33 27 sig
270 1372 79 28 pålagd
372 1372 53 20 eller
445 1372 42 21 den
505 1374 63 20 ränta
585 1372 40 21 och
641 1374 133 27 amortering
789 1374 26 21 de
830 1374 88 23 komma

168 1409 33 19 att
220 1408 84 26 betala;
322 1408 39 27 jag
381 1408 45 19 tror
446 1407 48 21 icke
511 1409 30 19 att
557 1408 62 21 dessa
635 1408 91 27 utgifter
741 1409 87 22 komma
844 1412 32 18 att
892 1411 27 27 gå
