989 1711
190 150 41 22 822

163 217 59 19 emot
244 214 40 21 har
306 213 164 28 prestaståndet
487 211 130 28 visserligen
634 210 67 23 också
715 210 123 29 nppskjutit
854 210 60 27 afgö-

162 250 77 20 randet
261 248 24 21 af
304 248 77 28 frågan
404 248 35 20 till
460 249 64 19 nästa
545 245 106 28 landtdag
671 245 40 21 och
726 245 88 21 förenat
828 244 34 28 sig
877 251 35 15 om

162 283 113 27 förslaget,
295 284 33 19 att
347 282 34 21 till
400 281 28 21 H.
444 282 29 20 M.
488 282 109 27 Kejsaren
617 280 53 27 ingå
689 279 52 21 med
760 279 102 21 anhållan
877 286 35 13 om

164 316 154 22 nedsättandet
338 316 25 21 af
380 323 27 14 en
426 315 82 22 komité
528 315 33 21 för
579 315 94 20 nämnde
688 313 108 27 ändamål,
812 319 51 15 men
878 320 36 21 yr-

163 351 44 26 kat,
230 353 32 18 att
283 351 72 20 såsom
376 350 85 28 princip
484 350 36 21 vid
542 349 141 27 reglerandet
701 347 25 22 af
738 347 176 29 presterskapets

163 385 104 21 framtida
291 384 97 28 aflöning
410 384 68 21 måtte
500 384 140 25 bestämmas,
663 383 33 21 att
718 382 126 21 densamma
865 381 49 21 icke

163 419 58 28 finge
237 419 77 28 skiljas
329 418 47 21 från
388 418 87 28 jorden.
497 417 187 30 Borgareståndet
694 417 40 22 har
744 416 106 22 likaledes
861 423 53 21 upp-

165 453 76 28 skjutit
257 453 77 28 frågan
350 453 40 21 och
405 453 86 21 förenat
506 453 34 28 sig
555 459 35 14 om
606 451 182 22 tillförordnande
804 451 25 22 af
840 457 28 14 en
878 450 38 21 ko-

164 488 53 21 mité
240 487 35 22 för
297 487 145 22 utarbetande
462 488 24 21 af
504 487 84 28 förslag
607 486 8 22 i
634 488 80 26 ämnet,
729 493 51 15 men
795 487 74 21 ansett
884 487 32 20 att

164 523 69 27 några
251 521 139 23 föreskrifter
410 529 35 14 om
466 522 36 21 det
521 521 64 30 syfte,
600 521 8 21 i
623 521 84 22 hvilket
724 521 106 28 förslaget
845 520 71 22 skulle

163 557 119 27 utarbetas,
298 556 49 22 icke
362 556 54 21 böra
431 557 139 21 förskottsvis
585 556 24 21 af
623 555 117 22 ständerne
750 555 98 21 komitén
858 555 58 21 före-

164 592 83 26 läggas.
277 591 44 21 Vid
341 590 78 22 sådant
433 590 137 22 förhållande
585 590 41 22 har
640 591 160 21 sammansatta
814 590 46 28 lag-
876 590 40 20 och

165 625 217 27 ekonomiutskottet,
403 632 46 14 som
468 625 36 21 vid
519 626 7 20 i
542 625 43 28 dag
600 624 67 22 hållet
682 624 162 22 sammanträde
859 624 56 22 före-

164 660 47 20 haft
233 660 85 26 frågan,
339 660 71 20 såsom
432 659 312 29 sammanjemkningsförslag
766 658 74 22 dervid
862 666 54 21 upp-

165 694 65 27 gjort,
251 695 33 19 att
304 694 60 22 såväl
384 694 150 28 ridderskapet
553 694 40 21 och
613 693 63 21 adeln
693 700 46 15 som
754 693 163 29 prestaståndet

165 728 41 21 och
226 728 160 21 bondeståndet
405 728 69 22 skulle
494 728 103 29 inbjudas
617 729 32 20 att
668 728 80 27 frångå
762 728 49 21 sina
826 728 8 21 i
848 728 69 21 saken

165 762 83 22 fattade
264 763 78 27 beslut,
358 763 72 22 såvidt
445 763 27 21 de
487 763 64 21 rörde
564 763 175 22 bestämmandet
754 762 24 22 af
791 762 127 29 grunderna

165 797 36 22 för
215 797 154 22 utarbetandet
384 797 25 22 af
421 797 121 29 lagförslag
557 798 8 21 i
580 799 80 25 ämnet,
676 797 40 22 och
731 799 33 20 att
778 797 90 22 ärendet
883 798 34 21 så-

165 832 61 22 ledes
246 832 72 22 skulle
338 832 129 28 uppskjutas
488 833 40 21 och
546 832 40 23 hos
601 832 29 22 H.
644 832 29 22 M.
688 831 108 29 Kejsaren
812 832 105 22 anhållan

166 868 64 26 göras
253 866 78 22 endast
353 874 35 14 om
410 866 156 22 nedsättandet
587 867 25 21 af
632 873 28 15 en
682 866 83 22 komité
785 866 34 22 för
834 868 82 27 uppgö-

166 901 69 21 rande
255 901 25 21 af
295 902 48 27 nytt
360 901 122 29 lagförslag
499 902 6 20 i
524 902 82 20 ämnet.
636 901 163 22 Sammansatta
814 902 46 27 lag-
876 901 41 22 och

167 935 209 22 ekonomiutskottet
398 936 46 26 har,
467 936 34 20 för
523 936 33 21 att
577 935 116 29 påskynda
716 936 102 22 ärendets
841 936 76 21 slutfö-

165 970 76 27 rande,
261 971 73 21 ansett
354 970 34 28 sig
407 970 54 22 böra
479 970 123 27 muntligen
620 976 79 21 genom
716 976 27 15 en
758 970 25 21 af
796 970 48 22 sina
858 970 60 22 med-

166 1004 91 22 lemmar
271 1004 40 22 hos
328 1004 27 22 de
370 1004 124 29 respektive
510 1004 92 22 ständen
617 1004 75 21 härom
708 1004 93 22 anmäla.

234 1039 58 21 Herr
307 1038 105 22 Munck:
434 1039 45 21 För
498 1040 46 21 min
562 1038 36 22 del
613 1046 66 14 anser
690 1038 41 28 jag
744 1039 37 22 det
795 1046 52 15 vara
861 1040 56 27 bäst,

167 1074 70 21 säsom
253 1075 159 20 sammansatta
426 1074 48 28 lag-
490 1074 40 21 och
546 1073 209 23 ekonomiutskottet
773 1081 78 21 genom
867 1074 50 22 dess

167 1108 133 22 ordförande
322 1114 30 14 nu
373 1108 122 28 föreslagit,
516 1108 40 22 och
575 1107 100 23 förordar
694 1108 134 28 antagandet
842 1108 26 22 af
882 1111 35 19 ut-

167 1142 93 22 skottets
273 1141 215 29 jemkningsförslag.

234 1176 102 21 Friherre
358 1176 118 22 Aminoff
495 1175 106 24 förenade
621 1177 34 28 sig
670 1176 50 22 med
734 1177 134 28 föregäende
884 1179 32 20 ta-

167 1211 68 20 laren.

235 1245 61 20 Härä
311 1244 113 27 tillsporde
440 1246 51 19 herr
505 1245 205 21 landtmarskalken
724 1245 94 27 ständet,
830 1250 34 17 om
880 1246 38 21 det

167 1277 50 22 ville
239 1280 81 25 antaga
339 1277 37 22 det
392 1278 24 21 af
429 1278 91 22 friherre
535 1279 65 27 Boije
615 1279 13 20 &
643 1280 158 20 sammansatta
816 1279 46 28 lag-
877 1279 41 21 och

167 1311 221 22 ekonomiutskottets
414 1313 82 28 vägnar
518 1312 138 22 framställda
682 1313 234 28 sammanjemknings-

166 1346 91 28 förslag;
280 1346 40 21 och
340 1345 29 22 dä
387 1345 73 23 denna
478 1346 64 29 fräga
556 1347 47 21 blef
616 1347 51 21 med
682 1347 107 29 enhälligt
798 1348 28 28 ja
840 1348 76 23 besva-

166 1381 46 27 rad,
228 1380 125 22 förklarade
368 1381 51 21 herr
434 1381 203 23 landtmarskalken
648 1382 106 28 förslaget
764 1388 53 16 vara
827 1383 25 21 af
859 1384 58 21 stän-

167 1415 37 22 det
225 1414 123 29 godkändt;
370 1415 90 22 hvarom
483 1416 245 28 expeditionsutskottet
747 1417 71 21 skulle
838 1425 79 21 genom

166 1449 79 30 utdrag
264 1456 25 15 ur
308 1449 131 32 protokollet
454 1450 146 31 underrättas,
616 1451 112 25 äfvensom
743 1452 125 25 kännedom
884 1453 34 26 till
