973 1709
742 138 42 22 545

64 197 116 29 ingenting
195 198 6 21 i
217 200 63 20 ränta
296 199 47 21 från
359 200 63 21 dessa
436 200 134 28 lägenheter.
593 202 48 21 Den
657 203 70 21 skulle
744 204 68 28 enligt

62 232 106 28 förslaget
188 233 99 21 använda
307 235 31 19 ett
358 234 82 28 kapital
460 235 33 21 för
514 235 63 22 deras
596 236 97 28 inlösen,
712 238 40 20 och
775 238 37 21 det

62 266 70 20 skulle
156 266 110 22 bönderne
287 268 70 27 jemte
379 270 63 19 ränta
465 269 40 21 och
528 271 134 27 amortering
683 272 127 20 återbetala.

61 300 51 20 Men
134 300 126 22 derutöfver
280 302 70 20 skulle
370 302 42 21 den
427 303 83 21 erhålla
525 310 27 14 en
569 304 56 28 årlig
639 305 68 27 skatt,
722 305 89 21 hvilken

60 341 29 13 nu
104 334 49 21 från
169 335 63 21 dessa
246 336 129 27 lägenheter
390 336 49 21 icke
454 337 93 21 betalas.

129 369 58 21 Herr
207 377 42 14 von
268 370 84 27 Born,
368 370 20 21 J.
409 371 37 21 A.:
468 371 43 28 Jag
532 378 63 15 anser
615 372 27 20 de
663 372 69 28 begge
753 372 57 21 före-

61 404 84 28 gående
167 404 108 22 talarenes
295 404 57 29 åsigt
372 404 47 22 icke
440 405 73 22 fordra
533 406 78 28 många
631 406 40 22 ord
686 407 33 21 till
735 407 75 22 veder-

61 439 111 27 läggning.
202 440 73 20 Saken
296 441 24 19 är
340 440 84 27 ganska
444 440 71 22 enkel.
545 440 89 22 Kronan
653 441 69 28 köper
737 448 26 14 en
780 442 30 20 lä-

60 473 81 27 genhet
163 473 24 21 af
207 481 27 13 en
257 480 79 22 person
359 474 40 21 och
420 474 65 28 säljer
505 474 42 21 den
567 475 34 21 till
621 482 27 14 en
668 482 78 14 annan.
776 476 35 20 Då

62 507 110 21 bönderne
193 508 57 28 köpa
272 504 164 32 lägenheterna
451 509 24 20 af
495 508 94 28 kronan,
609 509 98 21 inträffar
727 517 83 13 samma

61 542 45 27 fall,
120 548 46 15 som
182 542 27 21 då
224 538 172 25 kronohemman
410 542 66 28 säljas
491 542 34 21 till
541 542 80 28 skatte;
635 543 21 21 d.
671 550 20 14 v.
706 550 16 14 s.
731 543 79 28 jorden

60 578 92 26 antager
174 576 138 22 skattenatur
334 576 40 22 och
397 577 33 21 för
453 577 42 21 den
515 576 62 22 skola
597 584 82 14 samma
698 578 112 27 utskylder

61 610 85 28 gäldas,
162 618 46 13 som
224 611 34 21 för
273 611 67 21 andra
356 611 182 21 skattehemman.

128 645 58 21 Herr
206 645 197 28 Björkenheim,
424 646 38 20 R.:
482 644 120 22 Skilnaden
623 647 23 19 är
665 646 77 21 endast
760 646 50 27 den,

61 681 31 19 att
113 686 34 14 om
168 680 164 26 donatarierne,
346 686 47 14 som
413 687 29 13 nu
462 679 117 21 innehafva
597 679 64 22 dessa
674 680 136 28 lägenheter,

60 714 56 28 sälja
136 714 49 21 dem
205 714 22 20 åt
247 721 27 14 en
289 721 72 14 annan
378 721 86 21 person,
479 714 40 21 har
533 714 84 20 kronan
634 714 65 28 ingen
714 714 96 22 inkomst

60 748 118 22 derifrän.*
193 748 35 22 Nu
244 748 98 22 deremot
358 750 23 20 är
396 748 37 21 det
448 749 62 27 fråga
526 755 35 14 om
577 750 32 19 att
624 748 26 21 de
666 748 62 22 skola
744 749 66 27 säljas

61 784 21 19 åt
103 777 110 27 bönderne
233 790 79 21 genom
329 783 125 28 bemedling
469 783 24 21 af
507 782 89 22 kronan.
627 782 74 29 Derpå
717 783 39 28 går
771 784 39 20 allt

60 819 24 19 ut
104 818 40 20 och
164 817 34 21 för
218 818 71 21 denna
309 817 125 28 bemedling
454 817 71 21 skulle
540 817 84 21 kronan
639 817 122 21 förbehålla
776 818 34 27 sig

61 853 31 20 att
113 851 21 22 få
153 859 82 15 samma
250 852 59 22 skatt
324 851 48 22 från
388 852 63 21 dessa
466 851 135 29 lägenheter,
617 859 46 13 som
678 852 48 21 från
743 851 68 21 andra

61 887 207 28 skattelägenheter.
292 887 66 21 Detta
373 887 91 21 innebär
475 893 27 15 en
513 886 93 22 oerhörd
617 886 110 27 orättvisa,
739 886 71 21 såsom

61 921 36 21 det
113 922 64 20 äfven
193 922 23 20 af
230 922 74 27 grefve
320 921 95 21 Armfelt
431 921 71 21 blifvit
518 920 91 22 solklart
623 920 137 28 ådagalagdt.

130 955 80 22 Grefve
226 955 126 21 Armfelt:
374 955 43 27 Jag
437 956 37 20 vill
493 962 63 14 svara
574 955 29 27 på
616 954 51 21 herr
681 962 42 14 von
739 954 71 20 Borns

61 990 102 28 yttrande
184 997 34 14 om
239 990 41 21 den
301 990 141 27 enkelheten,
462 991 32 19 att
513 989 42 21 den
574 988 47 21 helt
643 988 75 22 enkelt
739 988 71 21 består

62 1025 56 26 deri,
134 1026 32 19 att
187 1024 69 21 skulle
278 1024 110 21 bönderne
409 1024 24 20 af
446 1030 27 14 en
489 1022 78 26 bankir
582 1021 54 22 eller
651 1023 72 27 någon
739 1029 71 13 annan

62 1058 112 28 kapitalist
190 1058 132 21 försträckas
337 1057 166 29 ifrågavarande
521 1056 146 28 löseskilling,
683 1056 70 21 skulle
768 1056 43 20 han

61 1092 71 28 aldrig
147 1092 73 21 fordra
235 1099 61 14 mera
310 1094 28 19 än
352 1092 107 28 kapitalet
474 1092 40 20 och
529 1092 72 26 ränta;
617 1090 40 21 och
671 1097 60 15 mera
747 1096 64 14 anser

59 1128 39 26 jag
119 1134 35 14 oss
175 1127 83 21 således
279 1126 48 22 icke
347 1126 69 22 heller
436 1126 74 21 kunna
530 1126 81 27 begära
630 1125 34 21 för
682 1124 37 22 det
734 1124 21 21 vi
770 1124 40 21 här

62 1163 53 25 göra
131 1161 37 21 vår
184 1161 130 28 skyldighet.

130 1195 59 21 Herr
204 1195 98 21 Taube:
318 1194 44 21 Det
375 1194 39 21 har
429 1194 62 21 alltid
507 1193 72 22 blifvit
594 1192 123 21 framhållet
731 1194 31 19 att
773 1192 36 21 do-

62 1229 243 27 nationslägenheterna
326 1228 168 28 ursprungligen
513 1227 56 21 varit
589 1226 71 21 skatte
680 1226 40 21 och
741 1226 68 21 krono

62 1264 56 20 samt
138 1264 32 20 att
189 1262 50 22 hela
257 1262 118 22 orättvisan
395 1262 86 20 härrört
501 1261 71 26 deraf,
587 1262 32 19 att
633 1260 26 21 de
679 1260 73 21 blifvit
767 1260 42 20 för-

62 1296 107 21 vandlade
189 1296 33 20 till
240 1296 72 22 frälse.
342 1296 108 21 Hvarföre
466 1295 55 21 skall
537 1302 49 14 man
602 1301 28 13 nu
645 1294 101 28 fräntaga
761 1294 49 20 dem

62 1330 42 20 den
124 1332 71 24 natur,
210 1338 47 12 som
276 1331 26 19 de
324 1330 167 26 ursprungligen
511 1328 61 20 haft?
602 1328 43 26 Jag
664 1327 70 20 finner
756 1327 55 20 intet

63 1364 47 20 skäl
126 1363 78 21 dertill.
493 1376 3 2 :

131 1396 57 22 Herr
208 1404 42 14 von
269 1396 80 27 Born,
370 1396 20 21 J.
411 1396 37 20 A.:
469 1394 42 29 Jag
530 1393 75 22 trodde
621 1393 45 28 mig
681 1394 20 27 ej
717 1393 94 21 behöfva

62 1431 92 29 påpeka,
170 1432 32 20 att
217 1431 37 21 det
268 1432 24 20 är
308 1432 31 20 ett
354 1430 45 22 helt
415 1431 66 20 annat
494 1427 136 23 förhållande
640 1434 34 15 om
686 1428 124 21 donations-

131 1471 51 22 Högl.
195 1471 53 17 Ridd.
262 1472 29 16 och
303 1471 63 17 Adelns
378 1470 66 18 Protok.
713 1468 31 16 35"
