995 1706
772 123 31 21 1

85 194 35 14 ser
140 188 243 21 utskottsbetänkandet
401 188 44 22 lida
466 189 23 21 af
505 189 24 21 så
549 189 78 29 många
642 190 192 28 inkonseqvenser,

86 224 32 19 att
133 223 37 20 det
185 222 48 21 icke
249 222 63 21 bordt
327 224 52 20 utan
396 224 123 20 diskussion
535 224 23 20 af
571 222 87 24 ståndet
673 227 97 25 antagas.

152 257 39 21 Uti
211 257 161 21 ofvannämnda
391 258 160 21 reservationer
570 258 103 22 förenade
693 259 42 27 sig:
758 259 76 28 grefve

85 291 158 26 Mannerheim,
259 290 92 22 friherre
367 291 148 29 Silfverhjelm
531 294 55 19 samt
600 292 104 22 herrarne
720 299 42 15 von
773 292 63 22 Chri-

86 326 99 26 stierson,
201 332 42 14 von
259 325 80 27 Törne,
354 326 148 21 Nordenheim
521 326 39 21 och
577 326 128 22 Nordmann
721 327 49 21 med
785 327 51 21 herr

87 367 40 14 von
143 359 167 29 Weissenberg;
330 360 133 22 friherrarne
479 360 107 29 Carpelan
603 361 39 21 och
658 361 82 27 Mellin,
756 361 26 21 B.
802 362 33 26 G.,

86 396 56 19 samt
152 395 103 21 herrarne
267 401 42 15 von
320 394 66 28 Born,
402 395 27 21 K.
441 396 32 27 F.,
488 396 140 27 Silfversvan,
639 396 159 28 Wasastjerna,
809 396 25 21 E.

85 429 33 28 G.,
130 429 121 28 Edelheim,
263 429 23 21 af
294 429 86 22 Brun6r
389 430 40 21 och
437 430 57 22 Rein
503 430 49 22 med
560 430 50 22 herr
619 431 135 28 Furuhjelm,
763 431 27 21 H.
800 431 34 28 V.;

85 465 132 21 friherrarne
229 465 26 20 de
265 464 21 21 la
294 464 104 29 Chapelle
410 465 36 21 och
457 465 103 28 Sackleen
570 467 57 20 samt
635 466 103 21 herrarne
746 465 88 28 Munck,

85 499 28 21 K.
130 499 40 21 och
186 499 130 26 Schauman,
330 499 26 21 B.
373 499 33 27 O.,
422 500 49 21 med
482 501 50 21 herr
547 507 42 14 von
604 501 67 26 Born,
688 501 21 20 J.
724 501 32 26 A.;
772 501 62 20 hvar-

84 534 40 21 hos
143 535 60 20 ätten
224 534 120 27 Teetgrens
364 534 125 29 fullmäktig
509 534 91 22 friherre
618 535 84 27 Mellin,
718 535 34 27 G.,
765 535 70 28 jemte

85 568 132 28 upplysning
232 569 32 20 att
279 569 42 20 han
338 569 20 28 ej
374 570 85 19 voterat
474 569 7 21 i
496 569 83 28 frägan,
595 569 141 22 reserverade
747 569 33 28 sig
790 571 46 20 mot

84 603 162 28 ridderskapets
268 603 39 21 och
328 603 75 21 adelns
420 603 46 22 deri
482 603 82 22 fattade
580 603 71 22 beslut
667 604 6 21 i
689 604 49 22 dess
754 604 80 22 helhet.

151 671 229 23 Ekonomiutskottets
400 673 82 29 förslag
497 673 33 22 till
545 673 212 28 sammanjemkning
772 673 23 21 af
808 673 26 21 de

84 707 185 28 skiljaktigheter,
290 715 46 14 som
356 708 99 28 uppstätt
474 709 36 21 vid
531 707 150 22 riksständens
702 708 133 28 behandling

83 743 24 20 af
121 741 80 29 nädiga
219 743 165 28 propositionen
399 749 34 14 n:o
450 743 34 27 41,
507 743 113 28 angäende
641 743 193 27 fiskerinäringens

85 777 162 28 upphjelpande
268 779 55 19 samt
343 777 145 22 befordrande
508 778 24 21 af
549 778 80 21 fiskens
649 777 160 28 fortplantning
827 777 7 21 i

83 811 83 28 insjöar
185 811 40 21 och
245 813 122 26 strömmar,
387 811 123 29 föredrogs;
527 812 39 21 och
582 818 47 15 som
645 811 91 22 berörde
752 811 83 28 förslag

84 846 29 28 pä
131 845 50 22 herr
199 845 211 22 landtmarskalkens
425 846 75 21 derom
517 846 77 28 gjorda
609 845 162 28 framställning
789 846 48 21 blef

83 880 25 21 af
126 879 151 29 ridderskapet
297 880 40 21 och
357 880 72 27 adeln,
451 881 7 20 i
479 881 26 20 de
526 881 59 20 delar
607 881 121 20 detsamma
748 880 86 21 ständet

83 915 71 26 rörde,
170 914 111 29 godkändt
296 916 56 20 samt
367 914 96 22 ständets
479 915 141 21 härförinnan
631 915 6 20 i
649 915 89 21 ärendet
752 915 82 21 fattade

84 949 70 22 beslut
170 949 84 22 säledes
270 949 7 20 i
292 949 98 28 enlighet
409 949 49 22 med
477 949 104 29 förslaget
597 949 106 21 ändrades
719 949 40 21 och
775 949 58 21 frän-

84 984 68 28 gicks,
168 984 70 21 skulle
254 984 76 21 sädant
346 985 19 27 ej
382 985 83 20 mindre
480 984 260 28 expeditionsutskottet
736 985 28 20 än
774 983 60 22 med-

84 1019 112 21 stånden
187 1014 14 37 i
213 1019 74 28 vanlig
302 1018 94 29 ordning
411 1018 116 22 meddelas.

152 1089 114 20 Anmältes
286 1095 27 14 en
334 1088 23 21 af
374 1088 51 22 herr
440 1089 165 28 borgmästaren
620 1088 23 21 C.
660 1088 81 21 Hildén
756 1087 78 22 anförd

84 1123 126 28 deputation
231 1123 49 21 från
300 1122 188 29 borgareståndet,
507 1123 88 21 hvilken
611 1124 109 27 emottogs
736 1122 39 21 och
790 1122 43 21 till-

83 1157 117 28 kännagaf,
221 1159 34 20 att
275 1157 65 22 sedan
360 1158 163 27 prestaståndet
543 1157 83 28 antagit
641 1157 191 28 borgareståndets

83 1192 132 28 inbjudning
227 1192 59 21 såväl
300 1192 8 21 i
322 1192 101 21 afseende
436 1193 12 20 å
460 1191 372 28 husbehofsbränvinsbränningens

84 1227 141 26 afskaffande,
253 1234 45 13 som
316 1233 34 14 om
371 1226 164 22 bestämmande
560 1226 23 21 af
604 1228 32 19 ett
660 1226 172 28 maximibelopp

84 1261 34 22 för
133 1261 42 21 den
191 1261 69 28 årliga
275 1261 489 28 fabriksbränvinsbränningstillverkningen,
780 1261 52 21 ville

84 1296 37 21 det
141 1296 110 28 vällofliga
271 1295 86 22 ståndet
377 1296 48 21 icke
446 1296 78 29 frångå
544 1296 37 21 sitt
602 1295 75 22 härom
698 1295 82 22 fattade
796 1295 37 21 be-

84 1331 43 19 slut
150 1330 39 20 och
212 1330 86 21 således
316 1330 48 21 icke
385 1330 71 21 heller
474 1331 79 20 förena
573 1330 34 27 sig
625 1330 32 20 uti
671 1330 161 27 ridderskapets

84 1364 41 28 och
140 1363 74 21 adelns
229 1364 7 20 i
252 1364 42 28 dag
309 1363 128 22 meddelade
451 1364 130 28 inbjudning
597 1370 34 14 om
642 1363 158 28 godkännande
811 1363 23 20 af

83 1397 114 30 principen
213 1405 35 14 om
264 1397 225 30 fabrikstillverkning
505 1399 24 21 af
542 1397 92 23 bränvin
650 1399 52 20 utan
718 1397 114 22 inskränk-

83 1433 55 30 ning
152 1433 34 21 till
201 1433 111 29 beloppet.
