984 1717
202 148 40 20 786

173 213 48 21 icke
240 219 53 14 vara
312 212 24 20 af
349 212 26 20 de
392 211 109 28 föregifna
517 210 73 22 skälen
607 210 111 28 påkalladt
734 212 54 19 samt
802 210 57 28 förty
875 209 48 22 icke

174 247 69 21 heller
258 247 54 21 böra
326 246 112 20 föranleda
454 246 33 20 till
501 246 72 27 någon
589 244 83 28 åtgärd.

241 281 29 21 På
285 281 50 21 herr
349 280 212 21 landtmarskalkens
580 279 74 21 derom
670 280 76 27 gjorda
762 279 161 27 framställning

175 315 47 22 blef
235 316 51 20 herr
302 314 134 22 Schaumans
452 314 143 21 omförmälda
610 314 82 27 förslag
707 314 53 20 härå
776 314 48 20 utaf
837 313 86 21 ståndet

174 350 128 22 förkastadt.

242 384 141 22 Beträffande
406 384 124 20 sedermera
553 382 222 22 ekonomiutskottets
798 382 31 21 uti
848 382 74 21 ofvan-

175 418 92 23 berörde
291 417 306 29 sammanjemkningsförslag
619 416 87 22 införda
729 417 136 27 hemställan,
887 417 36 21 det

177 454 118 21 ständerna
316 453 70 21 skulle
402 453 31 20 uti
448 453 63 20 deras
531 452 149 28 underdåniga
696 459 48 14 svar
760 452 12 21 å
788 452 41 21 den
845 452 79 28 nådiga

176 489 165 28 propositionen
360 488 68 21 uttala
448 487 41 21 den
507 487 82 21 önskan
605 488 37 25 att,
660 487 65 20 sedan
742 486 36 21 det
794 487 23 20 af
831 487 93 20 sakkun-

176 524 51 27 nige
249 530 105 21 personer
376 522 125 21 infordrade
524 521 82 28 förslag
629 521 71 21 blifvit
718 521 125 28 uppgjordt,
859 521 65 28 nådig

176 558 136 29 proposition
328 558 7 20 i
351 559 73 19 ämnet
434 557 68 21 måtte
514 556 116 21 ständerna
641 556 12 21 å
664 556 180 21 nästkommande
856 556 68 21 landt-

176 593 43 28 dag
234 593 131 27 föreläggas,
380 591 96 28 yttrade:

246 626 80 22 Grefve
347 626 104 21 Creutz:
475 626 42 27 Jag
537 625 44 21 kan
601 625 47 21 icke
665 627 66 19 annat
746 627 28 19 än
789 625 87 20 förorda
893 627 32 18 ut-

177 662 93 21 skottets
289 661 83 28 förslag
391 661 7 20 i
419 661 71 20 denna
510 660 41 21 del.
581 659 44 22 Det
642 667 38 14 var
698 660 93 28 troligen
808 660 43 21 alla
866 660 57 21 stån-

177 697 53 21 dens
251 696 96 27 mening,
368 695 27 21 då
415 695 76 28 frågan
511 695 39 20 hos
570 694 48 21 dem
634 694 92 27 förevar,
743 695 67 20 ehuru
826 694 98 21 densam-

176 739 36 14 ma
232 731 20 28 ej
273 730 148 28 uttryckligen
441 729 47 22 blef
507 729 90 26 uttalad,
618 730 31 19 att
668 729 27 21 då
714 736 26 14 en
756 729 82 21 komité
855 729 70 20 skulle

177 766 118 26 nedsättas,
319 765 63 21 äfven
406 765 81 20 dennas
508 764 82 28 förslag
611 764 69 21 skulle
700 764 116 21 ständerna
832 764 93 28 föreläg-

178 808 45 21 gas,
239 800 41 22 och
295 800 36 21 det
347 801 23 19 är
386 799 59 21 detta
460 799 78 28 tillägg
553 805 46 15 som
615 799 106 20 utskottet
732 806 29 14 nu
772 799 38 21 här
822 799 102 21 förordat.

245 835 58 22 Herr
325 834 104 26 Munck,
452 834 27 21 K.
495 834 32 21 F.:
551 833 42 28 Jag
613 836 45 18 tror
678 836 32 19 att
730 834 130 28 regeringen
876 835 48 20 icke

177 870 43 21 kan
237 869 126 27 obetingadt
378 869 58 20 lofva
452 870 31 19 att
499 869 70 20 såsom
589 868 134 28 proposition
739 869 113 28 förelägga
867 871 58 18 stän-

179 905 66 20 derna
263 903 36 22 det
319 903 89 28 förslag,
428 909 45 14 som
495 903 72 21 blifvit
587 903 119 28 uppgjordt
721 903 23 20 af
761 903 164 28 ifrågavarande

179 937 90 28 komité,
283 937 102 22 hvarföre
399 938 39 27 jag
453 938 33 21 för
502 937 44 21 min
563 937 35 21 del
614 937 71 21 skulle
701 937 81 21 föreslå
796 939 32 19 att
837 938 31 21 uti
884 938 41 21 den

179 972 150 28 underdäniga
349 972 121 27 petitionen
491 972 76 21 endast
588 971 69 21 skulle
676 972 98 21 anhällas
790 974 31 19 att
837 972 27 21 H.
880 972 46 27 M:t,

178 1007 7 21 i
208 1007 118 27 anledning
349 1007 23 20 af
393 1006 59 21 detta
474 1007 89 28 förslag,
587 1007 67 20 mätte
676 1006 111 29 förelägga
810 1007 115 20 ständerna

179 1041 65 28 nädig
259 1041 135 28 proposition
410 1041 7 20 i
433 1042 79 20 ämnet.

247 1075 80 21 Grefve
344 1075 106 21 Creutz:
466 1076 39 20 Att
521 1075 26 21 H.
563 1075 39 21 M:t
613 1075 6 20 i
630 1075 76 21 sådant
718 1075 56 28 syfte
784 1076 74 21 täckes
868 1076 57 21 före-

178 1110 65 28 lägga
261 1109 117 22 ständerna
401 1110 65 27 nädig
485 1110 141 28 proposition,
646 1111 22 19 är
693 1110 137 28 naturligtvis
850 1111 77 21 härvid

178 1145 125 27 meningen,
319 1151 49 14 men
384 1143 107 28 derjemte
513 1144 64 21 äfven
593 1146 32 19 att
640 1144 108 21 komiténs
764 1145 81 28 förslag
860 1145 67 21 borde

179 1179 116 20 ständerna
311 1178 115 21 meddelas.

248 1212 59 21 Herr
329 1211 104 28 Munck,
455 1212 27 21 K.
499 1212 32 21 F.:
553 1212 45 21 Det
618 1213 39 20 har
674 1213 24 27 ju
721 1213 62 21 äfven
805 1213 35 21 vid
856 1213 71 22 denna

179 1246 104 27 landtdag
303 1246 56 20 varit
381 1246 68 25 fallet,
470 1248 31 19 att
521 1246 28 21 då
566 1247 110 20 utskotten
698 1247 76 26 begärt
789 1248 67 26 några
874 1255 52 19 upp-

180 1279 118 29 lysningar,
322 1279 76 21 sådant
421 1279 47 21 icke
491 1279 129 28 förvägrats,
642 1280 102 21 hvarföre
764 1281 39 27 jag
822 1281 19 27 ej
858 1281 68 21 heller

181 1320 63 14 anser
267 1313 37 21 det
325 1320 51 14 vara
397 1313 82 28 nödigt,
501 1315 31 19 att
551 1314 31 20 uti
599 1314 69 21 denna
684 1314 92 28 petition
792 1314 73 22 derom
882 1316 43 20 sär-

179 1348 66 22 skildt
261 1347 92 21 anhålla.

249 1382 70 28 Ingen
342 1382 68 21 talare
434 1382 73 21 anhöll
529 1382 74 22 vidare
624 1390 34 14 om
682 1384 67 26 ordet,
765 1386 52 19 utan
833 1384 50 28 blef,
899 1385 28 28 på

181 1418 50 21 herr
249 1416 213 22 landtmarskalkens
480 1417 75 21 derom
571 1418 76 28 gjorda
662 1418 167 29 framställning,
845 1420 82 21 utskot-

183 1454 42 19 tets
241 1451 142 22 omförmälda
398 1451 129 22 hemställan
543 1452 53 22 härå
612 1453 48 21 utaf
673 1453 86 21 ståndet
774 1453 95 22 bifallen.
