973 1720
191 159 42 22 612

160 225 72 27 fallet,
248 225 24 21 så
286 224 43 22 blir
344 224 36 22 det
392 225 25 27 ju
433 231 28 15 en
476 223 146 29 fullstämmig
637 223 74 23 vokal-
727 223 41 23 och
783 224 131 21 instrumen-

162 260 130 22 talkonsert.

230 294 59 22 Herr
305 294 203 29 Björkenheim,
528 294 39 27 R.,
588 294 99 28 frångick
709 301 91 15 numera
814 294 24 21 af
851 293 65 22 orsak

163 332 32 20 att
209 331 67 28 ingen
297 330 129 21 understödt
441 330 80 21 honom
541 330 38 20 sitt
594 329 83 29 förslag
692 329 113 29 angående
819 328 96 22 nedsätt-

163 366 54 28 ning
239 365 24 21 af
284 365 212 28 näringsbevillning
518 365 35 21 för
575 364 27 21 de
625 364 110 22 såkallade
757 364 159 28 handelsexpe-

164 401 91 21 diterne.

231 434 59 22 Herr
311 434 214 21 landtmarskalkens
545 433 33 22 till
599 433 55 28 följd
669 433 24 22 af
706 433 71 22 denna
792 433 123 21 diskussion

164 469 137 22 framställda
315 469 137 28 proposition
467 469 65 28 lydde
548 468 101 21 sälunda:

232 521 11 12 n
247 504 134 21 Godkänner
400 504 151 27 ridderskapet
571 503 40 21 och
632 503 63 22 adeln
715 503 11 28 $
742 504 13 20 6
771 503 23 21 af
810 503 107 28 ifrägava-

165 539 66 21 rande
247 539 210 28 bevillningsstadga
473 538 144 22 oförändrad?

233 574 50 20 Den
299 580 45 15 som
365 573 127 29 godkänner
508 574 11 27 $
535 572 138 28 oförändrad,
689 579 74 15 svarar
774 572 33 28 ja;
824 572 41 21 den
882 572 36 22 det

165 609 50 21 icke
231 610 46 28 gör,
293 616 73 14 svarar
381 609 44 27 nej.

233 644 86 21 Vinner
334 644 43 28 nej,
393 644 111 20 nedsättes
520 642 149 29 bevillningen
684 642 34 22 för
734 642 56 28 dem,
807 650 44 14 som
866 642 52 22 idka

165 679 190 29 positivspelning,
377 679 95 21 förevisa
494 678 160 28 konstridning,
676 678 147 28 lindansning,
845 678 73 21 meka-

166 715 64 22 niska
251 714 54 21 eller
329 714 66 21 andra
418 714 98 27 konster,
545 714 159 26 kosmoramor,
723 720 131 21 panoramor
878 713 40 21 och

166 750 68 21 andra
249 748 86 29 optiska
345 749 165 28 konststyeken,
520 748 174 27 vaxkabinetter,
709 748 118 28 samlingar
837 748 24 21 af
869 748 50 28 djur

167 784 40 22 och
223 784 119 21 naturalier
358 791 28 14 m.
402 791 35 20 m.,
453 784 33 21 till
502 784 48 29 fyra
565 784 62 20 mark
642 784 7 20 i
665 783 125 21 månaden."

234 818 99 22 Emedan
347 819 100 28 votering
463 818 99 28 eskades,
578 818 96 28 företogs
691 818 73 27 sädan,
780 818 90 22 hvarvid
885 819 34 20 rö-

167 856 74 19 sterna
256 854 77 21 utföllo
349 854 28 28 pä
393 853 97 28 följande
506 854 53 20 sätt:

304 888 7 21 i
328 888 57 28 3:dje
401 888 28 21 kl.
445 888 51 21 med
525 888 10 21 9
548 889 29 28 ja
593 887 39 21 och
650 888 26 20 14
689 889 42 28 nej.

303 923 116 26 i2da
412 919 22 35 1
467 941 9 9 »
522 923 45 26 On
608 939 9 10 »
665 923 51 26 Tn

303 958 112 26 ilsta
411 954 22 34 ,
464 975 9 9 »
507 958 109 26 10.3
602 954 23 34 »
664 958 9 19 1
707 974 8 10 »

237 992 43 22 Till
295 993 55 27 följd
366 993 24 21 af
403 993 135 27 voteringen,
555 991 46 22 deri
617 993 36 26 nej
665 992 7 20 i
683 993 36 20 två
734 992 84 21 klasser
833 993 85 26 vunnit,

167 1035 39 14 var
226 1027 64 21 alltså
313 1026 66 29 sagde
395 1028 11 26 $
423 1028 11 20 6
451 1026 73 28 gillad,
546 1026 49 21 med
614 1026 42 21 den
672 1026 128 29 förändring
815 1029 103 26 nästupp-

168 1064 66 26 tagne
249 1061 215 28 kontraproposition
480 1061 88 22 utvisar.

236 1097 11 27 8
264 1097 11 20 7
291 1098 78 26 antogs
384 1098 52 18 utan
453 1096 98 28 ändring.

504 1130 66 28 88.

237 1165 59 21 Herr
311 1164 155 21 Edelsköld:
485 1164 45 21 För
545 1164 45 21 min
606 1164 35 20 del
656 1164 42 21 kan
712 1164 39 28 jag
767 1165 20 28 ej
804 1165 116 27 godkänna

170 1200 27 21 de
213 1199 47 22 skäl
275 1199 117 21 utskottets
409 1199 141 21 medlemmar
566 1199 24 21 af
602 1200 83 27 presta-
701 1199 39 21 och
757 1200 162 21 bondeständen

170 1234 73 22 anfört
257 1234 34 22 för
311 1234 165 28 ifrägavarande
496 1234 183 28 extrabevillning
701 1234 24 21 af
738 1234 45 21 ätta
804 1235 66 27 penni
886 1234 34 22 för

170 1268 76 27 hvarje
266 1269 48 20 från
335 1268 125 27 ölbryggeri
475 1268 82 21 försäld
572 1268 73 20 kanna
660 1268 21 20 öl
697 1268 53 20 eller
765 1270 81 25 porter.
877 1268 44 21 Det

170 1307 65 22 synes
251 1307 45 14 som
313 1300 70 21 skulle
403 1303 83 25 presta-
503 1301 40 21 och
566 1301 177 21 bondeständens
765 1301 155 22 utskottsleda-

170 1337 70 20 möter
256 1335 75 21 dervid
346 1335 71 28 utgått
433 1335 48 21 från
497 1335 42 22 den
555 1335 62 28 äsigt,
633 1337 32 19 att
675 1335 93 28 afgiften
779 1335 70 22 skulle
860 1336 61 21 kom-

169 1378 36 14 ma
220 1372 31 19 att
267 1370 82 21 drabba
369 1370 78 28 sjelfva
465 1370 160 29 ölbryggeriets
645 1370 142 22 innehafvare
803 1371 53 21 eller
871 1378 50 21 por-

169 1405 180 22 terfabrikanten.
381 1405 51 21 Men
455 1405 46 22 lika
521 1405 50 22 litet
589 1411 46 15 som
655 1405 69 21 tullen
745 1405 93 22 drabbar
853 1405 67 22 hand-

170 1440 87 27 landen,
281 1440 44 21 lika
349 1439 48 22 litet
417 1440 99 22 kommer
535 1440 167 28 ifrågavarande
723 1440 72 29 afgäld
811 1443 31 18 att
858 1441 64 22 träffa

171 1475 141 21 tillverkaren
329 1475 24 20 af
365 1475 63 21 dessa
441 1482 71 20 varor,
527 1477 52 19 utan
595 1475 91 28 afgiften
701 1475 44 21 blir
760 1482 26 14 en
799 1475 65 28 skatt,
875 1483 45 13 som
