981 1711
752 136 41 20 473

139 201 58 22 Herr
212 208 41 15 von
270 202 79 27 Born,
364 202 28 21 K.
407 202 35 21 F.:
458 202 40 27 Då,
514 203 69 27 enligt
598 203 57 21 hvad
669 203 89 28 upplyst
772 202 49 21 blif-

70 237 39 26 vit,
125 243 27 14 en
168 236 98 28 betydlig
283 237 93 20 kostnad
394 236 67 22 redan
476 237 72 21 blifvit
563 236 94 29 nedlagd
672 237 29 28 på
715 236 108 28 ifrågava-

70 271 67 20 rande
157 276 71 15 mosse
249 270 39 21 och
305 271 36 20 det
356 266 66 26 också
438 271 71 21 blifvit
524 271 107 28 intygadt,
647 273 32 19 att
690 271 131 28 jordmonen

71 306 23 19 är
110 304 24 20 af
152 304 42 28 god
215 304 157 28 beskaffenhet,
390 305 24 21 så
429 304 75 28 tycker
517 306 39 27 jag
571 312 50 14 man
637 305 48 21 icke
701 305 38 21 bör
756 304 67 29 draga

70 339 7 21 i
92 338 139 22 betänkande
253 341 32 19 att
306 340 73 20 lemna
401 340 32 20 ett
452 339 127 28 ytterligare
598 340 76 27 anslag
689 339 34 21 till
739 340 82 20 uttork-

70 374 94 27 ningens
179 372 152 29 fortsättande,
347 374 27 20 då
390 373 60 22 detta
465 374 47 21 icke
529 375 23 20 är
568 375 77 25 större,
661 375 27 20 än
704 374 37 21 det
755 374 24 21 af
787 381 34 14 re-

70 408 106 27 geringen
195 408 101 27 begärda,
316 408 101 21 hvarföre
434 409 40 27 jag
489 409 33 20 får
538 408 111 28 tillstyrka
663 408 62 21 bifall
740 408 33 21 till
788 410 33 19 ut-

70 442 94 21 skottets
180 442 137 21 betänkande
333 443 8 20 i
355 442 72 21 denna
444 443 41 21 del.

138 477 59 21 Herr
211 477 197 28 Björkenheim:
425 477 140 22 Beträffande
580 477 27 22 de
621 478 63 28 ringa
698 478 124 27 kostnader,

70 518 45 15 som
131 512 128 28 ytterligare
275 512 70 21 skulle
361 513 27 27 på
404 512 59 21 detta
479 512 84 29 företag
579 512 126 29 nedläggas,
721 519 50 14 vore
785 513 36 21 det

70 547 95 20 särdeles
186 547 135 28 upplysande
340 549 32 19 att
385 549 57 25 veta,
458 547 106 22 huruvida
579 547 47 22 häri
641 547 63 22 äfven
721 548 101 21 framtida

70 581 114 22 underhåll
207 582 24 21 af
251 582 120 21 kanalerna
393 589 28 14 m.
442 589 28 14 m.
491 584 23 19 är
529 582 150 22 inberäknadt.
711 582 43 28 Jag
776 584 45 19 tror

69 616 34 22 för
118 616 45 22 min
184 616 42 27 del,
249 618 32 20 att
296 617 73 21 dertill
392 617 99 21 kommer
513 618 85 27 årligen
614 618 32 20 att
661 617 51 28 åtgå
727 619 32 19 ett
772 617 47 21 icke

70 652 24 20 så
109 651 64 28 ringa
194 651 89 28 kapital,
306 651 45 21 förr
374 653 28 19 än
421 652 41 21 den
482 652 100 21 enskilda
604 652 103 28 odlingen
723 652 98 21 kommer

69 687 33 20 att
116 686 65 28 åtaga
197 686 33 27 sig
245 686 61 21 detta
320 686 85 21 besvär.

137 720 59 22 Herr
211 721 98 21 Taube:
325 720 35 22 Då
373 720 24 22 så
408 722 58 20 stora
480 721 118 21 kostnader
609 721 67 21 redan
687 721 72 21 blifvit
770 721 51 21 ned-

69 754 64 30 lagda
155 755 29 28 på
205 755 66 23 Pelso
295 762 77 20 mosse,
396 756 24 20 så
440 756 74 28 tycker
534 756 39 28 jag
592 756 37 21 det
648 762 52 15 vore
718 757 57 19 orätt
789 758 32 18 att

69 790 48 21 icke
141 791 64 26 ännu,
228 796 79 22 genom
330 790 141 21 användande
493 791 25 21 af
538 790 42 21 den
600 790 24 21 af
642 790 106 22 utskottet
765 790 56 21 före-

69 824 77 28 slagna
166 825 63 28 ringa
249 831 98 15 summan
368 825 77 27 76,000
460 825 69 27 mark,
544 824 89 22 försöka
649 832 35 14 om
700 825 67 27 något
782 824 39 22 der

70 859 44 21 står
137 861 32 19 att
191 859 74 27 vinna;
284 860 40 27 gör
345 865 50 15 man
416 859 36 21 det
467 859 55 27 icke,
538 859 24 22 så
577 861 24 19 är
617 859 38 21 allt
671 859 56 21 hvad
742 859 78 20 hittills

68 895 29 27 på
112 894 67 27 sagde
198 901 71 14 mosse
290 893 72 21 blifvit
382 894 104 29 nedlagdt
501 893 155 22 heltochhållet
678 893 144 27 bortkastadt,

70 929 40 20 och
126 935 98 14 summan
240 930 23 19 är
278 929 49 21 icke
347 930 23 21 så
390 931 51 24 stor,
457 931 31 19 att
503 929 42 21 den
561 929 20 27 ej
598 929 29 27 på
642 929 32 20 ett
688 929 75 21 försök
778 929 43 20 kan

68 963 78 21 anslås.
177 963 42 21 Väl
243 963 39 21 har
301 965 40 26 jag
363 964 46 27 mig
430 963 88 27 bekant,
538 965 32 19 att
588 963 131 28 jordmonen
735 963 6 20 i
756 963 65 21 Pelso

69 1004 71 15 mosse
164 998 19 27 ej
205 999 24 19 är
249 999 44 19 rätt
313 998 48 27 god,
382 998 40 21 och
438 1000 32 19 att
484 997 76 22 endast
576 998 68 27 några
658 997 83 22 hundra
757 999 63 20 tunn-

68 1033 51 20 land
141 1033 37 20 äro
198 1032 126 27 odlingsbar
341 1033 58 27 jord,
418 1039 49 14 men
483 1032 37 21 det
535 1032 76 28 öfriga,
627 1039 34 14 om
677 1032 37 21 det
729 1033 91 27 torrläg-

69 1073 45 21 ges,
130 1066 42 21 blir
186 1066 161 28 skogsbärande
363 1067 69 26 mark,
443 1067 7 20 i
462 1067 73 20 stället
550 1067 34 20 för
598 1073 28 14 en
642 1066 85 28 skadlig
742 1073 77 14 mosse.

137 1101 57 21 Herr
209 1101 146 20 Molander:
378 1095 71 27 Äfven
468 1102 38 27 jag
524 1101 39 20 vill
582 1101 110 27 tillstyrka
712 1101 59 20 bifall
787 1101 33 21 till

68 1135 118 21 utskottets
207 1135 82 27 förslag
307 1135 95 21 rörande
416 1135 65 21 Pelso
497 1142 77 20 mosse,
590 1135 47 21 dels
653 1135 50 21 med
718 1135 103 21 afseende

69 1170 13 21 &
97 1170 27 20 de
139 1169 125 27 kostnader,
283 1176 47 14 som
345 1170 34 21 för
394 1169 166 29 ifrågavarande
576 1169 100 21 ändamål
691 1169 67 21 redan
772 1169 49 21 blif-

68 1204 32 21 vit
115 1203 115 29 nedlagda,
250 1204 47 20 dels
312 1204 92 21 emedan
420 1204 36 21 det
472 1204 70 21 blifvit
557 1204 108 28 intygadt,
680 1205 32 19 att
724 1204 96 27 jordmo-

69 1245 42 14 nen
127 1240 24 19 är
171 1238 24 20 af
212 1238 43 27 god
275 1238 158 27 beskaffenhet,
448 1238 46 22 dels
510 1238 40 21 ock
566 1238 86 21 derföre
668 1239 31 20 att
715 1238 63 21 äfven
795 1238 26 21 de

68 1280 67 14 norra
155 1272 89 21 delarne
263 1272 24 21 af
305 1272 75 22 landet
395 1273 67 21 mätte
477 1272 87 22 komma
579 1272 7 21 i
602 1272 129 28 ätnjutande
747 1273 24 21 af
783 1273 38 20 nä-

68 1314 43 22 gon
127 1307 36 21 del
178 1307 24 21 af
215 1307 26 21 de
257 1309 59 19 stora
331 1308 84 28 anslag,
430 1314 46 14 som
492 1314 29 14 nu
536 1307 73 21 blifvit
624 1307 115 28 beviljade.

137 1341 58 20 Herr
218 1341 233 27 Standertskjöld:
479 1342 43 26 Jag
544 1342 39 20 har
606 1341 111 27 åtskilliga
739 1342 82 26 gånger

68 1375 57 21 varit
140 1375 6 20 i
163 1374 87 21 tillfälle
267 1376 32 19 att
313 1375 83 21 besöka
411 1375 64 21 Pelso
490 1382 72 14 mosse
578 1375 40 21 och
629 1374 41 22 kan
682 1374 49 22 icke
745 1374 76 28 frängä

68 1410 42 21 den
127 1409 152 28 öfvertygelse,
299 1411 32 19 att
346 1409 26 21 de
391 1409 97 28 arbeten,
504 1416 46 14 som
566 1408 38 22 der
619 1408 73 21 blifvit
707 1408 115 29 nedlagda,

68 1445 89 25 komma
171 1445 32 21 att
217 1443 65 23 hafva
300 1445 62 31 nyttä
377 1444 50 24 med
442 1445 40 29 sig.
512 1444 44 21 Det
570 1443 70 23 finnes
655 1444 54 22 visst
724 1443 60 22 delar
800 1443 23 22 af
