986 1703
751 135 41 21 235

69 199 37 21 det
125 199 48 22 icke
189 199 71 21 skulle
275 199 51 28 ingå
341 200 7 20 i
363 200 165 21 bestämmande
544 200 24 21 af
581 201 66 19 sättet
662 200 39 20 och
718 200 102 21 ändamå-

69 235 30 20 let
121 234 34 20 för
174 240 29 14 nu
223 234 166 27 ifrågavarande
410 234 82 21 medels
512 234 150 27 användande,
682 236 53 20 utan
751 234 69 21 öfver-

68 268 73 21 lemna
157 268 22 21 åt
193 268 158 20 kommunerna
366 268 61 21 inom
440 268 76 28 hvarje
532 268 36 21 län
582 270 32 19 att
625 268 75 22 härom
711 268 109 21 förordna.

139 302 81 21 Grefve
236 302 125 27 Armfelt,
377 302 34 21 A.:
435 302 44 28 Jag
497 302 88 21 förenar
604 302 45 28 mig
667 303 7 21 i
690 302 67 28 öfrigt
771 302 50 22 med

70 337 51 20 herr
136 336 121 27 Törngren,
274 342 50 15 men
340 343 70 20 anser,
429 337 3 20 i
448 338 90 19 motsats
554 338 46 19 mot
615 336 56 21 hvad
685 336 52 21 herr
753 337 68 20 Törn-

69 377 55 22 gren
147 371 143 21 härförinnan
312 371 75 26 yttrat,
404 370 63 22 dessa
487 370 72 22 medel
578 371 54 21 böra
652 371 95 21 fördelas
766 371 55 22 efter

69 405 83 22 mantal
168 405 41 21 och
224 405 49 21 icke
288 405 55 21 efter
357 405 72 21 länen.

137 439 59 21 Herr
211 439 163 28 Ehrnrooth,
389 439 28 22 K.
433 440 34 21 A.:
483 439 61 22 Blott
558 440 151 28 ersättningen
724 440 98 22 kommer

69 475 32 20 att
121 474 53 27 utg&
195 473 56 22 efter
271 474 89 27 mantal,
382 474 40 21 har
442 474 63 22 äfven
521 475 40 28 jag
580 475 116 28 ingenting
716 477 59 19 emot
789 477 32 19 att

71 508 77 21 förena
163 508 45 28 mig
224 508 50 21 med
289 508 50 21 herr
355 509 122 28 Törngren.

139 542 58 22 Herr
215 550 43 14 von
276 543 79 27 Born,
378 543 20 21 J.
417 543 34 21 A.:
474 543 32 22 Af
522 543 27 21 de
571 544 112 26 1,300,000
702 543 68 28 mark,
787 551 34 14 om

71 577 74 21 hvilka
161 584 29 14 nu
205 579 24 20 är
244 577 70 29 fräga,
330 584 63 15 anser
406 578 46 28 jag,
467 580 32 19 att
514 579 46 20 mot
575 578 36 21 det
626 578 26 20 de
663 578 159 29 skattskyldige

71 612 82 22 befrias
172 612 49 21 frän
241 612 125 21 aflönandet
385 613 24 21 af
425 613 49 21 bro-
494 613 40 21 och
554 612 133 28 skallfogdar
703 612 41 22 och
760 615 63 19 stats-

70 646 78 22 verket
163 646 76 28 ätager
258 646 34 28 sig
312 646 71 22 denna
401 647 74 28 utgift,
497 647 34 21 till
546 646 85 22 kronan
646 647 67 21 borde
728 648 52 27 utgå
795 655 27 14 en

71 687 94 20 summa,
188 682 153 20 motsvarande
364 681 67 28 sagde
450 682 189 27 aflöningsbelopp
659 682 54 20 eller
732 682 89 26 100,000

71 715 68 21 mark.
174 715 118 21 Likaledes
312 722 65 14 anser
395 716 40 27 jag
455 715 26 21 de
496 715 126 22 nuvarande
638 715 184 29 betalningsskyl-

72 749 50 29 dige
145 750 53 21 böra
220 749 82 22 befrias
320 749 48 22 frän
387 750 98 28 lagman-
504 750 40 21 och
560 750 262 29 häradshöfdinge-tings-

71 784 133 28 gästningen
223 785 57 20 samt
294 784 84 21 kronan
393 784 59 21 hälla
467 784 163 22 vederbörande
646 784 73 22 derför
735 785 87 22 skades-

71 819 46 21 löse
137 820 60 20 emot
217 818 122 29 ersättning
362 818 25 21 af
404 825 30 15 nu
453 819 166 28 ifrägavarande
638 819 72 22 medel
732 819 33 22 till
787 820 37 21 det

73 853 74 28 värde,
167 853 88 22 hvartill
271 853 66 28 sagde
353 853 163 29 tingsgästning
530 853 118 22 beräknats
664 854 53 21 eller
731 855 91 26 490,000

71 888 69 21 mark.
174 887 63 22 Efter
256 887 77 29 afdrag
351 887 24 22 af
391 887 63 22 dessa
473 895 101 20 summor,
593 888 120 29 utgörande
732 883 90 27 tillsam-

73 929 62 15 mans
154 923 91 26 590,000
264 922 68 27 mark,
355 928 64 15 anser
433 923 40 28 jag
491 923 45 28 mig
554 923 8 20 i
580 922 105 22 afseende
705 923 12 21 å
733 923 42 21 den
791 924 31 21 öf-

73 958 47 27 riga
135 963 105 20 summan,
257 957 90 26 710,000
363 957 69 27 mark,
448 957 52 21 böra
516 957 76 21 förena
607 957 45 28 mig
667 957 7 21 i
690 957 51 22 herr
751 958 71 21 Törn-

73 997 66 23 grens
153 991 110 28 yttrande.

140 1025 103 21 Friherre
260 1025 138 27 Carpelan:
414 1025 44 21 För
473 1025 44 21 min
533 1025 35 21 del
582 1025 70 21 mäste
665 1026 40 27 jag
720 1027 103 20 motsätta

71 1060 46 28 mig
137 1060 49 21 herr
207 1066 42 14 von
270 1059 79 28 Borns,
369 1059 21 22 J.
406 1060 35 26 A.,
463 1060 89 27 förslag,
571 1061 32 20 att
621 1059 23 22 af
657 1060 165 27 ifrågavarande

73 1093 72 22 medel
164 1101 28 14 en
209 1093 35 22 del
260 1093 70 22 skullo
345 1095 54 26 utgä
413 1094 34 21 till
462 1094 114 21 aflönande
592 1093 24 22 af
628 1093 87 29 lagmän
731 1095 41 20 och
787 1094 37 21 hä-

73 1128 173 29 radshöfdingar.
276 1128 109 28 Beloppet
400 1128 25 21 af
438 1129 190 28 tingsgästningen
642 1130 24 19 är
681 1128 74 21 alltför
765 1129 59 22 svärt

73 1165 32 20 att
120 1170 29 14 nu
162 1163 121 21 bestämma
299 1163 40 21 och
351 1163 39 28 jag
405 1162 85 22 fruktar
504 1165 32 19 att
552 1163 42 20 den
609 1162 24 21 af
646 1163 50 21 herr
711 1170 42 13 von
764 1163 59 22 Born

73 1198 125 28 föreslagna
220 1204 84 15 summa
326 1197 49 21 icke
398 1199 120 20 motsvarar
541 1197 37 21 det
600 1197 99 28 verkliga
721 1197 103 29 beloppet

74 1232 68 22 deraf.
176 1232 43 28 Jag
238 1232 70 21 skulle
328 1231 99 22 deremot
447 1233 75 20 votera
542 1233 31 20 ett
592 1231 77 28 anslag
688 1232 23 21 af
733 1233 90 26 300,000

73 1267 62 21 mark
153 1267 34 20 till
204 1266 201 29 jordbruksskolor,
427 1267 148 28 expositioner
594 1265 40 22 och
654 1266 118 21 understöd
790 1267 34 20 för

73 1301 56 28 dem,
145 1307 47 15 som
206 1301 120 21 verkställa
336 1300 149 29 dräneringar,
500 1300 110 23 hvarefter
621 1300 125 21 återstoden
756 1301 68 21 borde

74 1336 56 20 efter
151 1336 81 19 mantal
251 1335 95 20 fördelas
361 1336 28 26 pä
405 1335 284 28 lägenhetsinnehafvarene
705 1335 70 20 säsom
792 1341 32 14 er-

75 1369 97 27 sättning
187 1369 35 20 för
236 1369 108 20 förlusten
359 1368 24 20 af
396 1368 134 28 rättigheten
545 1368 34 20 till
589 1367 235 28 husbehofsbränning.

142 1402 58 22 Herr
215 1402 205 29 Björkenheim,
435 1402 35 21 R.:
486 1402 72 22 Jemte
574 1401 37 21 det
624 1402 38 28 jag
678 1401 104 28 anhäller,
793 1404 32 19 att

74 1438 28 30 pä
117 1437 70 32 grund
202 1438 24 20 af
238 1437 26 23 de
280 1437 67 25 redan
363 1437 58 24 förut
437 1437 23 23 af
474 1437 45 31 mig
534 1437 7 21 i
557 1436 87 24 ståndet
657 1436 97 25 uttalade
768 1436 56 31 äsig-
