998 1717
768 131 41 21 855

84 195 65 21 huset
169 196 28 26 på
217 195 26 21 de
263 195 25 21 af
305 195 50 21 herr
375 202 43 14 von
436 195 60 21 Born
511 195 106 29 uppgifna
632 196 70 22 vilkor
718 196 49 22 med
783 196 53 22 eller

85 231 53 19 utan
155 230 98 27 ändring.

152 263 11 21 I
186 264 69 28 begge
281 264 66 21 fallen
373 264 119 28 berättigas
518 264 265 28 riddarhusdirektionen,
805 267 33 19 att

84 297 74 21 derest
182 298 85 20 inlösen
290 298 24 21 af
335 298 64 21 huset
421 298 33 21 för
477 298 166 28 ifrågavarande
666 299 100 21 ändamål
788 299 49 21 icke

85 332 70 21 skulle
179 332 48 26 ske,
250 332 53 22 eller
326 332 7 20 i
356 333 90 20 motsatt
469 332 48 27 fall,
539 332 58 21 intill
617 332 50 22 dess
683 333 154 21 öfverlåtelsen

84 366 139 26 verkställes,
248 366 63 22 hafva
335 367 103 27 tillsynen
457 367 60 21 öfver
539 366 64 22 huset
623 368 40 20 och
682 368 94 21 förvalta
790 368 47 21 det-

84 407 83 15 samma
185 401 29 28 på
234 400 36 22 det
288 401 33 21 för
337 400 195 23 riddarhuskassan
547 401 7 21 i
571 401 123 28 möjligaste
710 402 68 22 måtto
794 402 43 22 för-

84 435 113 28 delaktiga
211 437 63 19 sätt.”

151 469 110 22 Häröfver
279 469 91 22 eskades
390 471 110 27 votering,
521 477 46 14 som
585 470 58 28 förty
662 470 118 22 anställdes
796 471 41 20 och

84 504 64 21 utföll
164 504 69 21 inom:

258 539 57 28 3:dje
330 539 29 21 kl.
376 539 50 21 med
443 540 24 20 11
478 540 31 27 ja
524 539 40 22 och
581 540 27 21 23
623 541 43 27 nej,

261 573 60 22 2:dra
351 591 1 9 ,
400 591 8 9 n»
457 575 44 26 IL,
541 591 9 10 n»
584 575 27 21 14
641 591 9 9 »

263 609 54 20 Ista
349 625 4 10 n
401 625 9 9 »
459 609 44 26 I,
543 625 8 10 »
600 609 13 20 3
644 625 8 9 »

153 643 46 21 Och
220 649 46 15 som
287 642 165 29 propositionen
472 642 85 22 säledes
577 643 65 21 borde
658 649 64 15 anses
737 642 100 23 nekande

83 677 116 26 besvarad,
218 677 135 22 framställde
375 677 51 22 herr
450 677 201 22 landtmarskalken
670 677 73 22 vidare
758 684 79 22 propo-

85 711 106 22 sitionen:

154 763 8 10 »
166 746 46 21 Vill
235 746 151 29 ridderskapet
406 745 40 22 och
466 746 63 22 adeln
549 746 120 22 bestämma
688 745 150 22 riddarhusets

84 781 45 28 pris
144 781 27 28 på
187 783 42 19 sätt
245 781 50 21 herr
311 788 42 14 von
368 781 60 21 Born
440 781 114 28 föreslagit
565 781 32 21 till
609 782 78 25 20,000
697 781 63 21 rubel
768 781 69 28 jemte

84 815 133 28 afskrifning
232 816 24 20 af
269 816 27 20 de
311 815 143 22 härförinnan
470 815 97 22 erhållne
583 816 78 26 38,000
677 815 69 27 rubel,
762 815 6 22 i
784 815 52 22 hän-

84 850 60 21 delse
161 850 84 21 inlösen
261 850 23 21 af
298 850 63 21 huset
376 850 34 21 till
425 850 129 22 ständerhus
570 850 98 21 kommer
683 852 33 19 att
730 849 54 22 ske?

152 885 49 21 Den
217 891 46 15 som
279 885 38 21 vill
333 885 121 22 bestämma
469 885 67 22 sådan
551 885 154 28 köpeskilling,
716 891 74 15 svarar
803 885 34 28 ja;

84 921 41 20 den
143 920 37 21 det
195 919 49 22 icke
260 919 47 28 vill,
323 927 74 14 svarar
412 919 44 28 nej.

153 953 84 22 Vinner
253 954 44 27 nej,
313 953 131 22 bestämmes
460 955 71 20 såsom
547 953 149 29 köpeskilling
711 953 37 22 två
757 953 81 29 tredje-

84 989 60 21 delar
167 989 24 21 af
211 988 55 21 hvad
289 989 64 20 huset
375 988 51 21 med
446 988 84 22 möbler
551 988 41 21 och
608 988 134 22 inventarier
757 987 80 27 kostat,

84 1023 56 22 efter
155 1023 77 27 afdrag
248 1023 23 20 af
285 1022 91 22 berörde
392 1023 77 27 38,000
483 1022 82 22 rubel."

152 1057 78 22 Denna
245 1057 136 28 proposition
396 1057 80 28 ansågs
492 1057 106 22 obestridt
612 1057 50 21 med
678 1057 35 28 nej
725 1056 113 27 besvarad,

84 1092 101 21 hvarföre
200 1091 52 21 herr
267 1091 201 22 landtmarskalken
483 1091 123 22 förklarade
622 1091 86 22 ståndet
723 1091 65 22 hafva
801 1091 37 21 be-

84 1127 61 21 slutit
165 1127 32 21 att
217 1126 176 29 köpeskillingen
412 1126 34 21 för
468 1125 138 22 riddarhuset
619 1125 71 22 skulle
706 1125 131 22 bestämmas

84 1161 33 21 till
138 1161 37 22 två
193 1160 133 29 tredjedelar
345 1161 24 20 af
387 1161 75 21 husets
482 1161 45 27 pris
543 1159 49 22 med
607 1159 84 22 möbler
706 1159 41 22 och
762 1159 75 22 inven-

84 1196 68 21 tarier
167 1195 56 21 efter
239 1195 77 27 afdrag
331 1195 24 21 af
367 1195 27 21 de
410 1195 49 21 utaf
472 1194 132 21 statsverket
619 1194 73 21 dertill
706 1193 132 22 försträckte

86 1230 78 25 38,000
179 1229 69 22 rubel.

153 1263 59 22 Herr
226 1263 124 27 Pipping,
366 1263 25 21 F.
408 1262 28 27 J.,
452 1262 95 28 begärde
557 1262 54 21 härå
621 1261 62 22 ordet
693 1261 41 22 och
744 1261 94 28 yttrade:

84 1298 45 21 För
144 1297 43 22 den
201 1296 106 22 händelse
323 1298 32 20 att
369 1296 73 22 anbud
457 1296 49 21 från
520 1296 120 28 styrelsens
653 1296 47 20 sida
710 1302 35 14 om
755 1295 83 21 riddar-

85 1332 76 21 husets
176 1331 85 21 inlösen
277 1331 70 21 skulle
363 1332 72 26 göras,
450 1337 65 15 anser
528 1330 39 28 jag
583 1330 44 21 alla
636 1329 144 27 föreskrifter,
790 1336 48 14 som

86 1366 75 20 kunna
181 1364 120 27 erfordras,
321 1371 51 14 vara
392 1364 138 27 meddelade,
551 1370 50 14 men
617 1363 7 21 i
640 1362 104 22 händelse
759 1364 32 19 ett
804 1362 34 21 så-

86 1393 53 28 dant
147 1398 73 22 anbud
230 1398 87 28 uteblir,
327 1398 70 21 skulle
405 1398 47 28 jag,
463 1397 72 22 såsom
542 1397 40 28 jag
592 1396 68 22 redan
670 1396 7 21 i
688 1396 39 28 går
737 1395 101 27 nämnde,

86 1441 53 15 anse
159 1433 88 23 ståndet
266 1433 54 22 böra
340 1432 70 22 uttala
429 1432 34 28 sig
478 1431 82 28 derom,
569 1431 62 22 huru
646 1430 88 23 ståndet
748 1430 38 22 vill
801 1430 37 22 be-
