1000 1703
777 123 28 22 55

80 190 70 28 högre
166 190 139 28 ståndpunkt,
321 189 40 22 och
376 189 55 22 först
444 190 70 21 måste
523 189 37 22 det
575 190 24 21 af
612 196 28 15 en
648 190 55 21 hvar
712 197 52 15 vara
774 191 58 21 klart

80 225 80 27 insedt,
175 225 31 20 att
221 225 37 20 det
267 225 35 20 för
315 224 75 28 hvarje
405 225 115 20 menniska
530 225 24 20 är
564 231 28 14 en
602 224 61 21 skam
675 225 40 21 och
727 225 34 21 för
771 232 60 14 men-

80 259 141 21 niskovärdet
237 258 145 22 förnedrande
398 259 32 20 att
446 259 116 21 öfverlasta
577 259 33 27 sig
625 259 50 21 med
686 259 73 21 starka
770 259 60 28 dryc-

80 293 46 27 ker,
149 294 27 21 då
198 293 55 22 först
275 293 99 21 kommer
396 293 92 21 bränvin
508 293 49 21 icke
576 293 74 21 vidare
669 294 32 20 att
719 293 111 28 begagnas

80 328 34 20 till
129 328 109 20 missbruk
257 327 40 21 och
317 327 113 21 öfverdrift
445 328 52 20 utan
512 327 77 21 endast
603 327 50 21 med
667 328 69 20 mätta
751 329 80 27 njutas.

79 362 35 21 Då
130 362 71 21 denna
216 361 131 29 tidpunkten
362 361 104 27 inträffar,
483 361 27 21 dä
524 361 56 21 först
594 362 24 20 är
632 362 59 21 rätta
704 362 60 21 tiden
778 362 52 22 inne

80 398 32 20 att
120 398 54 27 göra
181 396 243 28 bränvinsbränningen
435 396 133 28 fullkomligt
578 396 34 21 fri.
623 396 44 22 För
676 396 67 28 öfrigt
752 396 78 28 skulle,

80 438 35 14 om
132 430 357 29 bränvinsbränningsrättigheten
504 430 90 22 sälunda
605 444 26 2 —
640 432 40 27 jag
693 432 68 20 mäste
772 431 58 22 kalla

80 466 37 21 det
132 466 24 21 sä
170 479 29 3 —
211 466 137 28 lössläpptes,
364 465 67 28 droge
446 465 42 21 den
503 465 64 21 äfven
582 465 34 21 till
631 466 34 28 sig
680 472 27 14 en
722 466 109 28 väsentlig

80 500 34 21 del
135 500 24 22 af
174 500 85 21 landets
278 500 90 28 fätaliga
385 500 115 28 kapitaler,
520 506 46 14 som
584 500 68 21 likväl
668 501 37 20 äro
722 500 108 28 behöflige

79 535 34 21 för
132 535 20 28 ej
173 534 85 22 mindre
275 534 132 29 jordbruket
425 535 27 20 än
468 541 72 15 annan
554 534 115 22 industriel
684 534 146 22 verksamhet.

79 569 65 22 Hvad
158 569 48 22 åter
220 569 37 22 det
271 569 69 21 andra
354 569 24 21 af
390 569 29 21 H.
430 569 40 21 M:t
480 569 42 21 den
533 569 80 28 nådiga
622 569 165 28 propositionen
798 569 31 22 bi-

78 604 66 28 lagda
165 610 51 15 men
238 605 19 27 ej
281 603 115 22 förordade
418 603 106 28 förslaget
546 603 110 28 beträffar,
680 605 25 20 är
725 603 37 22 det
782 611 47 14 som

79 639 63 28 sagdt
160 640 32 19 ett
210 639 83 28 förslag
312 645 35 14 om
366 645 27 14 en
409 638 152 28 förpaktnings
577 638 124 28 införande;
717 638 36 22 det
767 639 65 21 inne-

78 673 40 21 bär
132 680 28 14 en
175 673 105 28 förhatlig
294 672 193 29 monopolisering,
503 679 47 15 som
565 673 93 21 allenast
669 674 23 20 är
703 673 42 21 den
759 674 71 20 större

78 707 141 29 kapitalisten
235 708 33 20 till
283 707 100 21 fromma.
412 707 58 21 Dess
490 707 56 21 enda
560 706 102 29 förtjenst
677 708 25 20 är
717 707 112 22 bränvins-

78 742 158 28 tillgängarnes
251 741 134 29 presumtiva
399 741 155 28 begränsning.
585 740 43 29 Jag
642 741 77 21 tvekar
734 742 48 21 icke
795 742 35 21 för

78 776 46 22 min
144 776 36 21 del
200 777 32 20 att
249 776 100 28 afstyrka
364 777 32 20 ett
410 776 89 28 förslag,
514 776 62 21 hvari
591 776 148 21 förekommer
754 782 27 15 en
796 777 33 21 sä-

78 812 43 21 dan
142 810 192 28 monopolisering,
349 817 46 14 som
416 810 162 28 otvifvelaktigt
597 810 99 21 kommer
715 812 32 19 att
761 811 69 21 väcka

78 846 81 21 allmän
180 845 99 28 motvilja
296 845 7 21 i
323 845 51 21 hela
388 844 80 22 landet.
498 844 52 22 Man
566 846 24 20 är
604 844 8 21 i
626 845 52 21 vårt
688 844 51 22 land
754 847 75 25 egent-

76 881 60 28 ligen
154 880 50 21 icke
221 887 42 14 van
283 879 36 22 vid
337 879 132 28 nägonslags
488 879 144 29 förpaktning
650 879 40 21 och
708 880 121 28 monopoli-

78 915 80 28 sering.
188 914 40 21 Att
250 914 37 22 det
308 913 71 29 tredje
401 914 106 28 förslaget
527 914 54 21 eller
599 913 37 21 det
651 920 35 14 om
702 913 128 22 modifierad

78 949 128 22 husbehofs-
222 949 39 21 och
277 947 194 29 fabriksbränning
486 948 65 21 ocksä
566 948 39 21 har
620 948 49 21 sina
682 955 66 21 svaga
762 948 66 27 sidor,

78 984 114 26 erkännes,
213 990 50 14 men
283 983 36 21 det
339 982 96 29 grundar
455 982 34 28 sig
503 982 122 22 emellertid
640 982 28 28 pä
683 982 80 22 folkets
779 982 49 28 sed;

78 1018 36 22 det
132 1018 109 28 uppbäres
261 1017 24 21 af
303 1017 37 21 det
361 1017 110 21 allmänna
485 1016 155 22 medvetandet
655 1017 40 20 och
711 1018 24 19 är
750 1018 78 20 ätmin-

77 1054 62 20 stone
154 1053 34 20 till
204 1053 92 20 fromma
311 1051 34 21 för
358 1051 136 28 jordbruket,
505 1051 64 21 hvars
582 1051 116 28 intressen,
708 1058 47 14 som
766 1051 63 28 sagdt

78 1089 30 26 är,
128 1087 48 22 icke
196 1087 23 21 få
238 1086 99 22 förbises.
368 1085 43 28 Jag
429 1085 70 22 skulle
515 1085 85 22 således
615 1085 34 22 för
664 1085 46 21 min
726 1085 36 22 del
776 1092 52 15 anse

77 1124 33 20 att
125 1122 36 22 vid
176 1121 58 22 valet
249 1121 95 21 emellan
359 1120 64 21 dessa
438 1121 33 20 tre
486 1120 83 28 förslag
581 1119 49 22 icke
641 1119 43 22 kan
695 1120 136 21 förekomma

78 1157 72 29 nägon
173 1156 86 27 tvekan,
275 1157 52 20 utan
347 1156 33 20 att
394 1161 50 14 man
464 1155 70 21 mäste
555 1154 128 29 obetingadt
698 1156 80 27 antaga
793 1155 38 21 det

78 1192 52 21 sista
149 1192 53 20 eller
224 1191 37 21 det
283 1189 221 29 öfvergängsförslag,
520 1196 46 15 som
585 1189 42 21 den
643 1188 68 27 andra
726 1189 104 22 utskotts-

78 1226 127 22 sektionens
223 1224 138 22 betänkande
380 1224 110 28 vidfogats
505 1224 39 21 och
561 1224 47 21 deri
623 1223 74 22 blifvit
713 1224 118 21 förordadt.

77 1261 32 21 Af
124 1260 173 29 jordbrukarens
315 1259 47 21 deri
380 1258 112 28 medgifna
510 1258 106 28 rättighet
636 1260 33 19 att
690 1258 65 21 äfven
778 1258 53 21 fort-

78 1295 90 21 farande
194 1294 76 21 utöfva
296 1292 258 29 husbehofsbränningen
576 1292 72 22 säsom
671 1292 103 28 binäring
798 1292 34 21 för

74 1329 132 28 jordbruket
224 1335 50 14 men
295 1329 59 19 emot
372 1327 87 27 förhöjd
479 1328 59 20 skatt
556 1328 41 20 och
610 1327 70 21 under
695 1326 89 21 kortare
800 1326 32 20 tid

78 1363 24 20 af
115 1363 47 20 året
177 1363 28 20 än
220 1362 78 20 hittills
313 1361 57 21 varit
385 1360 87 27 tillåtet,
492 1361 56 20 hade
563 1360 34 21 för
613 1360 68 27 öfrigt
696 1360 59 21 såväl
770 1360 62 20 kom-

78 1404 81 15 munen
180 1403 46 14 som
246 1397 73 20 staten
333 1393 77 22 fördel.
440 1394 46 22 Det
500 1395 24 20 är
540 1395 32 20 ett
587 1394 77 21 sådant
678 1393 155 28 förmedlings-

79 1432 89 28 förslag,
189 1438 45 15 som
251 1431 39 28 jag
310 1430 34 22 för
364 1429 136 22 närvarande
519 1429 51 22 ville
590 1429 99 28 förorda;
705 1427 69 29 enligt
788 1427 46 22 min
