970 1709
723 136 41 22 585

47 202 231 29 folkundervisningen
295 203 49 21 icke
364 209 51 15 vore
436 202 23 22 af
472 202 44 29 mig
536 202 154 28 ihågkommet,
703 201 40 21 ber
755 202 40 28 jag

47 239 33 19 att
95 237 22 21 få
132 237 110 27 anmärka,
257 238 32 20 att
301 237 39 28 jag
354 237 48 21 icke
416 244 38 14 var
469 236 134 22 närvarande
619 236 27 21 då
659 236 85 21 ståndet
754 236 41 21 fat-

48 272 49 20 tade
113 271 106 21 definitivt
235 271 72 20 beslut
321 271 7 20 i
340 272 42 20 den
397 271 75 27 frågan
487 272 56 20 samt
556 270 54 21 först
625 278 30 13 nu
669 270 75 21 erfarit
759 271 36 20 de-

47 305 94 28 taljerna
156 305 24 20 af
193 305 60 21 detta
269 305 76 21 beslut.
374 305 51 22 Men
436 305 27 21 då
473 305 34 21 vid
518 304 40 22 den
570 304 23 21 af
601 304 46 28 mig
657 311 50 22 nyss
718 303 78 29 gjorda

47 339 75 29 kalkyl
138 339 182 28 kapitalrabatten
336 340 23 21 af
374 340 24 20 15
414 346 58 21 proc.
488 341 23 20 är
526 339 139 28 temmeligen
680 338 63 29 drygt
753 339 42 20 till-

47 375 72 26 tagen,
135 373 42 22 den
193 374 24 21 af
231 375 44 27 mig
290 374 123 21 beräknade
428 374 100 21 annuitet
543 374 24 21 af
580 375 12 20 6
607 381 58 21 proc.
682 375 12 21 å
709 375 36 21 det
759 382 37 15 no-

48 408 80 22 minela
149 408 157 29 lånekapitalet
329 409 64 21 äfven
415 409 61 21 torde
497 409 45 21 tåla
561 409 71 26 någon
650 409 146 29 nedsättning,

47 443 41 21 och
98 443 8 21 i
116 443 160 28 bevillningens
286 443 87 28 belopp,
384 443 27 21 då
422 443 41 21 den
474 443 137 28 uppskattats
622 443 33 21 till
666 451 27 14 en
704 444 92 27 million,

47 477 48 21 icke
118 477 129 28 inbegripits
271 478 40 21 den
334 478 106 21 särskilda
463 478 120 27 bevillning
601 478 34 21 för
656 479 21 20 öl
692 478 40 21 och
747 479 50 20 kort

48 512 106 21 utskottet
176 512 115 28 föreslagit
306 512 40 21 och
361 512 141 28 hvarigenom
518 512 150 28 bevillningen
687 513 110 21 sannolikt

48 547 86 21 komme
153 548 32 20 att
205 547 53 20 ökas
274 547 50 21 med
339 547 13 20 2
367 547 13 20 å
395 547 90 27 300,000
499 547 61 21 mark
576 547 90 27 årligen,
682 554 63 14 anser
758 548 39 27 jag

48 583 31 19 att
94 581 8 21 i
117 581 43 21 alla
182 581 116 21 händelser
321 583 31 19 ett
374 581 35 21 lån
428 582 29 27 på
477 581 26 21 de
522 581 95 28 grunder
629 581 40 28 jag
684 581 113 28 föreslagit

48 615 71 22 tillika
139 615 49 22 med
207 615 37 21 det
263 615 126 27 öfverskott,
405 622 45 14 som
466 615 86 21 utöfver
567 615 127 22 annuiteten
710 616 87 21 komme

47 651 32 20 att
99 650 84 28 uppstå,
204 649 53 22 böra
277 650 30 21 bli
326 650 50 21 fullt
395 649 128 28 tillräckligt
543 649 33 22 för
591 651 32 20 att
643 650 92 21 betäcka
755 650 43 21 alla

47 685 165 28 ifrågavarande
226 685 98 27 utgifter,
335 684 143 22 inberäknadt
488 685 99 28 anslaget
597 685 34 20 till
641 685 156 26 folkskolorna,

47 720 24 21 så
86 719 87 28 mycket
188 725 53 21 mer,
253 726 46 14 som
310 719 37 22 det
357 719 48 21 icke
416 720 61 21 torde
488 715 52 25 vara
550 721 32 19 att
592 719 101 27 förutses,
705 721 31 20 att
747 726 50 15 man

49 753 68 22 under
139 761 27 14 en
188 754 31 21 tid
239 753 24 30 af
280 755 33 20 tre
334 755 23 20 år
377 754 55 21 skall
452 754 23 21 få
490 754 38 21 allt
544 754 35 21 det
593 754 112 27 uträttadt,
730 761 45 14 som
791 754 7 21 i

48 788 242 28 kommunikationsväg
309 790 24 19 är
351 788 125 28 föreslaget.
505 788 12 21 I
536 788 65 28 ingen
616 788 103 22 händelse
735 795 63 15 anser

45 823 40 28 jag
100 823 45 27 mig
165 823 74 21 kunna
259 823 33 20 för
308 823 36 20 det
360 823 134 21 närvarande
510 822 87 21 förorda
612 823 149 28 upptagandet
776 823 24 21 af

49 859 70 20 större
134 857 98 27 statslån,
248 858 27 19 än
286 857 34 21 till
330 857 105 21 nominelt
451 857 78 28 belopp
541 856 23 21 af
574 857 25 20 18
610 857 109 20 millioner
729 858 68 21 mark.

116 891 59 21 Herr
196 891 165 28 Furuhjelm,
383 891 28 21 H.
433 891 38 21 V.:
494 891 44 28 Jag
557 891 39 20 har
616 891 48 21 icke
680 891 69 22 heller
765 892 33 21 för

48 926 45 21 min
109 925 35 22 del
162 926 99 27 bestridt,
277 927 31 19 att
324 927 31 20 ett
370 926 36 21 lån
421 925 34 21 till
471 926 36 20 det
522 925 79 28 belopp
616 925 50 21 herr
682 932 41 15 von
739 926 59 24 Born

48 960 113 27 föreslagit
174 960 49 21 icke
238 967 52 14 vore
305 959 134 28 tillräckligt,
453 960 39 27 jag
506 959 40 22 har
561 959 76 22 endast
647 960 7 20 i
665 959 69 22 likhet
749 961 50 20 med

49 995 74 28 grefve
146 994 78 21 Creutz
247 994 64 29 yrkat
330 994 34 28 på,
381 996 31 19 att
427 994 24 21 af
464 993 147 28 bevillningen
627 994 55 21 först
697 994 55 21 skall
768 995 30 20 af-

49 1029 79 21 räknas
143 1029 92 26 390,000
250 1029 62 22 mark
327 1029 34 21 för
376 1029 239 27 folkundervisningen.

117 1063 57 22 Herr
189 1063 203 28 Björkenheim,
404 1063 37 21 'R.:
457 1063 56 21 Förr
528 1065 27 19 än
571 1063 66 28 något
650 1063 73 21 beslut
733 1063 65 22 fattas

48 1098 7 20 i
71 1097 71 22 denna
157 1099 48 26 väg,
221 1105 52 14 vore
290 1097 38 22 det
345 1097 35 21 väl
395 1097 24 21 af
431 1097 72 22 nöden
519 1099 32 20 att
565 1097 64 21 hafva
644 1097 57 22 klart
716 1098 33 21 för
765 1099 33 28 sig

49 1132 41 21 den
107 1132 74 27 saken,
197 1134 31 19 att
243 1132 37 21 det
294 1131 166 28 ifrågavarande
476 1132 59 21 lånet
548 1131 47 22 icke
607 1131 42 22 kan
660 1132 69 21 under
740 1134 59 19 stän-

49 1167 78 20 dernas
149 1167 85 28 garanti
256 1167 24 20 af
297 1166 131 28 regeringen
450 1167 107 27 upptagas
573 1165 8 22 i
596 1172 71 15 annan
687 1166 111 27 händelse,

49 1203 27 19 än
95 1203 32 19 att
149 1201 59 21 såväl
231 1200 146 28 bevillningen
401 1207 46 14 som
463 1200 41 21 den
527 1200 124 28 föreslagna
666 1201 109 21 reformen
791 1201 7 20 i

48 1235 271 28 bränvinslagstiftningen
335 1235 41 20 blir
392 1235 116 21 verkstäld.
538 1235 11 20 I
564 1236 67 20 annat
647 1235 37 21 fall
699 1235 43 21 kan
761 1242 37 14 na-

49 1269 110 28 turligtvis
179 1269 48 22 icke
247 1270 67 27 något
329 1269 43 27 lån,
388 1269 63 21 hvars
467 1269 99 21 annuitet
580 1275 50 15 man
646 1269 107 21 beräknar
769 1271 32 19 att

49 1304 23 21 få
87 1304 48 21 från
150 1304 63 22 dessa
228 1304 152 27 bevillningar,
395 1303 87 22 komma
498 1305 32 20 att
544 1303 70 22 under
625 1303 126 22 ständernas
762 1311 37 20 ga-

49 1339 58 19 ranti
122 1341 113 24 upptagas.

118 1371 42 20 Till
183 1371 57 28 följd
258 1371 22 20 af
300 1371 70 21 denna
386 1371 122 21 diskussion
524 1371 77 21 ställde
617 1371 50 20 herr
682 1371 117 21 landtmar-

49 1405 92 21 skalken
163 1405 34 21 till
219 1405 135 21 besvarande
376 1411 27 15 en
422 1405 56 21 efter
496 1405 68 21 skedd
581 1405 109 28 justering
705 1407 95 26 antagen

51 1439 116 29 sålydande
183 1440 145 28 proposition:
