989 1711
197 130 40 22 176

169 198 95 26 antagna
284 195 135 29 proposition
443 202 35 15 om
498 195 135 22 afskaffande
656 196 24 21 af
699 196 57 21 vissa
776 196 142 21 härförinnan

169 230 100 28 nyttjade
285 230 63 21 straff
361 238 27 13 m.
404 238 29 13 m.
699 225 3 3 |

236 264 83 22 Vidare
339 265 145 28 anmärkning
503 265 125 29 förspordes
647 265 55 27 icke,
723 267 52 19 utan
791 265 47 21 blef
856 266 12 27 $
884 266 34 26 95,

168 299 55 22 dock
243 299 50 22 med
313 299 137 22 uteslutande
471 300 24 21 af
513 300 67 21 orden
602 300 61 26 ,med
684 299 124 29 skyldighet
828 301 32 19 att
875 299 43 22 för-

169 335 57 20 rätta
245 334 101 29 lämpligt
365 335 90 20 allmänt
475 335 97 27 arbete",
592 335 24 20 af
629 334 151 29 ridderskapet
800 334 40 21 och
856 334 62 21 adeln

170 369 73 28 gillad.

239 404 24 27 88
279 404 84 21 96—99
379 404 127 28 godkändes
521 405 53 20 utan
590 403 130 22 diskussion.

239 438 72 21 Sedan
322 439 100 27 samtlige
439 439 24 27 $$
479 439 31 20 uti
520 439 224 20 utskottssektionens
754 437 166 29 ifrågavarande

171 472 139 21 betänkande
326 480 29 13 nu
370 480 52 14 voro
438 473 175 28 genomgångna,
628 473 112 28 upplästes
752 473 36 20 det
798 473 13 20 å
821 473 61 20 sidan
894 473 27 20 26

171 507 71 21 deruti
257 507 179 22 förekommande
449 509 127 25 momentet,
590 507 113 28 angående
719 507 50 21 und.
781 507 93 28 petition
886 513 35 14 om

171 541 154 29 upphäfvande
349 542 23 21 af
392 542 42 21 den
456 542 143 28 Systerbäcks
622 542 158 27 gevärsfaktori
801 541 120 22 förunnade

172 576 175 22 okontrollerade
369 576 284 28 bränvinstillverkningen;
678 576 52 22 derå
752 576 62 21 ordet
837 576 28 28 på
884 576 37 21 be-

171 613 68 26 gäran
255 611 111 21 lemnades

241 646 58 21 Herr
314 653 42 14 von
371 646 78 28 Born,
468 646 20 22 J.
504 646 34 28 A.,
559 653 46 14 som
623 646 56 21 utlät
695 646 42 28 sig:
759 645 63 22 Efter
837 646 37 20 det
888 647 34 19 ut-

174 680 93 22 skottets
282 681 165 28 ifrågavarande
459 681 137 22 betänkande
607 682 119 27 uppsattes,
743 681 39 21 har
792 680 76 28 nådigt
879 680 43 22 för-

173 716 110 21 ordnande
299 716 122 28 kungjorts,
437 718 32 19 att
480 722 27 15 en
521 716 35 21 del
567 716 23 21 af
600 716 142 27 Systerbäcks
753 715 169 29 gevärsfaktoris

173 749 87 22 område
276 750 98 21 kommer
390 752 32 19 att
437 751 98 28 afskiljas
550 750 48 21 från
614 750 95 21 Finland
720 750 39 21 och
770 750 87 21 förenas
873 749 49 22 med

173 785 166 28 kejsaredömet.
368 785 67 21 Detta
450 785 135 21 förhållande
601 785 69 20 måste
687 785 69 28 enligt
771 785 45 20 min
827 784 95 29 uppfatt-

172 820 59 28 ning,
247 819 8 22 i
270 819 103 22 händelse
389 820 151 29 ridderskapet
556 819 39 22 och
611 819 64 21 adeln
690 819 7 21 i
712 819 67 28 öfrigt
794 818 129 29 godkänner

173 855 37 21 det
225 855 24 20 af
261 855 107 20 utskottet
382 855 77 27 gjorda
474 855 89 27 förslag,
579 854 113 21 föranleda
708 854 33 20 till
756 854 75 28 utbyte
847 854 6 20 i
870 854 53 20 sista

173 889 118 29 meningen
311 889 24 21 af
349 889 67 21 orden
432 888 169 29 folkmängden
618 888 59 21 inom
692 888 114 22 faktoriets
822 888 100 22 område"

173 926 59 20 emot
247 924 67 22 orden
330 924 169 28 ,folkmängden
514 924 8 20 i
538 924 41 21 den
594 923 59 21 inom
669 923 94 21 Finland
779 923 93 29 belägna
888 922 35 23 de-

172 960 36 20 len
224 959 25 21 af
261 958 115 22 faktoriets
392 959 106 21 område.”

240 994 59 21 Herr
313 993 212 21 landtmarskalkens
540 993 54 21 härå
609 992 34 22 till
658 992 87 22 ståndet
761 993 78 21 ställda
855 992 68 29 fråga,

173 1035 34 15 om
224 1028 36 22 det
275 1028 50 22 ville
341 1030 79 26 antaga
434 1028 93 21 berörde
542 1030 97 19 moment
656 1028 49 21 med
723 1028 42 21 den
780 1028 23 21 af
816 1028 51 21 herr
881 1034 42 15 von

173 1062 67 28 Born,
252 1063 20 21 J.
283 1063 34 27 A.,
326 1062 39 22 här
376 1063 65 21 ofvan
452 1063 124 28 föreslagna
592 1062 98 28 ändring,
707 1063 53 21 eller
775 1064 31 20 att
822 1063 66 21 slutet
903 1062 24 22 af

174 1098 52 21 sista
242 1098 117 27 meningen
375 1098 47 20 deri
438 1097 69 21 skulle
523 1097 67 21 undfå
610 1097 66 21 sådan
695 1097 83 28 lydelse
795 1104 59 20 ,som
870 1099 54 19 mot-

173 1139 74 14 svarar
263 1132 155 27 folkmängden
434 1132 32 20 uti
482 1132 41 20 den
539 1132 59 20 inom
614 1131 95 21 Finland
724 1132 94 27 belägna
828 1132 64 20 delen
903 1131 24 21 af

173 1167 115 20 faktoriets
304 1166 88 21 område
408 1166 56 21 efter
480 1166 124 27 beräkning
619 1165 24 21 af
656 1166 36 21 två
708 1166 40 20 och
760 1173 26 13 en
796 1166 48 21 half
852 1165 73 22 kanna

173 1201 34 21 för
222 1201 76 28 hvarje
313 1203 101 26 person",
430 1201 74 20 bifölls
520 1200 24 21 af
556 1200 153 28 ridderskapet
724 1200 40 21 och
780 1200 70 21 adeln.

241 1269 114 20 Anmältes
370 1269 40 20 och
426 1270 122 26 emottogos
567 1270 80 19 tvenne
666 1267 159 28 deputationer,
848 1267 53 22 hvar
916 1267 8 21 i

173 1302 34 21 sin
223 1302 100 27 ordning,
339 1302 119 27 nemligen:

242 1338 33 20 1:o
291 1337 47 21 från
360 1336 185 28 borgareständet,
564 1335 77 22 anförd
656 1335 24 22 af
693 1336 51 21 herr
758 1335 166 29 borgmästaren

173 1372 26 21 A.
216 1371 103 27 Juselius,
336 1378 45 14 som
397 1371 153 28 tillkännagaf,
568 1373 33 19 att
620 1371 35 21 det
670 1371 110 27 vällofliga
796 1371 86 21 ståndet
897 1371 28 28 på

173 1406 162 28 ridderskapets
351 1406 39 21 och
407 1406 74 21 adelns
496 1406 132 27 inbjudning
643 1405 85 21 förenat
744 1406 33 27 sig
792 1412 36 14 om
842 1406 83 21 ridder-

174 1441 88 28 skapets
282 1441 39 21 och
341 1440 75 21 adelns
435 1441 72 20 beslut
523 1441 32 20 att
571 1440 33 21 till
621 1440 131 28 regeringen
768 1440 70 21 skulle
855 1440 70 22 öfver-

278 1509 9 18 EI
