986 1714
191 137 42 22 254

163 204 21 20 få
204 205 87 25 nämna,
311 204 31 20 att
362 202 64 22 äfven
442 203 7 21 i
463 202 139 29 Helsingfors
618 202 61 22 torde
696 203 69 21 finnas
781 203 132 22 åtminstone

164 244 26 15 en
205 238 139 28 gårdsegare,
360 244 45 14 som
421 237 117 29 undergått
553 238 151 28 kroppsstraff.

233 272 92 22 Jemlikt
339 272 51 21 herr
405 272 212 22 landtmarskalkens
633 280 28 14 nu
676 273 73 21 derom
761 272 77 29 gjorda
848 273 65 21 fram-

164 307 105 28 ställning
288 307 46 21 blef
351 307 93 21 berörde
462 307 307 29 sammanjemkningsförslag
787 308 24 20 af
831 308 82 21 ridder-

163 343 78 27 skapet
264 342 39 21 och
327 342 62 21 adeln
413 342 49 21 med
486 342 110 21 obestridd
615 342 159 28 röstpluralitet
792 342 121 28 godkändt;

163 377 89 21 hvarom
269 376 250 28 expeditionsutskottet,
535 377 34 21 för
584 376 131 28 vidtagande
731 377 23 21 af
768 377 40 21 den
824 378 29 27 på
868 377 46 21 det-

163 419 82 14 samma
265 411 159 21 ankommande
444 412 83 27 åtgärd,
548 414 55 18 samt
623 412 150 27 medstånden,
788 412 7 20 i
811 412 103 21 afseende

163 447 13 21 &
190 446 131 27 kännedom,
341 446 67 21 borde
427 453 78 21 genom
522 446 79 28 utdrag
616 446 24 21 af
652 447 133 27 protokollet
801 447 113 21 underrät-

164 483 44 25 tas;
225 481 40 21 och
282 480 69 22 skulle
366 481 7 20 i
390 481 66 27 öfrigt
472 481 101 28 borgare-
589 481 40 21 och
645 481 177 28 prestaståndens
839 481 74 21 ofvan-

163 516 94 21 nämnde
273 515 7 21 i
296 515 156 28 sammanhang
466 516 89 20 härmed
566 515 348 29 föredragne-protokollsutdrag,

164 551 71 20 såsom
251 550 48 21 icke
315 550 129 27 påkallande
460 550 66 28 något
546 550 74 21 vidare
636 550 138 28 tillgörande,
790 550 66 21 bland
871 550 43 21 rid-

163 584 128 28 derskapets
307 584 39 21 och
361 584 75 21 adelns
452 584 129 28 handlingar
597 584 104 21 förvaras.

231 653 113 22 Anmältes
361 653 39 21 och
416 655 107 27 emottogs
539 660 26 14 en
582 652 126 30 deputation
724 654 48 21 från
783 654 130 21 bondestån-

163 688 43 28 det,
223 688 77 21 anförd
315 688 23 21 af
351 688 145 22 rusthållaren
512 688 93 21 Fredrik
620 688 99 28 Simolin,
735 696 46 14 som
797 689 116 21 tillkänna-

164 724 42 28 gaf,
230 725 31 19 att
284 722 66 22 sedan
372 723 100 21 bemälde
496 723 63 21 stånd
579 723 41 21 dem
637 724 12 20 2
664 724 7 20 i
688 723 71 21 denna
777 724 85 27 månad,
878 724 36 21 vid

163 758 184 28 föredragningen
367 758 23 20 af
409 759 155 20 sammansatta
585 758 111 21 ekonomi-
713 758 40 21 och
773 758 141 28 bevillnings-

164 793 116 21 utskottets
299 792 138 21 betänkande
458 800 34 14 n:o
514 794 9 19 1
544 793 7 20 i
571 792 118 29 anledning
705 793 24 21 af
742 793 79 28 nådiga
836 800 78 22 propo-

163 828 94 20 sitionen
281 834 34 14 n:o
338 827 26 21 38
388 827 111 27 angående
523 827 142 28 tillverkning
686 828 39 21 och
746 828 131 28 försäljning
892 828 24 21 af

163 862 92 22 bränvin
278 862 6 21 i
307 861 99 25 Finland,
429 862 88 20 beslutit
538 863 31 19 att
589 862 75 28 afsäga
683 863 33 27 sig
730 862 184 22 husbehofsbrän-

164 896 304 28 vinsbränningsrättigheten
491 897 40 20 och
552 896 71 21 tillåta
645 897 269 28 bränvinstillverkning
902 892 15 37 i

164 931 103 26 fabriker,
289 930 73 21 såvida
381 931 20 27 ej
422 930 91 22 allenast
525 931 138 28 jordskatten
680 932 54 20 eller
749 932 43 20 alla
808 931 47 21 från
869 932 45 28 jor-

165 966 41 20 den
223 965 109 28 utgående
348 964 113 28 utskylder
476 966 33 20 till
526 966 90 26 kronan,
633 966 70 20 såsom
719 966 107 28 gärdeshö
842 974 27 13 m.
880 960 34 38 m.,

165 1002 52 19 utan
245 1000 40 21 ock
313 1000 153 28 skyldigheten
493 1000 33 21 till
549 1000 204 28 militärunderhäll,
784 1001 130 28 skjutsning,

164 1036 51 27 väg-
231 1034 40 22 och
286 1034 142 28 brobyggnad
447 1035 84 27 aflyftas
548 1035 47 21 frän
609 1035 79 27 jorden
705 1036 40 20 och
757 1036 71 27 jemnt
843 1036 71 21 förde-

164 1070 31 21 las
215 1070 28 28 pä
264 1069 84 21 landets
368 1069 43 21 alla
432 1070 197 27 samhällsklasser;
646 1070 23 20 sä
685 1070 55 21 hade
756 1070 159 22 bondeständet

165 1104 71 21 tillika
253 1104 88 20 beslutit
356 1105 32 19 att
403 1104 90 27 inbjuda
509 1104 26 21 de
551 1104 71 28 öfriga
638 1105 91 20 ständen
745 1106 31 20 att
791 1105 33 27 sig
839 1105 75 21 härom

164 1139 87 27 förena;
268 1138 39 21 och
321 1138 69 28 jemte
406 1138 36 20 det
458 1138 144 21 rusthällaren
619 1138 91 21 Simolin
726 1139 62 27 ingaf
801 1140 79 27 utdrag
894 1140 23 20 af

164 1173 36 21 det
223 1172 133 22 hedervärda
379 1172 98 21 ständets
499 1172 110 28 protokoll
627 1173 6 20 i
655 1174 79 26 ämnet,
754 1174 161 21 öfverlemnade

164 1208 43 21 han
222 1207 91 21 ärendet
328 1207 33 20 till
378 1207 161 28 ridderskapets
555 1207 38 21 och
610 1207 75 21 adelns
701 1208 143 21 bedömande.

233 1242 162 27 Deputationen
414 1241 131 21 besvarades
561 1241 40 20 och
617 1241 104 27 afträdde,
738 1242 109 21 hvarefter
862 1243 53 20 bon-

165 1275 124 21 deständets
306 1274 159 21 ofvannämnde
481 1274 130 27 inbjudning
626 1275 123 27 föredrogs;
770 1282 50 14 men
833 1275 82 21 ridder-

165 1309 78 28 skapet
263 1309 39 21 och
324 1308 64 21 adeln
409 1308 59 27 fann,
483 1308 28 28 pä
526 1308 51 21 herr
592 1308 211 22 landtmarskalkens
819 1309 7 21 i
842 1311 74 20 ämnet

165 1344 78 29 gjorda
263 1343 167 28 framställning,
451 1342 48 21 icke
519 1342 47 21 skäl
585 1343 135 22 förekomma
738 1345 32 20 att
785 1344 77 28 frångå
878 1345 38 21 sitt

164 1379 143 21 härförinnan
327 1378 31 21 uti
377 1377 77 28 frågan
475 1385 34 14 om
526 1377 274 30 bränvinstillverkningen
817 1379 39 22 och
872 1379 43 22 för-

165 1414 124 27 säljningen
310 1414 8 20 i
337 1412 74 21 landet
430 1412 81 21 fattade
530 1412 78 27 beslut,
625 1413 33 21 till
673 1413 56 29 följd
744 1414 78 21 hvaraf
834 1414 81 22 bonde-

166 1449 96 21 ståndets
285 1447 141 22 omförmälde
449 1447 131 28 inbjudning
600 1449 19 27 ej
642 1449 67 20 heller
727 1449 23 21 af
763 1449 152 29 ridderskapet
