1009 1703
733 121 42 21 463

123 189 81 22 Grefve
220 190 105 21 Oreutz:
349 189 42 28 Jag
411 188 43 22 kan
475 187 54 22 visst
545 187 50 21 icke
612 187 107 21 bestämdt
733 186 71 28 pästä,

54 226 31 19 att
100 224 68 28 nägra
183 224 144 21 dokumenter
342 223 77 27 finnas,
438 230 46 14 som
501 222 69 21 skulle
586 222 82 27 intyga,
684 223 32 19 att
731 221 72 29 nägon

53 258 67 21 sådan
142 258 222 21 öfverenskommelse
387 258 80 20 mellan
490 256 156 28 Borgäboerna
667 256 64 26 skett,
751 258 51 18 utan

54 293 36 21 det
110 294 23 19 är
154 292 55 21 blott
229 292 28 28 pä
276 292 185 28 petitionärernas
480 293 77 25 utsago
573 290 40 21 och
627 290 28 28 pä
670 289 63 22 deras
749 290 54 28 peti-

54 326 172 21 tionsmemorial
242 326 106 21 utskottet
367 326 58 21 stödt
440 326 40 27 sig.
511 325 42 27 Jag
568 324 110 21 förmodar
693 324 63 27 dock,
772 326 32 19 att

54 361 26 21 de
103 361 7 20 i
133 361 38 21 sitt
193 361 63 20 stånd
278 360 48 22 icke
350 361 83 20 kunnat
451 359 145 22 framkomma
615 359 49 21 med
681 360 31 19 ett
728 359 76 20 sådant

55 395 127 28 pästäende,
193 397 52 19 utan
261 397 32 19 att
308 402 51 14 vara
375 395 72 20 dertill
464 393 163 22 auktoriserade
643 393 24 21 af
681 394 48 20 sina
744 393 60 21 kom-

55 430 113 21 mittenter
189 431 52 20 eller
261 430 64 21 säkra
345 430 27 28 pä
392 431 32 20 att
439 429 63 22 desse
518 429 112 28 uppfyllde
645 428 26 21 de
686 428 118 21 förbindel-

55 471 35 14 ser
105 464 26 22 de
147 465 70 20 iklädt
233 465 39 28 sig.

124 499 43 21 Till
192 499 54 28 följd
269 499 24 21 af
313 499 55 21 hvad
392 506 29 14 nu
444 498 87 22 anfördt
552 498 40 21 och
616 498 87 28 upplyst
726 497 78 27 blifvit,

56 533 77 22 ställde
154 534 50 21 herr
224 534 200 21 landtmarskalken
444 534 33 21 till
492 533 135 22 besvarande
644 539 27 14 en
687 531 117 29 sälydande

55 568 145 29 proposition:

125 619 9 11 »
135 602 47 22 Vill
204 603 151 28 ridderskapet
379 603 39 21 och
441 603 71 26 adeln,
535 604 48 19 näst
607 602 54 21 efter
680 602 77 29 anslag
772 602 34 21 till

56 638 64 21 kanal
136 638 92 21 emellan
246 638 91 27 Päijäne
353 637 40 22 och
408 637 120 28 Wesijärvi
544 637 65 28 sjöar,
625 637 87 21 förorda
727 639 31 19 ett
774 637 31 21 bi-

56 672 54 28 drag
132 672 24 21 af
178 673 111 26 1,000,000
311 672 61 21 mark
396 672 33 20 till
451 672 134 28 anläggning
603 671 24 21 af
642 671 93 29 jernväg
756 671 49 22 från

56 706 74 28 Borgå
146 706 48 21 stad
209 706 33 21 till
258 706 288 28 Helsingfors-Tavastehus
562 706 79 27 banan,
651 706 34 20 för
696 706 41 21 den
753 706 53 21 hän-

56 741 60 21 delse
132 743 32 19 att
179 742 73 28 Borgå
268 742 113 20 stadsboer
405 742 63 28 åtaga
491 741 34 29 sig
547 741 69 28 öfrige
639 741 118 21 kostnader
774 741 33 22 för

56 776 91 22 berörde
164 776 147 28 anläggning?

127 810 49 22 Den
201 818 45 14 som
269 811 38 21 vill
329 811 88 21 förorda
439 813 31 19 ett
493 810 76 22 sådant
588 810 83 29 bidrag,
687 818 75 14 svarar
774 812 34 28 ja;

58 846 40 20 den
115 845 37 21 det
168 846 47 20 icke
231 846 44 26 vill,
291 852 74 14 svarar
381 846 57 27 nej."

124 880 34 21 På
172 880 95 27 begäran
283 879 76 21 skreds
378 880 75 20 härom
469 880 32 20 till
519 880 105 27 votering,
641 886 45 15 som
702 880 62 20 utföll
780 880 27 28 pä

57 914 96 28 följande
170 916 53 19 sätt:

194 949 7 20 i
217 949 56 27 3:dje
290 949 28 21 kl.
334 949 49 21 med
402 949 23 21 18
436 950 29 27 ja
481 949 39 21 och
537 950 26 20 13
578 950 42 27 nej.

194 983 116 27 i2da
303 979 22 35 »
353 1001 8 8 n»
413 984 94 26 IG»,
494 979 27 35 »
553 984 12 20 9
597 1000 8 9 »

195 1014 93 35 ilstä
307 1033 4 12 »
354 1035 8 9 »
401 1018 58 26 13,
498 1035 9 9 »
553 1018 52 25 0»

126 1052 36 21 Då
174 1053 24 27 ja
213 1053 6 20 i
236 1053 36 20 två
286 1052 83 21 klasser
390 1052 83 26 vunnit,
490 1059 37 14 var
543 1051 97 22 ständets
656 1051 71 22 beslut
742 1052 65 28 angä-

59 1087 55 21 ende
131 1087 240 28 jernvägsanläggning
389 1087 93 20 emellan
498 1086 74 28 Borgä
587 1086 47 21 stad
650 1086 39 21 och
705 1086 104 28 Helsing-

59 1121 192 21 fors-Tavastehus
279 1121 70 21 banan
378 1121 77 21 sådant
482 1123 161 26 nästupptagne
673 1121 135 28 proposition

60 1155 88 22 utvisar.

128 1190 141 22 Beträffande
286 1190 118 21 utskottets
423 1190 138 21 betänkande
577 1196 34 14 om
628 1191 75 27 anslag
717 1190 33 21 för
766 1192 44 19 sär-

60 1224 70 22 skilda
146 1224 253 28 kanaliseringsarbeten
413 1224 59 22 inom
488 1224 97 21 Wirdois
600 1224 80 28 kapell,
695 1225 86 27 yttrade

128 1259 102 21 Friherre
247 1259 103 27 Mellin,
366 1259 26 21 B.
409 1259 32 21 G.:
465 1259 113 21 Utskottet
593 1259 39 21 har
647 1260 58 26 (pag.
721 1260 36 26 20)
773 1266 37 14 an-

61 1296 43 20 sett
124 1296 32 19 att
175 1294 77 28 anslag
270 1294 33 20 för
319 1294 135 22 närvarande
470 1294 20 28 ej
507 1294 66 20 borde
588 1293 91 28 beviljas
695 1294 34 20 för
744 1294 66 21 kana-

61 1330 91 26 lisering
168 1329 23 19 af
203 1328 154 20 Walkiakoski
377 1329 94 19 emellan
487 1328 126 20 Mallasvesi
629 1328 40 20 och
683 1328 128 20 Sääksmäki

61 1362 58 27 sjöar
142 1361 93 28 belägna
257 1362 51 26 fors,
329 1362 90 20 emedan
443 1363 70 19 större
536 1361 47 26 och,
606 1361 69 28 enligt
693 1362 119 20 utskottets

62 1394 149 29 förmenande,
227 1403 60 14 mera
302 1396 117 28 gagneliga
434 1396 87 28 företag
535 1395 78 22 främst
628 1395 66 22 borde
705 1397 51 27 taga
766 1396 46 21 lan-

62 1431 48 22 dets
126 1431 84 22 krafter
225 1431 7 21 i
247 1431 101 29 anspråk.
379 1432 43 21 Till
438 1431 80 22 sädane
532 1431 86 29 företag
633 1431 80 22 räknar
727 1431 84 22 utskot-
