992 1706
205 138 40 21 158

175 204 59 27 ning,
250 203 65 21 hvars
330 202 110 22 ändrande
456 202 125 29 derigenom
598 202 87 28 åsyftas.
716 202 51 22 Men
783 203 71 21 såsom
865 201 58 22 leda-

174 240 45 18 mot
234 237 7 21 i
256 237 118 28 kejserliga
390 238 102 20 senatens
500 237 237 28 justitiedepartement
748 236 57 22 erfor
813 237 46 28 jag,
875 236 49 21 att
912 232 15 37 i

176 272 55 21 slika
250 272 40 21 fall
305 271 129 29 åtgärderne
451 272 60 21 alltid
527 272 96 21 rättades
638 272 8 20 i
661 272 98 28 enlighet
773 272 51 20 med
839 271 85 21 författ-

174 307 94 27 ningens
290 308 57 19 rätta
369 306 95 28 mening.
499 307 48 20 Den
569 306 79 28 nådiga
666 306 165 28 propositionen
850 307 24 19 är
892 306 32 21 uti

174 341 143 21 förevarande
333 341 11 27 8
361 340 132 28 ordagrannt
508 340 139 28 likalydande
662 341 50 21 med
728 340 123 29 åberopade
867 340 57 21 stad-

174 376 70 28 gande
260 376 8 20 i
285 376 53 20 1859
354 375 35 21 års
405 375 134 29 förordning.
569 375 11 21 I
595 375 226 21 öfverensstämmelse
837 374 50 22 med
898 375 26 21 de

174 410 81 29 åsigter
272 410 40 28 jag
333 409 46 21 haft
399 411 51 20 äran
471 410 112 21 ofvanföre
603 410 116 21 framhålla
739 410 33 21 får
785 410 39 28 jag
839 410 84 21 således

172 445 111 21 vördsamt
303 444 117 28 tillstyrka,
442 446 31 19 att
493 444 42 21 den
551 444 79 27 nådiga
645 444 166 29 propositionen
826 444 97 21 härutin-

173 486 43 14 nan
231 480 67 20 måtte
314 480 97 26 antagas,
432 478 61 28 dock,
511 479 34 21 till
560 478 178 22 förekommande
754 478 23 22 af
791 479 132 27 nyssomför-

172 514 73 21 mälda
260 513 159 26 missförstånd,
435 514 49 20 med
499 513 97 28 följande
613 513 92 29 ändring
720 513 24 21 af
757 513 68 21 andra
839 514 84 20 menin-

173 556 43 20 gen
239 548 56 21 deri:
319 548 53 27 ,kan
396 548 36 21 det
455 548 19 28 ej
493 548 36 21 vid
547 548 93 21 domstol
659 548 98 28 lagligen
774 548 95 28 utredas,
892 550 31 19 att

173 582 115 22 bränvinet
308 584 23 19 är
350 582 24 22 af
392 582 57 22 finsk
464 583 148 28 tillverkning,
631 583 69 28 plikte
716 583 42 21 den
775 590 45 14 som
837 583 86 21 bränvi-

172 619 38 19 net
228 617 87 21 afsändt
335 616 109 22 dessutom
465 617 92 21 likasom
578 618 33 20 för
626 617 146 29 lurendrejeri
788 620 56 18 samt
859 618 64 20 miste

172 652 28 21 då
215 652 71 20 tillika
306 651 90 29 dragare
415 652 39 21 och
470 652 205 28 forslingsredskap,
691 659 34 14 om
742 652 26 21 de
784 652 80 21 honom
879 652 44 21 till-

172 687 72 21 höra."

240 721 58 21 Herr
314 728 41 14 von
371 722 79 26 Born,
470 720 20 22 J.
505 722 34 20 A.:
563 721 43 29 Jag
625 728 63 14 anser
709 721 36 21 det
760 728 52 15 vara
827 722 24 20 af
864 729 59 21 myc-

171 756 43 22 ken
229 756 54 28 vigt,
299 757 32 19 att
342 756 32 26 de,
385 756 75 21 hvilka
470 756 64 27 åtaga
545 757 33 27 sig
588 756 227 28 fabrikstillverkning
825 757 24 21 af
858 756 65 21 brän-

172 792 36 21 vin
223 791 39 21 hos
279 797 42 21 oss,
336 790 67 22 blifva
420 790 23 21 så
458 790 87 28 mycket
561 791 86 27 möjligt
662 792 23 20 är
701 798 80 20 genom
793 793 88 26 stränga
891 791 31 21 la-

172 833 38 21 gar
232 825 107 29 tryggade
362 827 58 19 emot
440 825 73 21 försök
532 826 23 20 af
572 825 146 21 lönbrännare
737 826 40 21 och
798 826 125 28 smugglare

171 862 32 20 att
218 862 151 26 transportera
384 860 91 21 bränvin
491 860 58 21 inom
563 860 80 20 landet.
673 860 64 21 Hvad
753 860 66 22 sådan
830 861 93 28 forsling

170 895 104 21 beträffar
296 896 23 20 är
335 894 37 21 det
393 902 27 14 en
440 894 57 21 känd
519 894 46 28 sak,
586 896 32 19 att
633 895 51 27 ofog
699 895 28 28 på
743 895 26 21 de
785 896 62 20 flesta
863 897 58 20 orter

170 929 90 22 dermed
275 929 105 21 föröfvats
396 929 40 21 och
452 929 37 21 det
504 929 126 29 stadgande,
646 931 59 19 emot
719 930 84 22 hvilket
817 930 51 21 herr
879 937 42 15 von

171 964 113 29 Knorring
299 964 111 28 uppträdt,
426 964 56 21 afser
496 965 47 27 just
558 966 32 18 att
606 964 65 28 stäfja
687 964 60 22 detta
763 965 109 21 missbruk
881 966 40 20 och

171 999 136 21 förekomma
325 998 120 28 afsättning
464 999 24 21 af
501 998 98 27 bränvin,
616 1006 45 13 som
678 998 72 23 blifvit
765 999 97 29 lönligen
878 1000 43 20 till-

170 1033 92 22 verkadt
284 1033 54 21 eller
357 1033 154 28 insmuggladt.
547 1026 51 28 Åtal
618 1033 71 27 hafva,
711 1034 28 27 på
755 1035 44 20 sätt
813 1034 51 21 herr
878 1040 43 16 von

170 1068 113 27 Knorring
302 1069 76 26 yttrat,
399 1068 82 27 ganska
501 1068 44 21 ofta
565 1067 140 22 förekommit
724 1070 55 19 samt
794 1068 6 21 i
817 1068 26 21 de
859 1069 62 22 flesta

170 1103 39 21 fall
227 1102 80 21 utförts
326 1101 24 21 af
367 1101 128 22 tullverkets
514 1102 143 28 tjenstemän;
680 1102 84 21 hvilket
782 1104 43 19 satt
838 1103 52 28 mig,
913 1103 7 21 i

169 1137 56 28 följd
247 1136 24 21 af
292 1136 44 21 min
352 1136 213 28 tjenstebefattning,
583 1136 7 20 i
609 1136 86 21 tillfälle
714 1138 32 20 att
762 1137 50 21 med
828 1137 92 22 särskild

171 1170 193 29 uppmärksamhet
387 1171 55 28 följa
464 1171 73 28 dylika
559 1171 44 20 mål
626 1171 64 21 äfven
713 1171 6 20 i
743 1171 62 22 deras
820 1171 100 30 detaljer.

173 1205 46 22 Och
234 1205 37 21 det
287 1206 23 19 är
326 1204 49 21 med
390 1205 89 28 ledning
494 1205 64 21 häraf
568 1205 41 28 jag
623 1205 44 21 kan
682 1205 103 28 vitsorda,
797 1207 30 20 att
838 1206 26 22 de
875 1207 45 22 åta-

170 1239 49 21 lade
234 1239 7 20 i
256 1241 80 25 ytterst
351 1239 21 20 få
388 1239 38 20 fall
442 1239 110 20 befunnits
571 1239 93 26 saklösa,
684 1241 52 20 utan
754 1241 39 20 har
808 1241 112 28 anklagel-

170 1280 38 14 sen
228 1274 77 19 nästan
326 1271 62 22 alltid
408 1273 56 20 varit
482 1273 105 27 grundad,
610 1273 101 21 hvarföre
730 1280 27 15 en
773 1273 146 23 öfverdrifven

168 1307 116 27 kitslighet
303 1306 7 21 i
330 1305 60 22 detta
410 1307 109 26 afseende,
542 1307 69 28 enligt
630 1307 44 21 min
695 1307 152 28 öfvertygelse,
870 1309 49 21 icke

168 1341 50 22 med
236 1341 48 21 skäl
304 1340 43 22 kan
368 1342 66 20 annat
450 1343 27 19 än
492 1340 154 29 undantagsvis
662 1341 163 23 vederbörande
841 1343 78 28 påbör-

169 1376 44 21 das.
245 1375 65 22 Hvad
333 1375 88 22 dernäst
443 1375 103 22 beträffar
569 1375 40 22 den
633 1378 58 19 stora
713 1377 78 21 förlust
814 1378 39 21 och
876 1378 41 21 den

170 1411 73 26 skada,
259 1417 46 15 som
322 1417 78 22 genom
412 1410 159 28 godkännande
582 1411 24 20 af
615 1411 117 22 utskottets
743 1411 82 29 förslag
835 1415 83 20 ansetts

169 1445 124 23 förorsakas
309 1445 55 28 dem,
381 1452 46 15 som
443 1445 101 29 olofiigen
561 1445 67 22 forsla
643 1446 110 22 inhemskt
768 1447 99 29 bränvin,
883 1455 35 15 om
