992 1717
754 126 39 20 137

141 188 49 22 Den
201 188 68 22 under
280 189 152 22 diskussionen
443 191 85 28 yttrade
539 190 63 29 åsigt,
618 193 31 19 att
660 191 103 22 bränneri
774 192 49 21 med

72 223 85 21 mindre
177 224 233 29 tillverkningsbelopp
430 227 27 19 än
478 226 77 26 40,000
570 226 85 21 kannor
670 226 67 21 borde
753 226 22 21 få
790 227 33 20 in-

71 259 75 25 rättas,
162 258 43 20 kan
217 259 41 27 jag
273 258 48 21 icke
337 259 84 21 biträda
436 260 40 20 och
492 260 60 20 detta
567 260 23 20 af
602 261 36 20 två
648 260 54 20 skäl.
731 260 44 21 För
786 260 37 21 det

70 292 69 21 första
160 292 73 22 kunde
254 300 27 14 en
301 293 61 28 dylik
381 294 141 28 nedsättning
542 294 24 21 af
582 294 189 28 minimibeloppet
789 295 33 21 för

70 327 171 28 tillverkningen
261 327 50 21 leda
326 328 33 20 till
375 328 145 28 uppkomsten
535 328 24 22 af
573 329 97 28 verkliga
685 329 137 21 kommunal-

72 362 134 26 brännerier,
227 362 91 22 sålunda
338 364 31 20 att
388 363 50 21 hela
456 363 133 21 kommunen
605 364 70 20 skulle
690 364 52 28 ingå
757 364 66 28 bolag

70 396 34 21 för
119 398 31 20 att
166 396 83 22 bränna
264 397 37 21 det
315 397 60 21 inom
389 398 133 22 kommunen
538 398 109 28 behöfliga
662 398 104 28 beloppet
782 398 39 21 och

70 426 68 27 sedan
161 431 49 21 dela
232 431 177 29 tillverkningen.
445 432 66 22 Detta
530 432 71 22 blefve
622 433 7 20 i
649 433 78 28 sjelfva
745 433 77 21 verket

70 467 56 20 intet
146 468 67 19 annat
233 468 28 20 än
281 467 228 29 husbehofsbränning
529 468 7 21 i
556 469 55 20 stort
632 468 40 21 och
687 468 87 21 komme
790 469 32 19 att

70 501 48 21 leda
134 501 34 21 till
184 508 82 15 samma
281 502 147 27 olägenheter,
444 509 46 14 som
506 503 56 27 dem,
577 502 75 21 hvilka
662 510 50 13 man
724 509 29 14 nu
763 503 58 20 velat

70 535 142 22 förekomma.
242 536 45 21 Det
301 536 69 21 andra
385 537 71 21 skälet
471 539 23 19 är
510 539 32 19 att
557 537 37 21 det
608 538 68 20 måste
687 537 70 21 finnas
768 537 53 21 kon-

69 570 77 21 trollör
166 570 37 21 vid
222 571 75 28 hvarje
318 571 112 28 bränneri;
453 571 131 22 bestämmes
605 571 113 21 minimum
739 571 24 21 af
777 571 42 20 till-

70 604 223 29 verkningsbeloppet
313 605 34 21 till
367 606 78 27 40,000
464 606 91 27 kannor,
575 606 44 21 kan
638 613 51 14 man
704 606 117 21 förutsätta

70 641 32 19 att
116 640 65 27 högst
193 640 40 21 100
243 640 146 22 kontrollörer
400 641 114 28 behöfves;
530 641 112 21 nedsättes
653 641 98 21 deremot
761 641 60 20 detta

70 674 80 29 belopp
166 675 34 21 till
215 675 83 21 hälften
314 675 54 21 eller
378 676 137 28 tredjedelen
526 676 68 27 deraf,
606 676 23 21 så
639 675 104 22 behöfves
755 675 66 21 minst

69 710 13 21 2
98 709 12 21 å
126 710 42 21 300
183 710 153 27 kontrollörer,
351 710 40 21 och
407 711 61 21 detta
483 711 69 21 skulle
568 710 112 22 föranleda
695 711 32 20 till
745 711 75 27 betyd-

69 744 41 28 ligt
133 744 68 21 ökade
224 745 90 27 utgifter
336 745 34 21 för
393 747 77 20 staten.
505 746 39 20 Att
564 746 54 27 åter,
639 745 72 21 såsom
733 745 24 21 af
770 745 51 21 herr

69 779 158 28 Björkenheim
250 779 131 29 föreslagits,
405 780 36 21 det
464 781 66 21 borde
550 787 52 14 vara
624 780 197 28 bränneriegarens

69 814 125 28 skyldighet
203 815 32 20 att
245 815 72 20 aflöna
326 815 158 28 kontrollören,
494 816 43 20 kan
545 815 39 28 jag
595 815 47 21 icke
654 822 51 14 anse
713 815 107 28 lämpligt.

68 849 60 21 Utan
148 851 33 18 att
200 849 129 28 ifrågasätta
344 850 29 21 all
389 850 77 28 möjlig
481 850 116 21 redbarhet
612 850 39 21 hos
666 849 27 21 de
708 857 112 20 personer,

69 891 46 14 som
138 885 59 20 utses
218 884 33 21 till
269 883 154 28 kontrollörer,
445 892 65 21 synes
531 885 36 20 det
587 885 46 27 mig
650 886 32 19 att
697 891 51 14 man
764 885 57 21 helst

70 919 38 21 bör
128 918 96 22 undvika
240 920 32 20 att
290 919 59 28 gifva
365 919 118 29 anledning
498 919 34 22 till
547 919 139 22 omedelbara
700 920 120 28 penninge-

68 953 162 22 transaktioner
250 954 93 21 emellan
359 954 138 21 fabrikanten
512 954 39 22 och
566 954 151 21 kontrollören
732 955 41 20 och
789 955 32 20 att

70 989 87 21 derföre
173 989 41 21 den
228 989 85 28 princip
331 989 37 21 bör
384 989 134 28 godkännas,
533 991 33 20 att
580 989 150 21 kontrollören
738 989 83 21 aflönas

69 1024 24 21 af
110 1024 94 27 kronan;
227 1024 57 21 helst
304 1024 37 21 det
361 1025 111 21 sannolikt
491 1025 47 21 icke
560 1024 70 21 skulle
644 1024 68 21 verka
726 1025 29 27 på
770 1025 49 21 kro-

68 1066 55 13 nans
138 1058 127 29 behållning
286 1059 24 20 af
328 1059 248 28 bränvinsbränningen,
596 1059 64 21 hvem
675 1065 46 15 som
737 1059 82 21 aflönar

68 1093 160 28 kontrollören;
245 1095 23 26 ty
282 1095 37 20 vet
333 1093 137 22 fabrikanten
486 1095 33 20 att
534 1094 42 21 han
588 1093 82 28 nödgas
681 1093 86 21 utöfver
777 1093 42 21 den

68 1128 108 28 erbjudna
195 1128 92 28 afgiften
305 1128 33 21 till
353 1128 84 22 kronan
453 1128 72 21 betala
540 1128 156 27 kontrollören,
717 1127 44 22 kan
776 1128 44 21 han

68 1163 139 28 naturligtvis
222 1163 48 22 icke
285 1164 65 27 åtaga
365 1164 34 28 sig
414 1165 23 20 så
453 1164 43 28 hög
510 1163 70 29 afgift,
596 1170 48 13 som
658 1163 8 20 i
682 1164 89 20 motsatt
781 1163 38 21 fall

68 1199 24 20 är
108 1198 93 27 möjligt.

136 1232 59 21 Herr
210 1233 97 21 Taube:
330 1232 51 21 Med
397 1233 118 28 anledning
530 1233 24 20 af
568 1233 48 20 herr
632 1239 41 14 von
689 1232 72 21 Borns
776 1233 43 27 ytt-

67 1267 76 27 rande,
166 1267 97 21 avhåller
281 1268 39 27 jag
341 1269 31 19 att
392 1267 21 21 få
434 1267 33 21 till
487 1267 49 21 herr
556 1273 41 15 von
618 1266 60 20 Born
698 1266 63 21 ställa
776 1266 43 21 den

68 1302 84 27 frågan,
173 1302 106 20 huruvida
299 1302 36 20 det
353 1302 115 28 verkligen
486 1308 52 14 vore
558 1308 27 14 en
604 1300 78 28 olycka
696 1301 34 20 för
745 1300 74 21 landet

69 1336 40 20 och
125 1336 98 20 medföra
238 1336 87 26 vådliga
339 1336 80 26 följder
435 1336 33 20 för
484 1336 126 25 detsamma,
626 1341 34 14 om
672 1335 75 26 hvarje
758 1334 59 21 kom-

68 1376 52 14 mun
138 1368 49 22 från
204 1369 106 27 Rajajoki
330 1369 33 21 till
381 1369 87 21 Torneå
487 1368 69 21 skulle
574 1370 68 26 vägra
660 1370 31 18 att
706 1368 59 21 inom
781 1368 38 20 sitt

68 1402 89 22 område
172 1403 71 21 tillåta
258 1403 135 28 anläggande
409 1403 24 21 af
446 1402 216 22 bränvinsfabriker?

136 1437 59 22 Herr
209 1437 215 28 Björkenheim,
444 1437 34 21 R.:
496 1436 59 22 Herr
570 1443 42 15 von
628 1436 67 27 Born,
710 1443 46 15 som
771 1436 7 21 i
794 1436 24 21 så
