973 1717
204 162 41 26 610

174 231 69 22 likhet
259 231 50 22 med
324 231 50 22 herr
389 230 157 30 Björkenheim
563 230 68 23 önska
647 233 33 20 att
693 229 33 25 för
737 229 49 24 dem
797 230 131 23 åtminstone

173 266 150 28 bevillningen
341 266 70 22 skulle
426 266 118 28 nedsättas,
561 268 55 20 samt
627 268 30 20 att
665 266 37 22 vid
713 267 72 21 denna
796 266 132 27 bevillnings

173 301 164 21 bestämmande
353 301 37 21 det
405 301 70 22 skulle
491 303 64 27 göras
571 301 72 29 nägon
657 301 86 22 skilnad
759 301 93 21 emellan
871 301 57 27 dem,

174 342 46 15 som
236 335 65 22 hafva
321 335 34 22 till
370 336 86 29 uppgift
474 335 42 22 den
532 336 78 29 fattiga
625 335 146 22 folkklassens
790 335 139 22 förströelser

173 371 40 21 och
229 370 57 27 dem,
302 377 46 14 som
364 370 46 22 afse
425 371 26 21 de
467 370 72 23 bättre
555 371 93 21 lottades
664 370 148 29 mängfaldiga
827 370 74 28 nöjen.

241 404 60 23 Herr
316 412 42 15 von
373 405 80 28 Born,
469 405 28 22 K.
512 405 36 22 F.:
563 405 65 22 Hvad
643 406 67 28 angår
725 405 80 22 sådana
816 412 112 22 personer,

176 447 45 15 som
237 440 68 29 bjuda
319 442 25 19 ut
359 447 64 15 varor
442 441 54 21 eller
511 440 69 22 under
595 447 60 15 resor
671 441 7 20 i
693 440 76 21 landet
783 440 80 21 afsluta
877 440 53 21 han-

174 476 43 27 del,
240 475 50 22 med
311 475 68 22 andra
399 475 39 22 ord
458 475 27 22 de
501 475 110 22 säkallade
627 475 240 28 handelsexpediterne,
884 477 46 20 tror

171 511 40 28 jag
234 510 27 21 de
281 517 79 22 genom
380 511 47 21 sina
446 510 148 29 tillgöranden
613 510 100 22 beskatta
728 511 75 21 landet
818 511 43 20 rätt
877 511 52 28 dug-

175 546 48 27 tigt.
253 544 41 22 Om
317 545 74 22 landet
412 545 112 22 beskattar
547 545 49 22 dem
617 545 98 28 tillbaka,
737 545 24 22 sä
776 545 75 21 kunna
866 545 65 22 debet

175 580 40 21 och
238 579 72 22 kredit
330 581 93 27 ungefär
443 581 28 28 gä
486 588 44 21 upp
546 582 59 20 emot
620 580 132 28 hvarandra;
767 580 57 21 hvad
839 580 47 21 äter
902 579 26 22 de

175 615 24 22 af
212 615 51 21 herr
284 614 123 22 Schauman
427 615 109 22 omtalade
555 615 168 29 positivspelare
739 614 110 28 beträffar,
866 615 23 21 sä
905 616 24 20 är

176 650 37 21 det
227 649 54 22 visst
296 649 49 21 litet
360 650 54 28 synd
429 658 35 14 om
480 650 56 22 dem.
565 650 34 22 De
615 650 65 22 hafva
695 650 102 28 vanligen
814 649 56 22 blott
885 652 44 19 tra-

174 692 36 14 sor
225 684 28 29 pä
268 684 98 28 kroppen
383 685 39 21 och
438 685 104 22 hvarmed
558 685 27 21 de
596 685 61 21 skola
667 685 73 21 betala
751 685 41 21 den
803 685 125 28 föreslagna

175 719 92 29 afgiften
282 721 37 20 vet
331 720 40 28 jag
387 720 28 28 ej,
431 721 24 21 sä
469 722 32 20 att
516 720 8 22 i
539 720 104 22 afseende
657 720 14 21 å
686 720 49 21 dem
758 720 38 21 vill
809 720 40 28 jag
863 720 65 22 också

174 754 77 22 förena
270 754 46 29 mig
335 755 50 21 med
398 755 51 22 herr
465 755 122 22 Schauman
607 755 82 27 derom,
703 756 32 21 att
751 755 86 22 skatten
856 755 72 21 skulle

176 789 117 22 nedsättas.

243 826 58 21 Herr
315 832 42 15 von
373 824 80 30 Born,
465 824 20 23 J.
496 826 37 21 A.:
548 824 171 29 Ifrägavarande
735 825 148 29 beskattning,
894 826 33 22 sä-

174 860 47 22 vidt
243 860 41 22 den
306 860 57 22 afser
381 860 131 28 handlande,
535 862 30 25 är,
581 860 70 22 säsom
668 867 27 15 en
711 861 132 28 föregäende
859 861 69 21 talare

174 897 75 27 yttrat,
264 897 97 19 närmast
375 895 72 21 riktad
462 897 46 19 mot
523 895 27 22 de
565 894 110 22 såkallade
691 896 154 28 profryttarne.
875 895 54 23 Tro-

174 930 75 28 ligtvis
263 930 40 21 har
321 930 82 21 enhvar
418 931 23 20 af
458 930 164 28 ridderskapets
638 930 39 21 och
693 931 76 21 adelns
786 931 142 22 medlemmar

175 966 83 26 erfarit,
279 965 118 21 huruledes
417 965 62 21 desse
495 965 75 22 herrar
585 972 48 14 resa
649 965 102 29 omkring
766 965 7 21 i
788 965 74 22 landet
877 966 50 22 med

175 999 83 29 ganska
273 1001 45 20 stor
334 1000 49 27 stät,
399 1000 8 21 i
422 1000 105 29 ekipager
542 1000 50 21 med
608 1000 12 21 3
635 1000 75 21 hästar
726 1000 39 21 och
781 1000 58 22 lefva
854 1001 34 21 väl
899 1002 28 27 pä

174 1034 142 28 värdshusen,
338 1034 79 22 hvaraf
437 1035 36 21 det
496 1041 65 22 synes
581 1036 32 20 att
632 1034 62 22 deras
715 1035 58 21 vinst
791 1036 69 20 mäste
876 1042 52 15 vara

175 1069 84 28 ganska
281 1071 52 19 stor.
363 1069 44 28 Jag
428 1070 42 20 kan
494 1069 84 22 säledes
599 1070 20 27 ej
639 1071 67 19 annat
725 1070 27 20 än
771 1070 110 27 tillstyrka
896 1072 32 19 att

175 1103 49 22 dem
248 1104 88 28 älägges
358 1104 42 21 den
420 1104 39 21 här
479 1104 125 27 föreslagna
622 1103 128 29 bevillning.
780 1105 65 20 Hvad
860 1105 68 28 angår

176 1139 41 21 den
234 1145 77 14 senare
327 1139 115 28 kategorin
458 1139 54 20 eller
527 1138 173 28 positivspelare,
710 1138 133 28 lindansare,
854 1139 74 22 konst-

175 1173 106 27 beridare,
297 1173 211 22 kosmoramavisare
524 1180 18 14 o.
559 1180 16 14 s.
592 1181 27 18 v.,
635 1173 23 21 sä
673 1173 42 21 kan
729 1174 40 27 jag
784 1174 20 27 ej
821 1173 48 22 dela
885 1174 42 21 den

175 1207 57 28 åsigt
247 1209 32 19 att
295 1207 26 21 de
337 1208 73 27 nöjen,
427 1207 26 21 de
469 1207 91 28 erbjuda
575 1207 156 28 allmänheten,
745 1209 37 20 äro
799 1208 23 21 sä
838 1214 89 23 synner-

174 1241 60 28 ligen
249 1241 144 28 upplyftande
414 1241 39 21 och
473 1242 82 21 bereda
568 1248 26 15 en
611 1241 69 28 sedlig
695 1242 127 27 utveckling
838 1242 34 21 för
886 1243 41 20 fol-

175 1275 44 26 ket,
235 1275 41 20 och
291 1275 85 20 säledes
391 1275 48 20 icke
455 1275 69 21 heller
540 1281 52 15 anse
608 1275 63 20 deras
686 1275 139 21 verksamhet
841 1283 52 14 vara
903 1276 24 21 sä

175 1309 96 27 afgjordt
292 1309 110 28 gagnelig.
432 1308 34 21 En
486 1316 85 13 summa
591 1309 24 20 af
631 1309 30 20 tio
680 1309 62 20 mark
757 1309 8 20 i
780 1309 108 21 månaden
904 1311 24 19 är

174 1344 20 27 ej
209 1343 24 21 sä
252 1343 122 28 synnerligt
392 1345 51 25 stor,
465 1343 27 21 dä
512 1350 51 15 man
581 1345 37 19 vet
633 1345 32 19 att
680 1343 74 28 dylika
769 1343 157 22 konstmakare

173 1378 90 21 kassera
283 1378 22 21 in
322 1384 26 14 en
369 1377 48 22 icke
438 1377 113 29 obetydlig
564 1378 96 21 inkomst
676 1378 40 21 och
731 1379 79 27 mänga
826 1379 100 28 exempel

175 1413 61 21 torde
257 1413 76 26 finnas,
353 1412 38 21 der
411 1412 26 21 de
452 1412 94 22 medfört
565 1412 82 29 ganska
662 1413 88 28 mycket
764 1414 123 28 penningar
902 1421 26 14 ur

174 1447 81 22 landet.
286 1447 43 28 Jag
344 1447 121 28 tillstyrker
480 1447 86 23 derföre
582 1447 62 22 bifall
659 1448 34 21 till
708 1448 153 23 betänkandet.

241 1489 58 21 Herr
318 1488 200 28 Björkenheim,
541 1489 38 21 R.:
602 1488 64 22 Hvad
687 1489 182 28 positivspelarne
889 1490 37 21 be-
