986 1709
761 117 38 21 187

79 191 46 23 ges,
141 184 66 22 borde
229 184 125 22 densamma
372 190 80 23 genom
472 190 27 15 en
519 183 82 22 komité
621 184 25 21 af
661 183 101 22 fackmän
778 189 52 23 nog-

81 220 80 27 grannt
175 219 141 21 undersökas.

147 254 59 21 Herr
225 253 179 29 Gripenberg,
424 253 20 21 J.
460 253 27 21 U.
503 253 28 21 S.:
555 253 35 21 Då
606 254 39 27 jag
660 253 6 21 i
682 253 89 28 plenum
789 253 41 21 den

75 289 34 24 .29
133 288 91 21 oktober
246 288 55 21 hade
324 289 52 19 äran
394 288 92 26 uppläsa
503 287 50 21 mitt
571 287 139 28 andragande
725 288 8 20 i
749 294 82 14 samma

82 322 220 28 lagstiftningsfråga,
325 323 37 26 tog
379 322 40 28 jag
439 322 45 27 mig
498 321 95 21 friheten
609 321 70 21 tillika
694 321 88 27 föreslå,
801 323 31 20 att

82 356 41 22 den
142 356 96 22 inkomst
256 356 23 22 af
295 356 198 27 bränvinsskatten,
513 362 46 15 som
576 356 70 20 skulle
661 356 119 28 öfverstiga
796 356 36 22 det

82 390 125 26 nuvarande
224 390 208 22 bränvinsarrendet
447 390 40 21 och
502 390 148 21 kostnaderna
664 390 34 21 för
708 390 123 22 kontrollen

81 432 28 14 m.
123 432 35 20 m.,
181 425 71 21 skulle
272 426 23 20 få
315 425 23 21 af
356 425 131 28 regeringen
506 424 110 22 användas
637 425 33 21 till
689 425 141 28 jordbrukets

82 459 169 29 upphjelpande.
282 460 43 27 Jag
344 459 39 21 har
404 459 66 21 också
488 459 66 21 redan
574 459 58 21 förut
648 459 33 21 för
697 459 86 21 ståndet
799 462 32 18 ut-

83 494 54 20 talat
153 494 44 20 min
217 494 64 28 åsigt,
304 495 32 19 att
351 494 169 21 statsmakterna
535 493 68 22 borde
618 501 51 14 vara
683 494 104 22 betänkta
803 495 27 27 på

82 528 131 28 vidtagande
234 528 24 21 af
274 528 96 28 kraftiga
390 529 55 20 mått
465 528 38 21 och
520 530 48 26 steg
582 528 35 21 till
632 528 162 28 upphjelpande
811 530 23 20 af

79 562 138 28 jordbruket.
248 562 84 28 Tyvärr
350 562 65 22 hafva
434 562 58 22 mina
513 562 45 29 ord
571 563 19 27 ej
608 562 90 22 kommit
713 564 76 26 längre
805 564 27 20 än

83 597 34 21 till
137 596 163 28 ridderskapets
321 597 39 21 och
380 597 76 21 adelns
471 597 115 28 protokoll,
608 604 49 14 men
673 597 26 21 de
715 599 36 19 äro
768 597 65 22 också

83 632 38 21 der
141 632 35 21 väl
197 632 121 21 förvarade.
351 632 34 21 Då
404 639 30 14 nu
453 632 36 21 det
504 632 23 20 af
541 632 51 20 herr
607 631 156 28 Björkenheim
779 639 53 21 upp-

82 666 90 22 kastade
193 666 105 28 förslaget
317 666 34 21 till
372 667 169 27 grundskattens
562 666 147 22 afskrifvande
729 666 64 22 äfven
811 667 24 21 af

83 701 45 28 mig
144 700 113 22 betraktas
273 701 70 21 såsom
359 702 32 20 ett
406 700 95 22 indirekt
515 700 120 22 understöd
650 700 33 22 för
696 701 136 28 jordbruket,

83 736 30 26 så,
135 735 69 21 ehuru
224 735 64 21 äfven
305 736 39 28 jag
360 735 32 21 för
413 736 44 20 min
474 735 34 21 del
527 735 61 21 delar
604 735 41 21 den
661 735 23 21 af
697 736 52 20 herr
765 734 67 22 Törn-

83 776 54 22 gren
158 769 97 22 uttalade
276 770 56 28 åsigt
352 771 32 19 att
405 770 67 20 saken
491 769 67 22 borde
579 768 143 22 underkastas
737 777 28 13 en
780 777 52 21 nog-

83 811 70 21 grann
168 804 172 28 undersökning,
355 804 43 21 kan
410 804 38 28 jag
465 804 55 22 dock
536 804 20 28 ej
573 806 66 19 annat
654 805 26 19 än
692 804 141 29 understödja

83 839 51 21 herr
149 838 170 28 Björkenheims
339 838 88 28 förslag,
448 839 91 21 emedan
559 838 37 21 det
610 845 51 15 vore
678 846 26 14 en
721 840 65 28 utväg
802 841 31 19 att

83 874 22 21 få
127 873 72 21 denna
221 875 59 19 stora
301 873 61 28 fråga
385 873 43 21 löst
448 874 28 27 på
497 874 31 20 ett
548 873 119 28 lyckligare
688 874 43 20 sätt
747 875 27 20 än
790 874 43 27 det,

83 908 88 22 hvartill
187 908 64 28 eljest
266 908 68 28 utsigt
349 910 24 19 är
388 908 129 21 förhanden.

151 942 58 22 Herr
225 950 42 14 von
281 942 81 28 Born,
379 942 20 22 J.
410 942 35 21 A.:
468 942 77 22 Redan
561 942 27 21 då
604 942 41 21 den
661 942 80 28 nådiga
755 950 78 22 propo-

85 978 94 20 sitionen
195 978 7 20 i
218 978 59 20 detta
297 979 63 20 ämne
377 977 68 22 första
462 978 86 27 gången
564 977 54 20 eller
634 977 46 21 före
696 977 49 21 dess
760 978 74 21 remit-

84 1011 89 22 terande
197 1012 33 20 till
252 1012 106 21 utskottet
384 1011 151 21 diskuterades
558 1011 39 21 hos
621 1012 151 28 ridderskapet
794 1012 40 22 och

85 1046 71 26 adeln,
172 1046 89 21 väcktes
276 1053 82 14 samma
373 1046 88 27 förslag,
478 1053 46 14 som
540 1046 23 21 af
575 1046 51 20 herr
637 1046 156 28 Björkenheim
805 1054 29 14 nu

83 1080 72 22 blifvit
174 1080 178 28 äterupplifvadt,
375 1080 112 28 nemligen
507 1082 32 19 att
554 1082 58 19 sätta
627 1080 76 28 frägan
719 1088 35 14 om
770 1082 63 21 brän-

84 1114 221 29 vinstillverkningen
325 1115 7 20 i
351 1115 157 28 sammanhang
523 1114 51 22 med
588 1115 171 27 grundskattens
773 1116 61 28 aflyf-

85 1150 72 20 tande.
191 1149 34 21 Då
246 1149 120 29 uppträdde
387 1150 53 20 flere
461 1150 76 26 talare,
557 1149 74 21 hvilka
651 1150 136 22 framställde
807 1151 27 21 de

85 1186 59 18 stora
166 1184 141 28 svårigheter,
330 1190 46 14 som
398 1186 68 18 mötte
488 1184 130 28 aflyftandet
640 1184 24 21 af
677 1185 156 27 grundskatten

85 1218 40 22 och
145 1218 191 28 nödvändigheten
352 1218 24 21 af
393 1218 115 28 vidlyftiga
521 1218 142 28 preliminära
678 1218 108 29 åtgärder,
801 1219 33 21 in-

84 1260 43 14 nan
144 1260 27 14 en
187 1252 61 28 dylik
263 1253 79 21 reform
354 1252 72 22 kunde
438 1252 138 28 genomföras
587 1254 55 20 samt
653 1252 57 29 förty
721 1253 113 29 olämplig-

84 1287 67 21 heten
172 1288 31 19 att
223 1287 64 21 ställa
302 1287 76 27 frågan
394 1287 74 21 härom
486 1287 39 21 och
541 1294 35 14 om
592 1287 242 29 bränvinsbränningen

84 1320 8 21 i
108 1321 97 27 ringaste
225 1320 109 22 beroende
354 1320 24 21 af
392 1320 127 22 hvarandra.
550 1320 79 22 Denna
644 1321 56 27 åsigt
715 1322 39 20 har
769 1322 64 21 äfven

85 1353 7 21 i
112 1353 42 28 dag
174 1354 23 20 af
215 1360 27 14 en
263 1354 69 20 talare
352 1354 72 20 blifvit
444 1354 133 20 understödd
598 1354 39 20 och
655 1354 39 28 jag
709 1361 65 14 anser
789 1354 45 28 mig

83 1388 83 28 jemväl
189 1387 51 23 böra
263 1388 76 22 förena
358 1388 46 27 mig
424 1388 81 26 derom,
525 1389 53 19 utan
598 1389 32 24 att
649 1388 74 20 vidare
737 1390 97 27 upptaga
