995 1714
191 124 42 22 374

164 189 133 28 fullkomligt
312 189 47 21 fritt
374 191 32 19 att
421 190 85 27 förfoga
522 196 34 14 om
570 188 197 22 bränvinsskatten.
797 189 45 20 Det
857 190 23 19 är
891 189 20 27 ej

165 224 69 20 beller
250 223 62 29 sagdt
327 224 32 20 att
374 223 138 28 jordskatten
528 223 55 20 skall
599 224 93 19 ersättas
707 230 78 20 genom
801 223 112 20 bränvins-

165 257 94 27 skatten,
274 257 41 21 den
334 257 43 21 kan
394 258 91 20 ersättas
500 264 77 21 genom
593 256 72 28 någon
680 264 71 13 annan
768 256 65 28 skatt,
848 258 15 18 t.
879 264 33 13 ex.

165 298 78 21 genom
260 291 126 28 bevillning,
402 291 88 21 hvilken
504 292 42 20 den
557 290 164 28 ifrågavarande
732 290 97 22 komitén
840 290 73 21 kunde

165 326 86 21 föreslå.
288 326 65 21 Hvad
375 326 104 28 slutligen
501 326 37 20 det
560 325 113 27 beträffar,
696 332 46 14 som
766 325 50 21 herr
838 325 75 21 Taube

165 360 94 22 nämnde
269 367 34 15 om
314 360 100 21 lockbete
426 360 39 21 och
477 362 31 19 ett
518 360 40 21 och
569 362 73 25 annat,
653 366 47 14 som
710 360 48 20 icke
769 366 52 15 vore
831 360 82 20 ridder-

165 395 78 27 skapet
257 395 39 21 och
309 394 63 22 adeln
388 394 92 28 värdigt,
497 395 23 20 så
536 396 44 19 tror
593 395 40 27 jag
647 395 32 19 att
695 401 27 13 en
737 394 40 20 sak
792 396 24 19 är
831 394 82 21 ridder-

165 429 77 28 skapet
263 429 40 21 och
326 428 63 22 adeln
409 430 59 19 ännu
488 428 85 22 mindre
591 428 83 28 värdig,
690 428 110 28 nemligen
816 430 32 19 att
865 428 49 22 icke

165 464 66 21 hafva
252 464 60 28 gjort
334 463 45 28 allt,
402 470 46 15 som
472 463 52 22 stått
538 463 8 21 i
561 462 49 22 dess
631 463 66 28 makt,
717 463 33 21 för
770 464 32 20 att
823 463 91 21 afskaffa

165 498 264 29 husbehofsbränningen.

234 534 58 22 Herr
308 533 198 30 Björkenheim,
522 534 37 21 R.:
582 533 43 29 Jag
647 533 51 22 ville
718 536 95 27 upptaga
829 534 32 21 till
878 534 36 22 be-

167 569 106 21 svarande
296 571 32 19 ett
348 569 24 21 af
390 569 26 21 de
432 569 123 28 yttranden,
571 576 46 13 som
633 569 50 21 herr
698 569 82 21 Linder
795 569 66 22 redan
878 570 36 21 be-

167 605 61 26 mött,
244 604 111 27 nemligen
371 603 37 22 det
424 611 34 13 om
474 604 106 26 lockbete,
596 611 35 13 om
646 605 32 19 att
694 604 28 27 gå
733 605 66 27 öppet
809 604 33 21 till
852 606 62 27 väga.

167 638 42 28 Jag
231 639 33 20 för
284 639 45 20 min
350 638 35 21 del
405 638 37 21 vill
457 645 51 14 vara
524 638 128 28 öfvertygad
668 645 34 14 om
718 640 31 19 att
765 639 12 20 å
793 639 59 20 detta
867 647 47 14 rum

166 673 56 20 intet
244 673 82 28 förslag
348 673 72 21 blifvit
442 673 69 26 väckt,
534 672 103 22 hvarmed
657 673 49 21 icke
726 673 118 29 meningen
859 674 56 21 varit

166 708 33 19 att
212 707 27 28 gå
255 708 66 27 öppet
337 707 38 20 och
392 707 65 28 ärligt
472 707 95 28 tillväga.

234 741 102 21 Friherre
350 741 26 21 de
389 741 21 21 la
425 741 134 28 Chapelle:
579 741 75 22 Ehuru
667 742 39 27 jag
721 743 69 21 måste
806 743 110 28 medgifva

166 777 33 19 att
214 775 37 21 det
266 782 64 21 synes
346 776 45 27 mig
405 776 117 28 högeligen
536 776 167 27 problematiskt
716 777 106 22 huruvida
838 780 31 19 ett
883 781 33 18 to-

167 810 40 21 talt
221 809 118 28 aflyftande
355 810 23 21 af
391 809 158 29 grundskatten
564 810 69 21 under
648 811 52 20 våra
713 811 151 22 förhållanden
876 813 40 21 och

167 845 24 20 så
213 845 64 27 länge
300 843 201 29 indelningsverket
523 845 39 20 hos
585 852 34 13 oss
643 845 112 28 oförryckt
770 847 75 27 gäller,
860 847 56 22 skall

168 879 73 20 kunna
262 878 186 29 tillvägabringas,
467 886 51 14 vore
531 880 40 27 jag
586 879 55 21 dock
656 880 49 21 icke
721 883 58 18 emot
795 883 31 19 att
841 889 27 14 en
882 884 33 19 ut-

167 913 92 28 redning
274 913 7 21 i
296 914 74 20 ämnet
384 913 135 21 verkställes.
550 914 41 21 Om
607 914 40 21 ock
663 915 70 21 denna
749 916 123 29 utredning,
888 918 28 27 på

167 949 42 19 sätt
221 947 40 28 jag
277 947 115 27 förmodar,
412 948 48 21 icke
476 948 70 21 skulle
561 949 49 20 leda
629 949 32 20 till
677 949 36 21 det
727 951 44 20 mål
786 951 51 21 herr
852 952 63 28 Björ-

167 981 102 21 kenheim
284 981 86 28 åsyftat,
391 982 43 21 kan
450 982 55 21 dock
520 989 79 21 genom
616 990 26 13 en
658 983 164 30 undersökning
837 986 23 20 af
872 987 43 20 frå-

166 1022 50 21 gan,
239 1015 93 21 anställd
350 1016 24 20 af
392 1016 137 28 sakkunnige
552 1018 57 25 män,
632 1018 133 28 upplysning
788 1019 76 21 vinnas
880 1028 34 14 om

167 1050 40 20 och
222 1050 7 20 i
245 1049 56 21 hvad
323 1056 51 14 mon
397 1057 27 14 en
441 1051 100 27 jemnare
563 1051 125 29 fördelning
708 1053 23 20 af
749 1053 27 21 de
791 1054 80 27 jorden
886 1062 30 14 nu

166 1084 83 27 ojemnt
271 1084 140 27 betungande
432 1085 84 21 skatter
535 1085 42 21 kan
601 1086 166 22 åstadkommas.
796 1088 45 21 Det
861 1089 54 27 peti-

166 1118 179 26 tionsmemorial,
366 1125 46 14 som
432 1126 29 13 nu
477 1120 23 20 är
516 1119 76 28 ifråga,
608 1120 129 21 förutsätter
752 1121 55 21 dock
827 1128 27 14 en
870 1130 45 14 om-

167 1152 130 28 ständighet,
316 1159 46 13 som
383 1152 43 21 kan
448 1153 66 21 blifva
534 1160 26 14 en
576 1154 136 28 omöjlighet.
741 1155 126 22 Petitionen
882 1158 32 20 in-

167 1186 98 20 nehåller
280 1186 118 28 nemligen,
419 1188 27 26 på
462 1189 42 19 sätt
519 1188 50 20 herr
584 1188 128 28 Furuhjelm
728 1190 64 20 äfven
808 1192 107 26 anmärkt,

168 1222 33 19 att
215 1220 97 21 komitén
328 1220 67 21 borde
411 1221 77 28 pröfva
504 1222 74 26 saken,
593 1222 29 28 på
637 1222 37 22 det
689 1223 120 29 lagförslag
824 1225 7 20 i
841 1226 74 20 ämnet

166 1254 36 20 må
217 1254 74 20 kunna
309 1254 85 20 landets
413 1256 252 21 nästsammanträdande
681 1258 89 20 ständer
785 1259 129 27 föreläggas.

167 1287 41 21 Om
228 1287 67 21 likväl
315 1288 132 27 pröfningen
468 1289 88 21 utfaller
571 1290 30 26 sä,
617 1292 32 18 att
667 1291 170 27 grundskattens
852 1293 62 27 aflyf-

166 1321 64 21 tande
251 1321 47 21 icke
318 1328 64 15 anses
404 1322 74 22 kunna
499 1323 45 27 ske,
567 1324 68 21 måste
656 1325 35 21 väl
711 1325 142 29 lagförslaget
867 1328 47 20 ute-

165 1356 73 22 blifva.
269 1356 43 21 Det
332 1358 24 20 är
374 1357 59 21 svårt
452 1357 50 22 med
522 1358 79 21 sådane
621 1359 193 30 petitionsförslag,
831 1368 45 14 som
891 1363 24 20 så

166 1393 49 19 sent
236 1391 112 21 inkomma
368 1392 40 20 och
431 1392 48 22 icke
502 1392 89 22 hinna
582 1387 14 41 i
612 1394 84 21 utskott
717 1395 137 29 ordentligen
877 1397 36 21 be-

166 1425 69 24 redas,
265 1426 44 22 Det
331 1426 165 32 ifrågavarande
517 1429 60 23 rörer
600 1428 55 25 dock
677 1436 28 17 en
724 1430 70 30 vigtig
814 1431 39 21 sak
873 1432 40 21 och
