1003 1706
765 124 42 24 455

87 190 43 30 Jag
149 192 40 22 har
208 192 76 29 begärt
305 192 61 22 ordet
381 192 76 22 endast
472 192 34 21 för
522 193 32 20 att
569 192 56 21 fästa
640 192 194 29 uppmärksamhe-

86 228 37 20 ten
139 226 74 28 derpå,
228 228 33 20 att
276 234 50 14 man
342 226 76 28 tyckes
431 233 53 15 vara
499 226 96 22 särdeles
605 227 52 28 ifrig
672 229 32 19 att
719 228 116 28 disponera

87 260 26 21 de
129 261 77 27 medel,
222 261 74 21 hvilka
312 267 77 21 genom
406 261 148 27 bevillningen
571 261 73 21 kunna
654 262 88 20 komma
757 262 32 20 att
803 261 32 21 in-

87 294 58 29 flyta.
176 295 50 21 Men
250 295 74 21 dervid
348 295 38 21 bör
408 295 48 21 icke
479 295 83 21 lemnas
583 302 25 14 ur
628 296 55 28 sigte
703 297 32 19 att
750 295 85 21 landets

87 330 88 20 ständer
191 332 57 19 ännu
265 330 20 27 ej
301 329 65 21 hafva
382 328 92 29 vidtagit
490 329 39 21 och
544 329 56 22 hvad
616 331 61 20 värre
693 331 31 26 är,
740 330 49 21 med
804 329 31 22 af-

86 364 81 22 seende
188 364 12 21 å
220 364 36 21 det
275 366 42 19 sätt
331 364 83 28 hvarpå
429 364 180 28 bränvinsfrågan
626 364 71 22 blifvit
713 363 121 23 behandlad

85 399 24 21 af
127 399 55 26 dem,
202 399 39 21 och
263 398 209 28 bevillningsfrågan
494 398 70 22 blifvit
583 398 121 22 behandlad
720 400 13 20 å
748 398 86 27 trycke-

85 433 48 26 riet,
155 433 93 28 troligen
269 433 48 20 icke
338 433 35 20 vid
395 432 70 21 denna
482 433 102 28 landtdag
597 433 87 21 komma
699 435 32 19 att
745 433 89 28 vidtaga

86 468 71 27 någon
180 467 83 28 åtgärd,
286 467 141 28 hvarigenom
447 474 27 14 en
494 467 55 22 enda
564 467 67 28 penni
646 467 24 22 af
683 467 63 22 dessa
762 467 71 28 miljo-

85 508 39 15 ner
140 501 72 22 kunde
228 501 88 22 komma
331 503 31 19 att
378 501 81 28 inflyta.

153 536 57 21 Herr
233 543 41 15 von
296 536 95 21 Essen:
414 535 64 22 Hvad
498 537 39 27 jag
556 536 7 21 i
579 537 74 20 ämnet
668 535 84 22 kunnat
767 537 65 27 yttra,

85 571 38 22 har
146 572 23 21 så
192 571 111 28 grundligt
325 571 40 21 och
387 571 34 21 väl
445 570 130 22 motiveradt
597 571 73 21 blifvit
689 570 98 29 uttryckt
810 570 24 21 af

84 606 75 21 herrar
180 605 119 22 Edelsköld
321 605 40 22 och
384 605 125 29 Stjernvall,
526 607 31 20 att
578 607 39 27 jag
640 606 19 28 ej
683 606 38 21 vill
736 607 96 28 upptaga

85 640 97 21 ståndets
198 640 93 29 dyrbara
306 640 31 22 tid
353 640 49 21 med
418 642 32 19 att
464 647 100 22 upprepa
578 641 67 20 något
661 641 23 21 af
697 640 57 22 hvad
769 640 63 22 dessa

83 676 76 21 herrar
175 677 53 26 sagt.
259 675 64 21 Hvad
345 675 90 28 specielt
457 675 70 22 banan
548 675 33 21 till
624 675 26 21 Åbo
669 675 110 27 beträffar,
794 675 38 21 vill

81 711 40 27 jag
136 710 64 21 äfven
216 710 33 21 för
265 710 44 21 min
325 709 35 21 del
376 710 87 21 förorda
478 709 42 22 den
536 709 71 22 såsom
622 709 41 22 den
681 709 70 28 tredje
765 710 8 21 i
784 709 47 21 ord-

84 744 81 28 ningen
186 744 53 21 eller
261 745 48 20 näst
329 744 55 21 efter
403 743 208 22 Riihimäki-Lahtis
626 744 78 21 banan.
735 743 42 29 Jag
793 745 38 27 gör

84 779 37 20 det
136 785 34 15 om
184 779 39 28 jag
239 778 66 21 också
325 778 72 21 kunde
413 778 130 21 misstänkas
559 779 34 20 för
608 779 32 20 att
654 778 85 22 bevaka
754 779 31 20 ett
800 778 31 21 lo-

84 814 46 21 kalt
152 813 99 22 intresse.
282 813 50 21 Men
351 813 28 21 då
397 813 50 21 herr
463 813 125 28 Stjernvall,
604 819 45 15 som
666 813 20 28 ej
702 813 40 21 bör
757 813 74 21 kunna

83 848 131 21 misstänkas
236 847 93 27 derföre,
352 847 63 22 äfven
438 847 96 29 uttryckt
554 854 81 15 samma
651 847 73 27 tanke,
739 847 40 21 har
791 847 39 28 jag

83 883 20 27 ej
120 883 69 21 heller
204 883 103 20 hesiterat
323 884 31 19 att
369 882 69 21 uttala
453 882 48 21 den.

151 917 57 21 Herr
224 917 159 27 Stjernvall,
398 917 32 20 F.:
447 917 43 27 Jag
504 917 39 21 vill
559 917 54 20 blott
628 917 38 21 här
682 917 105 21 anmärka
798 918 32 20 att

82 952 50 21 herr
154 951 82 21 Linder
259 952 19 27 ej
302 950 75 28 tyckes
400 951 53 27 hysa
476 950 74 22 alltför
572 952 55 20 stort
649 951 126 21 förtroende
795 950 34 22 för

82 986 78 28 Borgå.
190 986 50 20 Han
262 987 68 19 sätter
350 985 110 28 nemligen
481 986 7 20 i
508 985 76 21 tvifvel
603 985 37 21 det
658 985 24 21 af
695 986 77 20 nästan
786 984 43 22 alla

81 1020 74 28 Borgå
175 1020 57 21 stads
254 1019 152 27 trafikerande,
426 1020 48 20 dess
495 1020 181 28 fastighetsegare
697 1020 41 21 och
753 1020 53 20 flere
822 1019 6 21 i

82 1054 74 22 landet
178 1054 52 28 högt
252 1054 79 21 aktade
354 1055 57 25 män,
434 1054 154 21 underskrifna
609 1054 126 26 dokument,
753 1054 8 20 i
781 1053 48 22 stöd

82 1088 78 22 hvaraf
173 1088 73 29 Borgå
262 1088 58 21 stads
335 1088 138 28 fullmäktige
488 1089 39 21 här
543 1088 71 28 dragit
629 1088 77 28 frågan
721 1088 34 21 för
771 1089 57 20 stän-

81 1123 73 22 derne.
178 1123 42 28 Jag
236 1130 63 14 anser
314 1123 37 21 det
366 1123 20 27 ej
403 1122 69 22 finnas
488 1124 66 28 något
570 1123 46 21 skäl
632 1125 31 19 att
678 1123 89 21 betvifla
782 1122 46 22 det-

82 1165 88 15 samma.
200 1158 87 27 Frågan
307 1159 24 19 är
351 1158 24 20 af
393 1158 90 28 ömtålig
503 1157 150 22 beskaffenhet
669 1158 40 21 och
721 1158 39 28 jag
775 1158 52 21 hän-

81 1194 57 20 visar
160 1193 50 21 herr
233 1192 80 21 Linder
337 1194 31 19 att
390 1194 50 26 taga
462 1192 35 21 del
516 1192 24 21 af
556 1192 195 21 underskrifterne.
780 1192 48 21 Har

81 1227 50 21 herr
147 1234 41 14 von
204 1226 107 22 Kraemer
326 1229 59 19 rosat
399 1227 98 27 Päijäne,
514 1227 39 21 har
568 1227 132 21 åtminstone
715 1227 48 21 icke
777 1227 51 21 herr

81 1262 114 27 Törngren
211 1262 60 27 gjort
286 1261 42 27 det,
344 1261 27 21 då
386 1261 42 21 han
445 1262 82 27 påstått
541 1263 32 19 att
589 1261 95 22 derifrån
700 1262 19 27 ej
736 1262 92 20 kommit

81 1303 26 14 en
129 1295 55 21 enda
202 1295 133 28 brädstump.
365 1294 47 22 Har
431 1295 95 21 derifrän
546 1297 58 19 ännu
619 1295 48 21 icke
682 1295 92 21 kommit
789 1296 37 20 nä-

80 1336 39 22 gra
142 1330 119 25 trädvaror,
284 1330 23 19 sä
330 1330 87 20 komma
436 1330 36 20 väl
486 1330 81 20 sädana
582 1329 123 21 framdeles.
737 1329 42 27 Jag
795 1329 32 21 fär

81 1364 92 27 upplysa
187 1363 50 20 herr
252 1363 114 27 Törngren
385 1369 35 14 om
436 1364 32 20 att
482 1362 94 21 emellan
591 1362 92 28 Päijäne
699 1362 40 21 och
754 1362 72 22 Wesi-

77 1398 58 29 järvi
150 1397 69 21 finnes
236 1399 31 19 ett
282 1398 38 20 näs
333 1410 24 3 —
368 1396 128 27 Wexiönäs,
512 1402 78 23 genom
603 1396 84 22 hvilket
697 1396 129 29 Wesijärvi-

80 1433 64 23 kanal
160 1434 23 20 är
198 1432 146 30 projekterad,
369 1426 66 28 Ännu
450 1432 61 27 långt
525 1431 67 22 innan
608 1432 71 21 denna
694 1432 62 29 fråga
771 1431 55 30 tagit
