984 1717
751 132 40 22 779

138 199 59 21 Herr
219 206 42 14 von
283 198 93 22 Essen:
407 198 64 22 Hvad
494 199 66 27 angår
583 199 77 28 frågan
680 205 34 15 om
730 199 91 22 säterier

71 234 40 21 och
132 235 32 19 att
183 233 28 29 på
226 234 48 20 dem
290 233 201 29 hållskjutsningen
506 233 70 21 skulle
592 234 85 27 läggas,
692 234 38 20 har
743 235 39 27 jag
799 234 24 20 af

70 268 51 21 herr
136 275 42 13 von
193 268 72 21 Borns
280 268 96 21 uttalade
391 267 90 28 mening
496 268 72 21 blifvit
584 268 34 20 till
633 267 43 21 alla
690 268 59 20 delar
764 268 56 20 före-

70 302 112 27 kommen,
199 303 23 21 så
242 304 31 20 att
293 302 45 28 mig
358 302 94 22 återstår
472 304 32 19 att
519 301 77 23 endast
612 302 114 22 instämma
742 302 6 21 i
765 302 56 21 hvad

70 337 44 21 han
130 337 32 21 uti
178 337 66 21 saken
259 338 74 28 yttrat.
364 337 43 28 Jag
422 337 44 21 kan
482 337 34 21 för
531 336 67 29 öfrigt
614 336 48 22 icke
678 336 59 22 finna
747 336 74 22 hvilka

71 372 54 26 skäl,
141 378 45 14 som
203 379 29 14 nu
247 372 72 21 kunde
336 372 135 21 förekomma
486 372 34 20 för
535 371 153 29 ridderskapet
702 372 39 21 och
757 372 64 21 adeln

70 408 33 19 att
122 406 78 28 frångå
221 406 37 21 sitt
277 406 59 22 förut
351 406 7 21 i
374 406 77 28 frågan
472 406 82 22 fattade
576 406 81 27 beslut,
673 408 23 26 ty
712 406 26 22 de
754 406 67 22 andra

70 441 103 21 ståndens
190 440 122 29 yttranden,
323 448 46 14 som
385 441 70 22 finnas
470 443 110 27 upptagne
596 442 8 20 i
616 441 204 29 jemkningsförsla-

70 477 47 27 get,
133 476 135 21 förekomma
289 476 66 22 redan
376 476 7 21 i
403 476 157 28 betänkandet,
576 476 40 22 och
632 476 28 22 då
674 476 64 22 adeln
753 476 68 22 likväl

71 510 77 22 endast
163 511 88 21 beslutit
266 512 33 20 att
313 511 88 21 anhålla
416 518 35 15 om
467 511 153 22 nedsättandet
636 511 23 21 af
672 519 27 14 en
716 511 81 22 komité
813 511 7 22 i

70 545 38 22 den
123 545 110 29 "syftning
254 545 148 22 betänkandet
425 546 121 21 innehåller
569 546 40 21 och
632 546 50 21 med
702 546 119 28 anledning

70 580 64 21 deraf
150 581 32 20 att
201 587 50 14 man
272 582 60 19 snart
352 580 55 21 hade
427 582 32 19 att
479 581 83 21 förutse
578 586 26 15 en
620 587 72 14 annan
708 580 112 28 landtdag,

71 616 71 20 ansett
162 616 32 20 att
215 615 52 28 inga
286 615 67 21 andra
373 614 202 28 interimsåtgärder
595 614 152 22 dessförinnan
768 614 53 22 böra

70 648 99 29 vidtagas
188 649 54 21 eller
261 656 39 14 ens
321 649 68 21 hinna
408 650 88 28 bringas
516 649 33 21 till
569 649 73 27 stånd,
658 650 27 20 än
706 649 48 21 dem
773 656 46 14 som

70 684 151 28 ridderskapet
244 684 40 22 och
306 684 64 21 adeln
393 684 123 28 föreslagit,
540 684 69 21 skulle
632 684 40 28 jag
698 684 123 28 ödmjukast

69 719 121 27 hemställa,
199 726 34 14 om
247 720 20 27 ej
280 719 51 21 herr
344 719 67 21 baron
424 718 39 22 och
475 718 201 22 landtmarskalken
689 718 51 21 ville
754 718 64 22 fram-

71 754 63 20 ställa
157 754 135 28 proposition
312 754 7 20 i
340 753 36 21 det
399 753 66 28 syfte,
484 753 108 22 huruvida
609 752 159 29 ridderskapet.
780 753 40 21 och

70 788 64 22 adeln
148 788 38 21 vill
201 788 78 29 frångå
295 788 38 22 sitt
348 788 71 21 beslut
434 788 53 22 eller
502 788 55 27 icke,
573 789 24 27 ty
613 788 70 21 skulle
698 788 77 28 frågan
787 790 33 26 yt-

70 823 103 27 terligare
192 823 122 21 diskuteras
332 823 71 28 punkt
417 823 35 21 för
467 823 79 28 punkt,
562 822 62 22 torde
639 822 49 21 hela
704 822 116 22 förmidda-

70 864 43 22 gen
130 858 71 20 dertill
217 858 50 27 åtgå
282 859 53 19 utan
350 858 32 20 att
397 858 66 27 något
479 857 91 22 resultat
585 856 83 22 vinnes.

139 892 59 21 Herr
212 898 43 15 von
273 891 155 22 Bonsdorff:
449 891 63 22 Efter
527 891 51 22 herr
593 898 41 14 von
650 891 79 27 Borns,
744 890 27 21 K.
787 891 33 26 F.,

69 926 102 29 yttrande
186 926 39 22 har
239 926 38 28 jag
293 927 20 27 ej
329 926 68 28 något
412 926 73 22 vidare
500 927 33 20 att
548 926 103 28 tillägga,
666 927 52 19 utan
734 926 86 21 förenar

69 962 45 27 mig
130 960 77 22 endast
221 960 50 22 med
286 960 95 22 nämnde
397 960 75 22 talare.
502 960 64 22 Dock
580 960 39 21 ber
631 960 40 28 jag
686 962 32 19 att
732 960 22 20 få
764 960 57 20 fästa

69 996 223 28 uppmärksamheten
314 995 86 27 dervid,
416 997 31 19 att
466 995 27 21 de
508 995 130 28 rättigheter
654 994 53 21 eller
723 994 97 26 friheter,

70 1038 46 14 som
142 1031 38 20 äro
206 1029 90 29 tillagde
321 1030 59 21 vissa
399 1031 88 20 naturer
506 1030 24 20 af
545 1029 61 28 jord,
626 1029 48 21 icke
695 1030 37 20 äro
753 1029 68 27 några

70 1065 58 21 vissa
147 1071 117 22 personers
283 1064 134 29 privilegier,
437 1066 52 20 utan
509 1064 137 28 rättigheter,
665 1070 45 14 som
732 1065 37 19 äro
789 1062 31 22 fä-

70 1099 61 22 stade
146 1100 36 20 vid
193 1099 78 29 jorden
288 1098 40 22 och
343 1101 32 19 att
391 1106 34 14 om
439 1100 38 28 jag
492 1099 68 28 köper
573 1098 57 28 jord,
644 1098 40 28 jag
698 1097 64 21 äfven
779 1096 41 22 till-

70 1134 91 22 handlar
177 1134 45 28 mig
237 1134 63 22 dessa
314 1133 137 29 rättigheter.
476 1134 40 21 Att
531 1133 103 21 förändra
648 1132 111 22 desamma
769 1133 53 20 utan

70 1169 50 21 mitt
140 1168 130 28 begifvande
289 1170 24 20 är
334 1170 31 20 att
386 1168 100 28 fråntaga
502 1168 46 28 mig
562 1168 46 21 min
623 1167 66 28 köpta
705 1167 39 21 och
760 1166 62 28 lagli-

70 1210 42 22 gen
133 1203 138 21 förvärfvade
294 1203 113 28 egendom.
439 1202 89 22 Säledes
551 1204 23 19 är
596 1202 40 20 här
659 1202 20 27 ej
703 1201 61 28 fråga
786 1208 35 14 om

71 1238 133 28 privilegier,
224 1239 52 20 utan
295 1237 75 28 frågan
391 1239 32 19 är:
443 1237 56 21 skall
516 1237 39 28 jag
574 1236 62 28 gripa
654 1236 23 20 in
696 1236 7 20 i
723 1236 41 20 den
784 1241 37 15 en-

72 1272 81 22 skildes
172 1272 128 28 eganderätt
322 1272 53 21 eller
395 1272 36 27 ej?
461 1271 43 28 Jag
523 1270 97 22 anhåller
643 1271 31 20 att
698 1269 123 21 ridderska-

70 1308 49 28 pets
140 1306 40 22 och
200 1306 75 22 adelns
297 1306 72 21 beslut
389 1306 35 21 må
443 1306 67 21 blifva
530 1304 150 22 bestämdande
700 1304 39 21 och
755 1304 67 27 ingen

71 1341 213 27 sammanjemkning
299 1340 46 21 deri
361 1347 42 20 ega
417 1347 54 14 rum.

138 1374 104 21 Friherre
257 1375 27 21 de
299 1374 22 20 la
340 1374 137 27 Chapelle:
498 1373 48 21 Här
564 1374 29 26 på
612 1372 59 21 detta
690 1378 47 15 rum
757 1371 66 21 hafva

71 1408 109 29 tillfyllest
201 1408 73 22 blifvit
295 1408 135 28 ådagalagda
453 1407 27 22 de
500 1406 116 22 orättvisor
635 1406 39 21 och
692 1405 130 22 förvecklin-

72 1451 46 23 gar,
133 1450 47 16 som
194 1443 61 24 skola
270 1444 79 29 uppstå
364 1450 79 22 genom
459 1441 124 30 antagande
594 1441 24 22 af
627 1441 41 22 den
680 1440 143 30 lagstiftning,
