1000 1714
768 144 41 20 859

85 207 7 21 i
108 207 60 21 detta
185 208 73 21 stånds
273 208 141 28 uppfattning
430 208 24 21 af
467 208 66 21 saken
549 209 59 20 ännu
623 208 7 21 i
644 208 42 28 dag
697 208 56 22 skall
764 208 74 22 kunna

85 240 191 29 tillvägabringas,
298 241 128 21 instämmer
447 243 39 27 jag
505 242 7 20 i
532 241 93 22 friherre
641 236 75 38 Boijes
727 242 71 28 åsigt,
814 242 24 21 sä

86 275 88 27 mycket
196 275 68 21 hellre
288 282 46 14 som
356 276 59 20 inom
439 276 42 21 den
501 275 94 28 tidrymd
615 276 24 20 af
652 276 13 20 3
682 276 30 27 år,
727 276 111 21 hvarefter

86 309 116 21 ständerne
222 310 47 20 åter
289 309 62 21 torde
367 309 171 27 sammanträda,
554 317 43 21 nya
613 309 130 22 förändrade
759 310 79 21 förhål-

85 343 80 21 landen
189 344 73 20 kunna
284 345 53 27 göra
359 344 160 21 bondeståndet
542 351 45 14 mer
614 344 95 27 benäget
731 345 33 20 att
786 345 52 20 utan

86 378 94 21 särskild
195 378 146 28 påtryckning
357 380 116 26 garantera
489 380 31 19 ett
536 378 127 22 utrikeslån.

154 412 57 21 Herr
233 412 110 27 Linder,
363 412 36 21 E.:
423 412 42 29 Jag
486 412 69 22 skulle
571 413 6 20 i
593 412 43 21 alla
651 412 118 22 afseenden
786 412 52 28 vilja

86 446 77 22 förena
185 447 45 28 mig
253 447 49 21 med
324 446 50 22 herr
393 447 167 28 Björkenheim,
582 448 22 26 ty
625 447 36 21 det
681 449 23 19 är
720 447 119 27 ingalunda

86 481 106 28 likgiltigt
207 481 33 21 för
256 482 48 21 vårt
319 482 60 26 land,
395 488 35 14 om
446 482 63 20 dessa
523 481 217 21 kommunikationer
750 481 7 21 i
769 482 70 20 större

86 515 62 22 skala
163 515 83 22 utföras
262 516 54 21 eller
335 515 54 22 icke.
420 516 42 27 Jag
478 523 63 14 anser
557 515 37 22 det
609 523 51 14 vara
676 515 162 29 ridderskapets

86 551 40 20 och
149 550 75 21 adelns
246 551 57 28 pligt
322 551 31 20 att
374 551 54 27 göra
443 551 24 20 så
481 550 88 28 mycket
584 557 46 14 som
646 550 87 28 möjligt
746 550 33 21 till
795 550 42 21 frå-

86 592 54 21 gans
156 584 95 29 lyckliga
266 584 87 29 lösning
369 585 39 21 och
425 585 20 28 ej
462 584 119 29 uppskjuta
591 584 41 21 den
643 585 34 20 till
688 591 27 14 en
726 584 113 21 obestämd

86 619 96 21 framtid.

154 653 59 22 Herr
232 653 156 28 Schauman,
408 654 26 21 B.
449 653 36 22 O.:
506 653 43 28 Jag
565 653 38 22 ber
618 655 33 19 att
666 653 22 22 få
703 653 77 22 förena
794 653 45 28 mig

86 688 51 22 med
152 688 92 22 friherre
259 688 71 29 Boije,
347 689 39 21 och
402 695 65 14 anser
483 689 65 28 ingen
562 687 74 22 vidare
651 687 146 29 påtryckning
812 688 28 28 på

88 723 160 22 bondeståndet
263 723 53 21 böra
331 730 40 21 ega
388 730 54 15 rum.

155 757 58 22 Herr
232 756 157 23 Edelsköld:
413 757 50 22 Just
479 757 86 22 derföre
581 758 31 20 att
627 757 133 28 landtdagen
777 758 24 20 är
816 757 25 20 så

89 794 53 19 nära
158 792 37 21 sitt
210 793 44 20 slut
274 793 69 20 måste
356 793 49 27 jag,
420 792 7 21 i
443 794 90 19 motsats
549 792 33 20 till
597 792 93 21 friherre
706 792 26 20 de
748 792 21 20 la
784 791 56 21 Cha-

90 827 64 28 pelle,
171 834 51 14 anse
239 826 35 21 det
290 833 51 15 vara
357 827 23 21 af
393 827 78 27 högsta
487 827 46 27 vigt
549 827 31 20 att
594 833 35 14 om
640 826 87 27 möjligt
737 826 22 21 få
770 825 71 22 denna

89 861 63 28 fråga
172 869 28 14 nu
216 861 94 28 afgjord,
326 861 40 22 och
382 861 87 22 förenar
485 861 44 28 mig
545 860 85 21 således
645 860 7 20 i
667 860 51 21 herr
733 859 108 29 Björken-

88 895 70 21 heims
173 895 89 28 förslag.

156 930 59 22 Herr
235 937 42 14 von
298 930 91 21 Essen:
412 929 43 29 Jag
475 937 63 14 anser
560 929 36 22 det
611 936 52 15 vara
678 928 162 28 ridderskapets

89 965 40 21 och
145 965 75 22 adelns
236 964 130 29 ovilkorliga
382 964 125 29 skyldighet
525 966 31 20 att
575 966 53 27 göra
643 964 39 21 allt
698 964 33 21 för
750 963 90 21 ernäen-

90 997 36 23 det
141 1000 23 21 af
178 1006 26 14 en
220 999 82 28 lycklig
317 996 87 30 lösning
419 999 49 21 utaf
482 998 142 22 förevarande
640 998 68 27 fräga.
733 997 29 21 Vi
778 997 64 21 hafva

89 1034 67 21 redan
180 1034 67 26 förut,
260 1034 42 20 uti
325 1034 76 27 frågan
423 1041 33 13 om
477 1032 268 28 husbehofsbränningens
761 1031 81 21 afskaf-

89 1068 65 21 fande
170 1068 39 20 och
225 1068 115 21 införande
355 1068 25 21 af
392 1074 27 15 en
435 1067 164 27 fabriksmessig
614 1066 142 27 tillverkning
772 1065 70 27 deraf,

90 1103 43 20 sett
155 1103 33 20 att
209 1102 160 21 bondeständet
391 1102 86 21 förenat
499 1102 34 27 sig
553 1101 32 21 uti
605 1100 26 21 de
652 1101 71 27 öfriga
738 1099 104 21 ständens

90 1136 72 22 beslut
176 1136 40 21 och
232 1136 58 21 detta
306 1136 72 21 kunde
394 1136 64 21 äfven
474 1136 72 21 denna
559 1135 59 28 gäng
633 1134 94 22 inträffa.
751 1134 43 27 Jag
804 1140 38 14 an-

88 1170 70 22 häller
174 1170 96 27 derföre,
286 1172 31 19 att
333 1170 49 21 med
397 1170 44 21 min
457 1171 46 19 röst
518 1170 22 21 fä
555 1169 142 27 understödja
712 1168 51 21 herr
778 1167 63 29 Björ-

90 1204 115 22 kenheims
221 1203 88 29 förslag.

159 1238 103 22 Friherre
284 1238 131 29 Hisinger
434 1238 103 22 förenade
558 1238 33 27 sig
611 1236 33 22 till
662 1237 42 21 alla
718 1236 60 21 delar
793 1236 50 21 med

90 1273 52 21 herr
156 1272 164 28 Björkenheim.

160 1307 70 28 Ingen
253 1308 68 20 talare
345 1307 72 22 anhöll
440 1307 73 21 vidare
537 1314 34 14 om
588 1306 71 27 ordet,
675 1305 101 22 hvarföre
792 1304 51 22 herr

91 1342 202 20 landtmarskalken
309 1348 29 13 nu
354 1342 134 20 framställde
504 1340 174 29 propositionen:

162 1392 8 9 »
174 1374 45 21 Vill
235 1375 152 28 ridderskapet
402 1375 40 21 och
453 1375 71 26 adeln,
534 1375 29 27 pä
573 1375 43 20 sätt
625 1374 51 21 herr
686 1372 156 28 Björkenheim

92 1408 124 29 föreslagit,
236 1409 91 28 inbjuda
347 1409 158 21 bondeständet
520 1409 32 21 att
567 1408 117 21 instämma
698 1407 8 21 i
722 1405 121 23 ridderska-

92 1445 50 27 pets
158 1443 40 22 och
213 1444 75 21 adelns
304 1444 72 22 beslut
390 1445 32 20 att
437 1443 131 29 bemyndiga
583 1443 130 28 regeringen
731 1443 33 20 att
780 1440 64 22 äfven
