986 1711
754 129 41 23 291

73 196 129 29 voteringen
218 196 61 22 öfver
295 196 72 22 denna
381 196 69 29 fråga,
466 195 27 30 på
508 197 43 21 sätt
567 196 66 22 också
642 196 45 22 min
698 196 67 29 afsigt
775 197 48 21 från

73 232 78 27 början
167 232 62 21 varit.

142 266 50 21 Den
207 265 25 21 af
244 265 51 21 herr
311 272 41 14 von
368 265 60 21 Born
444 272 30 14 nu
488 265 87 28 yttrade
591 266 63 27 åsigt,
670 266 112 27 angående
793 266 31 21 fa-

74 299 81 27 briker,
173 299 57 22 bruk
246 299 42 22 och
308 307 92 20 gvarnar
419 307 27 14 m.
463 300 28 26 fl.,
510 299 43 22 kan
570 299 40 28 jag
625 299 47 22 icke
688 299 56 22 dela.
773 299 50 22 Den

74 333 87 28 saknar,
184 334 56 21 efter
261 334 50 21 mitt
332 334 104 28 begrepp,
459 334 29 21 all
507 334 87 28 rättslig
615 334 115 28 principiel
746 335 77 28 grund.

75 369 70 27 Utgår
163 375 50 15 man
232 369 48 20 från
299 368 42 21 den
362 368 112 29 synpunkt
491 369 50 21 herr
559 375 43 15 von
618 369 58 21 Born
692 369 92 28 antagit,
800 369 23 21 sä

74 404 99 21 kommer
190 410 50 14 man
259 403 135 28 konsegvent
415 403 33 21 till
468 403 42 22 den
529 403 106 28 slutföljd,
654 405 32 20 att
704 403 67 28 ingen
786 403 37 22 be-

75 438 92 28 villning
183 438 42 21 kan
241 437 125 22 nuvarande
382 438 84 27 bruks-,
482 445 83 21 gvarn-,
581 438 93 21 fabriks-
685 445 28 14 m.
724 438 21 21 fl.
759 445 65 22 egare

75 473 118 26 ähvälfvas,
216 473 91 21 emedan
330 472 42 22 den
393 473 25 28 ju
441 473 69 21 mäste
531 473 108 21 erkännas
656 473 86 21 minska
761 473 62 21 deras

74 507 143 28 egendomars
237 507 157 28 kapitalvärde.
423 507 51 21 Alla
494 507 74 28 dylika
586 507 53 22 verk
657 507 56 22 hade
732 507 28 22 dä
776 508 48 20 bort

74 542 49 21 frän
139 542 42 21 slik
194 542 65 28 afgift
277 542 141 28 undantagas.
449 541 106 22 Beträder
570 549 51 14 man
638 549 26 14 en
680 543 58 27 gäng
753 542 72 21 denna

73 578 49 26 väg,
138 576 24 21 sä
175 576 99 21 kommer
289 583 50 14 man
354 576 134 28 följdriktigt
502 576 64 22 äfven
582 576 72 21 dertill
669 578 33 19 att
716 576 50 21 hela
781 576 42 22 den

74 611 36 21 del
125 610 24 22 af
163 610 41 22 den
222 610 126 22 nuvarande
368 611 164 27 generationen,
550 617 47 15 som
612 610 56 22 varit
683 611 140 28 undantagen

75 646 48 21 frän
139 646 132 28 erläggande
286 646 25 20 af
323 646 115 28 personela
456 645 120 29 utskylder,
592 645 68 21 borde
675 646 63 28 njuta
752 645 71 22 denna

74 680 102 22 befrielse
197 680 98 29 tillgodo,
313 680 40 21 och
372 680 81 21 sädana
468 680 113 28 utskylder
595 680 84 21 betalas
694 680 93 22 allenast
802 680 24 21 af

74 716 56 26 dem,
146 722 46 14 som
207 715 127 21 hädanefter
350 714 68 22 födas.

143 749 28 22 Vi
191 749 65 22 hafva
272 749 67 21 redan
360 749 24 21 af
396 749 127 28 privilegier
538 749 40 21 och
594 749 184 28 undantagslagar
792 749 31 22 öf-

73 791 90 22 vernog.
193 784 68 21 Skola
279 783 26 22 de
325 785 58 20 ännu
401 784 126 28 ytterligare
547 783 52 22 ökas
618 783 50 22 med
686 786 31 19 ett
735 784 87 28 privile-

75 820 59 27 gium
153 819 28 28 pä
201 819 102 21 befrielse
321 819 47 21 frän
390 818 125 29 skjutsning
530 818 40 21 och
585 819 145 28 vägbyggnad
745 819 34 21 för
794 827 30 13 nu

74 854 114 28 befintliga
207 854 63 26 bruk,
289 853 96 21 fabriker
403 853 40 21 och
463 860 93 21 gvarnar
573 860 28 13 m.
617 853 28 27 fi.,
659 853 27 21 dä
704 853 7 21 i
726 854 28 20 all
771 853 52 21 hän-

75 888 59 22 delse
153 888 108 22 erkännes
282 889 31 20 att
329 888 33 27 de,
382 894 46 14 som
447 888 95 21 härefter
560 887 111 28 anläggas,
692 887 61 22 skola
771 895 52 14 vara

75 923 60 21 detta
157 924 78 20 besvär
257 922 167 27 underkastade,
441 923 23 21 sä
480 922 86 22 komme
582 922 21 21 vi
617 922 8 20 i
640 922 94 28 sanning
749 924 32 20 att
796 923 27 27 gä

74 960 7 19 i
97 957 196 22 framätskridande
309 957 99 21 tillbaka.

142 993 88 28 Frägan
246 993 24 20 är
282 992 26 28 ju
322 992 46 21 helt
384 992 74 21 enkelt
473 991 52 22 den:
541 992 53 28 vilja
610 992 118 21 ständerna
742 992 81 22 bereda

75 1028 26 22 de
125 1035 29 13 nu
176 1027 64 22 härdt
261 1026 85 30 tryckte
366 1026 133 29 jordegarne
522 1026 96 28 lindring
637 1026 8 21 i
664 1027 63 21 deras
743 1027 80 29 skjuts-

74 1062 157 29 ningsbesvär?
261 1062 61 28 Vilja
340 1062 27 21 de
388 1062 36 21 det
442 1062 55 27 icke,
513 1062 23 21 sä
551 1063 24 20 är
590 1062 76 27 frägan
682 1062 40 21 lätt
737 1062 86 28 afgjord

75 1098 89 22 dermed
187 1099 31 20 att
240 1097 42 21 den
303 1096 105 22 förfaller.
438 1096 60 29 Vilja
517 1096 26 22 de
559 1097 36 21 det
611 1096 104 28 deremot,
731 1097 24 21 sä
770 1097 54 21 böra

75 1133 26 21 de
124 1132 66 21 ocksä
211 1132 53 28 vilja
286 1131 93 27 medlen,
398 1138 46 14 som
464 1131 72 21 dertill
551 1131 75 20 kunna
640 1131 56 21 leda.
725 1131 52 21 Men
792 1133 32 20 att

75 1169 58 26 säga,
156 1169 32 19 att
210 1173 50 15 man
282 1166 39 22 vill
343 1166 132 27 lindringen,
492 1172 50 15 men
563 1167 40 20 när
622 1165 36 21 det
676 1166 99 21 kommer
790 1165 34 22 till

74 1202 81 26 kritan,
174 1202 31 20 bit
223 1201 34 21 för
276 1201 32 20 bit
324 1200 126 28 undantaga
466 1200 42 21 alla
523 1199 56 28 dem,
595 1199 74 22 hvilka
684 1207 80 21 genom
780 1201 44 20 del-

74 1235 94 30 tagande
184 1236 6 20 i
206 1236 101 21 besväret
321 1235 75 21 kunna
410 1235 151 21 ästadkomma
574 1241 27 14 en
612 1234 42 21 slik
669 1234 103 29 lindring,
788 1235 36 21 det

74 1271 120 22 innefattar
214 1271 26 28 ju
261 1277 28 14 en
311 1270 131 27 motsägelse
462 1270 39 21 och
521 1269 42 21 blir
582 1269 7 20 i
609 1269 77 28 sjelfva
700 1269 76 22 verket
792 1271 31 20 att

75 1308 53 26 säga
143 1307 32 19 ett
190 1305 39 21 och
246 1306 53 26 göra
314 1305 30 21 ett
359 1306 73 19 annat.

143 1339 103 21 Friherre
256 1338 150 28 Carpelan:
422 1338 50 20 Med
484 1338 118 27 anledning
617 1337 24 21 af
653 1337 57 21 hvad
720 1339 52 19 herr
781 1345 42 13 von

75 1373 159 27 Weissenberg
250 1373 75 27 yttrat,
344 1372 39 20 vill
396 1372 39 27 jag
450 1373 88 25 nämna,
552 1373 32 18 att
599 1371 45 21 min
659 1372 90 26 mening
764 1371 61 27 inga-

74 1408 67 21 lunda
159 1406 56 22 varit
234 1408 32 19 att
286 1406 112 21 förhindra
413 1406 72 28 någon
499 1406 41 21 här
555 1406 32 20 att
601 1404 71 22 uttala
686 1405 34 21 sin
736 1406 89 27 mening

75 1443 7 20 i
98 1443 79 21 ämnet.
208 1441 43 28 Jag
270 1441 39 21 har
327 1440 54 23 talat
400 1447 35 15 om
450 1441 45 28 mig
510 1439 53 29 sjelf
576 1440 40 21 och
631 1439 113 28 angående
760 1439 64 22 moti-
