973 1703
731 120 38 20 591

51 192 50 15 men
122 187 32 19 att
174 185 48 27 den,
243 192 45 14 som
310 192 53 20 eger
379 192 26 14 en
422 184 94 22 inkomst
532 185 84 21 mindre
632 186 26 19 än
675 185 41 20 500
732 185 67 26 mark,

51 220 85 21 betalar
156 220 124 27 ingenting;
300 219 152 28 följakteligen
470 219 87 21 komme
573 219 49 27 den,
638 226 45 14 som
700 225 52 21 eger
767 219 32 20 in-

50 254 73 20 komst
139 256 14 19 t.
170 261 33 14 ex.
219 254 24 21 af
256 254 41 20 800
313 254 68 26 mark,
397 256 32 18 att
448 254 72 20 betala
541 254 6 20 2
563 253 62 21 mark
640 254 27 20 40
682 253 66 27 penni
765 260 34 13 om

50 288 53 27 året,
120 295 48 14 men
185 288 48 27 den,
249 288 64 21 hvars
331 288 96 20 inkomst
442 288 84 27 uppgår
541 288 33 20 till
590 287 77 21 endast
681 288 42 19 400
739 287 61 21 mark

50 324 32 18 att
101 322 73 28 undgå
193 322 28 21 all
239 322 120 27 betalning.
389 322 80 20 Häruti
489 322 77 27 ligger,
583 321 68 28 enligt
666 321 45 21 min
727 321 72 26 tanke,

50 356 68 28 ingen
138 356 145 28 konsegvens,
298 358 24 25 ty
337 356 48 26 den,
406 363 46 14 som
467 356 39 20 har
522 363 27 13 en
565 355 96 21 inkomst
675 355 70 20 under
759 356 41 19 500

51 391 69 26 mark,
140 391 44 21 kan
204 391 73 20 betala
295 391 73 26 något,
385 390 68 21 ehuru
472 390 91 26 mindre,
580 391 27 19 än
623 389 48 27 den,
687 396 46 14 som
749 396 52 21 eger

51 427 70 18 större
136 425 160 27 förmögenhet.
326 425 48 20 Den
390 424 120 28 principen,
527 425 32 19 att
574 424 81 21 hvaren
673 424 82 20 betalar
771 424 30 20 ef-

50 461 34 18 ter
100 459 33 20 sin
149 459 158 27 förmögenhet,
323 458 87 21 hvilken
425 459 39 27 jag
480 458 64 21 äfven
561 458 36 21 vid
612 458 76 27 frägan
702 464 34 14 om
753 465 47 20 per-

50 493 76 21 sonela
146 493 113 28 utskylder
280 493 111 26 förfäktat,
409 493 70 20 skulle
496 492 91 27 säledes,
605 499 33 14 om
655 492 49 21 mitt
719 492 82 27 förslag

50 528 135 27 godkännes,
205 527 66 21 vinna
289 527 33 20 sin
338 527 137 27 fullkomliga
491 527 144 27 tillämpning,
651 529 22 25 ty
688 527 49 26 den,
753 533 46 14 som

52 569 52 21 eger
124 569 27 14 en
171 562 96 21 inkomst
287 562 24 21 af
329 562 41 21 400
385 561 68 27 mark,
469 561 87 21 komme
571 561 69 28 enligt
656 561 48 20 mitt
719 561 82 27 förslag

50 596 49 21 icke
118 599 32 18 att
167 596 72 21 betala
259 603 46 14 mer
325 598 26 19 än
371 597 26 20 20
413 596 12 21 &
441 597 27 20 40
483 596 68 27 penni
567 595 52 21 eller
633 595 56 21 blott
706 596 25 20 10
746 595 12 20 &
774 596 27 19 20

50 633 93 26 procent:
158 631 24 20 af
195 631 57 20 hvad
267 631 42 20 den
324 631 89 24 betalar,
430 637 46 14 som
492 637 52 21 eger
561 630 60 21 öfver
632 631 42 20 800
685 630 72 21 marks
768 630 33 20 in-

51 666 79 20 komst.
161 665 80 21 Männe
264 665 47 21 icke
335 665 41 21 den
399 665 117 21 medellöse
540 665 29 27 pä
591 665 59 19 detta
669 666 42 19 sätt
729 665 72 20 blefve

52 699 100 28 billigare
175 699 122 27 beskattad,
320 701 27 19 än
370 698 42 22 den
434 698 129 28 förmögne?
593 698 144 28 Visserligen,
761 699 39 20 och

49 734 46 27 just
118 734 46 20 deri
186 740 63 14 anser
263 734 38 26 jag
317 733 160 27 bevillningens
494 732 109 21 företräde
617 732 89 21 framför
728 740 71 13 annan

51 768 142 27 beskattning
219 768 66 26 ligga,
307 769 32 19 att
361 767 86 21 skatten
470 767 42 20 kan
533 767 100 27 jemnare
659 766 100 21 fördelas.
789 767 11 20 I

52 802 54 28 följd
129 802 23 21 af
172 802 58 21 hvad
249 802 50 20 herr
318 808 41 14 von
375 802 121 21 Haartman
512 803 75 26 yttrat,
603 801 86 21 förenar
703 801 39 27 jag
755 801 46 27 mig

52 843 68 21 gerna
136 836 81 27 derom,
240 838 32 19 att
294 836 82 26 åldern,
399 836 28 20 då
449 836 104 27 afgiftens
572 835 113 27 betalning
700 834 39 21 bör
755 834 44 21 vid-

52 872 57 26 taga,
129 870 141 28 framskjutes
289 870 33 20 till
339 870 61 21 16:de
415 870 56 27 året;
491 872 22 26 ty
530 872 31 18 ett
577 870 23 20 år
616 876 45 14 mer
677 869 54 20 eller
746 869 54 20 min-

52 905 38 21 dre
106 905 42 20 kan
163 912 52 14 vara
228 905 112 27 likgiltigt,
356 904 56 21 blott
427 904 113 28 principen
556 904 128 20 bibehålles.

122 939 58 21 Herr
195 939 167 27 Furuhjelm,
377 938 29 22 H.
421 938 34 21 V.:
482 938 73 22 Jemie
575 938 36 21 det
625 938 39 27 jag
682 937 119 27 tillstyrker

54 973 123 28 antagande
193 974 24 20 af
231 974 36 20 det
283 974 77 27 tillägg
375 973 34 21 till
425 974 10 26 $
448 974 18 26 1,
478 980 46 13 som
539 973 51 20 herr
605 978 41 14 von
657 972 67 26 Born,
736 971 20 21 J.
766 972 35 26 A.,

52 1008 8 19 i
76 1008 33 20 sin
125 1008 134 21 reservation
275 1008 35 21 vid
327 1008 117 20 utskottets
463 1006 139 22 betänkande
618 1006 119 27 föreslagit,
753 1006 50 20 med

54 1041 42 21 den
116 1041 23 22 af
156 1042 51 20 herr
227 1049 42 14 von
288 1042 121 21 Haartman
425 1041 115 21 förordade
557 1040 149 21 modifikation
722 1040 80 21 beträf-

53 1075 65 21 fande
139 1075 41 22 den
202 1076 127 21 hetalandes
349 1076 67 27 ålder,
433 1076 51 20 ville
498 1076 39 27 jag
553 1075 7 20 i
575 1074 120 27 anledning
710 1074 23 21 af
746 1074 57 21 hvad

53 1110 75 27 grefve
150 1110 79 21 Creutz
249 1111 40 20 och
307 1111 68 27 nägre
394 1110 67 21 andre
477 1111 68 20 talare
561 1110 7 19 i
584 1111 88 18 motsatt
688 1108 56 28 syfte
759 1110 43 26 ytt-

52 1146 42 26 rat,
116 1144 183 28 hufvudsakligen
320 1145 64 21 äfven
403 1144 45 21 lika
469 1144 48 21 med
532 1144 51 21 herr
598 1150 41 14 von
655 1143 60 20 Born
730 1145 72 25 prote-

54 1181 59 18 stera
133 1180 45 19 mot
199 1179 41 21 den
261 1179 126 21 framstälda
410 1179 84 27 äsigten
516 1180 31 19 att
563 1185 50 13 man
628 1177 36 21 vid
679 1177 122 28 öfverlägg-

54 1213 78 28 ningar
152 1213 59 21 inom
232 1212 59 22 detta
311 1213 62 21 ständ
392 1213 134 27 nödvändigt
544 1212 67 21 borde
628 1213 50 26 taga
693 1211 7 20 i
715 1211 87 21 betrak-

53 1248 72 26 tande,
146 1247 106 21 huruvida
272 1248 41 20 den
335 1254 40 14 ena
395 1248 53 20 eller
463 1247 67 21 andra
546 1246 117 28 meningen
679 1246 42 20 kan
737 1246 65 20 hafva

54 1282 68 27 utsigt
137 1283 32 19 att
184 1282 65 20 vinna
265 1282 61 20 bifall
341 1282 7 20 i
364 1283 31 19 ett
410 1283 66 19 annat
492 1281 73 27 stånd;
585 1282 22 26 ty
622 1287 27 13 en
664 1280 66 20 sådan
746 1280 56 27 äsigt

54 1316 77 26 skulle,
154 1316 70 27 enligt
246 1316 44 21 min
314 1316 73 26 tanke,
407 1316 48 21 leda
475 1316 34 20 till
528 1317 33 19 att
580 1314 86 21 förvilla
682 1314 36 21 det
733 1314 69 21 sunda

54 1350 116 25 omdömet,
194 1356 45 13 som
263 1349 7 20 i
290 1349 75 27 hvarje
384 1349 38 20 fall
440 1349 39 20 bör
498 1348 83 27 stödjas
597 1348 28 27 pä
641 1347 161 27 öfvertygelsen

55 1390 34 13 om
106 1383 36 20 det
157 1384 64 19 rätta.
243 1383 44 20 Det
303 1384 23 19 är
342 1383 77 20 endast
433 1383 7 20 i
456 1382 74 27 frägor
546 1388 34 14 om
591 1381 212 28 sammanjemkning

55 1418 23 20 af
91 1417 102 22 ständens
210 1417 58 21 olika
283 1417 78 28 beslut,
377 1424 46 14 som
437 1417 75 28 dylika
527 1415 188 22 konsiderationer
730 1415 74 22 kunna
