1003 1709
196 132 42 20 400

169 196 37 21 der
222 196 99 21 sistlidne
338 196 86 28 januari
440 197 79 21 månad
533 196 32 21 uti
581 196 126 22 seminariet
722 197 7 20 i
745 196 126 28 Jyväskylä,
887 204 33 13 er-

168 230 34 20 for
221 231 40 27 jag
283 232 32 19 att
337 230 65 21 bland
425 231 102 21 eleverna
549 230 38 21 der
607 230 64 22 äfven
686 230 81 21 befann
784 230 33 28 sig
832 237 27 14 en
875 238 45 20 ung

168 264 192 28 hemmansbonde,
382 264 40 21 och
445 265 36 21 vid
504 267 100 19 närmare
627 265 133 28 efterfrågan
782 265 138 21 meddelades

167 299 46 28 mig
228 307 35 13 om
279 299 80 21 honom
374 299 97 28 följande
487 299 167 29 upplysningar:
670 300 43 21 han
730 301 23 20 är
768 300 88 21 hemma
871 299 48 22 från

167 333 83 28 Loppis
266 334 87 27 socken,
372 334 39 21 hos
427 334 79 21 honom
521 334 56 21 hade
593 334 81 21 vaknat
688 334 44 28 håg
746 335 34 20 för
794 334 126 21 folkunder-

168 368 114 28 visningen
304 368 40 21 och
362 369 68 28 insigt
451 376 34 13 om
501 369 169 28 gagneligheten
687 369 24 20 af
723 369 127 27 folkskolor,
865 369 54 20 kan-

168 403 37 21 ske
222 403 39 21 och
277 403 101 28 troligast
389 403 7 20 i
409 403 119 28 anledning
544 403 66 27 deraf,
626 405 32 19 att
672 403 32 22 uti
718 403 54 21 hans
788 403 131 28 grannskap,

167 437 7 21 i
191 437 122 22 Janakkala
335 438 86 27 socken,
445 438 69 21 finnes
537 445 27 14 en
587 438 117 28 förträfflig
724 438 115 27 folkskola,
854 438 65 21 hvars

168 472 138 21 verksamhet
322 472 23 21 af
359 473 108 27 allmogen
483 473 28 27 på
525 475 62 18 orten
602 472 73 21 blifvit
690 473 106 21 omfattad
811 473 49 21 med
875 475 44 19 sär-

168 507 58 20 deles
248 507 93 21 intresse
362 507 39 20 och
421 507 135 27 förtroende;
572 507 42 20 han
631 507 62 21 sökte
708 507 169 28 tillvägabringa
893 514 26 14 en

167 541 66 20 sådan
256 541 62 21 skola
340 541 59 20 inom
421 542 32 20 sin
476 541 134 27 församling,
632 549 51 13 men
703 542 102 28 lyckades
824 542 48 21 icke
888 543 31 19 att

167 576 65 20 vinna
252 575 27 20 de
300 575 70 28 öfrige
390 575 323 28 församlingsmedlemmarnes
736 576 130 28 deltagande
886 576 34 20 för

168 610 59 20 detta
248 610 87 27 företag
358 609 40 21 och
420 610 111 27 nödgades
551 610 87 20 derföre
654 610 56 21 afstå
725 610 95 21 derifrån
835 611 28 27 på
878 610 41 21 den

167 646 80 27 vägen;
264 644 27 21 då
306 651 38 14 var
360 644 65 21 också
440 644 55 21 hans
510 645 73 20 beslut
599 646 76 26 genast
690 645 86 26 fattadt,
791 645 41 20 han
845 651 74 15 arren-

168 679 62 20 derar
246 681 23 18 ut
286 679 38 20 sitt
338 679 108 26 hemman,
462 679 139 28 naturligtvis
618 679 20 28 ej
654 681 51 19 utan
723 680 127 21 ekonomisk
866 687 53 21 upp-

169 714 85 27 offring,
276 714 68 27 beger
366 713 34 28 sig
422 714 34 20 till
479 713 121 28 Jyväskylä
619 714 50 20 med
689 714 33 21 sin
738 715 76 20 hustru
830 715 51 26 (han
897 715 23 20 är

168 748 110 27 nemligen
301 748 57 28 gift),
382 748 39 21 och
440 749 96 27 aflägger
552 749 188 20 inträdesexamen
760 751 56 19 samt
835 749 86 21 arbetar

169 783 37 20 der
227 783 50 20 med
297 785 79 18 största
397 783 54 20 ifver
467 783 40 21 och
523 783 91 20 föresats
630 785 38 25 att,
684 783 55 21 efter
754 784 167 27 genomgången

169 818 106 26 lärokurs,
292 818 75 27 återgå
382 817 32 20 till
431 817 38 21 sitt
483 818 49 21 hem
550 818 39 20 och
605 817 39 22 der
659 818 93 27 anlägga
768 825 26 14 en
805 818 115 27 folkskola,

168 852 5 21 i
190 852 88 22 hvilken
294 852 43 21 han
353 851 52 29 sjelf
418 852 77 22 tänker
510 852 31 21 bli
554 852 77 22 lärare.
654 852 80 22 Månne
745 853 19 28 ej
777 852 59 22 detta
847 860 73 14 exem-

168 887 36 28 pel
224 888 64 25 visar,
309 889 32 18 att
361 887 37 21 det
417 887 69 21 finnes
503 887 129 28 tillräckligt
646 894 60 14 varm
722 887 44 28 håg
782 887 39 22 och
836 888 86 27 verklig

168 923 47 20 inre
231 922 83 27 böjelse
331 921 33 21 för
380 921 236 22 folkskollärarekallet
630 922 38 21 hos
684 922 38 21 vår
738 922 107 27 allmoge?

235 956 50 21 Den
301 956 67 21 andra
384 956 174 28 anmärkningen
571 956 39 27 jag
626 956 54 21 hade
696 958 32 19 att
743 958 53 26 göra
811 958 59 19 emot
884 957 35 21 be-

168 991 120 21 tänkandet
304 991 69 28 gäller
389 997 27 14 en
432 991 99 28 lifsfråga
541 991 34 20 för
585 991 41 20 den
638 991 70 21 finska
718 991 131 26 folkskolan,
861 998 59 14 nem-

168 1027 58 27 ligen
242 1026 104 27 beloppet
362 1025 23 21 af
396 1025 207 22 folkskollärarenes
614 1025 103 28 aflöning.
734 1025 44 21 Det
789 1027 23 20 är
823 1032 27 14 en
861 1033 59 20 gam-

168 1061 42 20 mal
232 1061 188 26 erfarenhetssats,
440 1061 31 20 att
493 1061 97 26 ,läraren
609 1061 39 26 gör
664 1060 101 27 skolan";
782 1062 22 26 ty
819 1067 49 14 man
885 1061 35 20 må

167 1096 161 27 reglementera
348 1095 55 21 huru
419 1102 49 14 man
484 1095 45 26 vill,
545 1095 23 21 så
583 1095 77 20 förblir
676 1095 54 21 dock
746 1095 61 20 alltid
823 1102 26 13 en
867 1095 52 28 dug-

168 1131 31 26 lig
221 1130 70 21 lärare
314 1129 177 22 hufvudvilkoret
509 1130 34 20 för
558 1136 27 14 en
601 1129 75 28 duglig
692 1129 69 27 skola,
777 1130 41 20 och
833 1130 87 20 sannin-

167 1171 42 20 gen
232 1165 65 20 häraf
318 1164 61 21 torde
401 1164 122 21 allraminst
538 1164 75 20 kunna
630 1164 81 27 jäfvas,
728 1163 26 21 då
769 1164 61 27 fråga
846 1165 23 19 är
885 1170 33 14 om

167 1199 130 21 folkskolan.
327 1198 51 21 Men
394 1198 37 21 det
446 1198 69 21 finnes
531 1198 64 21 äfven
610 1205 26 14 en
651 1205 71 14 annan
734 1199 54 26 sats,
800 1205 45 14 som
857 1199 62 26 säger

167 1234 32 19 att
216 1233 128 26 ,arbetaren
361 1234 23 18 är
400 1232 32 20 sin
449 1232 36 21 lön
501 1232 66 20 värd"
583 1231 39 21 och
638 1231 41 21 den
696 1232 42 20 kan
755 1232 19 27 ej
791 1232 128 21 åsidosättas

167 1268 52 19 utan
242 1266 100 27 äfventyr
365 1267 31 25 att
419 1273 26 13 en
469 1265 128 28 inrättning,
617 1272 45 13 som
683 1265 34 20 för
736 1265 67 28 öfrigt
818 1266 35 20 må
869 1272 51 14 vara

167 1301 55 20 huru
238 1300 34 20 väl
289 1299 140 28 organiserad
445 1306 45 14 som
507 1299 63 26 helst,
586 1299 116 28 ohjelpligt
718 1299 55 20 skall
789 1299 78 21 förfela
883 1299 37 21 sitt

167 1335 107 21 ändamål.
307 1334 115 21 Erkännes
445 1334 37 21 det
505 1335 30 19 att
558 1334 69 21 finska
649 1333 124 22 folkskolan
792 1335 23 20 är
835 1334 25 21 af
878 1333 41 22 den

167 1370 46 27 vigt
233 1369 41 21 och
293 1368 113 29 betydelse
423 1369 39 28 jag
477 1368 7 21 i
500 1368 37 21 det
557 1368 131 29 föregående
704 1369 49 20 sökt
769 1368 52 27 visa,
838 1369 23 20 så
876 1369 44 20 kan

168 1405 36 20 det
224 1405 20 27 ej
265 1404 70 21 heller
355 1403 114 27 bestridas,
491 1405 32 19 att
542 1403 40 21 den
598 1403 70 21 finska
682 1403 189 26 folkskolläraren,
888 1404 32 21 så-

168 1440 41 21 dan
230 1440 42 20 han
294 1439 38 21 bör
352 1446 57 20 vara,
429 1438 98 22 kommer
547 1440 32 19 att
594 1438 120 28 producera
730 1440 32 19 ett
777 1438 80 27 arbete,
874 1446 45 14 som
