998 1717
191 134 41 22 856

161 199 74 22 trakta
259 200 27 20 de
309 200 77 27 38,000
408 199 72 26 rubel,
503 206 46 14 som
570 198 98 21 vidhäfta
685 198 69 21 huset,
786 198 42 28 Jag
844 198 70 21 skulle

162 233 81 22 föreslä
264 234 33 20 att
319 232 87 22 ständet
428 232 50 22 ville
502 232 96 22 förklara
621 232 33 20 sin
674 232 58 28 äsigt
752 238 52 15 vara
818 232 49 28 den,
884 232 32 21 att

162 268 93 22 nämnde
271 268 78 26 38,000
363 266 63 22 rubel
443 268 52 20 böra
510 267 8 21 i
531 266 83 29 kapital
625 266 56 22 efter
692 266 98 28 förmäga
800 266 24 21 af
832 266 83 21 riddar-

162 302 133 22 huskassans
311 302 71 20 medel
398 301 33 21 till
447 301 132 22 statsverket
594 300 130 29 ätergäldas,
741 300 67 21 likväl
824 300 50 21 med
884 301 31 20 af-

163 336 54 28 drag
231 336 24 22 af
268 335 213 30 hyreskostnaderne
497 336 36 21 vid
548 335 71 22 denna
634 335 106 28 landtdag
754 335 34 21 för
803 334 27 22 de
846 334 70 28 öfriga

163 371 98 27 ständen,
284 370 41 22 och
347 370 122 22 kostnaden
492 370 59 21 säväl
571 370 34 21 för
621 370 149 21 riddarhusets
785 369 131 22 förändrade

163 405 117 28 inredning
295 405 7 21 i
318 404 40 22 och
373 404 35 22 för
423 404 139 28 landtdagen,
578 410 47 16 som
641 404 41 22 ock
697 404 33 21 för
745 404 26 21 de
788 404 33 21 för
834 411 84 14 samma

165 440 100 21 ändamål
281 439 125 22 anskaffade
422 439 90 22 möbler.

232 474 59 21 Herr
313 473 107 22 Munck:
447 474 73 21 Jemte
543 474 37 21 det
599 474 40 28 jag
660 474 129 21 instämmer
811 474 33 20 uti
866 473 51 22 herr

164 508 107 29 Pippings
291 508 146 29 nyssnämnde
456 509 93 27 förslag,
565 508 70 21 skulle
646 508 40 28 jag
701 508 111 22 vördsamt
826 508 92 26 föreslå,

163 544 32 20 att
212 543 153 28 ridderskapet
384 543 41 21 och
444 543 64 21 adeln
528 542 36 22 vid
584 542 123 22 uttalandet
725 542 24 22 af
761 542 41 22 den
818 542 49 21 utaf
880 542 37 21 be-

163 577 71 21 mälde
255 577 69 22 talare
344 576 116 23 förordade
476 577 122 28 förklaring
613 577 77 29 gjorde
705 577 37 21 det
757 576 113 28 förbehåll,
886 578 32 20 att

164 612 87 21 ståndet
271 612 56 21 dock
346 611 49 22 icke
413 612 67 28 ansåg
496 612 35 28 sig
546 612 96 28 skyldigt
658 613 31 19 att
704 618 92 15 ansvara
810 612 35 21 för
860 612 57 20 åter-

163 645 118 29 gäldandet
303 646 23 22 af
347 646 92 22 berörde
462 647 77 26 38,000
560 646 62 22 rubel
643 646 146 27 annorlunda,
804 647 28 20 än
847 646 71 21 såvidt

163 680 76 22 husets
254 680 67 22 värde
335 680 96 29 medgaf,
447 681 54 21 eller
515 681 50 21 med
581 680 68 22 andra
664 681 46 27 ord,
724 682 32 20 att
766 681 78 21 endast
854 680 64 23 huset

166 714 62 22 stode
243 715 8 21 i
267 715 140 28 ansvarighet
422 716 34 20 för
472 716 66 21 lånet.

233 749 60 21 Herr
307 757 43 15 von
365 750 96 22 Essen:
476 750 59 22 Herr
550 750 97 28 Pipping
662 750 39 21 har
712 750 79 22 uttalat
801 750 42 22 den
854 750 65 28 åsigt,

165 786 32 20 att
213 784 92 22 skulden
320 784 68 22 borde
404 784 131 23 återbetalas
551 784 56 22 efter
620 785 99 28 förmåga
734 785 40 21 och
786 784 46 22 deri
843 785 76 28 tycker

163 819 40 29 jag
218 819 126 29 inbegripes
359 819 45 22 allt.

233 853 58 22 Herr
306 853 106 22 Munck:
428 854 43 28 Jag
485 861 64 15 anser
559 854 60 22 detta
630 854 87 28 uttryck
728 854 118 29 ingalunda
857 855 61 21 inne-

165 888 55 22 fatta
241 888 38 21 det
301 888 24 22 af
345 888 45 28 mig
412 888 125 29 föreslagna
558 888 87 29 tillägg,
666 890 23 27 ty
704 889 57 21 hvad
776 896 46 14 som
838 890 21 28 ej
875 890 44 21 kan

165 922 53 28 utgå
232 929 26 14 ur
273 923 74 21 husets
366 922 76 28 värde,
458 924 43 21 kan
515 924 53 28 utgå
583 923 106 29 antingen
704 924 48 21 från
768 923 152 29 ridderskapet

165 956 40 22 och
220 956 65 22 adeln
300 957 23 21 in
335 964 91 22 corpore
442 958 54 21 eller
507 958 48 21 från
567 958 72 28 någon
648 958 85 21 enskild
745 958 93 22 medlem
850 959 68 21 deraf.

233 992 33 21 På
280 992 51 21 herr
346 992 213 22 landtmarskalkens
575 992 75 22 derom
665 993 79 28 gjorda
757 993 163 29 framställning

165 1026 47 22 blef
232 1026 51 22 herr
305 1026 107 29 Pippings
435 1027 143 22 omförmälde
601 1027 83 28 förslag
702 1027 54 22 härå
771 1028 48 21 utaf
832 1028 87 22 ståndet

165 1060 122 28 godkändt;
307 1060 115 22 hvaremot
443 1062 86 21 ståndet
549 1061 50 21 med
615 1061 161 29 öfvervägande
790 1062 36 28 nej
842 1063 76 21 besva-

165 1095 52 21 rade
236 1095 52 21 herr
307 1095 213 22 landtmarskalkens
534 1096 68 28 fråga,
619 1103 35 14 om
670 1096 87 22 ståndet
769 1097 83 27 jemväl
867 1097 52 21 ville

165 1130 80 26 antaga
260 1129 37 21 det
312 1129 25 21 af
349 1130 51 21 herr
414 1130 82 21 Munck
511 1130 7 21 i
533 1130 79 22 anförd
625 1130 69 22 måtto
710 1130 74 22 dertill
794 1130 125 29 föreslagna

166 1163 84 28 tillägg.

233 1197 58 21 Herr
309 1198 106 22 Munck:
438 1198 35 22 Då
488 1199 70 21 skulle
571 1199 40 28 jag
627 1199 77 27 önska,
720 1200 31 20 att
766 1199 153 29 ridderskapet

165 1231 40 21 och
221 1231 63 21 adeln
300 1232 67 21 måtte
386 1232 69 21 uttala
470 1234 45 27 sig,
529 1232 107 22 huruvida
652 1233 86 21 ståndet
753 1233 51 21 ville
820 1234 49 20 med
885 1234 33 21 sin

165 1265 70 27 öfriga
251 1266 108 26 egendom
374 1272 93 15 ansvara
481 1267 34 21 för
531 1267 94 21 nämnde
641 1267 73 27 skuld;
729 1267 35 21 för
778 1267 42 21 den
836 1268 32 20 ätt
879 1268 40 28 jag

166 1301 170 27 representerar,
353 1299 87 29 afsäger
452 1300 40 28 jag
506 1300 45 28 mig
567 1300 84 22 sådant.

233 1333 59 22 Herr
311 1333 164 29 Ehrnrooth,
495 1334 28 22 K.
544 1335 37 21 A.:
603 1335 43 28 Jag
666 1335 70 23 skulle
754 1335 28 22 be
797 1337 32 21 att
844 1336 22 21 få
881 1343 38 15 an-

165 1368 84 29 märka,
265 1369 33 20 att
312 1368 167 29 ifrågavarande
494 1370 78 28 38,000
587 1370 62 22 rubel
664 1371 38 21 äro
718 1370 61 29 gifna
794 1372 52 20 utan
861 1371 57 21 äter-

165 1402 272 58 al
438 1404 40 22 och
494 1405 74 22 kunna
582 1405 84 22 således
682 1405 65 22 icke
738 1400 13 38 i
760 1405 104 22 exekutiv
876 1407 43 27 väg

166 1437 95 23 utsökas.
