986 1714
205 137 41 22 252

176 208 30 16 nu
235 202 124 29 föreslagna
386 202 143 22 redaktionen
552 202 24 22 af
602 204 26 20 10
650 210 64 14 mom.
737 203 141 27 oförändrad,
902 203 24 21 så

176 236 72 22 blefve
269 237 77 21 endast
366 237 26 21 de
412 237 178 29 röstberättigade,
613 237 40 21 och
668 237 85 21 således
768 237 55 22 blott
838 237 27 21 de
880 238 46 21 väl-

171 272 109 29 frejdade,
296 272 169 21 medlemmarne
481 272 100 28 taxering
597 272 166 27 underkastade,
775 280 49 14 men
839 272 48 21 icke
898 272 27 22 de

178 306 75 29 öfrige.
279 306 93 22 Derföre
391 306 120 29 tillstyrker
526 308 47 27 jag,
591 309 32 19 att
642 307 133 28 högvördiga
793 308 133 27 prestastån-

176 341 47 21 dets
241 341 121 27 redaktion,
383 349 46 13 som
448 342 117 21 innefattar
584 344 31 18 ett
631 342 139 28 fullständigt
785 342 118 28 stadgande
919 342 7 20 i

177 377 80 26 ämnet,
274 376 66 22 måtte
357 376 68 22 hellre
441 376 24 21 af
481 376 150 28 ridderskapet
648 377 39 21 och
703 377 64 20 adeln
783 379 97 25 antagas,
903 376 23 20 så

177 410 66 21 framt
260 410 152 29 ridderskapet
431 411 40 21 och
486 411 63 21 adeln
567 412 36 20 vill
619 410 94 22 vidhålla
729 411 38 21 sitt
783 412 49 27 eget
847 410 79 27 beslut,

177 445 84 21 hvilket
273 446 39 27 jag
328 452 63 14 anser
407 445 131 29 lämpligast,
557 445 91 21 emedan
664 446 67 20 saken
747 445 27 22 då
789 446 43 20 kan
848 445 78 21 ordnas

176 480 7 20 i
204 480 42 21 den
265 480 134 28 detaljerade
419 480 158 29 författningen
593 480 6 21 i
614 482 79 25 ämnet,
713 487 45 13 som
777 480 99 21 kommer
894 481 32 19 att

176 514 105 22 utfärdas.

245 548 58 22 Herr
317 556 41 14 von
374 549 195 29 Weissenberg:
589 549 42 28 Jag
650 549 63 21 utber
729 550 44 27 mig
789 550 32 20 att
836 549 22 21 få
872 550 55 27 göra

176 584 51 21 herr
243 590 42 14 von
300 584 59 21 Born
376 584 153 28 uppmärksam
542 584 29 28 på
581 586 31 18 ett
623 584 23 20 af
654 584 79 21 honom
744 584 110 28 begånget
865 584 61 20 miss-

178 621 43 25 tag.
254 618 33 22 Ur
307 618 59 22 2:dra
386 626 64 14 mom.
469 619 39 21 har
527 619 61 21 ordet
607 618 120 29 välfrejdad
747 619 70 28 utgått
835 618 39 22 och
894 619 32 21 så-

177 653 68 21 lunda
263 655 69 19 möter
351 654 55 20 intet
424 653 77 21 hinder
519 654 35 21 för
571 654 132 27 antagandet
722 654 23 20 af
762 654 59 20 detta
840 660 65 14 mom.
920 652 7 21 i

178 688 98 28 enlighet
290 688 50 21 med
355 688 336 29 sammanjemkningsförslaget.

247 722 81 22 Grefve
344 722 106 22 Creutz:
466 723 42 28 Jag
523 723 88 21 förenar
626 724 45 27 mig
681 723 50 21 med
742 723 50 21 herr
802 730 42 14 von
855 722 72 22 Weis-

179 757 94 28 senberg
296 757 39 21 och
358 758 98 20 förordar
479 758 32 20 till
535 758 42 20 alla
600 757 60 21 delar
682 757 118 21 utskottets
819 764 109 14 samman-

175 792 217 28 jemkningsförslag.
421 792 43 28 Jag
479 794 52 25 tror,
547 794 31 19 att
593 799 35 14 om
644 792 21 21 vi
679 800 30 13 nu
725 793 46 20 åter
787 792 61 21 skola
863 792 65 28 skilja

179 834 35 14 oss
233 827 48 21 från
301 826 26 22 de
346 827 70 27 öfriga
434 826 91 22 stånden
543 827 40 21 och
598 826 77 28 frågan
690 826 89 28 tillfölje
795 826 63 22 deraf
870 828 58 20 ännu

178 869 27 13 en
226 862 59 28 gång
301 862 123 21 remitteras
444 862 96 26 tillbaka,
560 862 20 20 vi
599 861 49 22 icke
666 862 22 20 få
703 862 42 20 slut
760 862 28 27 på
803 862 76 27 frågan
894 862 32 20 in-

178 904 43 14 nan
241 896 131 28 landtdagen
394 897 101 21 afblåses.
525 897 44 21 För
590 896 66 28 öfrigt
675 896 32 21 lär
724 897 19 27 ej
759 896 69 21 heller
844 896 83 21 utskot-

180 932 32 20 tet
227 931 88 21 komma
333 932 33 20 till
382 932 72 27 någon
470 938 70 14 annan
557 931 63 28 åsigt,
637 933 26 19 än
678 931 41 21 den
736 932 6 20 i
756 931 172 27 jemkningsför-

178 966 71 28 slaget
264 965 140 22 framställda.

246 1000 59 22 Herr
320 1007 42 14 von
378 1000 80 27 Born,
479 1000 20 21 J.
514 1001 34 20 A.:
571 1000 43 28 Jag
633 1000 66 28 vågar
714 1000 115 21 hemställa
843 1000 33 21 till
892 1001 36 20 det

179 1035 120 29 höglofliga
314 1035 86 21 ståndet
415 1042 34 14 om
465 1035 48 21 icke
529 1035 26 21 de
570 1035 167 27 ifrågavarande
753 1042 87 14 momm.
856 1035 72 21 kunde

180 1070 109 28 uppläsas,
308 1070 79 20 sådana
407 1070 25 20 de
452 1070 68 28 enligt
541 1076 82 14 samma
643 1070 210 28 jemkningsförslag
868 1069 60 21 kom-

180 1111 35 15 me
235 1106 31 19 att
285 1104 60 28 lyda;
365 1106 23 26 ty
408 1111 64 14 mom.
489 1105 12 20 2
521 1104 61 21 torde
603 1104 48 20 icke
667 1104 65 21 hafva
747 1104 72 21 blifvit
834 1104 24 20 af
871 1106 58 19 stän-

180 1139 78 21 dernes
280 1138 112 28 pluralitet
419 1138 111 28 godkändt
552 1138 7 21 i
582 1138 97 28 enlighet
702 1138 49 22 med
774 1138 154 26 betänkandet,

179 1175 52 19 utan
254 1172 173 29 presterskapets
450 1172 70 22 beslut
541 1173 58 21 lärer
622 1172 7 20 i
652 1172 71 22 denna
739 1173 34 21 del
789 1174 77 26 utgöra
880 1173 48 27 plu-

180 1208 80 21 ralitet.

248 1241 72 22 Sedan
340 1242 93 21 nämnde
449 1243 127 25 momenter,
594 1242 33 20 till
647 1242 54 27 följd
717 1242 23 20 af
754 1241 92 22 berörde
862 1242 66 27 begä-

180 1283 46 18 ran,
241 1275 71 21 blifvit
327 1276 108 27 uppläste,
452 1275 73 21 tillade

249 1308 58 21 Herr
322 1315 42 14 von
379 1308 81 28 Born,
476 1309 20 21 J.
507 1309 34 20 A.:
558 1309 42 28 Jag
614 1308 42 21 kan
673 1309 20 28 ej
711 1315 38 14 ens
760 1309 123 26 förutsätta,
899 1309 31 20 att

180 1351 27 14 en
223 1343 129 28 vanfrejdad
372 1350 79 21 person
472 1343 69 22 skulle
558 1350 51 14 vara
624 1343 170 29 röstberättigad
809 1343 7 20 i
831 1343 99 21 kommu-

180 1385 55 14 nens
253 1377 190 29 angelägenheter.
473 1377 163 28 Ridderskapet
654 1378 40 21 och
709 1377 64 22 adeln
789 1377 38 21 har
843 1377 87 22 derföre

181 1413 65 22 också
261 1413 32 20 uti
309 1419 64 14 mom.
390 1413 12 20 2
418 1413 71 27 tillagt
504 1413 62 21 ordet
583 1412 154 29 ,välfrejdad".
765 1406 72 28 Äfven
854 1419 34 15 om
904 1412 26 23 de

180 1447 68 22 andra
267 1447 93 22 stånden
375 1447 20 28 ej
412 1447 147 29 uttryckligen
577 1447 86 29 stadgat
679 1449 31 22 att
725 1448 71 22 såsom
811 1447 71 22 vilkor
897 1447 34 22 för
