<?xml version="1.0" encoding="UTF-8"?>
<alto xmlns="http://www.loc.gov/standards/alto/ns-v3#" xmlns:xlink="http://www.w3.org/1999/xlink" xmlns:xsi="http://www.w3.org/2001/XMLSchema-instance" xsi:schemaLocation="http://www.loc.gov/standards/alto/ns-v3# http://www.loc.gov/alto/v3/alto-3-0.xsd">
	<Description>
		<MeasurementUnit>pixel</MeasurementUnit>
		<sourceImageInformation>
			<fileName>/tmp/tess_j748mik9_input.PNG</fileName>
		</sourceImageInformation>
		<OCRProcessing ID="OCR_0">
			<ocrProcessingStep>
				<processingSoftware>
					<softwareName>tesseract 5.3.4</softwareName>
				</processingSoftware>
			</ocrProcessingStep>
		</OCRProcessing>
	</Description>
	<Layout>
		<Page WIDTH="995" HEIGHT="1714" PHYSICAL_IMG_NR="0" ID="page_0">
			<PrintSpace HPOS="0" VPOS="0" WIDTH="995" HEIGHT="1714">
				<ComposedBlock ID="cblock_0" HPOS="195" VPOS="159" WIDTH="42" HEIGHT="21">
					<TextBlock ID="block_0" HPOS="195" VPOS="159" WIDTH="42" HEIGHT="21">
						<TextLine ID="line_0" HPOS="195" VPOS="159" WIDTH="42" HEIGHT="21">
							<String ID="string_0" HPOS="195" VPOS="159" WIDTH="42" HEIGHT="21" WC="0.96" CONTENT="846"/>
						</TextLine>
					</TextBlock>
				</ComposedBlock>
				<ComposedBlock ID="cblock_1" HPOS="166" VPOS="222" WIDTH="755" HEIGHT="1269">
					<TextBlock ID="block_1" HPOS="166" VPOS="222" WIDTH="753" HEIGHT="306">
						<TextLine ID="line_1" HPOS="166" VPOS="222" WIDTH="751" HEIGHT="30">
							<String ID="string_1" HPOS="166" VPOS="224" WIDTH="202" HEIGHT="28" WC="0.88" CONTENT="protokollsutdrag"/><SP WIDTH="23" VPOS="224" HPOS="368"/>
							<String ID="string_2" HPOS="391" VPOS="223" WIDTH="124" HEIGHT="29" WC="0.96" CONTENT="uppställda"/><SP WIDTH="21" VPOS="223" HPOS="515"/>
							<String ID="string_3" HPOS="536" VPOS="223" WIDTH="70" HEIGHT="21" WC="0.96" CONTENT="vilkor"/><SP WIDTH="22" VPOS="223" HPOS="606"/>
							<String ID="string_4" HPOS="628" VPOS="223" WIDTH="33" HEIGHT="21" WC="0.92" CONTENT="för"/><SP WIDTH="23" VPOS="223" HPOS="661"/>
							<String ID="string_5" HPOS="684" VPOS="222" WIDTH="233" HEIGHT="29" WC="0.90" CONTENT="sammanjemknings-"/>
						</TextLine>
						<TextLine ID="line_2" HPOS="167" VPOS="257" WIDTH="750" HEIGHT="30">
							<String ID="string_6" HPOS="167" VPOS="259" WIDTH="115" HEIGHT="28" WC="0.96" CONTENT="förslagets"/><SP WIDTH="21" VPOS="259" HPOS="282"/>
							<String ID="string_7" HPOS="303" VPOS="257" WIDTH="159" HEIGHT="30" WC="0.96" CONTENT="godkännande"/><SP WIDTH="20" VPOS="257" HPOS="462"/>
							<String ID="string_8" HPOS="482" VPOS="258" WIDTH="20" HEIGHT="28" WC="0.96" CONTENT="ej"/><SP WIDTH="20" VPOS="258" HPOS="502"/>
							<String ID="string_9" HPOS="522" VPOS="258" WIDTH="43" HEIGHT="21" WC="0.96" CONTENT="kan"/><SP WIDTH="22" VPOS="258" HPOS="565"/>
							<String ID="string_10" HPOS="587" VPOS="257" WIDTH="58" HEIGHT="28" WC="0.95" CONTENT="gälla"/><SP WIDTH="16" VPOS="257" HPOS="645"/>
							<String ID="string_11" HPOS="661" VPOS="258" WIDTH="33" HEIGHT="20" WC="0.96" CONTENT="för"/><SP WIDTH="14" VPOS="258" HPOS="694"/>
							<String ID="string_12" HPOS="708" VPOS="257" WIDTH="77" HEIGHT="28" WC="0.96" CONTENT="längre"/><SP WIDTH="15" VPOS="257" HPOS="785"/>
							<String ID="string_13" HPOS="800" VPOS="257" WIDTH="31" HEIGHT="21" WC="0.96" CONTENT="tid"/><SP WIDTH="17" VPOS="257" HPOS="831"/>
							<String ID="string_14" HPOS="848" VPOS="258" WIDTH="27" HEIGHT="20" WC="0.96" CONTENT="än"/><SP WIDTH="16" VPOS="258" HPOS="875"/>
							<String ID="string_15" HPOS="891" VPOS="257" WIDTH="26" HEIGHT="21" WC="0.96" CONTENT="de"/>
						</TextLine>
						<TextLine ID="line_3" HPOS="170" VPOS="291" WIDTH="747" HEIGHT="29">
							<String ID="string_16" HPOS="170" VPOS="293" WIDTH="26" HEIGHT="20" WC="0.96" CONTENT="10"/><SP WIDTH="15" VPOS="293" HPOS="196"/>
							<String ID="string_17" HPOS="211" VPOS="293" WIDTH="30" HEIGHT="27" WC="0.95" CONTENT="år,"/><SP WIDTH="16" VPOS="293" HPOS="241"/>
							<String ID="string_18" HPOS="257" VPOS="293" WIDTH="69" HEIGHT="21" WC="0.96" CONTENT="under"/><SP WIDTH="15" VPOS="293" HPOS="326"/>
							<String ID="string_19" HPOS="341" VPOS="293" WIDTH="75" HEIGHT="21" WC="0.96" CONTENT="hvilka"/><SP WIDTH="15" VPOS="293" HPOS="416"/>
							<String ID="string_20" HPOS="431" VPOS="292" WIDTH="41" HEIGHT="21" WC="0.96" CONTENT="den"/><SP WIDTH="17" VPOS="292" HPOS="472"/>
							<String ID="string_21" HPOS="489" VPOS="299" WIDTH="29" HEIGHT="14" WC="0.96" CONTENT="nu"/><SP WIDTH="15" VPOS="299" HPOS="518"/>
							<String ID="string_22" HPOS="533" VPOS="291" WIDTH="107" HEIGHT="29" WC="0.93" CONTENT="beviljade"/><SP WIDTH="15" VPOS="291" HPOS="640"/>
							<String ID="string_23" HPOS="655" VPOS="291" WIDTH="191" HEIGHT="22" WC="0.92" CONTENT="bränvinsskatten"/><SP WIDTH="10" VPOS="291" HPOS="846"/>
							<String ID="string_24" HPOS="856" VPOS="291" WIDTH="61" HEIGHT="22" WC="0.92" CONTENT="kom-"/>
						</TextLine>
						<TextLine ID="line_4" HPOS="170" VPOS="326" WIDTH="749" HEIGHT="30">
							<String ID="string_25" HPOS="170" VPOS="334" WIDTH="46" HEIGHT="14" WC="0.96" CONTENT="mer"/><SP WIDTH="22" VPOS="334" HPOS="216"/>
							<String ID="string_26" HPOS="238" VPOS="329" WIDTH="33" HEIGHT="20" WC="0.96" CONTENT="att"/><SP WIDTH="21" VPOS="329" HPOS="271"/>
							<String ID="string_27" HPOS="292" VPOS="327" WIDTH="59" HEIGHT="29" WC="0.94" CONTENT="utgå."/><SP WIDTH="38" VPOS="327" HPOS="351"/>
							<String ID="string_28" HPOS="389" VPOS="327" WIDTH="90" HEIGHT="28" WC="0.96" CONTENT="Upphör"/><SP WIDTH="23" VPOS="327" HPOS="479"/>
							<String ID="string_29" HPOS="502" VPOS="326" WIDTH="56" HEIGHT="23" WC="0.93" CONTENT="efter"/><SP WIDTH="21" VPOS="326" HPOS="558"/>
							<String ID="string_30" HPOS="579" VPOS="326" WIDTH="66" HEIGHT="28" WC="0.92" CONTENT="sagde"/><SP WIDTH="23" VPOS="326" HPOS="645"/>
							<String ID="string_31" HPOS="668" VPOS="326" WIDTH="42" HEIGHT="21" WC="0.96" CONTENT="tids"/><SP WIDTH="23" VPOS="326" HPOS="710"/>
							<String ID="string_32" HPOS="733" VPOS="326" WIDTH="86" HEIGHT="29" WC="0.95" CONTENT="förlopp"/><SP WIDTH="28" VPOS="326" HPOS="819"/>
							<String ID="string_33" HPOS="847" VPOS="327" WIDTH="72" HEIGHT="20" WC="0.95" CONTENT="denna"/>
						</TextLine>
						<TextLine ID="line_5" HPOS="168" VPOS="361" WIDTH="749" HEIGHT="29">
							<String ID="string_34" HPOS="168" VPOS="361" WIDTH="65" HEIGHT="28" WC="0.96" CONTENT="skatt,"/><SP WIDTH="15" VPOS="361" HPOS="233"/>
							<String ID="string_35" HPOS="248" VPOS="362" WIDTH="48" HEIGHT="21" WC="0.96" CONTENT="från"/><SP WIDTH="16" VPOS="362" HPOS="296"/>
							<String ID="string_36" HPOS="312" VPOS="361" WIDTH="88" HEIGHT="22" WC="0.96" CONTENT="hvilken"/><SP WIDTH="22" VPOS="361" HPOS="400"/>
							<String ID="string_37" HPOS="422" VPOS="361" WIDTH="40" HEIGHT="21" WC="0.96" CONTENT="och"/><SP WIDTH="14" VPOS="361" HPOS="462"/>
							<String ID="string_38" HPOS="476" VPOS="361" WIDTH="67" HEIGHT="29" WC="0.96" CONTENT="ingen"/><SP WIDTH="16" VPOS="361" HPOS="543"/>
							<String ID="string_39" HPOS="559" VPOS="367" WIDTH="71" HEIGHT="15" WC="0.95" CONTENT="annan"/><SP WIDTH="15" VPOS="367" HPOS="630"/>
							<String ID="string_40" HPOS="645" VPOS="361" WIDTH="166" HEIGHT="28" WC="0.96" CONTENT="ifrågavarande"/><SP WIDTH="16" VPOS="361" HPOS="811"/>
							<String ID="string_41" HPOS="827" VPOS="368" WIDTH="27" HEIGHT="14" WC="0.92" CONTENT="en"/><SP WIDTH="15" VPOS="368" HPOS="854"/>
							<String ID="string_42" HPOS="869" VPOS="361" WIDTH="48" HEIGHT="20" WC="0.92" CONTENT="mil-"/>
						</TextLine>
						<TextLine ID="line_6" HPOS="166" VPOS="395" WIDTH="753" HEIGHT="29">
							<String ID="string_43" HPOS="166" VPOS="397" WIDTH="39" HEIGHT="27" WC="0.96" CONTENT="jon"/><SP WIDTH="15" VPOS="397" HPOS="205"/>
							<String ID="string_44" HPOS="220" VPOS="396" WIDTH="63" HEIGHT="21" WC="0.96" CONTENT="mark"/><SP WIDTH="15" VPOS="396" HPOS="283"/>
							<String ID="string_45" HPOS="298" VPOS="396" WIDTH="7" HEIGHT="21" WC="0.96" CONTENT="i"/><SP WIDTH="15" VPOS="396" HPOS="305"/>
							<String ID="string_46" HPOS="320" VPOS="396" WIDTH="44" HEIGHT="21" WC="0.96" CONTENT="viss"/><SP WIDTH="16" VPOS="396" HPOS="364"/>
							<String ID="string_47" HPOS="380" VPOS="395" WIDTH="93" HEIGHT="28" WC="0.91" CONTENT="ordning"/><SP WIDTH="15" VPOS="395" HPOS="473"/>
							<String ID="string_48" HPOS="488" VPOS="395" WIDTH="136" HEIGHT="22" WC="0.91" CONTENT="förbehållits"/><SP WIDTH="16" VPOS="395" HPOS="624"/>
							<String ID="string_49" HPOS="640" VPOS="396" WIDTH="33" HEIGHT="20" WC="0.95" CONTENT="till"/><SP WIDTH="14" VPOS="396" HPOS="673"/>
							<String ID="string_50" HPOS="687" VPOS="395" WIDTH="170" HEIGHT="22" WC="0.93" CONTENT="kommunernas"/><SP WIDTH="17" VPOS="395" HPOS="857"/>
							<String ID="string_51" HPOS="874" VPOS="395" WIDTH="45" HEIGHT="21" WC="0.92" CONTENT="för-"/>
						</TextLine>
						<TextLine ID="line_7" HPOS="168" VPOS="430" WIDTH="749" HEIGHT="28">
							<String ID="string_52" HPOS="168" VPOS="431" WIDTH="104" HEIGHT="27" WC="0.91" CONTENT="fogande,"/><SP WIDTH="20" VPOS="431" HPOS="272"/>
							<String ID="string_53" HPOS="292" VPOS="430" WIDTH="23" HEIGHT="21" WC="0.96" CONTENT="så"/><SP WIDTH="19" VPOS="430" HPOS="315"/>
							<String ID="string_54" HPOS="334" VPOS="430" WIDTH="97" HEIGHT="21" WC="0.96" CONTENT="förfaller"/><SP WIDTH="15" VPOS="430" HPOS="431"/>
							<String ID="string_55" HPOS="446" VPOS="430" WIDTH="7" HEIGHT="20" WC="0.96" CONTENT="i"/><SP WIDTH="16" VPOS="430" HPOS="453"/>
							<String ID="string_56" HPOS="469" VPOS="430" WIDTH="40" HEIGHT="21" WC="0.96" CONTENT="och"/><SP WIDTH="14" VPOS="430" HPOS="509"/>
							<String ID="string_57" HPOS="523" VPOS="430" WIDTH="49" HEIGHT="21" WC="0.96" CONTENT="med"/><SP WIDTH="15" VPOS="430" HPOS="572"/>
							<String ID="string_58" HPOS="587" VPOS="430" WIDTH="121" HEIGHT="21" WC="0.96" CONTENT="detsamma"/><SP WIDTH="15" VPOS="430" HPOS="708"/>
							<String ID="string_59" HPOS="723" VPOS="430" WIDTH="79" HEIGHT="28" WC="0.93" CONTENT="sjelfva"/><SP WIDTH="15" VPOS="430" HPOS="802"/>
							<String ID="string_60" HPOS="817" VPOS="430" WIDTH="100" HEIGHT="21" WC="0.90" CONTENT="vilkoret."/>
						</TextLine>
						<TextLine ID="line_8" HPOS="168" VPOS="464" WIDTH="749" HEIGHT="29">
							<String ID="string_61" HPOS="168" VPOS="465" WIDTH="44" HEIGHT="28" WC="0.96" CONTENT="Jag"/><SP WIDTH="14" VPOS="465" HPOS="212"/>
							<String ID="string_62" HPOS="226" VPOS="465" WIDTH="44" HEIGHT="21" WC="0.96" CONTENT="kan"/><SP WIDTH="15" VPOS="465" HPOS="270"/>
							<String ID="string_63" HPOS="285" VPOS="465" WIDTH="85" HEIGHT="21" WC="0.96" CONTENT="således"/><SP WIDTH="16" VPOS="465" HPOS="370"/>
							<String ID="string_64" HPOS="386" VPOS="465" WIDTH="48" HEIGHT="20" WC="0.96" CONTENT="icke"/><SP WIDTH="15" VPOS="465" HPOS="434"/>
							<String ID="string_65" HPOS="449" VPOS="465" WIDTH="60" HEIGHT="21" WC="0.96" CONTENT="finna"/><SP WIDTH="15" VPOS="465" HPOS="509"/>
							<String ID="string_66" HPOS="524" VPOS="465" WIDTH="71" HEIGHT="28" WC="0.96" CONTENT="någon"/><SP WIDTH="16" VPOS="465" HPOS="595"/>
							<String ID="string_67" HPOS="611" VPOS="464" WIDTH="46" HEIGHT="21" WC="0.96" CONTENT="fara"/><SP WIDTH="16" VPOS="464" HPOS="657"/>
							<String ID="string_68" HPOS="673" VPOS="465" WIDTH="7" HEIGHT="20" WC="0.93" CONTENT="i"/><SP WIDTH="14" VPOS="465" HPOS="680"/>
							<String ID="string_69" HPOS="694" VPOS="464" WIDTH="169" HEIGHT="22" WC="0.92" CONTENT="bondeståndets"/><SP WIDTH="12" VPOS="464" HPOS="863"/>
							<String ID="string_70" HPOS="875" VPOS="464" WIDTH="42" HEIGHT="21" WC="0.91" CONTENT="för-"/>
						</TextLine>
						<TextLine ID="line_9" HPOS="168" VPOS="498" WIDTH="585" HEIGHT="30">
							<String ID="string_71" HPOS="168" VPOS="499" WIDTH="57" HEIGHT="28" WC="0.95" CONTENT="slag,"/><SP WIDTH="16" VPOS="499" HPOS="225"/>
							<String ID="string_72" HPOS="241" VPOS="499" WIDTH="63" HEIGHT="22" WC="0.96" CONTENT="hvars"/><SP WIDTH="16" VPOS="499" HPOS="304"/>
							<String ID="string_73" HPOS="320" VPOS="499" WIDTH="123" HEIGHT="28" WC="0.96" CONTENT="antagande"/><SP WIDTH="13" VPOS="499" HPOS="443"/>
							<String ID="string_74" HPOS="456" VPOS="499" WIDTH="40" HEIGHT="28" WC="0.93" CONTENT="jag"/><SP WIDTH="14" VPOS="499" HPOS="496"/>
							<String ID="string_75" HPOS="510" VPOS="499" WIDTH="85" HEIGHT="22" WC="0.92" CONTENT="derföre"/><SP WIDTH="16" VPOS="499" HPOS="595"/>
							<String ID="string_76" HPOS="611" VPOS="498" WIDTH="38" HEIGHT="22" WC="0.93" CONTENT="vill"/><SP WIDTH="14" VPOS="498" HPOS="649"/>
							<String ID="string_77" HPOS="663" VPOS="499" WIDTH="90" HEIGHT="29" WC="0.92" CONTENT="påyrka."/>
						</TextLine>
					</TextBlock>
					<TextBlock ID="block_2" HPOS="168" VPOS="533" WIDTH="751" HEIGHT="372">
						<TextLine ID="line_10" HPOS="235" VPOS="533" WIDTH="683" HEIGHT="29">
							<String ID="string_78" HPOS="235" VPOS="533" WIDTH="59" HEIGHT="22" WC="0.93" CONTENT="Herr"/><SP WIDTH="14" VPOS="533" HPOS="294"/>
							<String ID="string_79" HPOS="308" VPOS="533" WIDTH="201" HEIGHT="29" WC="0.91" CONTENT="Björkenheim,"/><SP WIDTH="15" VPOS="533" HPOS="509"/>
							<String ID="string_80" HPOS="524" VPOS="533" WIDTH="38" HEIGHT="22" WC="0.89" CONTENT="R.:"/><SP WIDTH="15" VPOS="533" HPOS="562"/>
							<String ID="string_81" HPOS="577" VPOS="533" WIDTH="58" HEIGHT="21" WC="0.96" CONTENT="Herr"/><SP WIDTH="16" VPOS="533" HPOS="635"/>
							<String ID="string_82" HPOS="651" VPOS="533" WIDTH="80" HEIGHT="22" WC="0.96" CONTENT="Munck"/><SP WIDTH="15" VPOS="533" HPOS="731"/>
							<String ID="string_83" HPOS="746" VPOS="534" WIDTH="76" HEIGHT="28" WC="0.96" CONTENT="tyckes"/><SP WIDTH="15" VPOS="534" HPOS="822"/>
							<String ID="string_84" HPOS="837" VPOS="535" WIDTH="34" HEIGHT="20" WC="0.96" CONTENT="tro"/><SP WIDTH="16" VPOS="535" HPOS="871"/>
							<String ID="string_85" HPOS="887" VPOS="535" WIDTH="31" HEIGHT="20" WC="0.97" CONTENT="att"/>
						</TextLine>
						<TextLine ID="line_11" HPOS="168" VPOS="567" WIDTH="750" HEIGHT="30">
							<String ID="string_86" HPOS="168" VPOS="569" WIDTH="37" HEIGHT="20" WC="0.96" CONTENT="det"/><SP WIDTH="20" VPOS="569" HPOS="205"/>
							<String ID="string_87" HPOS="225" VPOS="569" WIDTH="24" HEIGHT="20" WC="0.96" CONTENT="är"/><SP WIDTH="20" VPOS="569" HPOS="249"/>
							<String ID="string_88" HPOS="269" VPOS="575" WIDTH="27" HEIGHT="14" WC="0.96" CONTENT="en"/><SP WIDTH="18" VPOS="575" HPOS="296"/>
							<String ID="string_89" HPOS="314" VPOS="569" WIDTH="58" HEIGHT="27" WC="0.93" CONTENT="slags"/><SP WIDTH="18" VPOS="569" HPOS="372"/>
							<String ID="string_90" HPOS="390" VPOS="567" WIDTH="211" HEIGHT="30" WC="0.92" CONTENT="förtjusningsfeber,"/><SP WIDTH="17" VPOS="567" HPOS="601"/>
							<String ID="string_91" HPOS="618" VPOS="574" WIDTH="46" HEIGHT="15" WC="0.96" CONTENT="som"/><SP WIDTH="16" VPOS="574" HPOS="664"/>
							<String ID="string_92" HPOS="680" VPOS="568" WIDTH="66" HEIGHT="28" WC="0.95" CONTENT="gripit"/><SP WIDTH="16" VPOS="568" HPOS="746"/>
							<String ID="string_93" HPOS="762" VPOS="568" WIDTH="92" HEIGHT="22" WC="0.92" CONTENT="ståndet."/><SP WIDTH="30" VPOS="568" HPOS="854"/>
							<String ID="string_94" HPOS="884" VPOS="568" WIDTH="34" HEIGHT="21" WC="0.96" CONTENT="De"/>
						</TextLine>
						<TextLine ID="line_12" HPOS="169" VPOS="602" WIDTH="749" HEIGHT="28">
							<String ID="string_95" HPOS="169" VPOS="602" WIDTH="56" HEIGHT="27" WC="0.93" CONTENT="skäl,"/><SP WIDTH="21" VPOS="602" HPOS="225"/>
							<String ID="string_96" HPOS="246" VPOS="603" WIDTH="82" HEIGHT="27" WC="0.92" CONTENT="hvarpå"/><SP WIDTH="18" VPOS="603" HPOS="328"/>
							<String ID="string_97" HPOS="346" VPOS="603" WIDTH="44" HEIGHT="21" WC="0.92" CONTENT="han"/><SP WIDTH="20" VPOS="603" HPOS="390"/>
							<String ID="string_98" HPOS="410" VPOS="602" WIDTH="75" HEIGHT="22" WC="0.92" CONTENT="dervid"/><SP WIDTH="16" VPOS="602" HPOS="485"/>
							<String ID="string_99" HPOS="501" VPOS="602" WIDTH="71" HEIGHT="22" WC="0.96" CONTENT="stöder"/><SP WIDTH="15" VPOS="602" HPOS="572"/>
							<String ID="string_100" HPOS="587" VPOS="603" WIDTH="45" HEIGHT="27" WC="0.96" CONTENT="sig,"/><SP WIDTH="16" VPOS="603" HPOS="632"/>
							<String ID="string_101" HPOS="648" VPOS="603" WIDTH="35" HEIGHT="20" WC="0.96" CONTENT="må"/><SP WIDTH="16" VPOS="603" HPOS="683"/>
							<String ID="string_102" HPOS="699" VPOS="603" WIDTH="33" HEIGHT="20" WC="0.93" CONTENT="stå"/><SP WIDTH="16" VPOS="603" HPOS="732"/>
							<String ID="string_103" HPOS="748" VPOS="609" WIDTH="52" HEIGHT="21" WC="0.92" CONTENT="qvar"/><SP WIDTH="15" VPOS="609" HPOS="800"/>
							<String ID="string_104" HPOS="815" VPOS="603" WIDTH="34" HEIGHT="20" WC="0.96" CONTENT="för"/><SP WIDTH="14" VPOS="603" HPOS="849"/>
							<String ID="string_105" HPOS="863" VPOS="603" WIDTH="55" HEIGHT="20" WC="0.96" CONTENT="hans"/>
						</TextLine>
						<TextLine ID="line_13" HPOS="168" VPOS="636" WIDTH="751" HEIGHT="29">
							<String ID="string_106" HPOS="168" VPOS="637" WIDTH="101" HEIGHT="28" WC="0.96" CONTENT="räkning."/><SP WIDTH="24" VPOS="637" HPOS="269"/>
							<String ID="string_107" HPOS="293" VPOS="636" WIDTH="44" HEIGHT="28" WC="0.96" CONTENT="Jag"/><SP WIDTH="14" VPOS="636" HPOS="337"/>
							<String ID="string_108" HPOS="351" VPOS="636" WIDTH="40" HEIGHT="22" WC="0.96" CONTENT="har"/><SP WIDTH="16" VPOS="636" HPOS="391"/>
							<String ID="string_109" HPOS="407" VPOS="643" WIDTH="26" HEIGHT="14" WC="0.95" CONTENT="en"/><SP WIDTH="16" VPOS="643" HPOS="433"/>
							<String ID="string_110" HPOS="449" VPOS="636" WIDTH="90" HEIGHT="22" WC="0.95" CONTENT="alldeles"/><SP WIDTH="15" VPOS="636" HPOS="539"/>
							<String ID="string_111" HPOS="554" VPOS="638" WIDTH="90" HEIGHT="20" WC="0.93" CONTENT="motsatt"/><SP WIDTH="14" VPOS="638" HPOS="644"/>
							<String ID="string_112" HPOS="658" VPOS="636" WIDTH="63" HEIGHT="29" WC="0.92" CONTENT="åsigt,"/><SP WIDTH="15" VPOS="636" HPOS="721"/>
							<String ID="string_113" HPOS="736" VPOS="644" WIDTH="49" HEIGHT="14" WC="0.96" CONTENT="men"/><SP WIDTH="16" VPOS="644" HPOS="785"/>
							<String ID="string_114" HPOS="801" VPOS="636" WIDTH="37" HEIGHT="21" WC="0.96" CONTENT="det"/><SP WIDTH="10" VPOS="636" HPOS="838"/>
							<String ID="string_115" HPOS="848" VPOS="636" WIDTH="71" HEIGHT="22" WC="0.96" CONTENT="skulle"/>
						</TextLine>
						<TextLine ID="line_14" HPOS="169" VPOS="670" WIDTH="750" HEIGHT="30">
							<String ID="string_116" HPOS="169" VPOS="672" WIDTH="91" HEIGHT="21" WC="0.96" CONTENT="förvåna"/><SP WIDTH="20" VPOS="672" HPOS="260"/>
							<String ID="string_117" HPOS="280" VPOS="671" WIDTH="45" HEIGHT="28" WC="0.95" CONTENT="mig"/><SP WIDTH="19" VPOS="671" HPOS="325"/>
							<String ID="string_118" HPOS="344" VPOS="678" WIDTH="35" HEIGHT="14" WC="0.96" CONTENT="om"/><SP WIDTH="21" VPOS="678" HPOS="379"/>
							<String ID="string_119" HPOS="400" VPOS="671" WIDTH="20" HEIGHT="27" WC="0.96" CONTENT="ej"/><SP WIDTH="18" VPOS="671" HPOS="420"/>
							<String ID="string_120" HPOS="438" VPOS="670" WIDTH="151" HEIGHT="30" WC="0.96" CONTENT="ridderskapet"/><SP WIDTH="20" VPOS="670" HPOS="589"/>
							<String ID="string_121" HPOS="609" VPOS="670" WIDTH="40" HEIGHT="22" WC="0.95" CONTENT="och"/><SP WIDTH="20" VPOS="670" HPOS="649"/>
							<String ID="string_122" HPOS="669" VPOS="671" WIDTH="65" HEIGHT="21" WC="0.95" CONTENT="adeln"/><SP WIDTH="16" VPOS="671" HPOS="734"/>
							<String ID="string_123" HPOS="750" VPOS="672" WIDTH="40" HEIGHT="20" WC="0.96" CONTENT="och"/><SP WIDTH="16" VPOS="672" HPOS="790"/>
							<String ID="string_124" HPOS="806" VPOS="671" WIDTH="26" HEIGHT="21" WC="0.96" CONTENT="de"/><SP WIDTH="16" VPOS="671" HPOS="832"/>
							<String ID="string_125" HPOS="848" VPOS="671" WIDTH="71" HEIGHT="28" WC="0.96" CONTENT="öfriga"/>
						</TextLine>
						<TextLine ID="line_15" HPOS="169" VPOS="705" WIDTH="750" HEIGHT="29">
							<String ID="string_126" HPOS="169" VPOS="706" WIDTH="91" HEIGHT="21" WC="0.96" CONTENT="stånden"/><SP WIDTH="23" VPOS="706" HPOS="260"/>
							<String ID="string_127" HPOS="283" VPOS="705" WIDTH="70" HEIGHT="21" WC="0.96" CONTENT="skulle"/><SP WIDTH="23" VPOS="705" HPOS="353"/>
							<String ID="string_128" HPOS="376" VPOS="712" WIDTH="52" HEIGHT="14" WC="0.96" CONTENT="vara"/><SP WIDTH="19" VPOS="712" HPOS="428"/>
							<String ID="string_129" HPOS="447" VPOS="705" WIDTH="86" HEIGHT="28" WC="0.96" CONTENT="färdiga"/><SP WIDTH="20" VPOS="705" HPOS="533"/>
							<String ID="string_130" HPOS="553" VPOS="707" WIDTH="31" HEIGHT="19" WC="0.92" CONTENT="att"/><SP WIDTH="13" VPOS="707" HPOS="584"/>
							<String ID="string_131" HPOS="597" VPOS="705" WIDTH="76" HEIGHT="28" WC="0.91" CONTENT="jemka"/><SP WIDTH="15" VPOS="705" HPOS="673"/>
							<String ID="string_132" HPOS="688" VPOS="706" WIDTH="67" HEIGHT="28" WC="0.96" CONTENT="något"/><SP WIDTH="15" VPOS="706" HPOS="755"/>
							<String ID="string_133" HPOS="770" VPOS="705" WIDTH="49" HEIGHT="21" WC="0.96" CONTENT="med"/><SP WIDTH="16" VPOS="705" HPOS="819"/>
							<String ID="string_134" HPOS="835" VPOS="706" WIDTH="40" HEIGHT="28" WC="0.96" CONTENT="sig,"/><SP WIDTH="16" VPOS="706" HPOS="875"/>
							<String ID="string_135" HPOS="891" VPOS="705" WIDTH="28" HEIGHT="22" WC="0.96" CONTENT="då"/>
						</TextLine>
						<TextLine ID="line_16" HPOS="170" VPOS="739" WIDTH="749" HEIGHT="29">
							<String ID="string_136" HPOS="170" VPOS="740" WIDTH="37" HEIGHT="21" WC="0.96" CONTENT="det"/><SP WIDTH="14" VPOS="740" HPOS="207"/>
							<String ID="string_137" HPOS="221" VPOS="740" WIDTH="69" HEIGHT="28" WC="0.96" CONTENT="gäller"/><SP WIDTH="16" VPOS="740" HPOS="290"/>
							<String ID="string_138" HPOS="306" VPOS="741" WIDTH="32" HEIGHT="19" WC="0.96" CONTENT="att"/><SP WIDTH="15" VPOS="741" HPOS="338"/>
							<String ID="string_139" HPOS="353" VPOS="740" WIDTH="27" HEIGHT="27" WC="0.96" CONTENT="på"/><SP WIDTH="16" VPOS="740" HPOS="380"/>
							<String ID="string_140" HPOS="396" VPOS="739" WIDTH="77" HEIGHT="21" WC="0.96" CONTENT="sådant"/><SP WIDTH="13" VPOS="739" HPOS="473"/>
							<String ID="string_141" HPOS="486" VPOS="741" WIDTH="50" HEIGHT="26" WC="0.96" CONTENT="sätt,"/><SP WIDTH="16" VPOS="741" HPOS="536"/>
							<String ID="string_142" HPOS="552" VPOS="746" WIDTH="44" HEIGHT="15" WC="0.96" CONTENT="som"/><SP WIDTH="17" VPOS="746" HPOS="596"/>
							<String ID="string_143" HPOS="613" VPOS="747" WIDTH="29" HEIGHT="13" WC="0.96" CONTENT="nu"/><SP WIDTH="15" VPOS="747" HPOS="642"/>
							<String ID="string_144" HPOS="657" VPOS="740" WIDTH="75" HEIGHT="27" WC="0.95" CONTENT="tyckes"/><SP WIDTH="15" VPOS="740" HPOS="732"/>
							<String ID="string_145" HPOS="747" VPOS="740" WIDTH="69" HEIGHT="21" WC="0.95" CONTENT="blifva"/><SP WIDTH="9" VPOS="740" HPOS="816"/>
							<String ID="string_146" HPOS="825" VPOS="740" WIDTH="94" HEIGHT="28" WC="0.96" CONTENT="möjligt,"/>
						</TextLine>
						<TextLine ID="line_17" HPOS="170" VPOS="774" WIDTH="749" HEIGHT="28">
							<String ID="string_147" HPOS="170" VPOS="774" WIDTH="46" HEIGHT="21" WC="0.96" CONTENT="lösa"/><SP WIDTH="15" VPOS="774" HPOS="216"/>
							<String ID="string_148" HPOS="231" VPOS="774" WIDTH="71" HEIGHT="21" WC="0.92" CONTENT="denna"/><SP WIDTH="14" VPOS="774" HPOS="302"/>
							<String ID="string_149" HPOS="316" VPOS="774" WIDTH="84" HEIGHT="28" WC="0.92" CONTENT="vigtiga"/><SP WIDTH="13" VPOS="774" HPOS="400"/>
							<String ID="string_150" HPOS="413" VPOS="774" WIDTH="68" HEIGHT="28" WC="0.93" CONTENT="fråga."/><SP WIDTH="30" VPOS="774" HPOS="481"/>
							<String ID="string_151" HPOS="511" VPOS="774" WIDTH="112" HEIGHT="21" WC="0.91" CONTENT="Herrarne"/><SP WIDTH="16" VPOS="774" HPOS="623"/>
							<String ID="string_152" HPOS="639" VPOS="774" WIDTH="82" HEIGHT="21" WC="0.96" CONTENT="Linder"/><SP WIDTH="15" VPOS="774" HPOS="721"/>
							<String ID="string_153" HPOS="736" VPOS="774" WIDTH="40" HEIGHT="21" WC="0.93" CONTENT="och"/><SP WIDTH="15" VPOS="774" HPOS="776"/>
							<String ID="string_154" HPOS="791" VPOS="774" WIDTH="128" HEIGHT="28" WC="0.92" CONTENT="Furuhjelm"/>
						</TextLine>
						<TextLine ID="line_18" HPOS="169" VPOS="808" WIDTH="750" HEIGHT="28">
							<String ID="string_155" HPOS="169" VPOS="809" WIDTH="65" HEIGHT="21" WC="0.96" CONTENT="hafva"/><SP WIDTH="22" VPOS="809" HPOS="234"/>
							<String ID="string_156" HPOS="256" VPOS="808" WIDTH="68" HEIGHT="21" WC="0.96" CONTENT="redan"/><SP WIDTH="20" VPOS="808" HPOS="324"/>
							<String ID="string_157" HPOS="344" VPOS="808" WIDTH="80" HEIGHT="28" WC="0.96" CONTENT="utlagt,"/><SP WIDTH="23" VPOS="808" HPOS="424"/>
							<String ID="string_158" HPOS="447" VPOS="810" WIDTH="32" HEIGHT="19" WC="0.96" CONTENT="att"/><SP WIDTH="20" VPOS="810" HPOS="479"/>
							<String ID="string_159" HPOS="499" VPOS="808" WIDTH="39" HEIGHT="21" WC="0.96" CONTENT="här"/><SP WIDTH="20" VPOS="808" HPOS="538"/>
							<String ID="string_160" HPOS="558" VPOS="808" WIDTH="19" HEIGHT="28" WC="0.96" CONTENT="ej"/><SP WIDTH="22" VPOS="808" HPOS="577"/>
							<String ID="string_161" HPOS="599" VPOS="810" WIDTH="24" HEIGHT="19" WC="0.96" CONTENT="är"/><SP WIDTH="20" VPOS="810" HPOS="623"/>
							<String ID="string_162" HPOS="643" VPOS="808" WIDTH="41" HEIGHT="22" WC="0.93" CONTENT="den"/><SP WIDTH="21" VPOS="808" HPOS="684"/>
							<String ID="string_163" HPOS="705" VPOS="809" WIDTH="95" HEIGHT="27" WC="0.92" CONTENT="ringaste"/><SP WIDTH="16" VPOS="809" HPOS="800"/>
							<String ID="string_164" HPOS="816" VPOS="809" WIDTH="47" HEIGHT="21" WC="0.96" CONTENT="fara"/><SP WIDTH="16" VPOS="809" HPOS="863"/>
							<String ID="string_165" HPOS="879" VPOS="809" WIDTH="40" HEIGHT="21" WC="0.96" CONTENT="och"/>
						</TextLine>
						<TextLine ID="line_19" HPOS="170" VPOS="842" WIDTH="749" HEIGHT="29">
							<String ID="string_166" HPOS="170" VPOS="844" WIDTH="68" HEIGHT="27" WC="0.96" CONTENT="enligt"/><SP WIDTH="15" VPOS="844" HPOS="238"/>
							<String ID="string_167" HPOS="253" VPOS="843" WIDTH="44" HEIGHT="21" WC="0.93" CONTENT="min"/><SP WIDTH="16" VPOS="843" HPOS="297"/>
							<String ID="string_168" HPOS="313" VPOS="842" WIDTH="57" HEIGHT="28" WC="0.91" CONTENT="åsigt"/><SP WIDTH="14" VPOS="842" HPOS="370"/>
							<String ID="string_169" HPOS="384" VPOS="842" WIDTH="96" HEIGHT="29" WC="0.96" CONTENT="framgår"/><SP WIDTH="16" VPOS="842" HPOS="480"/>
							<String ID="string_170" HPOS="496" VPOS="842" WIDTH="59" HEIGHT="22" WC="0.96" CONTENT="detta"/><SP WIDTH="15" VPOS="842" HPOS="555"/>
							<String ID="string_171" HPOS="570" VPOS="843" WIDTH="24" HEIGHT="21" WC="0.96" CONTENT="så"/><SP WIDTH="15" VPOS="843" HPOS="594"/>
							<String ID="string_172" HPOS="609" VPOS="843" WIDTH="67" HEIGHT="27" WC="0.96" CONTENT="klart,"/><SP WIDTH="15" VPOS="843" HPOS="676"/>
							<String ID="string_173" HPOS="691" VPOS="845" WIDTH="33" HEIGHT="19" WC="0.96" CONTENT="att"/><SP WIDTH="15" VPOS="845" HPOS="724"/>
							<String ID="string_174" HPOS="739" VPOS="842" WIDTH="37" HEIGHT="22" WC="0.95" CONTENT="det"/><SP WIDTH="10" VPOS="842" HPOS="776"/>
							<String ID="string_175" HPOS="786" VPOS="843" WIDTH="48" HEIGHT="22" WC="0.93" CONTENT="icke"/><SP WIDTH="10" VPOS="843" HPOS="834"/>
							<String ID="string_176" HPOS="844" VPOS="843" WIDTH="75" HEIGHT="22" WC="0.92" CONTENT="behöf-"/>
						</TextLine>
						<TextLine ID="line_20" HPOS="170" VPOS="877" WIDTH="365" HEIGHT="28">
							<String ID="string_177" HPOS="170" VPOS="884" WIDTH="37" HEIGHT="14" WC="0.96" CONTENT="ver"/><SP WIDTH="15" VPOS="884" HPOS="207"/>
							<String ID="string_178" HPOS="222" VPOS="878" WIDTH="72" HEIGHT="27" WC="0.96" CONTENT="någon"/><SP WIDTH="16" VPOS="878" HPOS="294"/>
							<String ID="string_179" HPOS="310" VPOS="877" WIDTH="74" HEIGHT="21" WC="0.96" CONTENT="vidare"/><SP WIDTH="15" VPOS="877" HPOS="384"/>
							<String ID="string_180" HPOS="399" VPOS="877" WIDTH="136" HEIGHT="28" WC="0.95" CONTENT="utläggning."/>
						</TextLine>
					</TextBlock>
					<TextBlock ID="block_3" HPOS="170" VPOS="911" WIDTH="750" HEIGHT="237">
						<TextLine ID="line_21" HPOS="237" VPOS="911" WIDTH="682" HEIGHT="29">
							<String ID="string_181" HPOS="237" VPOS="912" WIDTH="59" HEIGHT="21" WC="0.96" CONTENT="Herr"/><SP WIDTH="14" VPOS="912" HPOS="296"/>
							<String ID="string_182" HPOS="310" VPOS="918" WIDTH="42" HEIGHT="15" WC="0.96" CONTENT="von"/><SP WIDTH="16" VPOS="918" HPOS="352"/>
							<String ID="string_183" HPOS="368" VPOS="911" WIDTH="79" HEIGHT="27" WC="0.93" CONTENT="Born,"/><SP WIDTH="16" VPOS="911" HPOS="447"/>
							<String ID="string_184" HPOS="463" VPOS="912" WIDTH="20" HEIGHT="21" WC="0.89" CONTENT="J."/><SP WIDTH="16" VPOS="912" HPOS="483"/>
							<String ID="string_185" HPOS="499" VPOS="912" WIDTH="37" HEIGHT="20" WC="0.89" CONTENT="A.:"/><SP WIDTH="15" VPOS="912" HPOS="536"/>
							<String ID="string_186" HPOS="551" VPOS="911" WIDTH="42" HEIGHT="28" WC="0.96" CONTENT="Jag"/><SP WIDTH="15" VPOS="911" HPOS="593"/>
							<String ID="string_187" HPOS="608" VPOS="912" WIDTH="109" HEIGHT="21" WC="0.96" CONTENT="erkänner"/><SP WIDTH="14" VPOS="912" HPOS="717"/>
							<String ID="string_188" HPOS="731" VPOS="912" WIDTH="140" HEIGHT="28" WC="0.96" CONTENT="fullkomligt,"/><SP WIDTH="16" VPOS="912" HPOS="871"/>
							<String ID="string_189" HPOS="887" VPOS="914" WIDTH="32" HEIGHT="20" WC="0.96" CONTENT="att"/>
						</TextLine>
						<TextLine ID="line_22" HPOS="170" VPOS="946" WIDTH="749" HEIGHT="28">
							<String ID="string_190" HPOS="170" VPOS="946" WIDTH="50" HEIGHT="21" WC="0.95" CONTENT="herr"/><SP WIDTH="21" VPOS="946" HPOS="220"/>
							<String ID="string_191" HPOS="241" VPOS="946" WIDTH="82" HEIGHT="22" WC="0.95" CONTENT="Linder"/><SP WIDTH="23" VPOS="946" HPOS="323"/>
							<String ID="string_192" HPOS="346" VPOS="947" WIDTH="23" HEIGHT="20" WC="0.96" CONTENT="är"/><SP WIDTH="23" VPOS="947" HPOS="369"/>
							<String ID="string_193" HPOS="392" VPOS="946" WIDTH="128" HEIGHT="28" WC="0.96" CONTENT="kompetent"/><SP WIDTH="19" VPOS="946" HPOS="520"/>
							<String ID="string_194" HPOS="539" VPOS="948" WIDTH="32" HEIGHT="19" WC="0.96" CONTENT="att"/><SP WIDTH="18" VPOS="948" HPOS="571"/>
							<String ID="string_195" HPOS="589" VPOS="946" WIDTH="73" HEIGHT="22" WC="0.95" CONTENT="känna"/><SP WIDTH="15" VPOS="946" HPOS="662"/>
							<String ID="string_196" HPOS="677" VPOS="946" WIDTH="40" HEIGHT="21" WC="0.96" CONTENT="och"/><SP WIDTH="16" VPOS="946" HPOS="717"/>
							<String ID="string_197" HPOS="733" VPOS="946" WIDTH="115" HEIGHT="22" WC="0.96" CONTENT="bedömma"/><SP WIDTH="15" VPOS="946" HPOS="848"/>
							<String ID="string_198" HPOS="863" VPOS="947" WIDTH="56" HEIGHT="21" WC="0.96" CONTENT="hvad"/>
						</TextLine>
						<TextLine ID="line_23" HPOS="170" VPOS="980" WIDTH="748" HEIGHT="30">
							<String ID="string_199" HPOS="170" VPOS="980" WIDTH="95" HEIGHT="29" WC="0.91" CONTENT="afsigten"/><SP WIDTH="14" VPOS="980" HPOS="265"/>
							<String ID="string_200" HPOS="279" VPOS="981" WIDTH="57" HEIGHT="21" WC="0.96" CONTENT="varit"/><SP WIDTH="16" VPOS="981" HPOS="336"/>
							<String ID="string_201" HPOS="352" VPOS="980" WIDTH="48" HEIGHT="21" WC="0.93" CONTENT="med"/><SP WIDTH="16" VPOS="980" HPOS="400"/>
							<String ID="string_202" HPOS="416" VPOS="980" WIDTH="168" HEIGHT="22" WC="0.92" CONTENT="bondeståndets"/><SP WIDTH="15" VPOS="980" HPOS="584"/>
							<String ID="string_203" HPOS="599" VPOS="980" WIDTH="81" HEIGHT="28" WC="0.96" CONTENT="beslut,"/><SP WIDTH="16" VPOS="980" HPOS="680"/>
							<String ID="string_204" HPOS="696" VPOS="988" WIDTH="49" HEIGHT="14" WC="0.96" CONTENT="men"/><SP WIDTH="16" VPOS="988" HPOS="745"/>
							<String ID="string_205" HPOS="761" VPOS="980" WIDTH="24" HEIGHT="22" WC="0.93" CONTENT="af"/><SP WIDTH="16" VPOS="980" HPOS="785"/>
							<String ID="string_206" HPOS="801" VPOS="981" WIDTH="117" HEIGHT="29" WC="0.92" CONTENT="ordalagen"/>
						</TextLine>
						<TextLine ID="line_24" HPOS="170" VPOS="1014" WIDTH="749" HEIGHT="30">
							<String ID="string_207" HPOS="170" VPOS="1015" WIDTH="7" HEIGHT="21" WC="0.92" CONTENT="i"/><SP WIDTH="16" VPOS="1015" HPOS="177"/>
							<String ID="string_208" HPOS="193" VPOS="1015" WIDTH="169" HEIGHT="21" WC="0.92" CONTENT="bondeståndets"/><SP WIDTH="20" VPOS="1015" HPOS="362"/>
							<String ID="string_209" HPOS="382" VPOS="1014" WIDTH="199" HEIGHT="29" WC="0.91" CONTENT="protokollsutdrag"/><SP WIDTH="15" VPOS="1014" HPOS="581"/>
							<String ID="string_210" HPOS="596" VPOS="1014" WIDTH="43" HEIGHT="22" WC="0.97" CONTENT="kan"/><SP WIDTH="15" VPOS="1014" HPOS="639"/>
							<String ID="string_211" HPOS="654" VPOS="1015" WIDTH="119" HEIGHT="29" WC="0.93" CONTENT="omöjligen"/><SP WIDTH="16" VPOS="1015" HPOS="773"/>
							<String ID="string_212" HPOS="789" VPOS="1015" WIDTH="77" HEIGHT="29" WC="0.91" CONTENT="dragas"/><SP WIDTH="15" VPOS="1015" HPOS="866"/>
							<String ID="string_213" HPOS="881" VPOS="1023" WIDTH="38" HEIGHT="14" WC="0.92" CONTENT="an-"/>
						</TextLine>
						<TextLine ID="line_25" HPOS="170" VPOS="1050" WIDTH="749" HEIGHT="28">
							<String ID="string_214" HPOS="170" VPOS="1056" WIDTH="42" HEIGHT="14" WC="0.96" CONTENT="nan"/><SP WIDTH="15" VPOS="1056" HPOS="212"/>
							<String ID="string_215" HPOS="227" VPOS="1050" WIDTH="97" HEIGHT="26" WC="0.96" CONTENT="slutsats,"/><SP WIDTH="15" VPOS="1050" HPOS="324"/>
							<String ID="string_216" HPOS="339" VPOS="1050" WIDTH="27" HEIGHT="20" WC="0.96" CONTENT="än"/><SP WIDTH="15" VPOS="1050" HPOS="366"/>
							<String ID="string_217" HPOS="381" VPOS="1051" WIDTH="33" HEIGHT="19" WC="0.92" CONTENT="att"/><SP WIDTH="15" VPOS="1051" HPOS="414"/>
							<String ID="string_218" HPOS="429" VPOS="1050" WIDTH="96" HEIGHT="21" WC="0.92" CONTENT="ståndets"/><SP WIDTH="16" VPOS="1050" HPOS="525"/>
							<String ID="string_219" HPOS="541" VPOS="1050" WIDTH="89" HEIGHT="27" WC="0.96" CONTENT="mening"/><SP WIDTH="15" VPOS="1050" HPOS="630"/>
							<String ID="string_220" HPOS="645" VPOS="1051" WIDTH="30" HEIGHT="26" WC="0.96" CONTENT="är,"/><SP WIDTH="16" VPOS="1051" HPOS="675"/>
							<String ID="string_221" HPOS="691" VPOS="1052" WIDTH="31" HEIGHT="18" WC="0.96" CONTENT="att"/><SP WIDTH="16" VPOS="1052" HPOS="722"/>
							<String ID="string_222" HPOS="738" VPOS="1050" WIDTH="23" HEIGHT="21" WC="0.96" CONTENT="så"/><SP WIDTH="11" VPOS="1050" HPOS="761"/>
							<String ID="string_223" HPOS="772" VPOS="1050" WIDTH="64" HEIGHT="28" WC="0.96" CONTENT="länge"/><SP WIDTH="11" VPOS="1050" HPOS="836"/>
							<String ID="string_224" HPOS="847" VPOS="1050" WIDTH="72" HEIGHT="28" WC="0.96" CONTENT="någon"/>
						</TextLine>
						<TextLine ID="line_26" HPOS="170" VPOS="1084" WIDTH="750" HEIGHT="29">
							<String ID="string_225" HPOS="170" VPOS="1084" WIDTH="130" HEIGHT="28" WC="0.91" CONTENT="grundskatt"/><SP WIDTH="25" VPOS="1084" HPOS="300"/>
							<String ID="string_226" HPOS="325" VPOS="1084" WIDTH="112" HEIGHT="27" WC="0.95" CONTENT="existerar,"/><SP WIDTH="23" VPOS="1084" HPOS="437"/>
							<String ID="string_227" HPOS="460" VPOS="1084" WIDTH="41" HEIGHT="21" WC="0.96" CONTENT="den"/><SP WIDTH="22" VPOS="1084" HPOS="501"/>
							<String ID="string_228" HPOS="523" VPOS="1084" WIDTH="167" HEIGHT="28" WC="0.96" CONTENT="ifrågavarande"/><SP WIDTH="28" VPOS="1084" HPOS="690"/>
							<String ID="string_229" HPOS="718" VPOS="1084" WIDTH="106" HEIGHT="29" WC="0.95" CONTENT="miljonen"/><SP WIDTH="25" VPOS="1084" HPOS="824"/>
							<String ID="string_230" HPOS="849" VPOS="1085" WIDTH="71" HEIGHT="21" WC="0.95" CONTENT="skulle"/>
						</TextLine>
						<TextLine ID="line_27" HPOS="171" VPOS="1118" WIDTH="675" HEIGHT="30">
							<String ID="string_231" HPOS="171" VPOS="1119" WIDTH="61" HEIGHT="27" WC="0.96" CONTENT="utgå;"/><SP WIDTH="16" VPOS="1119" HPOS="232"/>
							<String ID="string_232" HPOS="248" VPOS="1118" WIDTH="40" HEIGHT="22" WC="0.96" CONTENT="och"/><SP WIDTH="16" VPOS="1118" HPOS="288"/>
							<String ID="string_233" HPOS="304" VPOS="1119" WIDTH="69" HEIGHT="21" WC="0.96" CONTENT="måste"/><SP WIDTH="13" VPOS="1119" HPOS="373"/>
							<String ID="string_234" HPOS="386" VPOS="1119" WIDTH="40" HEIGHT="27" WC="0.93" CONTENT="jag"/><SP WIDTH="15" VPOS="1119" HPOS="426"/>
							<String ID="string_235" HPOS="441" VPOS="1118" WIDTH="87" HEIGHT="22" WC="0.93" CONTENT="derföre"/><SP WIDTH="15" VPOS="1118" HPOS="528"/>
							<String ID="string_236" HPOS="543" VPOS="1118" WIDTH="95" HEIGHT="22" WC="0.95" CONTENT="vidhålla"/><SP WIDTH="14" VPOS="1118" HPOS="638"/>
							<String ID="string_237" HPOS="652" VPOS="1119" WIDTH="57" HEIGHT="21" WC="0.96" CONTENT="hvad"/><SP WIDTH="12" VPOS="1119" HPOS="709"/>
							<String ID="string_238" HPOS="721" VPOS="1120" WIDTH="40" HEIGHT="28" WC="0.96" CONTENT="jag"/><SP WIDTH="15" VPOS="1120" HPOS="761"/>
							<String ID="string_239" HPOS="776" VPOS="1119" WIDTH="70" HEIGHT="29" WC="0.96" CONTENT="yrkat."/>
						</TextLine>
					</TextBlock>
					<TextBlock ID="block_4" HPOS="170" VPOS="1152" WIDTH="749" HEIGHT="201">
						<TextLine ID="line_28" HPOS="239" VPOS="1152" WIDTH="680" HEIGHT="30">
							<String ID="string_240" HPOS="239" VPOS="1154" WIDTH="57" HEIGHT="20" WC="0.96" CONTENT="Herr"/><SP WIDTH="20" VPOS="1154" HPOS="296"/>
							<String ID="string_241" HPOS="316" VPOS="1152" WIDTH="106" HEIGHT="28" WC="0.93" CONTENT="Linder,"/><SP WIDTH="21" VPOS="1152" HPOS="422"/>
							<String ID="string_242" HPOS="443" VPOS="1154" WIDTH="35" HEIGHT="20" WC="0.90" CONTENT="E.:"/><SP WIDTH="23" VPOS="1154" HPOS="478"/>
							<String ID="string_243" HPOS="501" VPOS="1154" WIDTH="43" HEIGHT="27" WC="0.96" CONTENT="Jag"/><SP WIDTH="14" VPOS="1154" HPOS="544"/>
							<String ID="string_244" HPOS="558" VPOS="1154" WIDTH="46" HEIGHT="20" WC="0.96" CONTENT="tror"/><SP WIDTH="15" VPOS="1154" HPOS="604"/>
							<String ID="string_245" HPOS="619" VPOS="1155" WIDTH="32" HEIGHT="19" WC="0.96" CONTENT="att"/><SP WIDTH="15" VPOS="1155" HPOS="651"/>
							<String ID="string_246" HPOS="666" VPOS="1154" WIDTH="42" HEIGHT="20" WC="0.96" CONTENT="den"/><SP WIDTH="15" VPOS="1154" HPOS="708"/>
							<String ID="string_247" HPOS="723" VPOS="1154" WIDTH="130" HEIGHT="28" WC="0.95" CONTENT="kompetens"/><SP WIDTH="15" VPOS="1154" HPOS="853"/>
							<String ID="string_248" HPOS="868" VPOS="1154" WIDTH="51" HEIGHT="22" WC="0.96" CONTENT="herr"/>
						</TextLine>
						<TextLine ID="line_29" HPOS="171" VPOS="1187" WIDTH="748" HEIGHT="29">
							<String ID="string_249" HPOS="171" VPOS="1194" WIDTH="42" HEIGHT="15" WC="0.96" CONTENT="von"/><SP WIDTH="18" VPOS="1194" HPOS="213"/>
							<String ID="string_250" HPOS="231" VPOS="1187" WIDTH="66" HEIGHT="27" WC="0.93" CONTENT="Born,"/><SP WIDTH="20" VPOS="1187" HPOS="297"/>
							<String ID="string_251" HPOS="317" VPOS="1187" WIDTH="20" HEIGHT="21" WC="0.91" CONTENT="J."/><SP WIDTH="15" VPOS="1187" HPOS="337"/>
							<String ID="string_252" HPOS="352" VPOS="1187" WIDTH="34" HEIGHT="27" WC="0.88" CONTENT="A.,"/><SP WIDTH="16" VPOS="1187" HPOS="386"/>
							<String ID="string_253" HPOS="402" VPOS="1188" WIDTH="88" HEIGHT="20" WC="0.91" CONTENT="tilltrott"/><SP WIDTH="15" VPOS="1188" HPOS="490"/>
							<String ID="string_254" HPOS="505" VPOS="1188" WIDTH="54" HEIGHT="28" WC="0.96" CONTENT="mig,"/><SP WIDTH="15" VPOS="1188" HPOS="559"/>
							<String ID="string_255" HPOS="574" VPOS="1187" WIDTH="43" HEIGHT="21" WC="0.96" CONTENT="kan"/><SP WIDTH="16" VPOS="1187" HPOS="617"/>
							<String ID="string_256" HPOS="633" VPOS="1188" WIDTH="77" HEIGHT="22" WC="0.95" CONTENT="vinnas"/><SP WIDTH="16" VPOS="1188" HPOS="710"/>
							<String ID="string_257" HPOS="726" VPOS="1188" WIDTH="24" HEIGHT="21" WC="0.95" CONTENT="af"/><SP WIDTH="13" VPOS="1188" HPOS="750"/>
							<String ID="string_258" HPOS="763" VPOS="1188" WIDTH="53" HEIGHT="22" WC="0.95" CONTENT="hvar"/><SP WIDTH="14" VPOS="1188" HPOS="816"/>
							<String ID="string_259" HPOS="830" VPOS="1189" WIDTH="39" HEIGHT="21" WC="0.95" CONTENT="och"/><SP WIDTH="16" VPOS="1189" HPOS="869"/>
							<String ID="string_260" HPOS="885" VPOS="1196" WIDTH="34" HEIGHT="20" WC="0.96" CONTENT="en,"/>
						</TextLine>
						<TextLine ID="line_30" HPOS="171" VPOS="1221" WIDTH="747" HEIGHT="30">
							<String ID="string_261" HPOS="171" VPOS="1229" WIDTH="34" HEIGHT="14" WC="0.91" CONTENT="om"/><SP WIDTH="20" VPOS="1229" HPOS="205"/>
							<String ID="string_262" HPOS="225" VPOS="1221" WIDTH="224" HEIGHT="29" WC="0.91" CONTENT="protokollsutdraget"/><SP WIDTH="20" VPOS="1221" HPOS="449"/>
							<String ID="string_263" HPOS="469" VPOS="1222" WIDTH="101" HEIGHT="28" WC="0.92" CONTENT="uppläses"/><SP WIDTH="21" VPOS="1222" HPOS="570"/>
							<String ID="string_264" HPOS="591" VPOS="1228" WIDTH="26" HEIGHT="15" WC="0.97" CONTENT="en"/><SP WIDTH="16" VPOS="1228" HPOS="617"/>
							<String ID="string_265" HPOS="633" VPOS="1222" WIDTH="59" HEIGHT="28" WC="0.96" CONTENT="gång"/><SP WIDTH="15" VPOS="1222" HPOS="692"/>
							<String ID="string_266" HPOS="707" VPOS="1222" WIDTH="40" HEIGHT="22" WC="0.94" CONTENT="till."/><SP WIDTH="31" VPOS="1222" HPOS="747"/>
							<String ID="string_267" HPOS="778" VPOS="1222" WIDTH="42" HEIGHT="28" WC="0.96" CONTENT="Jag"/><SP WIDTH="15" VPOS="1222" HPOS="820"/>
							<String ID="string_268" HPOS="835" VPOS="1223" WIDTH="83" HEIGHT="28" WC="0.96" CONTENT="tycker,"/>
						</TextLine>
						<TextLine ID="line_31" HPOS="171" VPOS="1256" WIDTH="748" HEIGHT="28">
							<String ID="string_269" HPOS="171" VPOS="1258" WIDTH="32" HEIGHT="18" WC="0.96" CONTENT="att"/><SP WIDTH="15" VPOS="1258" HPOS="203"/>
							<String ID="string_270" HPOS="218" VPOS="1256" WIDTH="37" HEIGHT="20" WC="0.96" CONTENT="det"/><SP WIDTH="14" VPOS="1256" HPOS="255"/>
							<String ID="string_271" HPOS="269" VPOS="1256" WIDTH="133" HEIGHT="28" WC="0.96" CONTENT="protokollet"/><SP WIDTH="15" VPOS="1256" HPOS="402"/>
							<String ID="string_272" HPOS="417" VPOS="1258" WIDTH="24" HEIGHT="18" WC="0.96" CONTENT="är"/><SP WIDTH="15" VPOS="1258" HPOS="441"/>
							<String ID="string_273" HPOS="456" VPOS="1256" WIDTH="23" HEIGHT="20" WC="0.96" CONTENT="så"/><SP WIDTH="15" VPOS="1256" HPOS="479"/>
							<String ID="string_274" HPOS="494" VPOS="1256" WIDTH="78" HEIGHT="27" WC="0.96" CONTENT="tydligt"/><SP WIDTH="15" VPOS="1256" HPOS="572"/>
							<String ID="string_275" HPOS="587" VPOS="1262" WIDTH="46" HEIGHT="14" WC="0.96" CONTENT="som"/><SP WIDTH="16" VPOS="1262" HPOS="633"/>
							<String ID="string_276" HPOS="649" VPOS="1256" WIDTH="37" HEIGHT="20" WC="0.96" CONTENT="det"/><SP WIDTH="15" VPOS="1256" HPOS="686"/>
							<String ID="string_277" HPOS="701" VPOS="1257" WIDTH="43" HEIGHT="19" WC="0.96" CONTENT="kan"/><SP WIDTH="15" VPOS="1257" HPOS="744"/>
							<String ID="string_278" HPOS="759" VPOS="1263" WIDTH="52" HEIGHT="14" WC="0.96" CONTENT="vara"/><SP WIDTH="15" VPOS="1263" HPOS="811"/>
							<String ID="string_279" HPOS="826" VPOS="1257" WIDTH="40" HEIGHT="20" WC="0.96" CONTENT="och"/><SP WIDTH="13" VPOS="1257" HPOS="866"/>
							<String ID="string_280" HPOS="879" VPOS="1257" WIDTH="40" HEIGHT="27" WC="0.96" CONTENT="jag"/>
						</TextLine>
						<TextLine ID="line_32" HPOS="170" VPOS="1289" WIDTH="749" HEIGHT="29">
							<String ID="string_281" HPOS="170" VPOS="1296" WIDTH="109" HEIGHT="22" WC="0.96" CONTENT="upprepar"/><SP WIDTH="22" VPOS="1296" HPOS="279"/>
							<String ID="string_282" HPOS="301" VPOS="1289" WIDTH="37" HEIGHT="21" WC="0.96" CONTENT="det"/><SP WIDTH="22" VPOS="1289" HPOS="338"/>
							<String ID="string_283" HPOS="360" VPOS="1290" WIDTH="58" HEIGHT="20" WC="0.96" CONTENT="ännu"/><SP WIDTH="21" VPOS="1290" HPOS="418"/>
							<String ID="string_284" HPOS="439" VPOS="1296" WIDTH="27" HEIGHT="14" WC="0.96" CONTENT="en"/><SP WIDTH="21" VPOS="1296" HPOS="466"/>
							<String ID="string_285" HPOS="487" VPOS="1290" WIDTH="68" HEIGHT="27" WC="0.96" CONTENT="gång,"/><SP WIDTH="14" VPOS="1290" HPOS="555"/>
							<String ID="string_286" HPOS="569" VPOS="1290" WIDTH="32" HEIGHT="20" WC="0.96" CONTENT="att"/><SP WIDTH="16" VPOS="1290" HPOS="601"/>
							<String ID="string_287" HPOS="617" VPOS="1289" WIDTH="67" HEIGHT="21" WC="0.96" CONTENT="slutar"/><SP WIDTH="15" VPOS="1289" HPOS="684"/>
							<String ID="string_288" HPOS="699" VPOS="1289" WIDTH="93" HEIGHT="28" WC="0.95" CONTENT="skatten,"/><SP WIDTH="16" VPOS="1289" HPOS="792"/>
							<String ID="string_289" HPOS="808" VPOS="1290" WIDTH="111" HEIGHT="21" WC="0.96" CONTENT="hvarifrån"/>
						</TextLine>
						<TextLine ID="line_33" HPOS="170" VPOS="1323" WIDTH="703" HEIGHT="30">
							<String ID="string_290" HPOS="170" VPOS="1324" WIDTH="106" HEIGHT="28" WC="0.96" CONTENT="miljonen"/><SP WIDTH="15" VPOS="1324" HPOS="276"/>
							<String ID="string_291" HPOS="291" VPOS="1324" WIDTH="69" HEIGHT="27" WC="0.95" CONTENT="tages,"/><SP WIDTH="16" VPOS="1324" HPOS="360"/>
							<String ID="string_292" HPOS="376" VPOS="1323" WIDTH="24" HEIGHT="21" WC="0.96" CONTENT="så"/><SP WIDTH="14" VPOS="1323" HPOS="400"/>
							<String ID="string_293" HPOS="414" VPOS="1323" WIDTH="98" HEIGHT="21" WC="0.96" CONTENT="förfaller"/><SP WIDTH="15" VPOS="1323" HPOS="512"/>
							<String ID="string_294" HPOS="527" VPOS="1323" WIDTH="138" HEIGHT="28" WC="0.96" CONTENT="naturligtvis"/><SP WIDTH="16" VPOS="1323" HPOS="665"/>
							<String ID="string_295" HPOS="681" VPOS="1324" WIDTH="65" HEIGHT="21" WC="0.96" CONTENT="också"/><SP WIDTH="14" VPOS="1324" HPOS="746"/>
							<String ID="string_296" HPOS="760" VPOS="1324" WIDTH="113" HEIGHT="29" WC="0.96" CONTENT="miljonen."/>
						</TextLine>
					</TextBlock>
					<TextBlock ID="block_5" HPOS="170" VPOS="1357" WIDTH="749" HEIGHT="65">
						<TextLine ID="line_34" HPOS="239" VPOS="1357" WIDTH="680" HEIGHT="30">
							<String ID="string_297" HPOS="239" VPOS="1357" WIDTH="72" HEIGHT="22" WC="0.93" CONTENT="Sedan"/><SP WIDTH="11" VPOS="1357" HPOS="311"/>
							<String ID="string_298" HPOS="322" VPOS="1357" WIDTH="141" HEIGHT="22" WC="0.93" CONTENT="omförmälde"/><SP WIDTH="11" VPOS="1357" HPOS="463"/>
							<String ID="string_299" HPOS="474" VPOS="1357" WIDTH="206" HEIGHT="29" WC="0.90" CONTENT="protokollsutdrag,"/><SP WIDTH="8" VPOS="1357" HPOS="680"/>
							<String ID="string_300" HPOS="688" VPOS="1358" WIDTH="8" HEIGHT="21" WC="0.96" CONTENT="i"/><SP WIDTH="9" VPOS="1358" HPOS="696"/>
							<String ID="string_301" HPOS="705" VPOS="1358" WIDTH="97" HEIGHT="29" WC="0.96" CONTENT="enlighet"/><SP WIDTH="10" VPOS="1358" HPOS="802"/>
							<String ID="string_302" HPOS="812" VPOS="1359" WIDTH="49" HEIGHT="21" WC="0.96" CONTENT="med"/><SP WIDTH="8" VPOS="1359" HPOS="861"/>
							<String ID="string_303" HPOS="869" VPOS="1359" WIDTH="50" HEIGHT="22" WC="0.96" CONTENT="herr"/>
						</TextLine>
						<TextLine ID="line_35" HPOS="170" VPOS="1391" WIDTH="748" HEIGHT="31">
							<String ID="string_304" HPOS="170" VPOS="1391" WIDTH="93" HEIGHT="23" WC="0.93" CONTENT="Linders"/><SP WIDTH="20" VPOS="1391" HPOS="263"/>
							<String ID="string_305" HPOS="283" VPOS="1392" WIDTH="141" HEIGHT="22" WC="0.92" CONTENT="förenämnde"/><SP WIDTH="21" VPOS="1392" HPOS="424"/>
							<String ID="string_306" HPOS="445" VPOS="1392" WIDTH="108" HEIGHT="28" WC="0.92" CONTENT="anhällan,"/><SP WIDTH="18" VPOS="1392" HPOS="553"/>
							<String ID="string_307" HPOS="571" VPOS="1393" WIDTH="128" HEIGHT="28" WC="0.93" CONTENT="ytterligare"/><SP WIDTH="14" VPOS="1393" HPOS="699"/>
							<String ID="string_308" HPOS="713" VPOS="1393" WIDTH="105" HEIGHT="29" WC="0.92" CONTENT="upplästs,"/><SP WIDTH="15" VPOS="1393" HPOS="818"/>
							<String ID="string_309" HPOS="833" VPOS="1394" WIDTH="85" HEIGHT="28" WC="0.92" CONTENT="yttrade"/>
						</TextLine>
					</TextBlock>
					<TextBlock ID="block_6" HPOS="171" VPOS="1427" WIDTH="750" HEIGHT="64">
						<TextLine ID="line_36" HPOS="238" VPOS="1427" WIDTH="680" HEIGHT="31">
							<String ID="string_310" HPOS="238" VPOS="1427" WIDTH="59" HEIGHT="21" WC="0.96" CONTENT="Herr"/><SP WIDTH="14" VPOS="1427" HPOS="297"/>
							<String ID="string_311" HPOS="311" VPOS="1427" WIDTH="160" HEIGHT="28" WC="0.96" CONTENT="Furuhjelm,"/><SP WIDTH="16" VPOS="1427" HPOS="471"/>
							<String ID="string_312" HPOS="487" VPOS="1427" WIDTH="28" HEIGHT="21" WC="0.71" CONTENT="H."/><SP WIDTH="16" VPOS="1427" HPOS="515"/>
							<String ID="string_313" HPOS="531" VPOS="1427" WIDTH="34" HEIGHT="22" WC="0.50" CONTENT="V.:"/><SP WIDTH="15" VPOS="1427" HPOS="565"/>
							<String ID="string_314" HPOS="580" VPOS="1427" WIDTH="44" HEIGHT="21" WC="0.96" CONTENT="För"/><SP WIDTH="15" VPOS="1427" HPOS="624"/>
							<String ID="string_315" HPOS="639" VPOS="1429" WIDTH="32" HEIGHT="20" WC="0.93" CONTENT="att"/><SP WIDTH="14" VPOS="1429" HPOS="671"/>
							<String ID="string_316" HPOS="685" VPOS="1428" WIDTH="65" HEIGHT="22" WC="0.92" CONTENT="häfva"/><SP WIDTH="15" VPOS="1428" HPOS="750"/>
							<String ID="string_317" HPOS="765" VPOS="1429" WIDTH="29" HEIGHT="21" WC="0.93" CONTENT="all"/><SP WIDTH="16" VPOS="1429" HPOS="794"/>
							<String ID="string_318" HPOS="810" VPOS="1429" WIDTH="108" HEIGHT="29" WC="0.93" CONTENT="tvetydig-"/>
						</TextLine>
						<TextLine ID="line_37" HPOS="171" VPOS="1461" WIDTH="750" HEIGHT="30">
							<String ID="string_319" HPOS="171" VPOS="1461" WIDTH="38" HEIGHT="22" WC="0.96" CONTENT="het"/><SP WIDTH="14" VPOS="1461" HPOS="209"/>
							<String ID="string_320" HPOS="223" VPOS="1462" WIDTH="40" HEIGHT="21" WC="0.96" CONTENT="och"/><SP WIDTH="16" VPOS="1462" HPOS="263"/>
							<String ID="string_321" HPOS="279" VPOS="1461" WIDTH="86" HEIGHT="28" WC="0.93" CONTENT="möjligt"/><SP WIDTH="19" VPOS="1461" HPOS="365"/>
							<String ID="string_322" HPOS="384" VPOS="1461" WIDTH="161" HEIGHT="28" WC="0.92" CONTENT="missförständ,"/><SP WIDTH="17" VPOS="1461" HPOS="545"/>
							<String ID="string_323" HPOS="562" VPOS="1462" WIDTH="52" HEIGHT="21" WC="0.96" CONTENT="ville"/><SP WIDTH="13" VPOS="1462" HPOS="614"/>
							<String ID="string_324" HPOS="627" VPOS="1463" WIDTH="39" HEIGHT="27" WC="0.95" CONTENT="jag"/><SP WIDTH="15" VPOS="1463" HPOS="666"/>
							<String ID="string_325" HPOS="681" VPOS="1463" WIDTH="5" HEIGHT="20" WC="0.95" CONTENT="i"/><SP WIDTH="18" VPOS="1463" HPOS="686"/>
							<String ID="string_326" HPOS="704" VPOS="1463" WIDTH="67" HEIGHT="22" WC="0.93" CONTENT="första"/><SP WIDTH="14" VPOS="1463" HPOS="771"/>
							<String ID="string_327" HPOS="785" VPOS="1463" WIDTH="97" HEIGHT="28" WC="0.93" CONTENT="punkten"/><SP WIDTH="16" VPOS="1463" HPOS="882"/>
							<String ID="string_328" HPOS="898" VPOS="1464" WIDTH="23" HEIGHT="22" WC="0.97" CONTENT="af"/>
						</TextLine>
					</TextBlock>
				</ComposedBlock>
			</PrintSpace>
		</Page>
	</Layout>
</alto>
