992 1714
747 116 40 21 139

136 180 176 22 Vidkommande
327 181 89 22 härnäst
431 183 13 21 3
460 189 64 14 mom.
538 181 89 28 beslöts,
642 182 28 29 på
684 182 51 21 herr
745 181 71 22 landt-

68 215 151 22 marskalkens
234 216 74 21 derom
324 216 77 28 gjorda
416 217 167 28 framställning,
599 218 32 20 att
641 224 25 14 ur
677 217 59 21 detta
744 224 72 19 mom.,

68 257 46 14 som
130 249 7 21 i
154 249 66 29 öfrigt
234 250 134 28 godkändes,
384 251 70 22 skulle
469 252 106 21 uteslutas
590 251 117 28 meningen
724 252 41 27 ,på
780 251 36 21 det

66 285 159 28 länestyrelsen
241 285 36 21 må
299 287 67 19 sättas
385 286 7 20 i
413 286 85 21 tillfälle
516 287 38 25 att,
574 292 35 14 om
627 286 76 27 nödigt
720 286 95 28 pröfvas,

67 319 113 21 motverka
195 319 134 22 inrättandet
344 320 24 21 af
381 321 52 20 flere
448 320 128 22 brännerier
590 320 7 21 i
612 321 78 20 närhet
704 321 34 20 till
754 321 62 21 hvar-

68 354 68 21 andra
159 354 39 21 och
221 354 88 22 dermed
331 355 104 21 förenade
453 357 69 20 större
542 355 198 28 bränvinstillgång
757 355 13 21 &
788 362 27 14 en

67 390 40 25 ort,
130 390 27 20 än
180 389 99 28 verkliga
303 389 102 22 behofvet
424 389 48 22 med
495 390 84 28 hänsyn
597 389 34 21 till
653 389 162 28 folkmängden,

68 425 71 20 sämre
158 423 53 21 eller
231 423 72 22 bättre
321 423 219 29 afsättningstillfälle
560 425 56 20 samt
633 424 67 28 nödig
715 424 100 21 förbruk-

66 457 55 29 ning
141 457 23 22 af
181 458 91 22 bränvin
291 458 34 22 för
343 459 141 28 medicinska,
502 459 165 28 vetenskapliga
685 459 53 21 eller
753 459 62 21 indu-

67 493 75 21 striela
158 493 106 28 ändamål,
281 494 110 22 derstädes
407 494 98 29 skäligen
520 494 44 21 kan
580 494 118 21 erfordra.*

134 528 33 21 De
187 528 70 29 öfriga
275 530 152 20 momenterna
444 529 23 21 af
481 530 11 20 6
508 530 34 27 S:n
558 530 91 27 antogos
664 528 150 28 oförändrade,

66 563 94 21 hvarhos
175 563 89 27 beslöts,
280 565 33 20 att
326 564 50 20 med
385 564 163 21 bestämmande
560 564 24 21 af
592 563 169 22 kommunernas
771 565 44 19 rätt

67 599 32 18 att
116 597 101 29 förbjuda
237 598 124 21 inrättande
380 599 23 20 af
421 599 175 21 bränvinsfabrik
614 599 59 20 inom
692 598 63 21 deras
770 605 44 14 om-

66 631 68 22 råden
150 632 70 21 skulle
236 633 63 21 anstå
313 632 44 22 tills
373 633 131 29 pröfningen
520 633 24 21 af
556 632 147 28 nästföljande
719 634 19 26 $.

133 666 45 21 Vid
192 667 165 28 granskningen
371 667 24 21 af
409 668 11 27 $
437 668 10 20 7
463 667 96 29 yttrade:

133 700 58 22 Herr
206 708 42 14 von
263 701 194 29 Weissenberg:
473 702 43 21 För
532 702 45 20 min
593 701 34 21 del
643 702 45 20 tror
701 702 45 28 jag,
763 702 50 20 att
804 696 13 39 i

65 735 105 21 händelse
187 735 66 22 orden
270 736 67 26 ,eller
351 738 80 26 antaga
446 737 60 28 lägre
517 736 83 22 anbud"
612 736 69 21 skulle
692 736 32 21 uti
734 736 80 28 ifråga-

66 770 94 21 varande
176 771 11 27 8
202 770 127 28 bibehållas,
349 770 77 22 sådant
445 772 75 21 endast
539 771 71 21 skulle
628 771 66 21 verka
708 771 106 28 missnöje

65 804 40 22 och
128 804 73 29 oreda,
222 806 102 21 hvarföre
345 806 39 28 jag
406 806 92 22 föreslår
520 807 32 21 att
574 806 63 21 dessa
657 805 38 21 ord
715 806 49 21 från
780 806 34 28 $:n

64 840 113 22 uteslutas.

133 874 59 22 Herr
207 875 190 22 Schatelovitz:
414 876 43 28 Jag
471 876 39 22 ber
525 877 32 20 att
572 876 22 20 få
609 876 141 28 understödja
764 876 51 21 herr

64 917 43 14 von
127 910 168 28 Weissenbergs
314 910 91 29 förslag;
428 912 23 26 ty
471 911 55 21 skall
543 910 135 28 rättigheten
696 910 34 21 till
750 911 64 21 brän-

64 944 192 30 vinstillverkning
275 945 12 21 &
305 945 90 21 auktion
414 945 108 29 utbjudas,
540 945 40 21 bör
598 945 65 21 också
681 945 77 28 högsta
777 952 37 14 an-

64 979 67 22 budet
146 979 22 21 få
183 980 64 28 gälla.

133 1014 58 22 Herr
206 1014 160 28 Ehrnrooth,
381 1014 28 22 K.
425 1015 33 21 A.:
475 1014 41 30 Jag
531 1014 39 22 ber
586 1016 32 19 att
632 1014 22 22 få
664 1014 57 22 fästa
731 1014 83 22 ridder-

67 1049 89 29 skapets
179 1050 40 20 och
241 1049 76 22 adelns
340 1050 192 28 uppmärksamhet
551 1048 73 29 derpä,
647 1051 32 19 att
699 1050 7 20 i
722 1049 55 29 följd
792 1050 24 21 af

66 1084 96 22 ständets
184 1084 135 22 beträffande
339 1085 10 20 1
369 1091 66 15 mom.
455 1084 23 22 af
493 1084 181 28 nästföregäende
697 1084 11 28 $
730 1084 83 22 fattade

64 1119 79 27 beslut,
158 1119 50 21 hela
223 1120 68 21 andra
305 1126 64 14 mom.
385 1119 23 21 af
421 1119 71 21 denna
506 1120 12 27 $
532 1118 68 22 borde
615 1119 112 21 uteslutas.

132 1153 103 22 Friherre
251 1154 142 28 Carpelan:
417 1154 42 28 Jag
473 1154 38 21 ber
526 1155 32 20 att
572 1154 22 21 få
609 1154 117 21 instämma
740 1154 8 20 i
763 1154 51 21 herr

64 1196 42 14 von
121 1188 169 30 Weissenbergs
308 1188 89 29 förslag,
418 1189 27 21 dä
461 1189 38 28 jag
513 1189 49 21 icke
577 1188 44 22 kan
636 1188 47 22 inse
698 1188 56 22 hvad
769 1196 44 14 me-

64 1224 81 28 ningen
161 1224 88 20 dermed
264 1226 24 18 är
303 1224 32 20 att
350 1225 31 19 ett
395 1224 62 28 lägre
472 1224 72 21 anbud
560 1223 70 21 skulle
645 1225 97 26 antagas.

131 1258 60 21 Herr
209 1264 42 15 von
269 1258 91 21 Essen:
383 1258 44 28 Jag
448 1258 43 21 kan
512 1258 49 21 icke
584 1257 49 22 dela
650 1258 104 20 herrarne
770 1265 42 14 von

64 1292 168 28 Weissenbergs
245 1293 40 21 och
297 1292 152 22 Schatelovitz'
461 1293 93 27 mening.
586 1292 42 28 Jag
639 1299 65 14 anser
719 1294 93 19 tvertom

64 1327 37 20 det
114 1334 51 14 vara
178 1327 83 28 ganska
271 1327 134 27 nödvändigt
418 1329 31 18 att
460 1327 129 27 stadgandet
600 1334 34 13 om
644 1327 55 26 kejs.
711 1329 101 18 senatens

65 1360 159 29 pröfningsrätt
234 1360 25 21 af
274 1360 205 21 auktionsanbuden
491 1360 103 27 gvarstär,
608 1361 23 26 ty
641 1360 7 20 i
659 1359 131 28 föregående
801 1361 11 26 8

65 1395 132 21 bestämmes
213 1396 32 19 att
260 1394 42 21 den
317 1401 86 22 person,
419 1401 46 14 som
481 1394 56 21 skall
552 1394 101 28 tilläggas
664 1394 106 28 rättighet
780 1395 32 20 att

64 1429 101 22 tillverka
179 1429 98 28 bränvin,
293 1429 40 22 bör
348 1435 41 22 ega
404 1429 41 28 god
461 1429 57 28 frejd
534 1429 39 22 och
586 1429 83 28 jemväl
682 1429 8 20 i
701 1429 110 22 allmänna
