975 1706
201 128 41 21 526

172 200 38 14 sen
225 193 93 21 tillfallit
333 193 26 21 de
375 192 125 22 nuvarande
516 198 94 23 egarene
621 192 7 21 i
639 192 40 27 arf,
695 193 56 21 efter
767 192 25 22 de
807 198 119 22 ursprung-

173 227 43 28 liga
239 227 160 27 donatarierne,
422 229 78 27 utgöra
522 228 63 20 dessa
606 227 53 27 gods
680 227 7 20 i
703 226 80 22 sådana
803 226 38 22 fall
861 226 64 22 äfven

171 262 103 28 vederlag
293 262 34 21 för
345 269 71 14 annan
437 262 114 28 egendom,
570 261 87 21 hvilken
680 261 91 21 kommit
792 261 71 28 öfrige
884 261 42 21 arf-

172 297 76 27 vingar
270 296 35 21 till
328 296 62 28 godo.
420 296 82 22 Vidare
525 296 65 21 hafva
611 296 134 27 derigenom,
765 298 32 19 att
815 295 112 28 åtskilliga

172 330 169 28 donationsgods
358 331 70 21 blifvit
443 330 114 29 splittrade
573 330 41 22 och
629 330 88 22 försålts
733 330 7 21 i
757 330 84 22 mindre
857 330 67 27 delar,

172 366 82 20 inemot
277 365 122 21 tvähundra
420 365 51 21 hela
491 365 217 22 donationshemman
729 364 23 22 af
769 365 110 27 allmogen
894 364 32 21 in-

172 400 71 28 köpts,
265 399 70 21 ehuru
353 399 49 21 icke
422 400 59 20 alltid
498 400 25 21 af
536 399 26 21 de
586 399 153 28 ursprunglige
763 399 94 21 åboerne
873 398 54 22 eller

172 434 74 21 desses
268 434 205 21 rättsinnehafvare.
503 434 35 21 Då
560 434 55 20 slike
636 434 24 20 af
673 434 110 27 allmogen
801 434 80 20 inlöste
897 433 30 21 lä-

172 468 106 28 genheter
298 468 45 21 ofta
363 468 64 21 äfven
447 468 125 22 sedermera
588 468 84 28 ombytt
688 474 71 22 egare,
777 468 69 21 skulle
861 468 8 20 i
885 467 41 22 den

172 502 104 22 händelse
292 504 31 20 att
339 503 124 21 nuvarande
481 502 153 22 innehafvares
648 504 43 20 rätt
707 502 116 21 bedömdes
834 502 55 22 efter
901 502 26 22 de

173 536 57 22 olika
246 537 78 27 vilkor,
340 537 29 28 på
384 537 73 21 hvilka
472 537 164 28 förläningarne
652 537 168 27 ursprungligen
836 536 91 28 bortgif-

173 572 48 26 vits,
242 572 49 20 icke
312 571 55 21 blott
385 571 82 28 lagliga
487 579 64 21 egare
572 572 33 20 till
621 578 26 14 en
664 570 80 28 mängd
759 571 102 21 hemman
876 570 50 22 rub-

173 606 39 20 bas
227 606 7 20 i
250 606 34 20 sin
299 608 50 24 rätt,
369 607 52 20 utan
438 606 40 21 ock
494 606 79 21 talrika
589 606 39 20 och
642 606 129 27 långvariga
785 606 142 27 rättegångar

172 640 124 22 föranledas
312 640 40 22 och
368 640 90 22 sålunda
474 640 128 28 betänkliga
617 640 160 28 förvecklingar
793 640 8 20 i
811 640 52 21 flere
874 640 53 21 hän-

173 676 95 21 seenden
284 676 133 21 framkallas.

241 710 115 21 Utskottet
376 710 71 21 finner
463 711 93 26 derföre,
572 711 32 20 att
618 709 27 21 de
660 710 125 21 nuvarande
801 708 127 22 innehafva-

174 751 64 15 renes
259 744 23 21 af
301 744 247 22 donationshemmanen
568 746 44 19 rätt
628 744 40 22 och
683 744 8 20 i
707 743 118 22 allmänhet
840 743 26 21 de
882 743 46 22 fak-

173 779 57 21 tiska
245 778 173 28 förhållandena,
437 779 81 21 sådana
534 779 26 21 de
576 778 68 22 under
661 780 85 20 senaste
762 778 114 22 årtionden
891 785 37 22 ge-

174 814 73 21 staltat
268 814 40 27 sig,
329 813 48 21 icke
396 814 74 21 kunna
489 814 84 20 lemnas
594 815 52 19 utan
662 813 110 21 afseende.
801 813 52 21 Men
869 812 59 22 detta

174 848 102 22 afseende
297 848 73 21 består
390 848 55 21 blott
461 848 53 26 deri,
530 850 32 19 att
578 847 153 22 donatarierne
747 847 62 21 skola
824 848 56 20 afstå
895 847 33 21 sin

170 883 52 27 jord
245 884 59 20 emot
324 882 37 21 det
380 882 45 28 pris
446 890 27 14 en
492 882 192 28 kompromissrätt
699 882 126 21 densamma
840 882 88 21 åsätter.

174 917 42 29 Jag
232 917 42 21 kan
296 924 24 14 ur
342 917 138 28 synpunkten
496 917 24 21 af
533 917 26 21 de
575 917 161 28 rättsbegrepp,
759 923 46 15 som
821 916 108 28 genomgå

174 951 41 22 den
235 951 139 28 lagstiftning
391 952 39 27 jag
448 952 66 20 inlärt
530 951 40 21 och
585 951 77 27 hyllar,
678 951 48 21 icke
742 951 76 21 förena
833 951 46 27 mig
893 958 34 14 om

174 993 27 15 en
222 986 61 28 dylik
306 986 83 27 åtgärd,
405 988 52 19 utan
482 986 94 21 biträder
598 986 33 20 till
652 986 43 21 alla
710 986 59 20 delar
785 986 41 21 den
842 986 23 20 af
878 986 51 20 herr

175 1027 41 15 von
231 1020 67 27 Born,
315 1020 20 21 J.
351 1020 34 27 A.,
401 1020 99 21 deremot
510 1019 108 29 nedlagda
628 1020 141 21 reservation.
785 1020 63 21 Dock
859 1020 70 21 skulle

170 1056 40 27 jag
230 1054 39 21 hos
290 1054 51 21 herr
361 1054 68 21 baron
445 1054 40 21 och
500 1054 201 21 landtmarskalken
716 1054 110 21 vördsamt
841 1054 87 21 anhålla

174 1091 32 19 att
225 1089 51 21 herr
291 1088 103 28 Pipping,
409 1088 32 27 F.,
457 1089 68 20 mätte
540 1095 122 21 uppmanas
677 1088 127 28 ytterligare
820 1088 33 21 för
869 1089 59 20 stän-

174 1123 36 21 det
226 1123 116 21 framhålla
362 1122 37 21 det
414 1123 23 20 af
454 1123 79 21 honom
549 1129 51 21 nyss
616 1123 96 27 antydda
727 1122 82 28 förslag
824 1122 7 21 i
847 1123 80 26 ämnet,

174 1158 71 21 säsom
260 1157 6 20 i
282 1157 45 21 min
346 1157 66 21 tanke
428 1157 154 21 innehällande
599 1164 27 13 en
642 1157 131 28 förmedling
789 1157 23 20 af
826 1157 74 20 saken.

242 1191 58 21 Herr
320 1191 151 28 Törngren:
491 1191 43 28 Jag
553 1191 43 21 kan
612 1191 6 20 i
634 1191 71 21 denna
721 1191 61 28 fräga
798 1191 48 22 icke
862 1193 67 19 annat

174 1227 28 20 än
222 1225 77 22 förena
319 1225 45 28 mig
379 1225 7 20 i
402 1225 36 21 det
454 1225 23 21 af
494 1226 92 21 friherre
610 1225 109 28 Carpelan
742 1226 89 21 sednast
851 1225 77 28 gjorda

174 1259 112 28 förslaget,
302 1265 50 14 men
365 1259 40 27 jag
419 1259 95 20 önskade
530 1259 55 20 dock
600 1259 92 28 tillägga
707 1259 73 21 dertill
795 1261 32 18 att
838 1259 41 20 den
891 1259 37 21 ko-

171 1292 53 22 mitö
240 1293 54 20 eller
314 1293 149 26 kommission,
480 1299 46 14 som
548 1292 87 21 komme
651 1295 32 18 att
702 1292 156 27 tillförordnas,
871 1293 57 28 jem-

174 1327 35 21 väl
224 1327 67 21 borde
310 1327 89 28 åläggas
420 1329 32 18 att
467 1327 12 21 å
495 1329 63 19 orten
576 1327 128 21 införskaffa
720 1327 158 28 upplysningar
893 1333 35 16 om

174 1361 126 29 grunderna
319 1361 33 20 till
373 1361 59 21 säväl
449 1361 163 22 donatariernes
627 1368 46 15 som
690 1361 238 22 donationsböndernes

174 1398 50 19 rätt.
254 1395 44 22 Det
319 1395 76 28 tyckes
415 1396 110 28 nemligen
543 1403 51 14 vara
615 1395 90 22 allmänt
720 1396 71 21 insedt
807 1397 23 21 af
844 1397 85 22 ståndet

172 1432 31 21 att
222 1430 175 23 statsutskottets
418 1430 138 23 betänkande
577 1431 20 28 ej
617 1431 71 22 hvilar
707 1432 29 27 pä
751 1432 68 28 några
833 1432 96 22 tillräck-
