973 1711
197 137 41 19 544

237 200 58 21 Herr
312 206 40 15 von
368 200 80 25 Born,
465 199 19 21 J.
495 200 34 21 A.:
545 200 44 20 Det
604 200 39 20 här
658 200 124 26 föreslagna
793 199 126 27 förfarings-

168 236 68 20 sättet
253 234 71 20 finner
339 234 40 28 jag
399 234 32 20 till
452 234 113 28 principen
580 234 90 21 alldeles
685 234 83 28 riktigt.
799 235 72 20 Anser
886 240 34 14 re-

168 269 107 29 geringen
291 269 37 20 det
342 268 100 28 lämpligt
457 268 40 21 och
512 268 136 28 nödvändigt
663 270 26 19 än
706 268 74 21 vidare
796 269 125 21 underlätta

168 303 132 26 inlösandet,
321 303 23 20 sä
363 303 61 20 torde
445 302 35 21 det
501 303 47 20 icke
569 310 52 13 vara
644 303 100 28 omöjligt
762 305 32 18 att
812 303 24 21 af
850 303 71 28 öfriga

168 337 126 23 statsmedel
315 337 58 20 finna
393 337 117 28 tillgångar
531 337 78 21 dertill.
639 337 45 22 För
704 337 65 28 öfrigt
789 337 39 21 ber
844 338 40 27 jag
899 338 22 21 få

168 373 56 21 fästa
244 371 221 29 uppmärksamheten
487 371 77 28 derpä,
580 373 32 19 att
628 372 6 20 i
650 372 97 28 följande
768 379 64 14 mom.
851 372 69 21 finnes

169 409 31 19 ett
220 406 71 22 medel
306 406 119 27 föreslaget
441 406 32 20 till
489 406 128 28 ytterligare
632 406 168 22 underlättande
816 407 24 20 af
854 407 66 20 dona-

168 440 181 23 tionsböndernes
368 440 87 27 bördor,
471 441 111 27 nemligen
597 441 152 28 utsträckning
764 441 24 20 af
802 441 117 21 befrielsen

168 477 48 20 frän
236 476 151 21 skatteräntan
407 475 34 20 för
461 475 87 21 kortare
570 475 53 21 eller
643 476 75 27 längre
735 475 37 21 tid.
802 475 44 21 Det
862 476 57 20 stad-

168 511 82 28 gandet
265 509 206 22 öfverensstämmer
485 509 134 28 fullkomligt
628 511 50 20 med
688 509 57 22 hvad
755 510 165 28 propositionen

168 545 122 21 innehäller
310 543 39 22 och
370 544 105 21 utskottet
495 545 39 21 har
554 546 72 19 ansett
648 551 26 14 en
696 545 66 21 sädan
783 546 67 26 utväg
868 552 52 13 vara

169 579 42 21 den
229 578 148 29 lämpligaste,
401 578 34 21 för
457 581 31 19 att
512 578 80 22 bereda
614 586 27 14 en
662 579 118 28 jemkning
795 578 5 21 i
817 578 103 22 afseende

169 615 13 21 å
197 614 36 21 det
250 613 161 29 jemförelsevis
431 613 67 29 högre
515 614 54 21 eller
584 614 61 27 lägre
660 614 55 28 pris,
732 621 45 14 som
794 613 34 21 för
841 613 79 29 jorden

169 649 72 21 blifvit
261 648 90 28 erlagdt.
381 648 79 28 Nägon
481 648 92 28 ändring
591 648 24 21 af
630 656 29 13 nu
675 648 164 28 ifrägavarande
855 655 65 14 mom.

169 684 43 20 kan
225 684 39 27 jag
279 683 86 21 säledes
379 682 50 21 icke
446 682 118 29 tillstyrka.

236 718 33 20 Pä
284 716 161 28 framställning
461 717 23 21 af
497 718 50 20 herr
561 717 202 21 landtmarskalken
779 719 67 25 antog
862 717 58 21 stän-

170 752 36 21 det
221 750 166 29 ifrägavarande
403 753 97 19 moment
515 751 147 22 oförändradt.

236 785 175 22 Vidkommande
429 787 52 19 1:sta
497 793 64 14 mom.
577 787 13 20 &
604 793 50 21 pag.
672 787 23 20 11
714 786 24 21 af
752 786 116 21 utskottets
884 786 36 21 be-

168 820 111 22 tänkande
299 820 92 21 rörande
412 821 93 20 naturen
526 820 24 21 af
563 820 27 21 de
606 820 91 27 inköpta
712 820 138 27 hemmanen,
867 827 53 22 upp-

169 855 48 22 stod
232 855 97 27 följande
345 854 131 21 diskussion:

238 888 80 22 Grefve
338 888 125 28 Armfelt,
483 889 37 20 A.:
545 889 72 21 Sedan
638 888 36 22 det
694 889 119 28 höglofliga
833 889 87 21 ständet

168 924 86 28 antagit
274 923 37 21 det
331 923 132 28 föregäende
483 930 72 20 mom.,
576 923 38 21 der
630 924 36 20 det
682 925 63 27 säges
761 926 31 18 att
807 924 112 21 bönderne

168 958 62 22 skola
246 958 90 27 erlägga
351 958 58 20 säväl
425 958 106 27 kapitalet
547 965 45 13 som
609 960 77 19 räntan
702 958 58 28 uppä
775 958 40 21 den
828 965 92 19 summa,

168 992 88 22 hvartill
276 992 167 27 lägenheterna,
460 992 69 28 enligt
549 992 36 21 det
605 992 23 21 af
642 1000 34 13 oss
692 992 58 20 förut
766 994 96 26 antagna
876 993 43 20 för-

169 1028 79 27 slaget,
263 1026 73 21 kunde
355 1026 113 26 värderas,
483 1027 40 20 och
543 1026 27 21 dä
590 1026 60 22 detta
665 1026 67 22 värde
748 1027 94 27 troligen
858 1027 61 21 kom-

168 1069 46 13 mer
230 1062 31 20 att
276 1060 131 21 bestämmas
423 1060 56 22 efter
494 1060 57 22 hvad
565 1061 158 27 lägenheterna
738 1061 102 28 inbringa
854 1061 65 21 dona-

168 1096 107 25 tarierne,
296 1095 6 20 i
317 1094 84 21 hvilkas
422 1095 58 21 hand
501 1095 26 21 de
548 1096 36 20 äro
605 1095 24 21 af
647 1096 131 20 frälsenatur
798 1096 41 20 och
854 1096 66 20 hafva

168 1130 85 21 säledes
267 1131 31 18 ett
313 1128 53 28 högt
382 1129 71 27 värde,
470 1136 64 21 synes
549 1130 45 27 mig
609 1130 111 21 bönderne
736 1129 88 21 komma
840 1132 31 18 att
882 1130 37 20 be-

167 1164 44 21 tala
232 1171 28 14 en
280 1163 83 28 ganska
383 1163 44 28 hög
442 1163 68 21 lösen.
541 1163 74 21 Skulle
631 1163 157 28 lägenheterna
802 1163 68 21 likväl
886 1171 33 14 er-

166 1198 59 21 hälla
241 1198 77 21 endast
333 1197 137 22 skattenatur
486 1200 56 19 samt
557 1197 111 22 bönderne
684 1198 91 21 sälunda
784 1197 70 22 blifva
864 1198 55 28 plig-

167 1233 45 27 tige
231 1234 33 19 att
279 1231 85 22 utöfver
379 1231 167 29 löseskillingen
562 1234 59 19 ännu
636 1233 91 27 erlägga
743 1232 55 27 ärlig
814 1232 59 21 skatt
886 1233 33 20 till

167 1266 95 26 kronan,
278 1271 64 15 anser
359 1265 39 27 jag
419 1265 36 20 det
470 1272 52 14 vara
538 1272 27 14 en
581 1265 111 27 orättvisa,
708 1265 26 21 dä
750 1265 169 28 lägenheternas

167 1299 82 21 vordna
270 1299 110 28 egenskap
401 1299 24 20 af
443 1299 67 20 frälse
529 1299 125 28 antagligen
671 1300 20 27 ej
709 1299 55 21 varit
780 1301 50 19 utan
847 1299 71 21 inver-

167 1334 42 21 kan
225 1334 29 28 pä
268 1333 183 28 köpeskillingen.

234 1368 58 21 Herr
307 1367 117 27 Linder,
439 1367 36 22 E.:
496 1368 43 28 Jag
557 1369 87 20 förenar
659 1369 46 28 mig
720 1369 133 27 fullkomligt
869 1369 48 21 med

166 1402 75 28 grefve
260 1403 101 21 Armfelt.
391 1402 11 20 I
417 1402 38 22 fall
471 1403 119 21 utskottets
606 1403 82 28 förslag
704 1405 100 26 antages,
820 1404 39 20 har
874 1406 44 26 sty-

167 1437 72 21 relsen
260 1437 125 28 pätagligen
407 1438 58 27 gjort
481 1445 26 13 en
524 1438 84 27 ganska
623 1438 43 27 god
680 1437 60 22 affär.
771 1438 35 21 Nu
823 1438 38 21 har
877 1439 41 20 den
