992 1706
752 120 37 21 111

70 191 27 14 en
113 184 75 29 längre
204 184 32 22 tid
251 184 33 22 för
296 184 49 22 dess
357 185 108 29 giltighet,
483 184 41 22 den
535 184 70 22 skulle
616 186 86 21 komma
712 186 32 20 att
754 184 68 23 blifva

70 219 125 21 bestående.
224 219 54 21 Deri
297 227 35 13 ser
348 220 40 28 jag
407 227 27 14 en
449 220 127 28 ytterligare
592 220 118 28 anledning
725 222 31 19 att
771 220 49 21 icke

72 253 120 21 bestämma
207 260 26 14 en
250 254 43 21 viss
309 254 38 27 tid,
357 256 54 19 utan
427 254 44 21 låta
485 254 80 27 landet,
580 255 20 21 d.
616 262 19 14 v.
651 262 17 13 s.
684 254 26 21 de
726 254 94 26 ständer,

73 294 46 14 som
135 288 56 21 efter
213 294 35 15 oss
270 288 168 27 sammanträda,
456 288 121 22 bestämma
594 288 56 22 hvad
665 296 47 13 som
727 288 40 21 bör
782 288 38 21 ske

69 322 41 21 och
125 322 48 21 icke
189 322 38 22 ske
247 322 55 22 efter
323 323 42 21 den
385 322 131 27 erfarenhet,
533 330 45 14 som
599 322 26 22 de
643 323 85 21 kunnat
745 323 75 21 samla.

68 356 45 21 Det
123 356 70 22 finnes
203 359 59 19 ännu
278 358 31 20 ett
324 358 47 20 skäl
386 359 31 19 att
433 357 48 21 icke
493 357 121 22 bestämma
626 358 72 28 någon
710 357 38 27 tid,
760 364 60 14 nem-

68 392 60 27 ligen
144 392 42 26 det,
202 393 32 20 att
249 392 37 21 det
302 392 61 21 torde
378 398 53 15 vara
445 393 79 27 ytterst
540 392 58 21 svårt
614 394 31 19 att
660 399 30 14 nu
705 392 67 21 innan
783 392 37 21 nå-

68 433 44 20 gon
128 426 125 21 erfarenhet
275 426 70 21 finnes
368 426 121 21 bestämma
511 426 87 21 skatten
618 427 30 26 så,
667 428 32 19 att
718 427 42 20 den
779 426 42 21 blir

68 460 99 29 lämplig.
197 461 44 21 Det
256 461 43 21 kan
315 460 71 21 hända
401 462 31 19 att
448 461 41 21 den
504 461 42 21 blir
563 460 33 22 för
612 460 43 29 hög
666 461 54 21 eller
730 460 34 22 för
774 461 46 28 låg;

70 495 7 20 i
92 495 108 21 hvardera
220 495 61 22 fallet
303 501 52 16 vore
376 495 37 21 det
432 502 27 14 en
480 497 44 19 stor
545 495 84 28 olycka,
645 502 35 15 om
695 495 49 21 icke
759 495 61 21 kom-

70 529 80 22 mande
166 530 88 21 ständer
269 529 58 29 finge
343 530 86 27 reglera
444 530 49 27 den,
508 537 35 14 om
555 530 153 21 erfarenheten
719 530 57 21 visar
787 530 33 21 så-

70 564 52 21 dant
142 571 51 15 vara
212 565 111 28 behöfligt.
353 564 44 29 Jag
417 565 69 21 måste
501 564 73 22 derför
589 564 55 29 yrka
658 565 29 28 på
702 566 32 20 att
749 565 71 28 någon

69 599 31 21 tid
117 599 48 21 icke
184 599 138 27 bestämmes,
341 601 53 20 utan
413 602 32 19 att
463 600 65 27 lagen
543 599 42 22 blir
600 599 101 28 gällande
718 600 23 20 så
756 599 65 28 länge

70 634 42 22 den
128 634 49 21 icke
192 634 23 21 af
228 636 77 26 regent
321 634 39 21 och
377 635 88 20 ständer
481 634 120 21 förändras.

136 668 58 22 Herr
208 668 163 29 Furuhjelm,
387 668 28 22 H.
432 668 35 22 V.:
491 668 48 21 Den
551 668 24 22 af
585 668 50 21 herr
646 675 43 14 von
700 668 60 21 Born
775 669 44 27 ytt-

69 703 53 20 rade
131 703 152 28 betänklighet
293 703 35 22 vid
339 703 42 21 den
392 703 24 21 af
425 703 44 28 mig
479 703 33 21 för
523 704 12 27 &
546 703 12 20 2
569 703 125 28 föreslagna
704 703 115 20 redaktion

70 737 42 22 kan
126 738 40 27 jag
181 738 20 28 ej
217 737 60 22 finna
293 737 108 28 grundad;
418 739 23 26 ty
453 738 40 28 jag
508 740 44 19 tror
568 738 32 21 att
616 737 69 28 enligt
700 737 72 22 denna
786 745 34 14 re-

69 772 79 28 gering
162 772 40 21 och
218 772 89 21 ständer
321 779 52 14 vore
389 772 153 22 oförhindrade
562 773 32 20 att
610 773 60 20 utom
686 771 134 22 beträffande

70 807 41 21 den
127 807 112 21 bestämda
258 807 60 21 tiden
339 807 33 21 för
387 807 127 22 bränvinets
529 806 179 28 fabriksmessiga
723 806 97 22 tillverk-

69 842 60 28 ning,
151 842 6 20 i
177 841 40 22 allt
237 841 67 29 öfrigt
323 841 36 21 vid
379 841 110 22 blifvande
509 841 129 28 landtdagar
658 841 104 22 förändra
777 841 43 22 för-

69 876 135 28 fattningens
220 876 134 29 stadganden
371 876 40 21 och
427 876 84 21 således
526 876 64 21 äfven
607 876 85 28 förhöja
708 876 93 21 skatten.

138 911 58 21 Herr
211 910 201 29 Björkenheim,
428 910 94 22 Robert:
539 910 43 28 Jag
596 910 43 21 kan
655 910 48 22 icke
719 910 49 22 dela
778 911 43 21 den

70 946 24 20 af
107 946 50 20 herr
173 952 41 14 von
230 944 139 22 Willebrand
383 945 86 27 yttrade
489 945 96 27 farhåga,
605 946 32 19 att
654 944 166 28 ifrågavarande

70 980 130 27 författning
225 979 68 21 redan
318 980 13 20 &
354 980 63 20 nästa
440 979 104 29 landtdag
566 979 87 21 komme
678 980 32 20 att
732 979 86 21 ändras.

71 1013 43 29 Jag
133 1014 65 28 hyser
219 1014 36 21 det
275 1013 125 22 förtroende
421 1013 32 21 till
474 1014 134 28 riktigheten
628 1013 24 21 af
670 1013 42 21 den
727 1013 93 29 princip,

70 1055 46 14 som
138 1048 71 22 blifvit
231 1049 23 21 af
273 1050 34 20 tre
327 1048 64 21 stånd
406 1050 100 26 antagen,
530 1050 31 19 att
573 1049 41 27 jag
628 1048 48 20 icke
692 1048 39 20 bär
747 1048 72 27 någon

69 1082 89 22 fruktan
173 1082 34 21 för
225 1084 32 19 att
275 1082 134 31 underkasta
424 1082 124 22 densamma
563 1082 104 28 pröfning
682 1082 24 21 af
719 1082 26 21 de
761 1083 57 20 stän-

70 1118 44 26 der,
136 1124 45 14 som
200 1117 88 21 komma
303 1119 32 19 att
355 1117 161 21 sammanträda
533 1118 60 20 1866.
624 1116 34 22 Då
673 1116 36 21 det
724 1117 24 21 år
765 1117 54 20 1864

69 1159 38 15 var
123 1151 86 29 möjligt
225 1154 31 18 att
271 1151 152 29 genomdrifva
437 1151 71 22 denna
518 1152 88 27 reform,
623 1152 23 20 så
655 1151 66 28 hyser
728 1151 40 28 jag
778 1150 41 22 den

70 1187 56 21 fasta
146 1186 113 28 tillförsigt
278 1186 33 21 till
333 1186 54 21 1866
408 1186 35 21 års
462 1186 94 27 ständer,
579 1188 33 18 att
626 1185 66 21 bland
708 1185 48 21 dem
772 1185 48 21 icke

70 1220 57 22 skall
145 1220 70 22 finnas
235 1222 33 20 tre
287 1220 69 28 stånd,
376 1228 46 14 som
439 1220 67 22 önska
522 1220 75 28 återgå
611 1220 34 21 till
660 1219 37 22 det
712 1220 59 21 förra
786 1226 34 21 sy-

70 1257 87 20 stemet.

138 1290 57 21 Herr
211 1290 104 21 Taube:
339 1290 72 21 Jemte
434 1289 36 22 det
487 1290 39 28 jag
546 1289 88 22 förenar
649 1289 45 28 mig
710 1289 31 21 uti
756 1289 27 21 de
798 1289 24 21 af

70 1325 104 21 herrarne
191 1324 145 22 Schatelovitz
352 1324 40 21 och
406 1324 82 21 Linder
502 1325 7 20 i
525 1324 67 21 saken
604 1324 83 26 afgifna
697 1324 123 26 yttranden,

70 1358 39 22 ber
128 1358 40 28 jag
188 1358 6 20 i
215 1358 120 27 anledning
353 1358 24 20 af
394 1358 51 21 herr
465 1364 41 15 von
526 1357 150 21 Willebrands
694 1356 126 28 pästäende,

72 1394 31 20 att
119 1392 35 21 det
169 1391 49 21 icke
234 1392 40 21 bör
289 1398 52 15 vara
356 1391 41 22 den
412 1392 109 21 allmänna
532 1391 125 29 opinionen,
673 1392 53 20 utan
736 1391 28 21 de
774 1391 46 21 visa

70 1428 8 20 i
93 1427 75 22 landet
186 1433 47 15 som
253 1426 72 22 stiftar
343 1426 86 22 landets
449 1426 141 22 ekonomiska
608 1426 68 27 lagar,
699 1427 31 20 att
746 1425 21 21 fä
782 1432 37 15 an-
