986 1703
750 116 41 22 223

71 180 48 22 icke
139 182 35 20 må
194 180 28 29 på
240 180 92 23 förhand
346 181 78 21 bindas
438 182 7 20 i
461 181 102 22 afseende
578 182 13 21 å
606 181 124 29 afgifvande
746 182 24 21 af
783 182 36 21 det

71 216 118 27 utlåtande,
213 216 88 21 hvartill
323 216 99 21 komitén
442 216 42 21 kan
504 217 59 20 finna
577 216 118 28 anledning
710 216 109 21 förekom-

71 257 41 13 ma.
142 249 64 21 Hvad
227 250 103 27 slutligen
352 250 68 28 angår
442 250 151 28 fördelningen
612 250 24 21 af
651 250 42 21 den
708 257 111 21 presume-

71 284 52 20 rade
150 283 197 27 bränvinsskatten,
373 284 58 21 lärer
458 284 35 21 det
519 284 109 28 knappast
655 284 69 21 finnas
746 285 73 27 någon

72 318 176 26 ståndsmedlem,
265 324 46 14 som
330 318 49 20 icke
402 318 34 21 för
458 318 33 27 sig
509 318 105 27 uppgjort
629 325 26 14 en
670 319 8 20 i
691 318 49 21 dess
756 319 64 27 tycke

72 352 128 28 lämpligare
224 351 66 22 sådan
313 353 27 19 än
364 351 41 21 den
428 351 106 22 utskottet
554 352 120 28 föreslagit.
703 351 29 22 Vi
755 352 65 22 hafva

71 386 68 21 redan
160 387 7 20 i
190 387 42 21 den
254 387 69 27 vägen
346 386 128 28 tillräckligt
493 386 81 28 många
592 387 119 27 projekter,
728 387 38 20 och
780 388 40 27 jag

72 421 38 21 vill
125 421 48 21 icke
184 421 127 28 ytterligare
323 422 96 27 upptaga
431 421 59 22 tiden
506 421 50 21 med
571 423 32 19 att
617 421 122 29 framlägga
753 423 67 27 några

71 462 44 21 nya
130 455 86 22 sådana.

141 490 71 21 Sedan
236 491 26 21 de
284 490 75 27 talare,
382 490 74 21 hvilka
478 491 67 20 innan
565 490 162 23 diskussionens
743 491 76 28 början

72 525 92 22 anhållit
180 532 33 14 om
230 525 68 27 ordet,
313 531 91 15 numera
416 527 69 26 yttrat
499 526 39 27 sig,
549 525 129 22 hemställde
688 526 50 21 herr
749 526 71 21 landt-

72 560 146 27 marskalken,
240 561 29 26 på
291 559 70 29 grund
386 560 24 20 af
429 560 57 21 hvad
507 561 51 20 herr
577 559 115 29 Törngren
714 561 107 21 derunder

72 595 71 29 yrkat,
157 594 106 22 huruvida
278 594 49 21 med
342 594 130 27 afgörandet
487 595 22 20 af
523 594 142 21 förevarande
679 595 61 28 fråga
751 595 69 22 skulle

73 630 62 21 anstå
155 630 33 21 till
208 630 50 21 dess
276 629 79 29 nådiga
373 629 190 28 propositionerna
579 629 111 28 angående
706 630 114 21 bevillnin-

73 672 42 21 gen
137 665 39 20 och
195 663 209 29 donationsgodsens
422 664 84 21 inlösen
525 663 72 22 blifvit
612 664 24 20 af
651 664 86 20 ståndet
752 665 68 20 slutli-

73 707 42 21 gen
141 698 133 28 handlagde;
299 699 7 20 i
332 697 118 29 anledning
472 698 78 22 hvaraf
573 697 97 28 följande
697 698 122 22 diskussion

72 733 104 29 uppstod:

143 768 80 21 Grefve
243 768 105 20 Creutz:
372 766 80 22 Såvida
471 774 28 14 en
517 767 81 28 mängd
615 766 111 29 skriftliga
740 767 81 29 förslag

73 804 34 20 till
125 802 125 28 fördelning
269 802 23 21 af
309 802 41 20 den
369 801 111 21 blifvande
498 801 191 21 bränvinsskatten
705 802 7 20 i
728 802 42 27 dag
788 802 33 21 in-

73 839 100 25 lemnats,
192 838 56 20 samt
265 837 39 27 jag
322 836 33 21 för
373 836 45 21 min
437 836 35 20 del
493 842 64 15 anser
573 836 36 21 det
624 843 52 14 vara
688 836 133 28 nödvändigt

74 874 31 20 att
121 879 34 14 om
171 871 110 21 desamma
295 872 51 26 taga
360 872 102 19 närmare
477 870 129 27 kännedom,
626 870 98 22 anhåller
736 870 40 28 jag
791 873 30 19 att

75 907 63 21 dessa
153 905 81 28 förslag
254 905 68 21 måtte
337 904 131 28 bordläggas
486 906 55 19 samt
556 906 32 19 att
602 904 49 22 med
666 904 88 28 frågans
769 904 52 21 slut-

73 942 46 27 liga
135 939 119 29 afgörande
273 939 121 21 emellertid
413 940 83 20 lemnas
511 938 110 22 beroende
635 938 33 21 till
684 938 48 21 dess
748 939 73 21 ofvan-

74 975 92 21 berörde
190 973 79 28 nådiga
291 973 159 29 propositioner
473 973 72 21 blifvit
567 973 24 21 af
611 972 85 22 ståndet
719 973 103 28 slutligen

75 1009 128 28 handlagde.

143 1043 58 21 Herr
220 1049 42 15 von
282 1041 161 28 Haartman,
463 1041 34 21 V.:
520 1041 43 28 Jag
581 1041 39 21 ber
635 1043 31 19 att
681 1041 23 22 få
718 1041 105 22 anmärka

75 1079 36 21 det
130 1079 68 26 några
217 1084 42 21 nya
279 1076 80 28 förslag
374 1077 8 20 i
398 1075 113 22 omordadt
529 1075 103 22 afseende
648 1076 48 21 icke
712 1076 7 20 i
734 1075 42 28 dag
790 1076 33 21 in-

75 1113 99 26 lemnats,
190 1114 52 19 utan
258 1111 63 21 hafva
337 1111 77 20 endast
430 1111 26 21 de
472 1111 6 21 i
494 1110 39 28 går
548 1110 136 21 framställda
702 1117 28 14 nu
750 1110 73 21 skrift-

74 1148 59 27 ligen
149 1146 105 28 afgifvits,
269 1145 101 21 hvarföre
390 1145 72 28 någon
484 1144 141 29 ajournering
644 1145 24 20 af
684 1144 90 22 ärendet
789 1145 34 20 för

75 1182 42 20 den
132 1181 25 21 af
170 1181 76 27 grefve
262 1180 78 20 Creutz
356 1179 90 21 anförda
462 1179 64 21 orsak
541 1179 48 20 icke
604 1179 67 20 borde
682 1186 51 13 vara
748 1179 24 19 af
785 1180 37 18 nö-

76 1216 48 21 den.
155 1214 75 22 Skulle
250 1213 122 22 emellertid
392 1213 86 21 ståndet
496 1212 85 22 besluta
601 1214 32 18 att
648 1212 118 28 uppskjuta
781 1212 42 20 frå-

76 1257 49 22 gan,
146 1249 97 21 anbåller
259 1249 39 27 jag
318 1249 31 19 att
367 1248 71 27 någon
454 1248 74 20 vidare
544 1246 123 22 diskussion
683 1246 6 21 i
706 1246 119 28 anledning

76 1285 23 21 af
113 1284 63 21 dessa
191 1283 82 28 förslag
288 1282 131 22 åtminstone
436 1282 23 33 ej
472 1282 35 21 må
521 1281 88 21 tillåtas.

144 1318 58 21 Herr
222 1317 106 27 Munck,
347 1316 27 21 K.
390 1316 32 21 F.:
446 1310 72 28 Äfven
534 1316 40 27 jag
594 1315 34 21 för
643 1315 45 21 min
704 1315 36 21 del
755 1314 69 22 måste

76 1353 99 26 motsäga
202 1352 75 27 grefve
301 1333 84 38 Creutz
410 1350 141 20 förenämnde
578 1348 108 21 anhållan.
716 1348 35 21 Då
773 1349 50 20 herr

76 1385 202 22 landtmarskalken
293 1385 66 20 redan
375 1384 7 20 i
398 1385 38 26 går
452 1383 122 21 förklarade
590 1382 150 21 diskussionen
756 1382 7 20 i
780 1384 43 19 äm-

77 1423 38 19 net
129 1427 53 15 vara
196 1419 99 28 afslutad,
311 1421 56 19 samt
383 1418 36 21 det
434 1418 127 28 ytterligare
577 1417 5 20 i
599 1416 48 28 dag,
663 1417 47 21 före
726 1416 98 22 densam-
