995 1706
187 126 27 20 94

160 190 70 21 delser
253 190 87 20 förenar
357 190 39 28 jag
416 189 45 28 mig
479 189 49 22 med
547 189 74 21 herrar
639 196 42 14 von
697 189 59 21 Born
772 189 40 21 och
826 188 81 22 Munck

160 226 80 26 derom,
257 226 31 19 att
304 224 36 21 det
355 224 67 22 måtte
439 224 21 20 åt
476 225 129 27 regeringen
622 224 145 21 öfverlemnas
778 225 31 19 att
819 224 50 20 med
879 230 27 14 en

161 260 42 22 viss
218 261 91 27 procent
324 259 86 28 förhöja
425 258 36 22 det
476 259 117 21 maximum
609 266 51 14 man
679 260 89 20 stannar
786 258 42 28 vid,
847 258 6 21 i
869 258 38 22 fall

160 294 215 27 omständigheterna
390 293 70 21 skulle
475 293 87 27 påkalla
577 300 27 14 en
621 293 66 21 sådan
703 293 83 28 åtgärd.

227 328 58 22 Herr
300 335 42 15 von
358 328 84 26 Born,
457 327 28 21 K.
500 328 33 20 F.:
556 328 41 27 Jag
620 328 39 20 har
676 328 34 21 för
725 328 45 21 min
790 328 35 20 del
840 328 20 27 ej
877 327 30 21 bi-

160 364 58 20 trädt
233 363 163 27 ridderskapets
410 362 40 21 och
465 362 76 21 adelns
556 362 71 21 beslut
645 362 81 27 derom,
747 364 32 19 att
796 362 113 21 bränvins-

160 398 136 28 bränningen
316 397 34 21 för
368 396 116 22 framtiden
501 397 69 21 skulle
586 397 87 21 komma
688 399 32 19 att
735 397 108 21 bedrifvas
859 396 49 21 full-

160 433 93 27 komligt
281 432 179 28 fabriksmessigt,
487 438 49 15 men
559 431 27 21 då
607 431 151 29 ridderskapet
781 431 40 21 och
844 431 64 21 adeln

162 475 26 14 en
209 468 58 27 gång
286 468 64 20 fattat
370 466 59 21 detta
451 466 71 21 beslut
542 466 39 21 och
598 466 39 28 jag
661 473 63 20 anser
744 468 32 19 att
796 466 113 21 bränvins-

162 502 135 28 bränningen
318 501 103 28 antingen
438 501 55 21 skall
509 508 50 14 vara
573 508 28 14 en
616 501 102 28 binäring
733 501 33 21 till
779 500 131 28 jordbruket

161 537 54 21 eller
230 536 65 22 också
310 543 28 14 en
356 536 184 26 fabriksindustri,
560 543 49 13 men
630 536 20 28 ej
667 537 31 20 ett
713 536 136 28 godtyckligt
864 542 46 14 mo-

162 572 72 28 nopol,
255 571 83 21 hvilket
358 570 99 28 onekligt
477 570 71 22 blefve
568 570 89 28 följden,
674 570 6 20 i
697 570 103 21 händelse
816 570 36 21 det
866 570 44 21 för-

163 606 48 28 slag
225 605 133 29 godkändes,
374 612 45 14 som
435 612 30 14 nu
481 605 23 21 af
517 606 82 27 presta-
615 604 40 22 och
667 605 183 27 borgarestånden
862 605 48 21 blif-

161 641 32 21 vit
208 642 95 26 antaget,
317 641 52 19 enär
385 639 33 21 till
433 639 114 28 principen
562 639 33 21 för
611 639 165 21 fabriksrörelse
792 639 71 27 hörer,
879 641 32 19 att

162 675 104 27 beloppet
284 674 23 21 af
323 674 160 28 produktionen
499 676 24 18 är
539 674 144 27 obegränsadt
699 674 43 20 och
754 675 32 19 att
801 680 27 14 en
844 674 66 20 sådan

163 709 78 27 näring
257 708 31 22 får
304 708 86 21 utöfvas
406 708 23 20 af
441 708 89 21 hvilken
541 708 85 20 landets
637 708 142 28 medborgare
790 715 46 14 som
847 708 63 27 helst,

164 744 23 21 så
202 744 42 20 kan
258 744 40 27 jag
313 743 19 27 ej
349 742 70 21 heller
435 742 52 28 gilla
502 742 147 28 öfvergången
665 742 33 21 till
714 744 32 20 ett
761 744 87 26 system,
865 749 46 15 som

164 780 23 19 är
203 778 24 21 så
241 777 147 22 himmelsvidt
404 777 65 21 skildt
485 777 47 21 från
548 777 84 27 verklig
647 777 199 28 fabriksbränning.
869 777 43 28 Jag

164 820 62 14 anser
247 812 70 22 såsom
337 812 63 28 sagdt
420 813 23 19 är
459 819 26 14 en
501 812 77 27 näring
594 812 49 20 med
657 812 124 28 föreslagen
796 812 115 21 inskränk-

164 848 53 28 ning
232 847 48 21 icke
296 847 74 21 vidare
386 854 51 14 vara
453 854 26 13 en
495 846 172 27 fabriksrörelse,
682 849 51 19 utan
749 854 27 14 en
791 847 120 28 monopoli-

164 882 80 28 sering,
259 881 127 29 godtycklig
401 881 40 21 och
457 881 112 28 förhatlig;
589 881 40 21 och
645 881 26 21 då
686 888 49 14 man
753 882 19 28 ej
789 882 68 20 heller
873 882 39 21 bör

164 918 44 21 låta
226 917 7 21 i
253 916 160 28 principfrågor
433 916 160 28 öfvertygelsen
614 915 51 21 vika
687 916 33 21 för
735 916 79 22 andras
828 916 84 22 menin-

166 958 44 21 gar,
223 950 183 28 sidoinflytanden
422 950 38 21 och
476 950 119 28 biafsigter,
611 950 43 21 kan
668 951 40 27 jag
718 951 20 27 ej
750 950 116 29 tillstyrka,
881 952 32 20 att

164 985 151 28 ridderskapet
336 985 39 21 och
391 985 64 21 adeln
471 984 56 22 skall
542 985 77 27 frångå
635 986 31 19 ett
681 985 78 27 beslut,
776 992 46 14 som
838 985 75 21 fattats

164 1020 49 20 med
229 1019 159 28 öfvervägande
404 1019 110 29 pluralitet
530 1019 35 21 vid
575 1019 129 28 voteringen
715 1020 39 20 och
766 1026 45 14 som
822 1020 37 20 det
868 1022 45 26 tyc-

164 1054 45 27 kes,
226 1054 55 21 efter
296 1056 74 25 moget
385 1054 144 27 betänkande,
543 1056 55 19 samt
613 1048 99 27 deremot
726 1056 80 26 antaga
817 1061 27 14 en
854 1055 59 28 prin-

166 1089 33 28 cip
218 1089 6 20 i
240 1088 277 28 bränvinslagstiftningen,
537 1095 44 14 som
602 1088 69 21 under
687 1088 41 21 den
743 1089 115 28 vidlyftiga
872 1089 40 21 och

166 1123 87 21 sakrika
275 1123 151 21 diskussionen
445 1123 6 20 i
470 1125 74 19 ämnet
561 1123 7 20 i
587 1123 38 28 går
644 1123 72 21 funnit
734 1123 83 28 ganska
833 1123 22 22 få
870 1123 43 22 för-

165 1157 92 22 fäktare.

233 1192 103 21 Friherre
352 1192 139 28 Carpelan:
507 1192 42 28 Jag
565 1191 110 29 beklagar,
691 1194 31 19 att
735 1193 39 28 jag
785 1193 19 28 ej
816 1200 38 14 var
864 1195 50 19 när-

166 1227 94 21 varande
280 1227 7 20 i
306 1226 38 29 går
360 1227 27 20 då
402 1227 75 27 frågan
493 1227 40 21 här
547 1226 91 21 förevar.
669 1226 42 28 Jag
726 1226 40 21 har
780 1227 36 21 vid
832 1229 31 19 ett
876 1235 38 13 an-

166 1262 37 19 nat
220 1260 86 21 tillfälle
322 1261 6 19 i
345 1260 36 20 det
396 1266 16 14 s.
429 1260 20 19 k.
463 1259 204 28 januari-utskottet
678 1259 48 21 sökt
738 1260 119 21 framställa
869 1260 44 21 min

167 1294 56 27 åsigt
238 1294 7 21 i
261 1294 67 21 saken
345 1294 40 20 och
401 1293 41 21 den
458 1295 29 25 är,
504 1295 31 20 att
551 1294 50 27 inga
621 1293 87 28 lagbud,
724 1295 51 19 utan
792 1294 77 21 endast
885 1301 27 14 en

166 1328 70 28 sedlig
258 1328 99 28 bildning
375 1328 41 21 och
434 1328 70 21 bättre
526 1328 145 28 öfvertygelse
691 1328 42 21 kan
750 1328 65 28 stäfja
831 1329 82 28 fylleri-

167 1362 70 22 lasten
257 1363 39 21 och
310 1363 39 28 jag
364 1364 45 19 tror
424 1363 45 28 mig
484 1363 74 21 kunna
572 1363 84 28 grunda
671 1363 71 21 denna
757 1363 57 28 äsigt
828 1363 86 29 pä.för-

167 1398 140 21 hållanderne
330 1398 47 21 från
400 1397 67 22 andra
489 1397 76 22 länder
584 1397 40 22 och
643 1398 62 21 äfven
726 1398 48 21 från
794 1400 50 26 eget
857 1397 58 23 land.

168 1433 45 22 Der
228 1433 107 28 sedligare
351 1433 99 28 bildning
464 1433 77 21 vunnit
556 1432 84 22 inträde
655 1433 40 21 och
710 1433 114 28 välmågan
838 1435 24 20 är
877 1433 38 22 nå-
