992 1711
199 134 41 21 432

171 200 136 28 proposition
330 200 40 21 hos
383 199 29 21 H.
427 199 28 21 K.
471 199 39 21 M:t
533 199 135 28 underdånig
682 199 103 22 anhållan
801 200 70 21 skulle
887 200 37 28 gö-

172 241 34 13 ras
228 240 35 15 om
283 233 130 29 vidtagande
432 234 24 21 af
469 234 79 28 nödiga
564 234 101 28 åtgärder
681 234 89 28 derhän,
786 236 32 19 att
832 234 93 22 medelst

170 268 165 29 hydrografiska
357 269 90 21 arbeten
470 269 33 21 för
526 268 158 29 sjömätningar
704 269 40 21 och
762 268 163 29 beskrifningar

170 303 25 21 af
211 303 169 22 Bottenhafvets
396 303 70 22 finska
481 303 83 27 kuster,
580 303 26 21 de
622 310 29 15 nu
666 303 128 29 begagnade
811 304 39 21 och
867 303 56 21 otill-

170 338 106 29 förlitliga
291 338 112 29 sjökorten
419 338 67 21 borde
501 339 157 28 kompletteras
674 339 40 21 och
729 340 75 20 rättas.

240 408 166 27 Tillkännagafs
422 410 32 19 att
469 415 26 14 en
513 408 126 29 deputation
656 407 47 22 från
714 407 162 29 prestaståndet
887 409 37 20 ön-

171 443 66 22 skade
257 443 121 27 företräde;
398 443 53 20 derå
469 443 39 21 och
525 442 66 22 sedan
607 442 125 21 densamma
746 443 126 28 emottagits
887 449 37 15 an-

173 478 66 21 mälte
256 478 51 21 herr
322 477 206 28 kontraktsprosten
544 477 28 22 H.
588 477 88 27 Hellön,
692 484 46 14 som
754 477 91 22 anförde
861 477 66 28 depu-

175 513 106 26 tationen,
297 514 32 19 att
343 512 163 28 prestaståndet
521 512 7 21 i
544 512 42 28 dag
601 512 87 21 slutfört
704 511 172 22 statsutskottets
892 511 35 22 be-

173 547 112 21 tänkande
300 547 7 20 i
323 547 119 27 anledning
463 547 24 20 af
508 546 79 28 nådiga
607 547 164 27 propositionen
787 553 35 14 n:o
842 547 34 26 33,
891 553 36 14 om

172 581 140 29 upptagande
335 581 23 21 af
377 581 90 21 statslån
489 582 34 20 för
542 582 31 20 att
592 580 81 22 bereda
689 581 25 21 de
730 581 13 21 å
759 580 167 28 donationsgod-

172 622 39 15 sen
225 616 8 21 i
248 616 105 28 Wiborgs
369 616 36 20 län
421 616 85 20 bosatte
521 615 83 21 bönder
619 617 67 26 utväg
701 617 31 19 att
748 615 72 21 tillösa
836 616 33 27 sig
880 615 48 21 sina

173 650 98 22 åboende
294 650 136 28 lägenheter,
453 652 55 19 samt
526 649 127 23 meddelade
668 650 8 20 i
691 650 89 22 korthet
794 650 134 28 prestastån-

173 684 47 21 dets
230 685 8 20 i
249 684 77 28 frågan
342 684 82 22 fattade
435 684 78 27 beslut,
525 684 115 22 hvaröfver
650 684 201 28 protokollsutdrag
861 684 66 22 fram-

173 718 60 22 deles
249 719 70 21 skulle
335 719 112 21 inlemnas.

241 753 162 28 Deputationen
420 753 130 22 besvarades
566 753 40 22 och
622 753 106 22 afträdde.

241 822 35 22 Då
299 823 59 21 tiden
382 829 91 16 numera
496 823 79 22 skridit
596 823 34 21 till
644 825 34 19 tre
695 824 62 27 qvart
772 823 28 28 på
815 825 32 19 tre
863 823 65 22 efter-

175 858 122 28 middagen,
319 858 137 28 uppmanade
474 858 51 21 herr
541 857 199 22 landtmarskalken
758 857 97 21 ståndets
870 857 59 22 leda-

175 894 76 26 möter,
267 900 45 14 som
329 899 29 15 nu
373 892 112 27 åtskildes,
501 894 33 20 att
549 893 46 21 åter
607 892 93 22 klockan
714 899 38 15 sex
760 892 167 22 sammanträda.

661 929 21 15 Io
695 927 60 17 fidem:

561 962 80 19 Vietor
658 962 26 19 de
701 962 23 19 la
740 961 121 24 Chapelle.

331 1084 114 30 Samma
465 1086 67 38 dag,
554 1085 40 28 kl.
618 1096 49 18 sex
688 1096 22 18 e.
732 1095 37 18 m.

243 1136 134 28 Föredrogs:

245 1172 39 19 1:0.
314 1170 229 23 Ekonomiutskottets
564 1171 82 28 förslag
665 1171 34 21 till
715 1171 214 28 sammanjemkning

175 1205 24 21 af
218 1205 96 21 ständets
334 1205 72 21 beslut
421 1206 7 20 i
448 1205 119 29 anledning
582 1205 24 22 af
618 1206 80 27 nädiga
714 1205 164 29 propositionen
894 1212 35 14 n:o

175 1240 26 20 43
217 1239 112 28 angäende
345 1239 104 28 utvidgad
464 1240 100 21 handels-
580 1240 40 21 och
636 1240 163 27 näringsfrihet.

243 1273 120 21 Bordlades
380 1273 32 21 till
428 1274 175 27 morgondagens
619 1273 96 28 plenum.

244 1308 41 20 2:0.
315 1307 178 22 Statsutskottets
514 1307 140 28 redogörelse
674 1308 34 21 för
728 1307 165 29 granskningen
909 1307 24 21 af

175 1342 142 21 statsverkets
337 1341 134 29 förvaltning
487 1343 69 20 under
571 1342 42 21 den
629 1343 66 21 sedan
711 1343 134 28 föregäende
859 1342 72 21 landt-

175 1375 42 29 dag
231 1376 104 21 förflutna
351 1376 101 28 tidrymd.

243 1410 76 22 Skulle
335 1411 68 21 hällas
420 1411 12 21 &
448 1411 78 21 bordet
541 1412 33 20 till
590 1412 102 27 lördagen
710 1412 42 21 den
768 1412 12 20 9
797 1412 88 21 dennes.
