984 1723
187 136 41 21 728

156 202 49 28 juni
222 202 62 27 1786,
303 202 92 21 allenast
410 203 33 19 tre
457 201 74 21 stånds
549 201 233 21 sammanstämmande
797 201 111 29 pluralitet

159 236 136 22 erfordrades
311 236 33 22 för
359 237 32 20 att
406 236 112 22 desamma
533 235 72 22 kunde
620 243 63 15 anses
695 236 70 22 såsom
781 236 128 22 ständernes

159 271 78 29 beslut,
253 272 54 21 eller
323 278 34 15 om
370 272 20 27 ej
408 271 70 22 denna
494 271 62 28 fråga
565 278 52 14 vore
628 273 31 19 ett
670 272 174 28 bevillningsmål,
855 271 54 21 hvil-

159 307 38 21 ket
212 306 70 28 enligt
297 305 161 30 grundlagarne
475 307 40 21 och
527 306 41 21 den
584 307 99 21 närmare
698 306 128 29 förklaring,
840 313 46 14 som
901 306 8 21 i

159 341 67 29 sagde
241 341 172 28 riksdagsbeslut
432 341 126 27 innefattas,
575 341 76 21 endast
668 340 50 22 med
734 341 42 22 alla
792 341 48 28 fyra
855 340 54 22 riks-

159 376 102 22 ståndens
272 376 148 28 likstämmiga
429 376 74 21 beslut
514 376 73 22 kunde
603 375 131 22 bestämmas
750 376 40 21 och
805 376 104 29 regleras.

159 412 44 21 För
219 413 32 19 att
265 410 88 22 komma
363 410 34 22 till
407 411 48 21 klar
466 411 82 21 visshet
559 411 81 27 derom,
651 412 69 20 måste
731 418 50 14 man
792 411 55 21 först
858 412 53 27 göra

159 445 52 23 reda
225 447 34 20 för
275 446 33 28 sig
324 453 34 14 om
374 447 92 20 naturen
482 446 41 21 och
538 445 181 22 beskaffenheten
735 446 24 21 af
772 445 26 22 de
810 446 100 21 skatter
898 441 15 38 i

159 481 126 27 allmänhet,
300 487 45 15 som
357 480 33 21 för
401 481 229 28 statsförvaltningens
641 481 167 21 handhafvande
818 481 7 20 i
836 481 74 21 landet

160 516 114 28 uppbäras.
299 515 34 21 De
349 515 65 21 sedan
430 515 72 22 äldsta
516 515 56 21 tider
587 515 92 21 tillbaka
692 516 9 20 i
716 515 72 22 denna
803 515 35 22 del
854 516 55 21 före-

159 550 130 22 kommande
304 549 172 29 lagstadganden
492 550 99 29 upplysa,
607 551 31 20 att
653 550 29 21 all
699 549 140 30 beskattning
855 550 55 22 varit

158 585 105 28 antingen
284 584 108 23 ordinarie
411 585 57 21 skatt
490 585 53 21 eller
563 584 42 21 ock
622 585 72 27 utgått
714 585 69 21 under
798 585 111 30 tillfälliga

159 620 36 21 och
215 619 122 22 obestämda
356 619 134 28 skattetitlar,
511 619 92 21 ämnade
622 621 32 20 att
670 619 53 28 fylla
740 620 26 20 de
781 620 128 27 statsbehof,

158 654 89 22 hvartill
267 654 26 21 de
315 654 109 21 ordinarie
444 655 113 20 skatterne
572 653 48 22 icke
636 653 102 30 försloge.
768 654 70 21 Desse
854 655 55 21 ordi-

159 690 60 21 narie
235 689 90 27 skatter,
340 689 74 21 hvilka
429 696 50 15 man
495 689 69 22 under
580 689 26 21 de
621 689 36 21 vid
672 689 71 21 denna
753 689 102 28 landtdag
865 690 46 21 ofta

159 723 144 22 förefallande
318 723 148 22 diskussioner
482 730 35 15 om
531 724 165 29 grundskattens
711 724 120 29 aflyftande
842 725 68 21 under

159 765 28 14 en
197 765 126 22 gemensam
334 757 133 30 benämning
478 758 73 21 dertill
561 758 94 27 hänfört,
667 760 89 27 utgöras
767 759 23 20 af
800 759 26 21 de
836 766 74 21 perso-

159 793 49 22 nela
229 793 55 22 efter
304 793 57 22 vissa
382 800 26 15 en
429 794 57 28 gäng
507 793 34 22 för
561 793 43 21 alla
624 795 95 26 antagna
738 794 95 27 grunder
849 795 61 27 utgä-

159 828 56 21 ende
234 827 142 29 utskylderne
396 827 40 22 och
456 828 43 21 den
518 828 140 28 beskattning
677 828 27 28 pä
717 828 78 29 jorden
812 835 46 15 som
873 829 36 21 vid

159 863 169 27 lägenheternes
347 862 164 28 skattläggning
530 863 49 21 dem
594 862 68 22 äsatts
678 865 56 19 samt
749 864 24 20 är
789 864 32 20 till
837 864 74 28 belop-

159 899 38 27 pet
217 897 155 27 oföränderlig,
394 897 82 27 endast,
492 897 27 21 dä
535 897 40 21 den
591 897 100 29 erlägges
711 898 99 27 kontant,
825 898 36 21 vid
876 900 34 20 ut-

159 931 108 29 görandet
289 931 109 21 beroende
422 932 23 20 af
466 932 26 21 de
515 932 69 28 ärliga
606 932 304 30 markegängssättningarne.

158 966 51 22 Alla
229 966 68 22 andra
317 966 33 21 till
370 966 83 21 kronan
475 967 108 28 ingäende
603 967 90 28 utgifter
709 968 53 20 eller
778 968 132 21 skattetitlar

159 1000 23 22 af
196 1000 56 22 hvad
267 1000 152 22 beskaffenhet
438 1008 46 14 som
501 1001 56 21 helst
572 1001 68 21 hafva
655 1002 69 27 alltid,
740 1002 70 21 såsom
826 1003 34 21 till
874 1002 37 22 de-

158 1042 35 14 ras
213 1035 110 28 egenskap
343 1035 38 21 och
401 1036 80 28 belopp
503 1036 116 28 tillfällige,
638 1036 98 21 hänförts
752 1036 69 22 under
836 1037 75 21 bevill-

159 1069 87 29 ningen.
276 1069 79 29 Nägon
378 1070 58 21 skatt
459 1070 23 22 af
505 1072 30 20 ett
559 1071 70 27 tredje
651 1072 47 28 slag
716 1071 70 21 finnes
804 1072 44 28 eji
863 1072 48 21 värt

158 1104 58 21 land.
241 1104 247 28 Bränvinsbränningen
505 1105 93 27 bedrefs,
614 1106 71 20 såsom
696 1106 68 20 redan
780 1106 44 21 ofta
839 1106 72 22 blifvit

158 1139 109 27 anmärkt,
287 1138 56 22 efter
363 1139 102 27 grunder,
486 1140 34 21 till
539 1140 113 28 principen
672 1140 238 22 öfverensstämmande

158 1172 51 22 med
231 1173 56 27 dem,
310 1180 46 14 som
371 1174 59 27 gälla
449 1175 59 20 ännu
528 1174 71 21 denna
618 1174 48 28 dag,
682 1174 57 22 intill
756 1175 49 21 dess
821 1176 90 28 konung

159 1207 80 21 Gustaf
257 1208 42 21 den
319 1208 77 27 tredje,
417 1208 73 22 dertill
505 1209 24 21 af
543 1209 115 21 financiela
673 1210 149 28 beräkningar
838 1210 70 22 föran-

157 1241 58 27 ledd,
230 1242 78 28 gjorde
328 1242 72 21 denna
418 1243 78 28 näring
511 1244 34 21 till
561 1246 30 19 ett
606 1244 80 26 regale.
718 1244 125 27 Genomg&r
858 1252 50 13 man

158 1276 27 20 de
205 1276 36 20 vid
259 1276 143 27 riksdagarne
423 1277 57 20 intill
501 1277 66 27 sagde
586 1278 32 20 tid
636 1277 115 21 utfärdade
767 1278 142 28 bevillnings-

157 1309 96 27 stadgar,
275 1309 56 21 skall
354 1316 49 14 man
426 1310 72 22 erfara
518 1313 32 19 att
571 1311 85 21 skatten
677 1312 33 20 för
729 1312 132 28 rättigheten
877 1314 32 20 att

158 1343 101 22 tillverka
282 1343 40 22 och
345 1344 89 28 försälja
453 1345 98 28 bränvin,
573 1346 28 28 pä
624 1347 43 20 sätt
682 1347 41 21 ock
738 1347 118 28 rätteligen
871 1348 38 21 ske

159 1377 70 27 bordt,
251 1378 7 21 i
281 1378 48 21 dem
350 1379 42 21 alla
413 1379 71 21 såsom
504 1386 27 15 en
547 1380 195 30 bevillningsafgift
757 1382 152 28 förekommer,

157 1412 123 22 oberoende
296 1412 49 22 från
361 1413 43 22 den
420 1414 112 22 allmänna
547 1416 156 28 bevillningen,
714 1423 46 15 som
772 1417 88 21 särskilt
869 1418 40 21 fin-

158 1454 39 14 nes
212 1448 7 22 i
235 1447 63 23 desse
319 1448 87 29 stadgar
426 1449 109 29 bestämd;
553 1450 71 22 denna
640 1450 48 22 titel
703 1451 93 22 uteslöts
812 1452 54 22 först
882 1453 27 21 då
