995 1709
190 133 30 21 86

165 200 38 20 äro
219 197 121 29 sällsporda
354 198 7 20 i
377 198 74 28 frågor
466 205 35 14 om
515 198 98 21 litterära
628 198 92 28 företag,
741 198 68 21 måste
827 199 39 27 jag
880 199 34 20 för

166 233 44 21 min
226 232 36 22 del
277 232 60 28 yrka,
353 234 33 20 att
401 232 42 21 den
459 232 192 27 kautionssumma,
668 240 46 14 som
725 233 34 21 för
769 232 111 29 tidningar
891 234 23 20 är

166 270 73 25 utsatt,
251 268 67 21 måtte
329 267 118 27 nedsättas,
458 267 40 22 och
509 268 31 21 att
551 266 126 23 densamma
687 267 48 21 icke
746 267 93 22 behöfde
850 267 65 28 depo-

166 309 65 15 neras
241 303 84 28 genast,
336 304 52 19 utan
401 308 79 21 genom
491 301 136 28 vederhäftig
638 302 83 28 borgen
731 302 74 21 kunna
816 304 98 19 ersättas.

233 337 59 21 Herr
307 343 42 15 von
364 337 80 26 Born,
459 336 27 22 K.
502 337 32 20 F.:
550 336 43 28 Jag
608 337 127 20 instämmer
750 337 33 20 till
798 337 43 20 alla
856 337 60 21 delar

166 372 7 21 i
193 371 56 22 hvad
269 371 51 22 herr
340 378 18 14 v.
379 371 138 21 Willebrand
536 372 74 27 yttrat,
631 371 40 21 och
687 371 68 21 måste
771 371 34 21 för
820 372 45 20 min
881 371 35 21 del

165 413 60 20 anse,
241 407 32 21 att
288 406 37 21 det
340 405 189 29 kautionsbelopp,
545 413 46 14 som
606 405 149 28 föreskrifves,
771 407 19 27 ej
803 407 23 20 är
837 406 23 21 så
870 408 45 19 sär-

166 441 60 21 deles
248 440 148 22 öfverdrifvet.
426 440 44 22 Det
488 442 24 19 är
532 440 53 28 högt
605 440 77 21 endast
702 440 34 21 för
756 440 26 21 de
798 440 118 29 tidningar,

167 482 46 15 som
233 475 112 22 utkomma
365 475 115 28 dageligen
501 475 7 20 i
528 474 166 22 hufvudstaden.
723 474 52 22 Men
793 475 34 21 för
842 477 31 19 att
888 482 28 13 en

166 510 87 28 tidning
268 509 55 22 skall
338 509 74 22 kunna
427 509 113 22 utkomma
555 509 23 21 så
593 509 52 27 ofta,
660 509 69 21 måste
741 509 48 22 dess
801 509 115 21 redaktion

167 544 109 22 bedrifvas
289 544 175 28 bolagsmessigt,
478 544 20 21 d.
514 551 19 14 v.
550 551 15 14 s.
580 543 49 22 icke
645 544 23 21 af
682 551 26 14 en
724 550 87 22 person,
827 545 52 20 utan
895 544 23 21 af

166 579 59 21 flere.
240 574 10 38 -
257 579 43 21 Det
319 579 90 28 belöper
428 579 34 28 sig
482 579 64 20 alltså
565 578 23 21 af
606 578 202 21 kautionssumman
829 578 48 21 icke
893 579 24 20 så

167 613 88 28 mycket
277 613 27 28 på
326 613 53 23 hvar
398 613 40 21 och
458 620 33 15 en.
526 613 117 22 Dessutom
661 613 69 21 måste
745 613 72 21 denna
832 620 85 14 summa

167 648 34 21 stå
222 648 7 21 i
252 647 136 22 förhållande
408 647 33 22 till
461 647 258 22 straffbestämmelserna
734 648 34 21 för
783 648 133 28 pressöfver-

168 682 112 22 trädelser.
310 682 42 21 Om
367 682 173 29 bötesbeloppet,
556 689 45 14 som
617 683 7 20 i
640 682 42 21 den
698 682 79 28 nådiga
787 682 130 29 propositio-

167 723 43 14 nen
229 718 24 20 är
272 723 44 22 nog
335 717 60 28 högt,
418 717 57 28 finge
495 717 119 27 nedsättas,
634 717 72 21 kunde
725 717 64 21 äfven
805 717 111 21 kautions-

168 758 99 14 summan
287 751 103 21 minskas.
420 751 44 21 För
484 751 67 28 öfrigt
570 753 23 19 är
614 751 72 21 denna
699 751 36 28 lag
751 751 76 22 endast
843 759 26 14 en
886 752 31 21 öf-

167 785 151 28 vergångslag,
335 785 39 21 och
391 793 49 13 man
456 786 39 21 har
510 786 7 21 i
533 785 118 22 allmänhet
665 786 50 27 hyst
727 785 41 22 den
779 786 91 28 åsigten,
886 788 32 19 att

168 820 107 21 reformer
290 820 20 27 ej
327 820 53 21 böra
396 820 72 21 alltför
485 820 146 21 brådstörtadt
646 821 145 27 genomföras.
822 821 42 28 Jag
880 821 38 21 ber

168 857 33 19 att
215 855 22 21 få
257 855 57 21 fästa
332 854 225 29 uppmärksamheten
573 855 59 27 derå,
651 856 32 20 att
702 855 41 21 den
760 863 46 13 som
822 855 96 28 oväldigt

169 889 40 22 och
225 889 87 21 sansadt
327 889 106 28 granskar
448 889 207 29 tryckfrihetslagen
670 890 7 21 i
694 889 91 29 Sverige
800 890 69 21 måste
885 897 33 14 er-

168 924 79 27 känna,
270 925 32 19 "att
320 923 90 22 oaktadt
427 924 43 21 alla
491 924 49 21 dess
559 925 59 20 stora
637 924 134 28 förtjenster,
794 924 42 22 den
851 925 67 20 likväl

168 959 40 20 har
223 965 27 14 en
266 965 52 20 svag
334 958 46 21 sida
395 958 40 21 och
450 959 36 21 det
500 960 24 20 är
537 959 46 28 just
599 959 42 20 den
657 959 167 28 omständighet,
839 961 31 19 att
886 960 32 20 så-

168 1000 47 15 som
237 992 71 22 vilkor
330 993 34 20 för
386 993 126 28 utgifvande
535 993 24 21 af
579 993 122 21 tidskrifter
719 994 72 27 någon
811 995 106 20 kautions-

168 1027 51 22 eller
236 1030 82 19 rättare
336 1027 210 28 depositionssumma
566 1027 48 22 icke
630 1029 24 20 är
669 1028 152 27 föreskrifven,
844 1028 78 21 hvaraf

169 1062 72 27 följer,
264 1063 32 19 att
318 1061 91 21 ådömde
432 1061 62 22 böter
516 1062 70 28 aldrig
606 1063 59 27 utgå,
685 1064 51 19 utan
752 1062 110 29 fingerade
878 1063 40 20 tid-

169 1095 181 28 ningsutgifvare,
369 1095 48 21 usla
435 1096 107 27 stackare,
564 1096 22 21 få
604 1097 74 20 afsitta
694 1097 77 20 andras
787 1097 132 28 pressöfver-

170 1130 106 21 trädelser
290 1130 8 21 i
313 1130 149 28 fängelserne;
478 1131 77 21 sådant
570 1133 23 18 är
604 1132 32 19 att
647 1131 88 21 eludera
746 1131 71 28 lagen.
848 1131 72 22 Också

169 1165 38 21 vill
215 1165 40 28 jag
265 1165 75 21 härvid
351 1165 99 28 upplysa,
461 1167 32 19 att
507 1166 3 21 i
521 1165 130 27 Frankrike,
661 1165 88 22 hvarest
760 1165 159 22 civilisationen

171 1207 64 14 anses
247 1199 33 21 stå
290 1199 88 28 mycket
388 1199 61 28 högt,
460 1200 68 27 gäller
540 1199 63 22 äfven
614 1199 97 28 kaution,
720 1200 68 21 likaså
797 1200 7 21 i
812 1200 108 28 England.

170 1234 44 21 För
228 1233 46 22 min
289 1233 35 21 del
340 1235 45 20 tror
398 1234 46 27 jag,
465 1235 31 20 att
515 1234 21 21 vi
551 1234 34 21 för
600 1234 67 27 öfrigt
682 1234 65 21 hafva
758 1235 84 26 ganska
857 1235 63 27 ringa

170 1267 118 28 anledning
299 1269 32 18 att
342 1269 86 25 antaga,
445 1267 37 21 det
492 1267 131 28 regeringen
634 1268 7 20 i
652 1267 71 22 denna
734 1267 34 22 del
779 1268 56 21 skall
843 1268 77 27 frångå

171 1301 38 21 sitt
223 1301 88 28 förslag,
331 1308 35 14 om
381 1301 66 21 också
462 1301 75 21 derom
553 1302 23 20 af
589 1301 117 22 ständerne
721 1302 177 28 petitionerades.

238 1336 59 22 Herr
312 1336 103 27 Linder,
430 1335 33 22 E.:
487 1336 42 29 Jag
547 1336 64 28 gillar
631 1337 134 28 fullkomligt
783 1337 43 22 alla
841 1337 27 22 de
882 1345 37 14 an-

170 1371 148 29 märkningar,
338 1378 46 14 som
399 1371 24 21 af
436 1371 106 24 utskottet
558 1371 71 22 blifvit
644 1372 77 28 gjorda
736 1372 40 21 och
792 1379 63 14 anser
870 1372 49 21 dem

171 1413 51 15 vara
241 1406 83 30 ganska
339 1406 79 29 tydligt
433 1406 40 22 och
488 1406 58 22 klart
561 1407 141 21 motiverade.
731 1407 66 21 Emot
811 1407 51 22 herr
877 1415 42 14 von

171 1441 137 23 Willebrand
326 1442 39 22 vill
380 1442 41 28 jag
438 1442 86 28 nämna,
548 1443 31 21 att
598 1442 203 24 kautionssumman
818 1442 29 29 på
864 1443 56 21 intet
