970 1709
733 124 40 24 559

54 192 113 23 lutherska
187 192 162 30 presterskapet
368 194 45 21 ofta
434 193 42 22 blir
493 195 43 20 satt
554 193 3 22 i
574 193 41 22 den
631 194 62 21 svåra
707 191 96 22 kollisio-

53 235 43 15 nen
113 228 92 22 emellan
222 228 56 21 hvad
293 228 140 28 embetspligt
448 228 39 22 och
502 230 89 20 nästans
601 228 108 29 själavård
719 229 84 22 fordrar

53 265 57 19 samt
132 263 54 21 hvad
210 263 42 21 den
275 263 149 28 undersåtliga
447 263 93 21 trohets-
558 263 40 21 och
618 263 184 28 lydnads-pligten

53 297 93 27 kräfver,
166 297 39 21 har
223 297 107 21 utskottet
345 297 110 21 vördsamt
469 297 113 28 föreslagit
597 299 32 19 att
644 297 84 21 landets
744 300 58 19 stän-

54 331 39 22 der
108 331 51 22 ville
180 331 77 21 förena
276 331 34 29 sig
325 337 35 15 om
376 333 31 20 att
422 331 31 22 uti
470 339 26 13 en
512 331 136 28 underdånig
662 332 92 27 petition
770 333 34 20 till

52 366 29 21 H.
97 365 28 22 K.
139 366 41 21 M:t
198 366 93 27 anhålla,
311 365 37 22 det
368 366 83 21 täcktes
467 366 29 21 H.
511 365 28 22 K.
554 366 41 21 M:t
610 366 44 21 låta
668 366 88 29 vidtaga
771 368 31 20 åt-

52 401 84 28 gärder,
151 401 48 21 icke
215 401 56 20 blott
286 401 33 20 till
335 401 151 28 upphäfvande
502 401 24 21 af
539 400 143 29 nyssanförda
697 403 106 20 samvetet

52 435 147 28 betvingande
222 435 142 28 stadganden,
387 435 39 21 och
448 435 34 21 till
501 435 136 21 förunnande
656 435 24 21 af
696 435 66 22 frihet
780 437 22 20 åt

53 469 56 28 dem,
126 477 45 14 som
194 469 37 22 det
249 470 69 21 önska
338 472 32 19 att
390 469 32 22 till
437 470 113 21 lutherska
563 470 61 21 läran
639 470 96 28 öfvergå,
749 473 53 19 utan

52 505 41 20 ock
109 505 33 20 till
157 504 153 22 utarbetandet
324 505 24 20 af
361 504 82 29 förslag
458 505 33 21 till
502 511 27 15 en
545 504 127 28 fullständig
686 505 117 22 dissenter-

53 539 56 28 lag".
138 539 34 21 Då
193 539 68 28 enligt
280 539 106 28 förslaget
406 539 36 21 det
460 539 70 22 skulle
546 539 33 22 stå
594 539 111 22 lutherska
720 540 82 22 trosbe-

52 573 96 22 kännare
164 573 47 22 fritt
227 576 32 19 att
274 573 55 22 efter
344 573 146 29 öfvertygelse
506 573 40 22 och
562 574 133 28 föregången
710 575 93 29 varning

52 608 89 28 öfvergå
163 608 33 21 till
219 609 87 20 hvilken
328 609 45 20 lära
392 615 45 14 som
458 609 64 27 helst,
538 609 23 21 så
576 615 51 15 vore
643 609 158 28 reciprocitet
790 604 15 37 i

52 643 37 21 det
109 643 102 21 afseende
233 643 114 21 önskvärd.
377 642 81 23 Vidare
480 645 23 20 är
519 643 67 22 under
601 650 65 15 mom.
683 643 27 29 €)
725 647 77 26 uppta-

51 679 38 26 get
104 677 41 21 den
167 677 109 21 enskildes
295 679 43 19 rätt
360 679 32 20 att
407 678 33 21 för
455 678 89 21 hvilken
567 677 88 28 kyrklig
670 678 133 29 förrättning

53 719 46 14 som
114 711 57 22 helst
186 712 68 21 anlita
268 714 60 26 prest
343 712 93 21 anställd
449 713 7 20 i
467 719 72 14 annan
554 712 134 29 församling.
711 713 90 21 Utskot-

51 749 43 19 tets
110 747 99 28 samtlige
224 747 120 20 ledamöter
358 746 64 21 hafva
438 747 34 21 för
487 747 72 28 öfrigt,
575 748 59 20 utom
649 747 153 28 kyrkoherden

52 781 137 28 Rosengren,
210 788 46 14 som
276 782 122 20 reserverat
413 782 33 28 sig
461 781 104 27 deremot,
581 782 56 20 varit
653 788 51 15 ense
720 789 34 15 om
770 785 32 18 att

53 816 87 21 förorda
155 816 133 27 antagandet
303 816 23 21 af
340 816 42 21 den
397 816 7 21 i
420 817 12 19 3
447 816 61 28 kap:s
525 817 12 21 5
553 816 11 28 $
579 816 76 21 härom
670 816 85 22 införda
767 817 35 21 be-

51 851 116 28 stämning.
197 850 76 21 Under
292 857 65 15 mom.
376 850 34 29 D)
424 850 145 22 förekommer
586 850 164 29 bestämningen
767 859 34 14 om

52 885 67 22 frihet
133 885 34 21 för
187 885 43 21 alla
249 885 83 20 kristne
351 886 38 25 att,
412 885 37 21 der
463 886 25 21 de
504 885 34 22 för
553 885 33 21 sin
602 885 87 28 andliga
704 886 99 28 uppbyg-

52 920 59 28 gelse
127 919 77 21 sådant
220 919 98 27 åstunda,
338 920 160 21 sammanträda
514 920 33 20 till
563 919 99 21 enskilda
677 920 125 21 andaktsöf-

53 954 84 28 ningar,
153 954 64 21 äfven
233 955 52 20 utan
300 956 71 26 prests
387 954 139 21 omedelbara
539 955 98 20 närvaro.
667 953 135 29 Stadgandet

51 989 75 20 härom
137 989 7 20 i
155 989 13 20 4
179 988 60 28 kap:s
257 988 48 28 16
293 984 13 37 $
320 988 39 21 har
374 988 65 22 också
452 989 24 21 af
487 989 107 20 utskottet
608 988 72 21 blifvit
695 989 106 28 tillstyrkt

51 1023 33 21 till
100 1023 123 28 antagande
239 1023 23 20 af
274 1022 123 22 ständerne.
413 1023 119 21 Trettonde
545 1022 98 28 kapitlet,
654 1029 45 14 som
710 1022 91 22 handlar

52 1065 34 14 om
109 1057 155 28 kyrkotukten,
287 1057 89 22 hvarom
397 1057 81 28 jemväl
494 1058 125 20 omnämnes
640 1057 30 20 uti
688 1064 65 14 mom.
767 1058 34 26 E)

51 1092 24 21 af
89 1091 154 27 betänkandet,
258 1092 40 21 har
312 1092 59 21 inom
386 1092 107 21 utskottet
508 1092 56 21 varit
579 1091 36 22 det
633 1092 79 20 största
728 1091 73 22 tviste-

51 1128 80 26 ämnet,
147 1127 23 21 så
185 1128 32 19 att
233 1127 36 21 två
283 1127 63 20 stånd
362 1126 39 22 der
416 1128 87 20 stannat
518 1128 45 19 mot
578 1126 45 27 två;
640 1125 36 22 det
691 1127 24 20 är
726 1127 75 26 egent-

50 1162 60 27 ligen
125 1161 103 29 kapitlets
244 1162 12 20 3
272 1161 18 28 $,
310 1167 46 15 som
372 1161 84 28 utgjort
468 1161 129 21 tvistefröet.
627 1160 89 21 'Tvenne
731 1160 70 27 stånd,

50 1196 110 28 nemligen
176 1195 151 28 ridderskapet
342 1195 41 22 och
398 1196 63 21 adeln
476 1196 41 21 och
532 1195 190 28 borgareståndets
733 1195 67 28 depu-

51 1230 81 27 terade,
155 1230 64 22 hafva
235 1229 105 29 tillstyrkt
362 1230 121 28 antagande
503 1230 24 21 af
540 1230 132 26 densamma,
688 1229 113 21 hvaremot

52 1265 94 21 flertalet
165 1265 140 21 medlemmar
326 1265 22 20 af
362 1267 81 26 presta-
460 1265 39 20 och
515 1264 159 21 bondeståndet
688 1263 113 28 föreslagit

51 1307 27 14 en
95 1299 161 28 omredigering
271 1299 23 21 af
307 1299 19 27 &,
342 1299 66 21 sådan
424 1299 41 21 den
481 1299 57 21 läses
549 1299 12 20 å
572 1298 61 21 sidan
645 1298 26 21 18
687 1298 23 21 af
723 1298 76 21 betän-

50 1334 88 20 kandet.
167 1334 44 20 Det
231 1335 24 19 är
275 1333 124 27 egentligen
420 1332 252 26 exkommunikationen,
691 1338 46 14 som
752 1338 49 21 pre-

51 1366 131 22 staståndets
197 1367 63 21 flesta
274 1366 141 22 medlemmar
429 1367 8 20 i
452 1366 113 26 utskottet,
581 1365 110 21 äfvensom
707 1365 94 21 flertalet

50 1402 24 21 af
95 1400 164 28 bondeståndet,
277 1400 58 22 velat
358 1400 115 26 bibehålla,
492 1399 98 21 deremot
609 1398 64 22 hafva
688 1398 27 22 de
731 1398 70 29 öfriga

49 1436 118 22 utskottets
182 1435 141 22 medlemmar
338 1434 96 30 godkänt
448 1434 111 29 förslaget.
