1014 1703
766 115 26 21 75

141 177 61 22 Efter
225 179 160 21 antecknandet
408 179 63 20 häraf
490 179 134 21 framställde
640 179 49 20 herr
703 179 118 23 landtmar-

73 212 92 22 skalken
181 213 72 20 vidare
269 213 95 27 följande
378 213 119 28 behörigen
510 213 113 28 justerade
639 214 146 27 proposition:

142 246 143 27 nGodkänner
300 247 152 28 ridderskapet
468 248 39 20 och
523 247 64 22 adeln
603 247 70 21 såsom
689 248 84 27 princip
789 249 32 20 uti

73 281 165 28 ifrågavarande
253 281 138 28 författning,
405 283 32 19 att
453 281 225 28 fabrikstillverkning
692 281 25 21 af
729 282 91 21 bränvin

72 315 56 21 skall
148 315 118 28 begränsas
282 315 32 21 till
329 317 31 20 ett
375 316 54 21 visst
449 316 84 28 belopp,
549 315 28 28 på
592 317 43 20 sätt
649 316 7 21 i
672 315 69 22 första
756 317 64 21 alter-

72 350 83 20 nativet
170 349 24 21 af
206 350 118 20 utskottets
338 350 137 21 betänkande
491 350 104 21 föreslås?

139 384 49 21 Den
204 391 45 14 som
265 384 127 28 godkänner
408 384 67 28 sagde
490 384 91 29 princip,
597 392 73 14 svarar
680 385 34 28 ja;
730 384 42 22 den
783 385 36 21 det

70 418 49 22 icke
134 420 47 27 gör,
196 426 74 14 svarar
286 420 43 27 nej.

138 453 84 21 Vinner
238 454 42 27 nej,
296 455 91 27 antages
403 455 70 21 såsom
485 454 70 28 grund
565 454 34 21 för
609 454 157 28 förordningen
777 454 41 21 den

69 488 7 20 i
92 487 41 22 den
149 488 79 28 nådiga
241 488 175 28 propositionens
427 489 68 21 första
506 488 116 21 alternativ
632 488 95 21 uttalade
738 488 80 28 grund-

69 523 44 20 sats
129 529 34 14 om
180 522 245 29 bränvinstillverkning
440 523 33 21 till
489 522 145 29 obegränsadt
648 522 100 29 belopp."

136 557 32 21 På
190 557 75 22 derom
288 557 63 28 gjord
373 557 103 28 begäran,
499 557 75 22 skreds
597 557 47 21 åter
662 557 34 21 till
711 557 106 29 votering,

70 598 45 14 som
132 592 71 28 aflopp
219 592 101 21 sålunda:

204 626 7 21 i
227 627 58 28 3:dje
300 627 29 21 kl.
345 627 50 21 med
410 628 12 20 9
433 629 30 27 ja
477 627 40 21 och
533 627 27 21 26
575 628 41 27 nej.

204 677 10 11 s
230 662 89 26 Cd
309 658 16 35 g
364 678 9 10 %»
411 663 44 25 Za
493 679 8 9 »
535 662 9 20 1
582 662 18 26 ;

204 697 84 27 niistä
310 712 9 11 9
364 712 9 10 »
412 697 11 20 7
446 714 8 9 n
492 712 10 10 »
535 696 26 20 10
590 712 11 9 »

137 730 71 22 Sedan
227 737 79 21 genom
325 731 71 21 denna
414 730 106 28 votering,
536 730 75 21 dervid
626 730 36 28 nej
678 730 8 20 i
701 731 44 21 alla
759 731 57 21 klas-

67 772 34 14 ser
117 765 83 27 vunnit,
219 764 41 22 den
280 765 80 28 nädiga
377 766 176 27 propositionens
567 764 69 22 första
650 765 116 22 alternativ
782 772 34 15 om

66 799 246 28 bränvinstillverkning
332 800 33 20 till
384 800 145 28 obegränsadt
548 799 79 28 belopp
643 799 83 22 säledes
742 807 38 15 var
794 801 24 21 af

66 834 86 22 ständet
168 836 96 26 antaget,
285 834 112 28 tillsporde
412 834 51 21 herr
478 834 200 21 landtmarskalken
693 834 122 22 ridderska-

66 871 38 26 pet
119 869 41 21 och
175 869 70 27 adeln,
266 876 35 14 om
320 869 47 21 icke
383 869 86 21 ständet
484 869 51 21 ville
551 876 78 21 genom
645 876 27 14 en
688 869 127 28 deputation

66 905 78 27 genast
159 904 127 21 underrätta
301 903 140 22 medständen
457 911 34 15 om
507 903 161 29 ridderskapets
684 904 41 21 och
740 904 75 22 adelns

66 939 127 21 förberörda
208 939 82 27 beslut;
307 938 51 22 derä
733 948 2 3 :

133 973 59 21 Herr
207 973 167 29 Ehrnrooth,
391 973 24 23 C.
424 973 33 27 A.,
472 973 135 27 hemställde,
623 981 35 14 om
673 973 48 22 icke
732 982 82 14 samma

67 1009 126 28 deputation
216 1008 72 21 kunde
309 1009 22 21 få
350 1009 7 20 i
377 1008 98 29 uppdrag
497 1010 32 20 att
550 1008 71 21 tillika
643 1008 91 29 inbjuda
756 1009 59 21 med-

67 1043 91 21 ständen
181 1045 31 19 att
234 1043 75 21 förena
329 1043 33 28 sig
377 1044 8 20 i
400 1043 26 21 de
444 1043 71 21 beslut
529 1042 151 29 ridderskapet
695 1043 40 20 och
751 1043 63 21 adeln

65 1085 29 14 nu
110 1077 70 22 fattat.

133 1112 58 21 Herr
206 1119 18 14 v.
240 1113 82 26 Born,
342 1112 20 21 J.
378 1112 34 21 A.:
435 1112 34 21 Då
485 1112 36 21 det
537 1113 23 20 är
575 1111 68 21 kändt
658 1113 32 20 att
706 1112 108 28 vällofliga

67 1146 179 28 borgareständet
265 1147 7 20 i
290 1146 69 21 likhet
378 1146 49 21 med
447 1146 151 28 ridderskapet
620 1146 40 21 och
684 1146 64 21 adeln
762 1147 52 27 god-

65 1181 53 21 känt
133 1181 85 27 äsigten
234 1188 34 14 om
284 1181 191 27 fabriksbränning
489 1183 56 19 samt
558 1180 84 22 säledes
656 1182 80 20 tvenne
752 1182 62 20 ständ

65 1216 66 20 redan
146 1216 85 27 antagit
250 1216 72 21 denna
342 1216 91 28 princip,
449 1215 40 21 och
504 1214 135 30 högvördiga
653 1216 161 27 prestaständet

65 1250 49 21 med
129 1250 88 28 mycket
237 1257 53 21 svag
304 1250 112 28 majoritet
431 1250 56 21 lärer
502 1250 65 21 hafva
581 1249 90 21 beslutit
686 1249 127 22 husbehofs-

65 1284 148 28 bränningens
237 1284 156 27 bibehällande,
416 1284 125 22 hemställer
563 1284 65 21 ocksä
644 1284 47 28 jag,
709 1284 105 22 huruvida

65 1319 36 20 det
121 1320 20 26 ej
163 1325 51 15 vore
233 1319 100 27 lämpligt
352 1320 32 19 att
402 1318 91 28 inbjuda
507 1318 161 28 prestaständet
682 1318 40 21 och
738 1318 75 21 likale-

65 1352 37 20 des
124 1352 37 21 det
183 1352 135 21 hedervärda
340 1352 158 21 bondeståndet
517 1354 32 18 att
568 1352 78 20 förena
661 1352 33 27 sig
709 1352 7 20 i
731 1351 81 21 ridder-

65 1385 87 32 skapets
168 1386 40 21 och
224 1385 74 22 adelns
314 1385 72 22 beslut
401 1392 34 15 om
451 1385 226 27 fabriksbränningen.
