986 1703
762 127 42 23 219

83 191 28 28 på
134 192 88 27 mantal,
245 192 41 22 och
308 193 44 22 står
375 193 48 22 icke
446 193 7 22 i
476 193 66 29 något
563 193 156 30 sammanhang
734 194 97 21 hvarken

84 225 50 22 med
149 227 157 28 grundskatten
321 228 52 21 eller
386 228 140 21 kommunala
538 228 152 28 prestationer,
702 228 74 21 hvilka
785 228 46 21 åter

84 259 51 22 bero
159 261 23 21 af
202 261 142 29 lägenhetens
365 264 64 19 natur
448 263 40 20 och
507 262 67 21 andra
589 262 111 21 kamerala
716 261 116 22 förhållan-

83 294 48 21 den.
163 295 41 22 Om
222 303 30 14 nu
269 296 159 29 jordbrukaren
444 297 61 26 skall,
521 297 72 20 såsom
609 296 33 28 sig
658 297 45 26 bör,
719 297 21 20 få
756 297 76 20 ersätt-

84 328 54 28 ning
153 329 33 21 för
201 330 34 20 sin
250 331 108 20 förlorade
375 331 224 27 bränningsrättighet
615 330 32 20 till
663 330 85 21 lättnad
762 331 7 20 i
785 330 48 21 dess

84 363 152 22 skattebördor
251 364 8 21 i
274 364 126 27 allmänhet,
419 365 24 21 så
458 365 39 21 bör
511 364 72 22 denna
598 364 121 28 ersättning
734 365 53 28 utgå
802 364 31 21 ef-

84 399 33 20 ter
133 405 82 15 samma
230 399 70 28 grund
316 406 46 14 som
377 399 79 28 sjelfva
471 399 253 28 bränningsrättigheten
738 400 54 20 eller
802 399 31 20 ef-

84 434 34 19 ter
137 433 91 27 mantal;
251 440 35 14 om
309 433 66 21 också
393 433 71 21 denna
482 433 121 28 ersättning
620 433 48 21 icke
686 433 42 21 blir
744 434 24 20 så
783 440 50 21 syn-

84 466 81 28 nerligt
187 469 51 25 stor,
260 468 49 21 sker
332 468 56 20 dock
410 468 127 28 derigenom
556 468 54 20 hvar
629 468 39 20 och
688 475 26 14 en
729 468 45 21 lika
790 469 43 19 rätt

84 501 41 21 och
143 501 27 21 då
188 502 8 20 i
214 502 42 21 alla
274 502 38 21 fall
331 502 83 21 kronan
434 502 53 21 eller
502 502 132 21 statsverket
648 502 55 21 efter
719 502 41 21 den
776 502 57 21 före-

85 536 76 28 slagna
176 536 152 28 fördelningen
344 536 97 22 kommer
452 538 32 20 att
497 536 83 22 erhålla
594 537 132 21 brorslotten
738 536 23 21 af
769 536 64 21 brän-

85 570 143 28 vinsskatten,
247 571 24 21 så
290 573 45 19 tror
351 571 39 28 jag
409 572 31 20 att
460 578 26 14 en
505 571 176 28 slutförmedling
699 571 55 21 skall
770 570 64 21 lända

85 604 34 22 till
135 604 69 22 fördel
220 606 34 20 för
270 605 59 21 såväl
345 605 41 21 den
403 605 104 27 enskilde,
524 612 45 14 som
586 605 37 21 det
637 605 117 21 allmänna.
784 605 51 21 Man

86 639 39 21 bör
140 639 51 21 akta
212 640 34 28 sig
264 641 32 19 att
311 640 27 20 då
352 639 113 28 principen
482 640 33 20 för
531 639 256 28 husbehofsbränningen
803 639 31 21 af-

85 673 80 21 skaffas
181 673 6 21 i
203 673 148 28 sedlighetens
367 674 100 26 intresse,
486 673 60 28 gifva
560 673 72 22 denna
647 674 76 27 åtgärd
739 674 37 20 det
791 674 43 20 rin-

85 709 62 26 gaste
163 707 54 21 sken
232 707 24 22 af
270 714 26 15 en
312 708 191 27 finansoperation.
525 707 104 22 Friherre
640 707 76 22 Mellin
727 708 39 21 har
777 707 57 21 före-

86 742 65 27 slagit
166 743 32 19 att
213 742 42 21 den
271 741 106 29 fjerdedel
393 742 23 21 af
433 741 198 28 bränvinsskatten,
647 748 47 15 som
710 741 69 28 enligt
794 743 12 19 3
822 743 11 26 8

85 776 71 21 skulle
166 776 88 22 tillfalla
263 776 139 26 kommunen,
414 776 66 21 borde
491 775 95 22 fördelas
597 777 28 26 på
633 776 139 28 jordegarne.
792 776 42 28 Jag

85 810 44 21 kan
145 810 47 21 icke
208 811 50 20 dela
273 808 91 23 friherre
380 810 88 21 Mellins
484 811 56 27 åsigt
555 810 6 21 i
577 810 71 21 denna
663 810 42 21 del.
733 810 43 28 Jag
790 813 45 18 tror

86 847 92 19 tvertom
198 847 31 19 att
248 845 37 21 det
305 845 55 20 skall
379 845 69 20 blifva
468 851 27 14 en
511 847 44 18 stor
571 844 69 22 fördel
656 845 34 20 för
703 845 130 28 jordbruka-

86 886 39 14 ren
141 881 31 20 att
187 879 23 21 få
225 886 27 15 en
268 879 58 27 fond,
347 879 112 22 hvarifrån
474 878 147 22 kostnaderna
637 879 33 21 för
685 879 150 28 hvarjehanda

87 914 139 21 kommunala
237 913 68 22 behof
313 913 74 22 kunna
402 914 58 27 utgå,
476 913 97 28 utgifter,
589 920 47 14 som
651 913 109 28 troligtvis
772 914 63 27 eljest

87 955 51 14 vore
157 949 61 20 svåra
236 950 32 19 att
286 948 156 27 åstadkomma,
458 950 23 26 ty
497 948 26 21 då
539 948 76 21 sådant
631 947 55 22 skall
702 948 38 21 ske
756 955 78 21 genom

87 982 84 22 direkte
186 982 84 28 bidrag,
286 982 82 21 kännes
384 981 37 22 det
436 982 61 21 alltid
512 982 35 21 för
563 982 42 21 den
621 981 115 22 betalande
749 984 86 26 tyngre.

88 1017 56 21 Lika
163 1017 50 21 med
233 1017 74 28 grefve
324 1016 78 22 Creutz
418 1017 40 20 och
474 1017 111 27 åtskilliga
600 1016 67 21 andra
682 1017 70 21 talare
772 1023 63 14 anser

85 1052 39 28 jag
142 1053 32 19 att
189 1052 47 27 just
254 1052 71 20 denna
344 1050 108 29 fjerdedel
471 1051 23 21 af
511 1051 191 21 bränvinsskatten
718 1051 33 20 till
766 1052 69 19 större

88 1086 65 21 delen
168 1086 87 20 komme
270 1087 33 19 att
318 1085 110 21 användas
444 1086 33 20 till
492 1085 123 22 inrättande
627 1086 23 20 af
658 1085 122 21 folkskolor
796 1085 40 20 och

89 1121 62 21 deras
170 1120 120 21 underhåll.
320 1120 80 21 Dertill
420 1120 65 22 borde
505 1120 41 21 den
565 1120 134 28 fullkomligt
714 1120 67 21 förslå
796 1119 39 22 och

89 1156 33 20 till
136 1155 40 21 och
192 1155 49 21 med
256 1155 74 21 lemna
340 1156 32 20 ett
383 1155 120 21 öfverskott
514 1155 33 21 till
558 1154 68 22 andra
637 1154 198 21 kommunalbehof.

89 1190 46 21 Min
151 1191 33 19 tro
200 1191 23 19 är
239 1191 32 19 att
283 1190 46 27 just
345 1196 78 20 genom
440 1196 26 14 en
482 1189 67 21 sådan
565 1189 33 21 till
614 1188 158 22 kommunerne
783 1189 52 20 lem-

89 1224 42 22 nad
147 1224 63 21 andel
230 1224 62 20 skola
310 1223 120 22 folkskolor
446 1224 49 21 med
510 1223 37 22 det
561 1223 54 22 allra
631 1223 68 21 första
714 1223 123 21 åstadkom-

89 1266 52 19 mas,
157 1259 24 20 så
196 1260 61 19 snart
275 1258 129 28 tillräckligt
420 1258 58 21 antal
493 1259 70 20 lärare
578 1258 34 21 för
627 1257 121 21 folkskolor
763 1258 74 20 kunna

89 1292 108 28 påräknas
220 1292 39 21 och
283 1292 115 21 anskaffas.
428 1292 129 21 Emellertid
577 1293 24 19 är
619 1291 37 21 det
672 1291 46 21 min
734 1291 56 28 åsigt
806 1292 32 20 att

90 1334 28 13 en
140 1327 105 27 fjerdedel
268 1329 24 18 är
313 1327 67 26 något
402 1327 34 20 för
458 1327 87 26 mycket
567 1326 40 20 och
630 1327 32 19 att
684 1325 71 20 denna
774 1325 63 21 andel

89 1360 73 21 kunde
184 1360 112 20 nedsättas
320 1360 116 20 kanhända
458 1360 33 20 till
514 1366 27 14 en
564 1358 108 29 sjettedel.
702 1358 44 21 Det
768 1358 40 21 har
829 1358 8 19 i

91 1393 157 28 sammanhang
264 1393 49 21 med
328 1393 202 21 bränvinsskattens
545 1393 124 27 fördelning
684 1392 76 21 väckts
775 1392 62 27 fråga

91 1435 34 14 om
141 1428 169 29 grundskattens
325 1427 125 29 aflyftande.
481 1427 43 31 Jag
538 1428 40 21 har
593 1427 66 23 redan
674 1426 48 24 haft
736 1427 53 22 äran
804 1428 33 21 ut-
