989 1706
184 128 41 22 198

155 194 102 28 sällskap.
287 194 64 21 Hvad
370 194 103 21 beträffar
491 194 42 21 den
550 194 71 28 öfriga
636 194 93 21 andelen
745 194 23 21 af
782 194 124 22 inkomsten

155 228 49 21 utaf
221 228 198 27 bränvinsskatten,
439 229 23 20 så
481 228 127 28 godkänner
620 229 39 27 jag
674 228 106 22 likaledes
796 228 26 22 de
838 228 69 22 under

155 263 41 21 litt.
218 263 21 21 A
261 262 7 22 i
291 263 68 21 första
381 270 64 14 mom.
469 263 179 21 förekommande
666 263 77 28 anslag
759 263 34 21 för
809 263 97 28 eftergif-

154 296 70 22 vande
239 297 24 21 af
277 297 446 29 husbehofsbränningsarrende-afgiften;
744 298 26 20 de
784 297 69 21 under
869 304 37 14 an-

155 331 39 21 dra
212 331 99 29 punkten
331 333 112 27 upptagna
463 332 90 28 utgifter
573 333 37 19 äro
627 332 65 21 också
707 332 80 28 nödiga
803 332 50 20 med
868 339 39 13 un-

155 365 82 29 dantag
259 366 24 20 af
303 366 26 20 de
352 366 125 28 föreslagna
499 366 158 28 belöningarne
682 366 33 21 för
738 366 112 28 angifvare
866 366 40 20 och

155 400 110 28 åklagare,
286 400 74 21 hvilka
383 400 128 28 belöningar
533 407 92 14 numera
645 400 48 22 icke
711 400 89 21 komma
814 400 8 21 i
837 400 69 28 fråga.

155 434 51 22 Men
229 434 69 28 enligt
321 434 44 21 min
388 434 66 21 tanke
475 434 67 22 borde
566 434 69 21 under
657 434 60 22 detta
733 442 64 14 mom.
814 441 27 14 en
857 436 50 27 post

155 468 88 21 komma
259 469 43 26 till;
323 475 49 14 man
391 469 84 21 känner
491 471 32 19 att
537 469 52 22 våra
603 469 99 22 länsmän
718 469 78 21 hittills
811 469 47 21 haft
874 476 33 14 er-

157 503 97 28 sättning
268 503 34 21 för
318 503 121 28 försegling
454 504 41 20 och
510 503 112 28 förvaring
633 504 23 20 af
668 503 196 28 bränvinspannor,
876 505 32 19 att

157 537 26 20 de
206 537 7 20 i
236 537 78 22 sådant
336 537 102 22 afseende
461 538 104 28 uppburit
587 545 26 14 en
636 538 44 21 viss
703 538 65 28 afgift
783 538 33 21 för
831 538 76 28 hvarje

156 578 73 21 panna
248 571 40 22 och
305 573 32 19 att
355 571 72 22 denna
445 572 64 27 afgift
525 572 71 21 tillika
611 572 49 21 med
677 572 40 21 den
733 572 112 28 rättighet,
862 579 46 14 som

156 605 145 22 länsmännen
321 606 90 28 nyligen
431 607 94 27 erhållit,
543 608 32 20 att
593 607 34 20 för
645 607 125 28 utmätning
788 607 24 20 af
828 607 79 20 krono-

156 640 113 28 utskylder
285 640 22 21 få
322 640 98 29 uppbära
435 641 86 27 arvode,
537 643 64 26 utgör
619 648 26 14 en
657 641 24 21 af
693 641 156 21 länsmännens
864 641 44 21 för-

155 676 86 19 nämsta
261 674 126 22 inkomster.
417 675 35 21 Då
472 683 29 13 nu
520 683 27 14 en
566 675 66 22 sådan
648 676 96 20 inkomst
759 676 33 21 för
808 683 100 21 pannans

155 709 121 28 försegling
296 709 39 21 och
355 709 111 29 förvaring
486 710 33 21 för
535 710 143 21 länsmännen
693 710 99 21 kommer
807 712 32 19 att
854 717 54 22 upp-

155 743 60 28 höra,
235 744 70 21 måste
326 744 103 28 vederlag
444 745 69 21 under
527 745 73 28 någon
617 752 70 13 annan
704 745 49 21 titel
764 745 144 21 länsmännen

156 778 109 28 tilläggas.
289 778 35 21 En
339 779 94 28 petition
449 779 39 21 har
503 779 130 28 visserligen
648 779 72 21 blifvit
735 779 122 21 framställd
873 787 34 13 om

156 813 149 21 förbättrande
326 813 25 21 af
368 813 155 22 länsmännens
540 814 111 27 ställning,
667 821 50 14 men
734 821 35 14 om
785 814 41 21 den
842 814 66 21 också

156 847 92 26 bifalles,
271 847 24 21 så
318 847 41 21 blir
382 847 36 22 det
441 850 32 19 att
496 850 51 27 taga
567 848 49 21 med
635 855 42 14 ena
691 848 86 21 handen
794 849 39 21 och
849 849 60 28 gifva

155 881 50 21 med
227 881 42 21 den
292 882 74 21 andra.
397 882 42 28 Jag
461 883 84 20 känner
570 883 230 26 länsmansdistrikter,
821 883 88 21 hvarest

155 915 93 28 afgiften
269 916 33 21 för
322 923 95 20 pannors
433 917 122 28 försegling
571 917 39 20 och
626 917 111 28 förvaring
752 918 85 27 uppgår
853 917 56 21 ända

156 949 33 21 till
212 950 131 21 åttahundra
363 951 62 21 mark
445 958 34 13 om
499 952 54 20 året.
583 951 92 21 Förlora
688 951 143 21 länsmännen
847 951 63 21 dessa

155 983 129 28 inkomster,
305 985 58 20 hvad
386 985 41 21 blir
447 985 28 21 då
495 993 52 20 qvar
567 985 24 21 af
607 985 62 22 deras
685 986 111 28 aflöning?
826 986 44 21 Det
885 988 24 19 är

155 1019 55 20 visst
225 1021 71 24 sannt,
313 1021 32 19 att
360 1019 27 21 då
402 1019 143 22 länsmännen
561 1020 48 21 icke
624 1020 74 21 vidare
714 1021 65 20 hafva
790 1021 67 28 något
872 1021 36 20 be-

155 1054 49 19 svär
227 1053 49 20 med
299 1053 229 28 bränvinspannornas
550 1054 120 28 försegling
691 1054 39 21 och
750 1055 119 28 förvaring,
885 1055 24 20 så

155 1087 68 20 borde
239 1087 26 21 de
275 1087 158 28 principenligt
443 1087 49 21 icke
503 1088 71 27 heller
585 1087 86 22 derföre
682 1089 99 27 uppbära
791 1089 72 28 någon
875 1096 33 13 er-

156 1121 104 28 sättning,
276 1127 50 14 men
342 1121 27 20 då
384 1121 69 21 måste
469 1121 95 21 tillskott
579 1122 69 20 under
663 1123 72 27 någon
750 1129 71 14 annan
832 1123 76 20 rubrik

156 1155 122 21 tillkomma
293 1155 57 26 dem,
365 1155 28 28 på
409 1155 36 21 det
461 1155 26 21 de
503 1156 35 21 må
553 1156 82 21 erhålla
651 1156 79 28 nödiga
743 1156 121 21 inkomster
874 1157 34 20 för

155 1189 34 20 sin
205 1189 114 28 bergning,
335 1189 39 21 och
391 1189 59 22 detta
465 1190 94 21 tillskott
575 1190 72 21 kunde
661 1191 126 27 lämpligast
797 1191 52 28 utgå
860 1191 47 21 från

159 1222 197 22 bränvinsskatten.
378 1223 115 22 Huruvida
509 1225 26 20 de
551 1224 69 21 under
635 1225 66 21 andra
717 1232 65 13 mom.
796 1227 112 26 upptagne

156 1257 91 26 300,000
263 1257 61 20 mark
339 1257 74 21 kunna
429 1264 51 14 vara
496 1258 132 27 tillräckliga
639 1258 33 21 för
683 1258 26 21 de
721 1259 88 20 dermed
820 1259 90 21 afsedda

157 1290 136 27 ändamälen,
313 1291 39 20 har
368 1291 40 28 jag
428 1291 59 21 svärt
507 1293 32 19 att
559 1291 99 27 bedöma,
675 1299 49 14 men
737 1293 40 28 jag
791 1299 71 21 anser,
878 1296 31 18 att

155 1324 34 21 för
204 1326 32 19 att
249 1325 108 28 godtgöra
367 1325 142 22 länsmännen
521 1326 34 21 för
566 1326 42 21 den
619 1326 96 21 inkomst
727 1327 25 21 de
764 1327 23 21 af
795 1327 113 22 bränvins-

155 1366 125 21 pannornas
300 1359 122 29 försegling
443 1360 40 21 och
504 1360 112 29 förvaring
635 1361 77 21 hittills
730 1361 54 28 haft,
800 1362 109 21 erfordras

155 1394 132 21 ätminstone
312 1395 90 26 100,000
425 1394 62 21 mark
507 1395 40 21 och
563 1395 40 28 jag
621 1395 127 22 hemställer
764 1396 93 28 derföre,
874 1405 34 14 om

155 1428 49 22 icke
219 1429 42 21 den
277 1429 69 21 under
366 1436 65 14 mom.
447 1430 12 20 2
475 1432 112 27 upptagna
603 1437 98 15 summan
717 1431 73 22 kunde
807 1432 52 22 ökas
874 1433 34 22 till
