986 1700
751 131 39 21 231

137 210 8 10 »
148 194 45 20 Vill
208 193 152 29 ridderskapet
376 194 40 21 och
432 194 64 22 adeln
512 195 66 21 bland
593 196 77 27 anslag
684 196 34 21 till
729 196 90 22 allmän-

68 228 87 28 nyttiga
178 228 100 21 ändamål
298 228 68 21 under
386 236 36 14 n:o
443 230 13 20 4
472 231 96 27 upptaga
583 230 95 21 kreditiv
693 230 35 21 för
743 232 77 26 styrel-

68 268 39 15 sen
129 262 34 21 till
185 262 143 28 undsättning
351 262 69 22 under
442 263 130 22 missvextår
595 264 40 21 och
658 264 69 22 andra
748 266 70 20 utom-

69 296 122 28 ordentliga
206 296 80 21 behof?

136 330 50 21 Den
205 337 46 14 som
269 330 38 21 vill
327 330 67 22 under
413 337 35 15 n:o
468 332 14 20 4
500 333 97 27 upptaga
617 332 94 22 kreditiv
726 332 35 22 för
775 335 44 25 sty-

68 365 73 21 relsen
157 364 34 21 till
206 364 92 22 berörde
315 364 108 29 ändamål,
446 372 73 16 svarar
535 366 36 28 ja;
595 366 41 21 den
655 366 36 22 det
709 367 49 21 icke
774 368 45 26 vill,

68 406 74 14 svarar
157 400 55 28 nej."

137 433 46 22 Och
204 441 46 14 som
271 434 36 22 vid
326 434 102 21 häröfver
446 435 94 22 anställd
555 435 100 30 votering
670 437 99 21 rösterna
786 438 32 21 ut-

67 467 52 22 föllo
135 468 59 22 inom

225 503 58 29 3:dje
298 503 30 22 kl.
344 503 50 22 med
411 504 25 21 18
446 505 30 28 ja
491 505 40 21 och
548 505 23 21 11
589 507 42 26 nej,

226 537 61 22 2:dro2a
316 554 3 11 »
364 555 9 10 »
423 539 13 20 2
467 555 4 11 ,
509 555 9 10 »
563 540 38 26 8,

226 574 54 20 Istä
312 589 5 10 »
362 590 9 10 »
460 590 9 10 ög
507 590 9 10 n»
561 574 38 26 3,

66 608 70 21 skulle
159 607 64 22 alltså
244 607 94 21 kreditiv
358 608 34 20 för
410 608 106 28 styrelsen
534 608 33 21 till
586 608 143 29 undsättning
748 610 69 20 under

65 642 131 21 missvextär
211 641 41 22 och
268 641 67 22 andra
350 642 185 29 utomordentliga
551 643 68 21 behof
631 644 69 21 under
715 651 35 14 n:o
766 645 13 21 4
794 644 24 21 af

65 676 42 22 litt.
123 676 19 22 B
158 678 114 27 upptagas.

135 710 72 23 Sedan
223 710 152 29 ridderskapet
390 710 40 22 och
446 711 64 21 adeln
527 711 90 21 sälunda
633 712 93 21 bestämt
736 714 32 19 att
778 720 38 13 an-

66 745 47 28 slag
129 745 33 21 till
178 744 210 29 donationsgodsens
402 744 86 22 inlösen
503 745 114 21 äfvensom
632 746 34 21 till
676 746 95 21 kreditiv
782 747 34 20 för

66 779 108 29 styrelsen
190 779 71 22 skulle
276 779 68 22 under
359 779 41 21 litt.
416 779 19 21 B
450 781 113 27 upptagas,
583 782 56 19 samt
658 780 26 21 de
700 780 34 22 för
750 781 66 27 öfrigt

66 814 70 21 under
158 820 82 15 samma
262 814 41 21 litt.
325 815 111 27 upptagne
455 814 76 28 anslag
551 814 33 21 till
599 814 217 29 fängelseväsendets

65 848 149 22 förbättrande
230 848 40 22 och
286 848 254 22 kommunikationernas
551 848 163 22 fullkomnande
725 850 91 20 allmänt

65 882 117 27 förordats,
197 882 75 22 anhöll
287 882 51 22 herr
352 882 209 28 landtmarskalken,
577 885 31 19 att
624 883 86 21 ständet
724 890 30 14 nu
764 883 51 21 ville

65 918 100 20 närmare
185 917 69 21 uttala
276 916 33 28 sig
325 916 59 22 öfver
400 916 103 29 beloppet
517 917 24 21 af
555 917 42 20 alla
613 917 63 21 dessa
691 917 78 27 anslag
784 918 31 20 äf-

65 958 90 14 vensom
170 951 122 21 bestämma
306 950 144 22 hvilkendera
464 950 24 21 af
501 951 26 21 de
543 952 80 20 tvenne
639 951 132 21 sistnämnde
782 953 33 19 ut-

65 985 156 29 giftsposterne
237 984 67 22 borde
319 984 91 22 framför
426 985 42 21 den
484 985 67 21 andra
567 985 58 27 utgä.

131 1019 13 21 I
163 1018 120 28 anledning
301 1019 64 21 häraf
384 1019 86 21 anhöllo
490 1018 97 29 följande
607 1019 68 21 talare
696 1026 35 14 om
752 1020 63 21 ordet

65 1054 40 21 och
119 1052 95 30 yttrade:

132 1088 58 20 Herr
206 1094 41 14 von
263 1087 79 27 Born,
359 1087 21 21 J.
390 1087 34 21 A.:
438 1087 12 21 I
461 1087 226 22 öfverensstämmelse
698 1088 49 21 med
758 1088 56 21 hvad

61 1123 40 28 jag
115 1123 8 21 i
137 1122 40 29 gär
192 1122 55 22 hade
262 1123 53 20 äran
330 1122 91 27 föreslä,
438 1122 69 22 skulle
521 1122 40 29 jag
576 1130 29 13 nu
619 1122 94 27 förorda,
729 1124 31 19 att
776 1130 37 14 an-

64 1157 71 28 slaget
150 1157 33 21 till
199 1157 215 28 fängelseväsendets
434 1157 149 22 förbättrande
599 1157 67 22 mätte
682 1157 130 22 bestämmas

63 1192 34 21 till
113 1191 91 27 610,000
219 1192 68 20 mark.

131 1225 60 22 Herr
206 1225 161 28 Grotenfelt,
381 1225 77 22 Adolf:
474 1225 34 22 Dä
524 1225 117 22 ständerne
656 1226 49 21 med
716 1226 97 21 utmärkt

64 1260 187 28 samstämmighet
273 1261 86 21 förenat
381 1260 35 28 sig
438 1267 35 15 om
495 1259 180 23 frihetsstraffens
697 1260 115 22 införande

63 1296 40 21 och
118 1295 50 21 med
183 1294 89 22 afsende
288 1295 12 21 &
315 1294 37 22 det
364 1294 132 22 fatalistiska
511 1294 111 27 samband,
639 1302 45 14 som
701 1302 52 20 eger
764 1302 48 14 rum

63 1330 81 20 mellan
162 1329 116 21 bränvinet
296 1328 40 21 och
354 1329 211 27 fängelseväsendet,
585 1329 69 20 skulle
671 1330 39 26 jag
726 1329 86 20 anhälla

64 1365 31 19 att
110 1363 71 20 säsom
197 1362 214 28 kontraproposition
429 1364 59 19 emot
497 1362 222 21 utskottssektionens
730 1362 82 27 förslag

64 1396 70 22 skulle
154 1397 119 28 uppställas
293 1396 41 22 den
350 1397 24 21 af
387 1396 69 28 nägra
471 1396 67 22 talare
553 1396 124 30 föreslagna
692 1402 84 16 summa
791 1396 24 21 af

63 1438 27 16 en
105 1431 84 23 million
205 1431 68 23 mark.
