970 1703
743 134 38 21 581

61 197 44 28 lige
129 197 113 28 företagen
266 199 35 20 äro
324 198 124 21 beräknade
473 199 34 20 till
529 199 101 28 omkring
652 199 28 20 20
701 198 110 22 millioner

61 231 68 26 mark,
152 231 60 21 torde
236 231 36 22 det
294 239 51 14 vara
365 233 111 26 sjelffallet
490 233 33 20 att
537 233 71 26 någon
625 232 135 27 betydligare
776 233 35 20 del

60 265 23 20 af
97 265 72 20 denna
191 272 84 15 summa
294 267 21 27 ej
332 266 43 21 kän
390 267 107 27 påräknas
516 268 33 19 att
563 267 53 26 utgå
631 267 24 20 af
669 266 142 21 öfverskotts-

61 299 133 27 statsmedel,
216 300 91 21 emedan
331 302 31 19 ett
384 300 77 21 sådant
483 301 127 26 öfverskott,
632 301 69 20 ehuru
724 301 87 20 statsin-

60 334 126 20 komsterna
207 334 68 20 under
296 335 25 20 de
342 334 100 21 sednaste
465 335 52 20 åren
536 334 182 28 hufvudsakligen
734 335 7 20 i
757 335 54 27 följd

60 367 24 21 af
97 368 176 21 tullinkomstens
288 368 85 21 utöfver
388 368 29 21 all
432 368 122 28 beräkning
568 368 82 22 skedda
665 368 99 28 stigande
775 368 36 21 be-

60 401 79 29 tydligt
162 402 69 26 ökats,
255 404 24 19 är
294 402 7 20 i
317 402 122 28 väsendtlig
463 409 50 14 mon
535 402 109 22 beroende
662 403 24 20 af
699 402 112 28 tillfälliga

60 436 186 28 omständigheter
270 437 38 20 och
331 436 33 21 till
383 444 27 13 en
431 436 35 21 del
486 436 24 21 af
525 436 104 28 politiska
651 436 158 21 förhållanden.

59 463 101 28 Återstår
176 470 83 21 således
276 470 76 22 endast
366 472 33 20 att
413 470 74 22 härtill
502 470 81 23 bereda
594 470 215 22 extraordinarie-in-

59 505 103 26 komster,
178 504 89 21 hvartill
285 504 117 29 åtagandet
417 505 23 21 af
453 504 149 29 bevillningen
617 511 65 22 synes
697 511 52 15 vara
764 506 45 20 sär-

59 538 60 22 deles
134 538 106 29 lämpligt.
270 539 49 21 Den
335 539 126 28 bevillning,
480 540 89 20 hvartill
583 540 84 27 förslag
682 539 69 21 finnes
767 539 41 22 den

59 573 80 28 nådiga
161 573 164 28 propositionen
346 572 91 28 bilagdt,
457 575 24 19 är
495 573 84 28 ganska
594 573 37 28 låg
646 573 40 21 och
701 573 44 21 kan
760 573 48 22 icke

59 608 34 21 för
109 608 70 27 någon
199 607 67 21 blifva
283 607 94 21 särdeles
393 607 118 29 tryckande
527 607 40 21 och
582 609 23 19 är
622 608 24 21 så
660 608 87 27 mycket
762 614 47 15 mer

59 644 32 20 att
110 642 94 27 förorda,
224 648 46 14 som
289 648 50 15 man
354 648 79 21 genom
449 642 48 21 dess
513 642 107 28 åtagande
636 642 70 21 skulle
721 642 88 21 komma

59 677 34 21 till
115 677 71 27 någon
211 676 107 21 statistisk
336 676 105 28 öfversigt
460 676 23 21 af
496 676 84 21 landets
595 676 99 29 förmåga
709 678 32 19 att
756 676 53 21 bära

59 711 64 21 äfven
140 717 27 14 en
182 710 67 28 högre
265 710 125 28 bevillning,
406 711 7 20 i
429 710 104 21 händelse
549 717 27 14 en
591 710 67 21 sådan
672 711 8 20 i
690 710 118 21 framtiden

59 745 71 22 blefve
146 745 23 20 af
183 745 213 27 omständigheterne
412 745 40 20 och
467 744 102 21 behofvet
584 744 108 28 påkallad.
722 743 43 29 Jag
775 744 34 21 får

59 779 85 22 derföre
166 779 88 21 förorda
273 781 30 19 att
323 779 120 28 bevillning
463 779 56 20 efter
534 778 42 21 den
591 779 71 27 grund
676 779 132 27 regeringen

58 813 114 28 föreslagit
187 813 40 21 och
243 814 123 20 utskottet
359 808 12 37 i
377 813 168 28 hufvudsakliga
561 813 60 20 delar
631 812 112 28 tillstyrkt,
754 812 54 21 eller

59 849 33 20 till
116 849 31 20 ett
169 848 80 28 belopp
270 848 23 20 af
307 847 45 21 dels
367 849 21 26 4,
404 847 45 22 dels
466 848 19 26 1,
501 847 46 22 dels
562 849 14 26 1
590 853 58 22 proc.
664 846 25 21 af
701 853 27 14 en
744 846 64 21 hvars

59 882 101 21 behällna
175 882 102 27 inkomst,
292 882 67 21 måtte
375 881 132 28 godkännas.
538 881 108 28 Beloppet
660 881 24 20 af
697 881 42 20 den
751 887 57 14 sum-

60 924 42 19 ma,
119 924 45 13 som
181 923 74 21 genom
267 913 66 30 dylik
349 916 120 27 bevillning
480 915 70 22 skulle
561 915 193 28 sammanbringas,
765 915 43 21 kan

60 950 101 29 omöjligt
184 957 38 14 ens
244 950 51 21 med
317 950 71 28 nägon
402 950 109 21 -säkerhet
530 949 108 21 beräknas
658 949 7 20 i
685 948 82 21 saknad
787 949 24 20 af

59 985 120 20 statistiska
194 984 118 28 uppgifter.
342 983 113 22 Utskottet
470 985 39 20 har
525 983 169 28 approximativt
703 982 106 21 beräknat

59 1019 126 21 densamma
200 1018 33 20 till
251 1019 7 19 1
277 1017 84 21 million
376 1017 63 21 mark
453 1024 35 14 om
504 1017 53 27 året,
573 1023 50 15 men
637 1017 45 27 mig
696 1016 113 21 förefaller

59 1053 72 21 denna
154 1058 83 15 summa
256 1058 43 21 nog
319 1052 36 27 låg
374 1052 40 20 och
432 1053 46 19 tror
490 1052 40 27 jag
545 1052 32 20 att
592 1051 41 21 den
649 1050 43 21 kan
707 1050 53 22 ökas
774 1050 36 21 väl

60 1086 50 22 med
125 1087 34 26 30,
175 1086 82 21 kanske
274 1086 47 20 med
337 1086 27 21 40
379 1092 58 22 proc.

128 1120 76 28 Enligt
223 1120 162 28 ridderskapets
404 1120 39 21 och
463 1120 75 21 adelns
553 1119 72 21 beslut
639 1120 9 20 i
662 1118 147 22 bränvinsfrä-

61 1162 49 22 gan,
126 1156 31 20 ett
172 1154 78 27 beslut,
267 1154 89 22 hvarom
372 1154 131 22 åtminstone
517 1154 32 20 ett
559 1154 23 20 af
591 1152 141 22 medständen
742 1152 68 22 redan

60 1190 87 21 förenat
162 1189 40 27 sig,
218 1188 58 22 skall
290 1189 23 21 af
326 1189 42 20 den
386 1188 154 28 presumerade
554 1186 257 29 bränvinsbränningsaf-

60 1224 70 28 giften
154 1223 112 27 1,800,000
286 1223 63 21 mark
368 1230 34 14 om
417 1223 48 21 året
487 1221 109 22 användas
612 1221 33 21 till
660 1220 151 22 kommunika-

61 1259 112 20 tionernas
193 1257 170 21 fullkomnande.
394 1256 131 21 Godkännes
546 1255 64 21 dessa
626 1256 77 27 anslag
717 1254 23 22 af
753 1256 58 20 stän-

61 1292 74 26 derne,
159 1292 24 20 sä
197 1291 70 21 finnas
282 1292 33 20 för
333 1290 166 28 ifrågavarande
514 1289 100 21 ändamål
629 1289 84 21 således
727 1290 33 20 att
774 1289 38 27 pä-

61 1326 70 20 räkna
150 1326 66 19 minst
236 1325 113 26 2,800,000
364 1324 62 21 mark
442 1330 34 14 om
493 1325 54 19 året.
576 1323 109 21 Behofvet
699 1323 34 20 till
749 1322 26 21 de
791 1323 23 20 af

61 1359 88 22 ständet
163 1358 92 21 bifallne
270 1358 304 20 kommunikationsarbetena
589 1358 64 26 utgör
669 1356 102 27 omkring
786 1356 27 20 20

61 1393 111 22 millioner
188 1392 67 21 mark.
286 1392 160 21 Sammansatta
465 1393 62 19 stats-
543 1390 40 22 och
598 1389 215 28 bevillningsutskot-

61 1429 33 21 tet
108 1428 40 21 har
170 1427 107 28 tillstyrkt
299 1426 63 22 dessa
384 1426 102 21 arbetens
507 1424 117 23 utförande
644 1424 24 22 af
682 1425 71 21 staten
769 1430 44 15 me-
