973 1717
743 142 40 22 659

62 215 66 22 synes
142 208 41 22 ock
193 208 173 28 anmärkningen
377 214 52 14 vara
439 207 55 21 både
505 207 115 27 opåkallad
631 208 39 20 och
681 207 52 29 föga
743 208 68 28 lämp-

62 243 40 28 lig;
123 244 23 26 ty
167 245 33 19 att
220 249 27 14 en
269 242 34 21 del
326 243 129 27 tjenstemän
479 242 58 20 skett
556 241 110 27 orättvisa,
682 241 43 21 kan
740 243 35 20 väl
791 243 20 27 ej

63 279 79 25 utgöra
163 278 67 26 något
250 276 83 28 rimligt
352 276 47 20 skäl
420 276 33 21 för
469 278 32 18 att
516 275 112 21 utsträcka
643 276 41 20 den
700 276 64 21 äfven
779 276 34 21 till

63 312 75 26 andra,
159 312 40 20 och
220 311 109 21 dessutom
349 311 39 21 bör
409 312 20 26 ej
445 310 69 21 heller
530 310 42 20 den
589 310 161 28 omständighet
765 310 48 22 här-

63 346 37 21 vid
115 346 102 26 förbises,
236 347 31 19 att
283 348 113 26 presterne
411 345 66 21 undfå
494 345 32 20 sin
542 345 97 27 aflöning
654 345 24 20 af
691 346 124 20 församlin-

63 388 74 21 garne,
158 387 50 14 men
230 380 69 28 öfrige
320 381 131 27 tjenstemän
468 380 22 20 af
505 381 77 19 staten.
613 379 58 21 Herr
687 387 40 14 von
743 380 70 21 Essen

64 416 39 21 har
118 416 66 21 väckt
199 415 62 28 fråga
276 422 34 14 om
327 422 26 13 en
369 414 90 21 alldeles
475 420 29 22 ny
515 414 70 28 grund
596 414 33 21 för
639 414 176 29 presterskapets

64 451 106 27 aflöning;
192 457 49 14 men
262 457 34 14 om
318 449 64 21 äfven
398 456 26 13 en
441 449 66 21 sådan
523 449 54 21 total
593 449 80 21 reform
689 449 72 21 kunde
777 457 38 13 an-

64 491 35 14 ses
122 484 115 26 önskvärd,
259 485 88 20 komme
369 483 62 27 dock,
453 484 71 20 såsom
547 483 50 21 herr
617 491 42 13 von
679 483 70 22 Essen
766 484 52 27 sjelf

64 519 122 28 medgifvit,
209 525 26 14 en
259 518 83 28 ganska
360 517 53 28 lång
433 518 30 20 tid
483 519 33 20 att
535 518 52 27 åtgå
605 518 65 21 innan
687 519 42 20 den
745 518 70 21 skulle

66 553 74 21 kunna
160 553 147 28 genomföras,
327 552 40 21 och
388 553 5 20 i
410 553 29 20 all
459 552 104 21 händelse
579 555 45 18 tror
637 553 45 28 jag,
699 555 31 18 att
746 553 69 21 öfver-

66 587 85 28 gången
168 587 73 22 dertill
257 587 71 21 blefve
343 587 86 26 lättare,
445 586 66 22 sedan
527 587 41 20 den
580 587 118 28 reglering,
709 595 46 13 som
766 595 49 20 pro-

65 623 125 27 positionen
205 623 90 27 åsyftar,
310 622 55 21 först
380 622 91 21 kommit
487 621 33 22 till
537 621 69 21 stånd.

134 657 59 21 Herr
211 657 176 21 Silfversvan:
410 656 87 28 Frågan
515 663 34 14 om
570 657 174 28 presterskapets
764 657 52 21 aflö-

66 692 54 27 ning
135 691 120 21 innefattar
271 698 28 14 en
316 691 45 21 lika
377 691 23 20 så
421 691 71 28 vigtig
508 691 39 20 och
568 691 186 28 genomgripande
770 699 46 13 som

67 726 41 21 ock
130 725 109 22 önskvärd
261 725 87 27 reform,
371 725 40 21 och
433 732 50 14 man
503 725 43 21 kan
567 725 48 21 icke
634 728 73 23 annat,
723 727 27 20 än
765 733 52 13 vara

67 760 96 21 tacksam
187 760 41 26 för,
251 761 32 20 att
304 766 26 14 en
351 759 66 28 nådig
432 759 135 28 proposition
583 759 73 22 derom
672 760 73 21 blifvit
760 762 57 19 stän-

67 795 68 21 derna
153 794 108 28 förelagd;
281 794 36 21 det
332 796 23 19 är
371 794 56 21 blott
442 797 32 18 att
488 794 101 27 beklaga,
605 796 31 19 att
652 794 41 21 den
709 795 109 20 förekom-

68 836 46 14 mer
137 829 55 20 först
214 829 35 21 vid
265 829 67 20 slutet
352 828 24 21 af
395 828 138 28 landtdagen,
553 828 28 21 då
597 836 48 13 man
668 828 48 21 icke
733 829 38 21 har
787 829 31 20 tid

69 865 39 25 att,
124 864 71 20 såsom
211 870 50 14 man
277 865 70 26 säger,
358 863 77 27 riktigt
445 864 159 27 genomtränga
615 863 48 20 den.
692 863 34 21 En
737 863 81 22 reform

68 899 6 20 i
92 898 36 21 det
143 897 125 22 hänseende
284 897 97 29 ingriper
396 897 7 20 i
419 898 42 21 alla
477 897 90 28 möjliga
587 897 158 27 förhållanden,
760 898 59 27 isyn-

69 933 79 21 nerhet
163 933 28 28 på
206 932 174 29 landsbyggden,
397 932 39 21 och
452 933 36 20 det
498 939 51 14 vore
561 932 112 27 verkligen
684 933 32 20 att
726 933 93 27 beklaga

70 975 34 14 om
120 967 175 28 presterskapets
310 967 61 20 löner
387 967 128 28 ytterligare
530 966 87 21 komme
633 968 32 19 att
680 967 96 28 förhöjas
791 967 28 28 på

70 1003 26 20 de
112 1002 181 27 skattdragandes
309 1001 126 21 bekostnad.
466 1001 42 28 Jag
523 1001 44 21 kan
583 1001 86 21 derföre
685 1001 48 22 icke
747 1003 72 26 annat,

70 1039 27 18 än
117 1037 55 27 yrka
194 1037 34 27 på,
249 1038 39 25 att,
309 1036 26 21 då
349 1036 29 21 H.
394 1035 27 22 K.
437 1037 28 20 M.
481 1036 100 26 utlofvat,
601 1038 32 19 att
648 1035 26 21 de
690 1037 130 27 propositio-

70 1078 46 19 ner,
137 1078 46 14 som
205 1071 69 21 under
293 1071 71 20 denna
383 1071 103 28 landtdag
502 1070 47 22 icke
565 1071 66 20 hinna
647 1070 97 27 afslutas,
760 1071 61 21 skola

71 1107 49 19 näst
140 1105 202 21 sammanträdande
361 1105 88 20 ständer
469 1105 131 28 föreläggas,
616 1105 150 28 ridderskapet
781 1106 40 20 och

71 1139 64 22 adeln
150 1140 67 21 måtte
238 1140 119 28 uppskjuta
372 1139 71 22 denna
459 1140 61 27 fråga
536 1140 33 20 till
585 1141 62 19 nästa
662 1139 104 28 landtdag
782 1140 40 21 och

72 1174 122 22 emellertid
214 1174 40 21 hos
273 1174 29 21 H.
323 1174 27 21 K.
371 1174 40 21 M:t
426 1175 7 20 i
448 1174 174 27 underdånighet
637 1174 93 27 anhålla,
746 1175 32 20 att
794 1182 27 13 en

72 1209 82 21 komité
170 1209 68 20 måtte
254 1209 112 20 nedsättas
382 1209 34 20 för
431 1211 32 18 att
477 1209 102 20 utarbeta
590 1210 31 19 ett
631 1208 138 28 fullständigt
778 1208 43 22 för-

73 1244 47 27 slag
135 1243 7 21 i
154 1243 35 21 det
205 1243 63 28 syfte,
284 1250 46 14 som
346 1243 51 21 herr
413 1251 40 13 von
469 1243 70 21 Essen
555 1243 120 28 föreslagit.
705 1243 11 20 I
732 1243 90 28 Sverige

73 1279 40 21 har
129 1278 66 22 också
209 1278 34 21 för
259 1278 72 21 denna
346 1278 72 28 frågas
434 1277 128 29 reglerande
574 1284 27 14 en
612 1277 81 22 komité
704 1277 57 21 varit
771 1278 52 21 ned-

75 1315 44 19 satt
138 1312 40 22 och
199 1313 21 21 vi
242 1313 70 20 skulle
327 1313 28 26 på
370 1320 26 13 en
413 1312 41 28 dag
470 1312 118 28 expediera
603 1312 49 20 hela
667 1312 83 27 frågan.
780 1312 44 28 Jag

74 1347 120 27 medgifver
210 1346 140 26 fullkomligt,
367 1348 31 18 att
415 1346 36 20 det
465 1347 61 26 lägre
541 1346 163 26 presterskapet
719 1348 24 17 är
757 1346 68 26 dåligt

74 1380 102 25 aflönadt,
192 1387 49 13 men
262 1380 36 20 det
315 1379 69 28 högre
399 1380 164 26 presterskapet
579 1380 24 18 är
618 1379 7 20 i
641 1378 72 21 stället
728 1379 24 20 så
767 1386 58 20 myc-

74 1415 38 21 ket
134 1414 69 21 bältre
225 1413 92 27 försedt;
341 1414 36 20 det
399 1413 72 21 kunde
492 1420 51 14 vara
563 1412 23 21 så
606 1412 59 28 godt,
685 1414 32 19 att
735 1412 90 21 lönerna

75 1449 73 21 blefve
168 1448 67 28 något
252 1448 99 28 jemnare
373 1447 117 21 fördelade.
521 1447 41 21 Om
578 1446 39 22 allt
631 1446 56 21 hvad
701 1446 123 22 hvarochen
