992 1714
185 150 40 20 828

156 217 58 26 förty
237 216 93 25 anhålla,
351 216 31 20 att
403 214 86 21 ståndet
509 214 51 21 ville
578 214 50 30 med
644 220 26 14 en
686 214 42 21 slik
744 214 161 28 framställning

157 250 34 21 till
206 250 28 20 H.
251 250 28 20 M.
295 249 109 28 Kejsaren
419 249 58 27 ingå,
493 249 111 21 äfvensom
620 250 31 19 att
666 248 67 28 tiden,
749 250 39 20 när
798 248 108 29 kapitalet

157 284 68 22 borde
240 284 113 26 inbetalas,
370 282 70 22 blefve
456 284 100 20 närmare
571 282 105 21 bestämd.

225 318 58 22 Herr
303 318 166 28 Furuhjelm,
491 317 25 21 O.
532 317 43 21 W.:
598 317 70 21 Innan
689 317 41 21 den
748 318 24 20 af
787 318 52 20 herr
853 318 52 28 Pip-

156 354 53 28 ping
228 353 78 21 väckta
326 352 62 28 fråga
408 352 43 21 kan
471 352 75 21 vidare
562 352 122 21 diskuteras
701 352 40 21 och
756 352 67 22 innan
839 353 67 27 något

156 389 71 21 beslut
250 388 46 20 deri
318 387 43 21 kan
383 387 73 26 fattas,
478 394 51 14 vore
550 386 36 22 det
606 386 82 28 nödigt,
707 388 31 20 att
754 387 151 28 ridderskapet

156 424 41 20 och
215 422 64 22 adeln
299 422 112 28 upplystes
427 428 41 20 om,
483 421 75 21 hvilka
573 421 117 29 tillgångar
706 422 86 21 ståndet
808 429 51 21 eger
875 423 32 20 att

158 458 33 21 till
207 457 132 22 statsverket
353 456 121 21 återbetala
489 456 63 21 dessa
568 456 77 26 38,000
660 456 69 21 rubel.

224 492 59 21 Herr
302 498 43 14 von
365 491 78 27 Born,
464 490 27 21 K.
508 490 32 21 F.:
564 490 72 21 Också
652 490 40 29 jag
712 490 82 29 tycker,
814 490 7 22 i
837 490 69 22 likhet

156 528 50 21 med
227 527 57 21 hvad
306 526 50 21 herr
379 525 96 28 Pipping
498 525 67 20 redan
587 525 123 27 framställt,
734 527 31 19 att
784 525 36 21 det
839 526 67 21 borde

156 563 60 26 ligga
236 561 7 20 i
263 559 162 28 ridderskapets
447 559 40 21 och
507 559 75 21 adelns
602 561 51 26 eget
671 559 93 22 intresse
784 561 33 20 att
835 560 23 21 få
873 561 33 20 till

157 595 130 22 statsverket
303 594 100 21 återbära
418 593 164 28 ifrågavarande
594 594 78 26 38,000
682 594 68 27 rubel,
762 595 27 26 på
800 594 37 21 det
847 595 58 20 stån-

156 631 37 21 det
215 630 49 21 icke
286 629 35 20 må
343 628 8 21 i
374 628 37 21 det
431 627 112 22 afseendet
562 628 33 20 stå
610 628 7 20 i
632 629 72 27 någon
723 629 133 21 förbindelse
872 629 34 21 till

156 666 84 21 kronan
257 664 54 21 eller
327 662 136 22 statsverket.
486 662 51 21 Men
549 662 92 21 emedan
651 663 195 22 riddarhuskassan
857 664 48 21 icke

156 707 39 14 ens
210 699 84 28 uppgår
313 698 33 21 till
366 697 37 21 det
418 704 45 14 som
479 699 83 19 ansetts
578 697 108 21 erfordras
701 697 34 22 för
750 698 155 28 förvaltnings-

154 734 159 22 kostnadernes
334 732 145 27 bestridande,
499 733 37 20 vet
552 733 39 27 jag
610 733 137 27 sannerligen
763 733 55 27 icke,
835 733 71 21 hvari-

156 770 47 21 från
220 769 62 20 dessa
297 767 122 28 penningar
435 767 62 20 skola
512 768 61 26 tagas
588 767 40 20 och
644 767 70 21 skulle
730 767 85 22 derföre
831 768 74 27 önska,

156 805 32 20 att
210 803 137 21 motionären
369 801 52 21 ville
443 803 101 19 närmare
566 801 99 28 upplysa,
688 802 56 21 huru
764 802 69 28 enligt
851 803 55 21 hans

155 838 90 26 mening
260 837 70 20 medel
345 836 72 21 dertill
432 836 61 21 skola
508 836 74 20 kunna
598 836 115 21 anskaffas.

224 872 58 21 Herr
297 871 128 28 Pipping,
441 871 24 20 F.
477 870 28 21 J.:
522 870 103 21 Likasom
641 871 50 20 herr
704 877 42 15 von
757 871 66 29 Born,
835 871 27 22 K.
873 872 32 27 F.,

156 913 64 16 anser
233 907 39 27 jag
288 905 37 21 det
339 905 65 27 högst
421 905 122 28 angeläget,
562 906 32 19 att
610 905 23 20 så
648 905 44 20 fort
707 912 45 15 som
768 906 87 28 möjligt
868 907 38 20 fri-

155 944 54 26 göra
231 941 34 28 sig
287 940 47 21 från
358 940 42 20 den
423 940 121 27 gravation,
568 946 45 14 som
636 940 71 28 ligger
729 941 29 27 på
778 941 61 21 detta
858 941 47 21 hus.

156 976 85 22 Hittills
257 975 39 21 har
311 974 64 21 huset
391 974 96 21 afkastat
502 974 108 28 betydligt
625 974 91 27 mindre,
732 976 28 20 än
774 975 57 21 hvad
847 976 36 20 det
899 976 7 21 i

156 1018 26 14 en
199 1009 88 23 framtid
307 1009 43 21 kan
370 1009 88 21 komma
473 1010 33 20 att
521 1010 59 26 göra.
610 1008 124 22 Lokalerna
749 1009 65 25 hafva
829 1011 76 21 nemli-

154 1052 43 22 gen
220 1044 72 22 blifvit
314 1043 93 28 uthyrda
430 1044 27 27 på
480 1043 26 21 de
529 1044 77 26 vilkor,
628 1045 32 20 att
678 1043 27 21 de
723 1044 36 21 vid
774 1044 131 22 inträffande

156 1079 103 29 landtdag
282 1078 70 21 skulle
375 1080 129 26 utrymmas;
528 1078 66 28 något
615 1078 77 21 sådant
711 1079 71 21 vilkor
802 1080 104 21 behöfver

155 1114 129 21 hädanefter
303 1113 49 20 icke
372 1112 148 27 föreskrifvas,
542 1113 27 20 då
584 1112 143 22 medstånden
742 1113 107 22 förklarat
863 1115 43 21 rid-

155 1148 104 21 darhuset
281 1147 114 28 olämpligt
417 1147 34 21 till
473 1147 137 27 ständerhus,
630 1148 56 20 samt
704 1148 26 20 de
749 1148 8 20 i
775 1148 56 28 följd
845 1148 64 22 deraf

154 1182 117 22 framdeles
290 1182 49 20 icke
357 1182 54 27 vilja
431 1181 64 21 hafva
511 1181 83 21 lokaler
609 1182 7 20 i
632 1182 125 20 detsamma.
787 1182 118 22 Dessutom

154 1216 73 22 kunde
243 1216 68 27 några
324 1215 83 21 lokaler
423 1216 6 20 i
445 1216 64 20 huset
524 1216 78 20 ändras
618 1215 33 21 till
667 1216 149 28 boningsrum,
832 1217 74 21 hvilka

155 1252 66 20 också
237 1250 69 21 skulle
321 1250 96 27 uthyras,
432 1250 142 27 hvarigenom
592 1250 151 20 inkomsterna
758 1251 48 20 från
822 1252 82 20 riddar-

154 1285 65 21 huset
240 1284 88 20 komme
349 1285 32 19 att
401 1284 127 26 ytterligare
549 1284 59 20 ökas.
637 1284 33 20 På
688 1284 60 20 detta
768 1285 43 19 sätt
832 1284 73 22 kunde

155 1319 72 27 någon
243 1318 35 21 del
295 1318 22 20 af
331 1317 42 21 den
389 1317 34 21 för
439 1318 135 28 amortering
587 1318 24 21 af
624 1318 59 21 lånet
694 1318 144 28 erforderliga
849 1326 56 14 sum-

154 1360 36 15 ma
206 1352 194 28 sammanbringas.
430 1352 42 28 Jag
488 1352 70 22 skulle
574 1352 110 22 dessutom
701 1353 70 22 såsom
788 1355 30 20 ett
833 1354 73 21 medel

154 1389 86 27 föreslå,
264 1389 32 19 att
318 1387 59 22 detta
400 1387 40 21 hus
463 1387 71 22 skulle
552 1387 90 22 belänas
661 1389 46 20 mot
726 1389 135 28 inteckning,
877 1396 27 14 en

155 1424 72 27 utväg,
243 1429 46 14 som
305 1422 78 21 hittills
402 1422 49 21 icke
467 1424 23 19 är
506 1422 84 21 försökt
606 1423 40 21 och
662 1430 45 14 som
722 1423 8 21 i
746 1423 119 22 allmänhet
881 1425 24 21 är

155 1457 87 30 mycket
256 1457 121 30 begagnad.
