<?xml version="1.0" encoding="UTF-8"?>
<alto xmlns="http://www.loc.gov/standards/alto/ns-v3#" xmlns:xlink="http://www.w3.org/1999/xlink" xmlns:xsi="http://www.w3.org/2001/XMLSchema-instance" xsi:schemaLocation="http://www.loc.gov/standards/alto/ns-v3# http://www.loc.gov/alto/v3/alto-3-0.xsd">
	<Description>
		<MeasurementUnit>pixel</MeasurementUnit>
		<sourceImageInformation>
			<fileName>/tmp/tess_e6wb34cz_input.PNG</fileName>
		</sourceImageInformation>
		<OCRProcessing ID="OCR_0">
			<ocrProcessingStep>
				<processingSoftware>
					<softwareName>tesseract 5.3.4</softwareName>
				</processingSoftware>
			</ocrProcessingStep>
		</OCRProcessing>
	</Description>
	<Layout>
		<Page WIDTH="1009" HEIGHT="1706" PHYSICAL_IMG_NR="0" ID="page_0">
			<PrintSpace HPOS="0" VPOS="0" WIDTH="1009" HEIGHT="1706">
				<ComposedBlock ID="cblock_0" HPOS="758" VPOS="123" WIDTH="41" HEIGHT="22">
					<TextBlock ID="block_0" HPOS="758" VPOS="123" WIDTH="41" HEIGHT="22">
						<TextLine ID="line_0" HPOS="758" VPOS="123" WIDTH="41" HEIGHT="22">
							<String ID="string_0" HPOS="758" VPOS="123" WIDTH="41" HEIGHT="22" WC="0.96" CONTENT="465"/>
						</TextLine>
					</TextBlock>
				</ComposedBlock>
				<ComposedBlock ID="cblock_1" HPOS="74" VPOS="186" WIDTH="760" HEIGHT="1257">
					<TextBlock ID="block_1" HPOS="74" VPOS="186" WIDTH="755" HEIGHT="270">
						<TextLine ID="line_1" HPOS="78" VPOS="186" WIDTH="750" HEIGHT="31">
							<String ID="string_1" HPOS="78" VPOS="192" WIDTH="50" HEIGHT="22" WC="0.93" CONTENT="nog,"/><SP WIDTH="15" VPOS="192" HPOS="128"/>
							<String ID="string_2" HPOS="143" VPOS="186" WIDTH="118" HEIGHT="28" WC="0.91" CONTENT="uppgifven"/><SP WIDTH="20" VPOS="186" HPOS="261"/>
							<String ID="string_3" HPOS="281" VPOS="186" WIDTH="33" HEIGHT="21" WC="0.93" CONTENT="till"/><SP WIDTH="16" VPOS="186" HPOS="314"/>
							<String ID="string_4" HPOS="330" VPOS="187" WIDTH="91" HEIGHT="27" WC="0.91" CONTENT="700,000"/><SP WIDTH="16" VPOS="187" HPOS="421"/>
							<String ID="string_5" HPOS="437" VPOS="187" WIDTH="67" HEIGHT="21" WC="0.94" CONTENT="mark."/><SP WIDTH="29" VPOS="187" HPOS="504"/>
							<String ID="string_6" HPOS="533" VPOS="188" WIDTH="32" HEIGHT="21" WC="0.94" CONTENT="Af"/><SP WIDTH="13" VPOS="188" HPOS="565"/>
							<String ID="string_7" HPOS="578" VPOS="188" WIDTH="125" HEIGHT="29" WC="0.95" CONTENT="tillförlitlig"/><SP WIDTH="12" VPOS="188" HPOS="703"/>
							<String ID="string_8" HPOS="715" VPOS="189" WIDTH="58" HEIGHT="21" WC="0.95" CONTENT="källa"/><SP WIDTH="16" VPOS="189" HPOS="773"/>
							<String ID="string_9" HPOS="789" VPOS="189" WIDTH="39" HEIGHT="21" WC="0.95" CONTENT="har"/>
						</TextLine>
						<TextLine ID="line_2" HPOS="74" VPOS="220" WIDTH="754" HEIGHT="30">
							<String ID="string_10" HPOS="74" VPOS="220" WIDTH="40" HEIGHT="28" WC="0.96" CONTENT="jag"/><SP WIDTH="16" VPOS="220" HPOS="114"/>
							<String ID="string_11" HPOS="130" VPOS="220" WIDTH="121" HEIGHT="21" WC="0.93" CONTENT="emellertid"/><SP WIDTH="15" VPOS="220" HPOS="251"/>
							<String ID="string_12" HPOS="266" VPOS="221" WIDTH="107" HEIGHT="21" WC="0.91" CONTENT="inhemtat"/><SP WIDTH="16" VPOS="221" HPOS="373"/>
							<String ID="string_13" HPOS="389" VPOS="224" WIDTH="31" HEIGHT="18" WC="0.93" CONTENT="att"/><SP WIDTH="14" VPOS="224" HPOS="420"/>
							<String ID="string_14" HPOS="434" VPOS="222" WIDTH="211" HEIGHT="28" WC="0.91" CONTENT="kostnadsförslaget"/><SP WIDTH="14" VPOS="222" HPOS="645"/>
							<String ID="string_15" HPOS="659" VPOS="224" WIDTH="33" HEIGHT="19" WC="0.96" CONTENT="för"/><SP WIDTH="10" VPOS="224" HPOS="692"/>
							<String ID="string_16" HPOS="702" VPOS="224" WIDTH="126" HEIGHT="20" WC="0.90" CONTENT="densamma"/>
						</TextLine>
						<TextLine ID="line_3" HPOS="77" VPOS="254" WIDTH="751" HEIGHT="30">
							<String ID="string_17" HPOS="77" VPOS="254" WIDTH="77" HEIGHT="21" WC="0.96" CONTENT="endast"/><SP WIDTH="15" VPOS="254" HPOS="154"/>
							<String ID="string_18" HPOS="169" VPOS="255" WIDTH="84" HEIGHT="27" WC="0.96" CONTENT="uppgår"/><SP WIDTH="16" VPOS="255" HPOS="253"/>
							<String ID="string_19" HPOS="269" VPOS="255" WIDTH="32" HEIGHT="20" WC="0.92" CONTENT="till"/><SP WIDTH="17" VPOS="255" HPOS="301"/>
							<String ID="string_20" HPOS="318" VPOS="256" WIDTH="91" HEIGHT="25" WC="0.91" CONTENT="255,440"/><SP WIDTH="16" VPOS="256" HPOS="409"/>
							<String ID="string_21" HPOS="425" VPOS="256" WIDTH="61" HEIGHT="20" WC="0.96" CONTENT="mark"/><SP WIDTH="15" VPOS="256" HPOS="486"/>
							<String ID="string_22" HPOS="501" VPOS="256" WIDTH="40" HEIGHT="20" WC="0.96" CONTENT="och"/><SP WIDTH="12" VPOS="256" HPOS="541"/>
							<String ID="string_23" HPOS="553" VPOS="256" WIDTH="84" HEIGHT="21" WC="0.96" CONTENT="således"/><SP WIDTH="12" VPOS="256" HPOS="637"/>
							<String ID="string_24" HPOS="649" VPOS="258" WIDTH="19" HEIGHT="26" WC="0.96" CONTENT="ej"/><SP WIDTH="13" VPOS="258" HPOS="668"/>
							<String ID="string_25" HPOS="681" VPOS="264" WIDTH="38" HEIGHT="14" WC="0.96" CONTENT="ens"/><SP WIDTH="11" VPOS="264" HPOS="719"/>
							<String ID="string_26" HPOS="730" VPOS="258" WIDTH="32" HEIGHT="20" WC="0.93" CONTENT="till"/><SP WIDTH="12" VPOS="258" HPOS="762"/>
							<String ID="string_27" HPOS="774" VPOS="258" WIDTH="54" HEIGHT="20" WC="0.92" CONTENT="hälf-"/>
						</TextLine>
						<TextLine ID="line_4" HPOS="77" VPOS="288" WIDTH="751" HEIGHT="29">
							<String ID="string_28" HPOS="77" VPOS="290" WIDTH="36" HEIGHT="18" WC="0.96" CONTENT="ten"/><SP WIDTH="17" VPOS="290" HPOS="113"/>
							<String ID="string_29" HPOS="130" VPOS="288" WIDTH="24" HEIGHT="20" WC="0.96" CONTENT="af"/><SP WIDTH="13" VPOS="288" HPOS="154"/>
							<String ID="string_30" HPOS="167" VPOS="288" WIDTH="40" HEIGHT="21" WC="0.96" CONTENT="den"/><SP WIDTH="17" VPOS="288" HPOS="207"/>
							<String ID="string_31" HPOS="224" VPOS="296" WIDTH="91" HEIGHT="19" WC="0.96" CONTENT="summa,"/><SP WIDTH="16" VPOS="296" HPOS="315"/>
							<String ID="string_32" HPOS="331" VPOS="290" WIDTH="120" HEIGHT="27" WC="0.93" CONTENT="utgörande"/><SP WIDTH="16" VPOS="290" HPOS="451"/>
							<String ID="string_33" HPOS="467" VPOS="290" WIDTH="91" HEIGHT="26" WC="0.90" CONTENT="680,000"/><SP WIDTH="15" VPOS="290" HPOS="558"/>
							<String ID="string_34" HPOS="573" VPOS="290" WIDTH="68" HEIGHT="27" WC="0.93" CONTENT="mark,"/><SP WIDTH="16" VPOS="290" HPOS="641"/>
							<String ID="string_35" HPOS="657" VPOS="290" WIDTH="87" HEIGHT="22" WC="0.93" CONTENT="hvartill"/><SP WIDTH="15" VPOS="290" HPOS="744"/>
							<String ID="string_36" HPOS="759" VPOS="291" WIDTH="26" HEIGHT="21" WC="0.93" CONTENT="de"/><SP WIDTH="11" VPOS="291" HPOS="785"/>
							<String ID="string_37" HPOS="796" VPOS="292" WIDTH="32" HEIGHT="20" WC="0.92" CONTENT="fö-"/>
						</TextLine>
						<TextLine ID="line_5" HPOS="75" VPOS="322" WIDTH="754" HEIGHT="30">
							<String ID="string_38" HPOS="75" VPOS="322" WIDTH="102" HEIGHT="28" WC="0.91" CONTENT="reslagna"/><SP WIDTH="19" VPOS="322" HPOS="177"/>
							<String ID="string_39" HPOS="196" VPOS="323" WIDTH="172" HEIGHT="21" WC="0.91" CONTENT="kanalarbetena"/><SP WIDTH="19" VPOS="323" HPOS="368"/>
							<String ID="string_40" HPOS="387" VPOS="324" WIDTH="58" HEIGHT="20" WC="0.93" CONTENT="inom"/><SP WIDTH="17" VPOS="324" HPOS="445"/>
							<String ID="string_41" HPOS="462" VPOS="324" WIDTH="109" HEIGHT="28" WC="0.91" CONTENT="Näsijärvi"/><SP WIDTH="22" VPOS="324" HPOS="571"/>
							<String ID="string_42" HPOS="593" VPOS="326" WIDTH="164" HEIGHT="26" WC="0.96" CONTENT="vattensystem,"/><SP WIDTH="16" VPOS="326" HPOS="757"/>
							<String ID="string_43" HPOS="773" VPOS="325" WIDTH="56" HEIGHT="21" WC="0.96" CONTENT="blott"/>
						</TextLine>
						<TextLine ID="line_6" HPOS="76" VPOS="357" WIDTH="752" HEIGHT="30">
							<String ID="string_44" HPOS="76" VPOS="357" WIDTH="155" HEIGHT="28" WC="0.91" CONTENT="aproximativt"/><SP WIDTH="20" VPOS="357" HPOS="231"/>
							<String ID="string_45" HPOS="251" VPOS="358" WIDTH="39" HEIGHT="20" WC="0.96" CONTENT="och"/><SP WIDTH="16" VPOS="358" HPOS="290"/>
							<String ID="string_46" HPOS="306" VPOS="360" WIDTH="51" HEIGHT="19" WC="0.96" CONTENT="utan"/><SP WIDTH="20" VPOS="360" HPOS="357"/>
							<String ID="string_47" HPOS="377" VPOS="358" WIDTH="119" HEIGHT="28" WC="0.95" CONTENT="behörigen"/><SP WIDTH="17" VPOS="358" HPOS="496"/>
							<String ID="string_48" HPOS="513" VPOS="358" WIDTH="92" HEIGHT="22" WC="0.96" CONTENT="slutförd"/><SP WIDTH="16" VPOS="358" HPOS="605"/>
							<String ID="string_49" HPOS="621" VPOS="360" WIDTH="141" HEIGHT="27" WC="0.93" CONTENT="granskning,"/><SP WIDTH="16" VPOS="360" HPOS="762"/>
							<String ID="string_50" HPOS="778" VPOS="360" WIDTH="50" HEIGHT="20" WC="0.92" CONTENT="blif-"/>
						</TextLine>
						<TextLine ID="line_7" HPOS="75" VPOS="392" WIDTH="752" HEIGHT="28">
							<String ID="string_51" HPOS="75" VPOS="392" WIDTH="31" HEIGHT="20" WC="0.93" CONTENT="vit"/><SP WIDTH="16" VPOS="392" HPOS="106"/>
							<String ID="string_52" HPOS="122" VPOS="394" WIDTH="111" HEIGHT="26" WC="0.91" CONTENT="upptagne"/><SP WIDTH="15" VPOS="394" HPOS="233"/>
							<String ID="string_53" HPOS="248" VPOS="392" WIDTH="40" HEIGHT="21" WC="0.96" CONTENT="och"/><SP WIDTH="16" VPOS="392" HPOS="288"/>
							<String ID="string_54" HPOS="304" VPOS="392" WIDTH="88" HEIGHT="21" WC="0.96" CONTENT="hvilken"/><SP WIDTH="17" VPOS="392" HPOS="392"/>
							<String ID="string_55" HPOS="409" VPOS="400" WIDTH="84" HEIGHT="14" WC="0.96" CONTENT="summa"/><SP WIDTH="15" VPOS="400" HPOS="493"/>
							<String ID="string_56" HPOS="508" VPOS="393" WIDTH="36" HEIGHT="21" WC="0.96" CONTENT="vid"/><SP WIDTH="11" VPOS="393" HPOS="544"/>
							<String ID="string_57" HPOS="555" VPOS="395" WIDTH="99" HEIGHT="19" WC="0.92" CONTENT="närmare"/><SP WIDTH="11" VPOS="395" HPOS="654"/>
							<String ID="string_58" HPOS="665" VPOS="394" WIDTH="162" HEIGHT="21" WC="0.92" CONTENT="skärskådande"/>
						</TextLine>
						<TextLine ID="line_8" HPOS="76" VPOS="426" WIDTH="751" HEIGHT="30">
							<String ID="string_59" HPOS="76" VPOS="427" WIDTH="58" HEIGHT="20" WC="0.96" CONTENT="ännu"/><SP WIDTH="17" VPOS="427" HPOS="134"/>
							<String ID="string_60" HPOS="151" VPOS="426" WIDTH="104" HEIGHT="29" WC="0.95" CONTENT="möjligen"/><SP WIDTH="21" VPOS="426" HPOS="255"/>
							<String ID="string_61" HPOS="276" VPOS="427" WIDTH="86" HEIGHT="20" WC="0.96" CONTENT="komme"/><SP WIDTH="17" VPOS="427" HPOS="362"/>
							<String ID="string_62" HPOS="379" VPOS="428" WIDTH="32" HEIGHT="19" WC="0.96" CONTENT="att"/><SP WIDTH="15" VPOS="428" HPOS="411"/>
							<String ID="string_63" HPOS="426" VPOS="427" WIDTH="97" HEIGHT="28" WC="0.96" CONTENT="undergå"/><SP WIDTH="16" VPOS="427" HPOS="523"/>
							<String ID="string_64" HPOS="539" VPOS="434" WIDTH="26" HEIGHT="14" WC="0.95" CONTENT="en"/><SP WIDTH="17" VPOS="434" HPOS="565"/>
							<String ID="string_65" HPOS="582" VPOS="427" WIDTH="97" HEIGHT="28" WC="0.96" CONTENT="betydlig"/><SP WIDTH="16" VPOS="427" HPOS="679"/>
							<String ID="string_66" HPOS="695" VPOS="427" WIDTH="132" HEIGHT="29" WC="0.96" CONTENT="förhöjning."/>
						</TextLine>
					</TextBlock>
					<TextBlock ID="block_2" HPOS="76" VPOS="461" WIDTH="754" HEIGHT="131">
						<TextLine ID="line_9" HPOS="142" VPOS="461" WIDTH="685" HEIGHT="28">
							<String ID="string_67" HPOS="142" VPOS="461" WIDTH="33" HEIGHT="21" WC="0.96" CONTENT="På"/><SP WIDTH="22" VPOS="461" HPOS="175"/>
							<String ID="string_68" HPOS="197" VPOS="461" WIDTH="26" HEIGHT="21" WC="0.95" CONTENT="de"/><SP WIDTH="20" VPOS="461" HPOS="223"/>
							<String ID="string_69" HPOS="243" VPOS="461" WIDTH="24" HEIGHT="21" WC="0.95" CONTENT="af"/><SP WIDTH="17" VPOS="461" HPOS="267"/>
							<String ID="string_70" HPOS="284" VPOS="462" WIDTH="45" HEIGHT="27" WC="0.96" CONTENT="mig"/><SP WIDTH="18" VPOS="462" HPOS="329"/>
							<String ID="string_71" HPOS="347" VPOS="468" WIDTH="28" HEIGHT="14" WC="0.96" CONTENT="nu"/><SP WIDTH="14" VPOS="468" HPOS="375"/>
							<String ID="string_72" HPOS="389" VPOS="461" WIDTH="91" HEIGHT="21" WC="0.96" CONTENT="anförda"/><SP WIDTH="15" VPOS="461" HPOS="480"/>
							<String ID="string_73" HPOS="495" VPOS="461" WIDTH="47" HEIGHT="22" WC="0.96" CONTENT="skäl"/><SP WIDTH="15" VPOS="461" HPOS="542"/>
							<String ID="string_74" HPOS="557" VPOS="462" WIDTH="68" HEIGHT="27" WC="0.96" CONTENT="vågar"/><SP WIDTH="12" VPOS="462" HPOS="625"/>
							<String ID="string_75" HPOS="637" VPOS="463" WIDTH="40" HEIGHT="26" WC="0.96" CONTENT="jag"/><SP WIDTH="14" VPOS="463" HPOS="677"/>
							<String ID="string_76" HPOS="691" VPOS="463" WIDTH="87" HEIGHT="26" WC="0.95" CONTENT="föreslå,"/><SP WIDTH="17" VPOS="463" HPOS="778"/>
							<String ID="string_77" HPOS="795" VPOS="464" WIDTH="32" HEIGHT="19" WC="0.96" CONTENT="att"/>
						</TextLine>
						<TextLine ID="line_10" HPOS="76" VPOS="495" WIDTH="752" HEIGHT="28">
							<String ID="string_78" HPOS="76" VPOS="495" WIDTH="119" HEIGHT="28" WC="0.91" CONTENT="höglofliga"/><SP WIDTH="17" VPOS="495" HPOS="195"/>
							<String ID="string_79" HPOS="212" VPOS="495" WIDTH="151" HEIGHT="28" WC="0.96" CONTENT="ridderskapet"/><SP WIDTH="22" VPOS="495" HPOS="363"/>
							<String ID="string_80" HPOS="385" VPOS="497" WIDTH="39" HEIGHT="20" WC="0.96" CONTENT="och"/><SP WIDTH="17" VPOS="497" HPOS="424"/>
							<String ID="string_81" HPOS="441" VPOS="496" WIDTH="62" HEIGHT="21" WC="0.96" CONTENT="adeln"/><SP WIDTH="16" VPOS="496" HPOS="503"/>
							<String ID="string_82" HPOS="519" VPOS="497" WIDTH="67" HEIGHT="20" WC="0.96" CONTENT="måtte"/><SP WIDTH="16" VPOS="497" HPOS="586"/>
							<String ID="string_83" HPOS="602" VPOS="496" WIDTH="87" HEIGHT="21" WC="0.95" CONTENT="förorda"/><SP WIDTH="16" VPOS="496" HPOS="689"/>
							<String ID="string_84" HPOS="705" VPOS="499" WIDTH="32" HEIGHT="18" WC="0.91" CONTENT="att"/><SP WIDTH="16" VPOS="499" HPOS="737"/>
							<String ID="string_85" HPOS="753" VPOS="497" WIDTH="75" HEIGHT="20" WC="0.91" CONTENT="kanal-"/>
						</TextLine>
						<TextLine ID="line_11" HPOS="76" VPOS="529" WIDTH="754" HEIGHT="29">
							<String ID="string_86" HPOS="76" VPOS="529" WIDTH="135" HEIGHT="28" WC="0.96" CONTENT="anläggning"/><SP WIDTH="20" VPOS="529" HPOS="211"/>
							<String ID="string_87" HPOS="231" VPOS="530" WIDTH="35" HEIGHT="20" WC="0.93" CONTENT="vid"/><SP WIDTH="16" VPOS="530" HPOS="266"/>
							<String ID="string_88" HPOS="282" VPOS="529" WIDTH="152" HEIGHT="22" WC="0.88" CONTENT="Walkiakoski"/><SP WIDTH="17" VPOS="529" HPOS="434"/>
							<String ID="string_89" HPOS="451" VPOS="531" WIDTH="66" HEIGHT="20" WC="0.96" CONTENT="måtte"/><SP WIDTH="16" VPOS="531" HPOS="517"/>
							<String ID="string_90" HPOS="533" VPOS="531" WIDTH="110" HEIGHT="27" WC="0.96" CONTENT="företagas"/><SP WIDTH="16" VPOS="531" HPOS="643"/>
							<String ID="string_91" HPOS="659" VPOS="531" WIDTH="90" HEIGHT="21" WC="0.95" CONTENT="framför"/><SP WIDTH="16" VPOS="531" HPOS="749"/>
							<String ID="string_92" HPOS="765" VPOS="531" WIDTH="25" HEIGHT="21" WC="0.96" CONTENT="de"/><SP WIDTH="16" VPOS="531" HPOS="790"/>
							<String ID="string_93" HPOS="806" VPOS="531" WIDTH="24" HEIGHT="21" WC="0.96" CONTENT="af"/>
						</TextLine>
						<TextLine ID="line_12" HPOS="76" VPOS="563" WIDTH="558" HEIGHT="29">
							<String ID="string_94" HPOS="76" VPOS="563" WIDTH="107" HEIGHT="21" WC="0.93" CONTENT="utskottet"/><SP WIDTH="15" VPOS="563" HPOS="183"/>
							<String ID="string_95" HPOS="198" VPOS="564" WIDTH="124" HEIGHT="27" WC="0.91" CONTENT="föreslagne"/><SP WIDTH="16" VPOS="564" HPOS="322"/>
							<String ID="string_96" HPOS="338" VPOS="565" WIDTH="89" HEIGHT="20" WC="0.87" CONTENT="arbeten"/><SP WIDTH="17" VPOS="565" HPOS="427"/>
							<String ID="string_97" HPOS="444" VPOS="565" WIDTH="57" HEIGHT="20" WC="0.93" CONTENT="inom"/><SP WIDTH="16" VPOS="565" HPOS="501"/>
							<String ID="string_98" HPOS="517" VPOS="564" WIDTH="117" HEIGHT="28" WC="0.91" CONTENT="Näsijärvi."/>
						</TextLine>
					</TextBlock>
					<TextBlock ID="block_3" HPOS="74" VPOS="599" WIDTH="760" HEIGHT="816">
						<TextLine ID="line_13" HPOS="144" VPOS="599" WIDTH="684" HEIGHT="28">
							<String ID="string_99" HPOS="144" VPOS="599" WIDTH="58" HEIGHT="20" WC="0.93" CONTENT="Herr"/><SP WIDTH="15" VPOS="599" HPOS="202"/>
							<String ID="string_100" HPOS="217" VPOS="599" WIDTH="147" HEIGHT="28" WC="0.90" CONTENT="Törngren:"/><SP WIDTH="16" VPOS="599" HPOS="364"/>
							<String ID="string_101" HPOS="380" VPOS="599" WIDTH="128" HEIGHT="21" WC="0.92" CONTENT="Tvertemot"/><SP WIDTH="15" VPOS="599" HPOS="508"/>
							<String ID="string_102" HPOS="523" VPOS="599" WIDTH="56" HEIGHT="21" WC="0.96" CONTENT="hvad"/><SP WIDTH="16" VPOS="599" HPOS="579"/>
							<String ID="string_103" HPOS="595" VPOS="599" WIDTH="93" HEIGHT="21" WC="0.96" CONTENT="friherre"/><SP WIDTH="10" VPOS="599" HPOS="688"/>
							<String ID="string_104" HPOS="698" VPOS="599" WIDTH="76" HEIGHT="22" WC="0.93" CONTENT="Mellin"/><SP WIDTH="11" VPOS="599" HPOS="774"/>
							<String ID="string_105" HPOS="785" VPOS="601" WIDTH="43" HEIGHT="26" WC="0.92" CONTENT="ytt-"/>
						</TextLine>
						<TextLine ID="line_14" HPOS="76" VPOS="633" WIDTH="753" HEIGHT="29">
							<String ID="string_106" HPOS="76" VPOS="635" WIDTH="40" HEIGHT="24" WC="0.96" CONTENT="rat,"/><SP WIDTH="23" VPOS="635" HPOS="116"/>
							<String ID="string_107" HPOS="139" VPOS="633" WIDTH="70" HEIGHT="21" WC="0.96" CONTENT="skulle"/><SP WIDTH="19" VPOS="633" HPOS="209"/>
							<String ID="string_108" HPOS="228" VPOS="634" WIDTH="40" HEIGHT="27" WC="0.96" CONTENT="jag"/><SP WIDTH="23" VPOS="634" HPOS="268"/>
							<String ID="string_109" HPOS="291" VPOS="635" WIDTH="40" HEIGHT="25" WC="0.95" CONTENT="tro,"/><SP WIDTH="24" VPOS="635" HPOS="331"/>
							<String ID="string_110" HPOS="355" VPOS="635" WIDTH="30" HEIGHT="20" WC="0.91" CONTENT="att"/><SP WIDTH="19" VPOS="635" HPOS="385"/>
							<String ID="string_111" HPOS="404" VPOS="633" WIDTH="148" HEIGHT="29" WC="0.91" CONTENT="kanalisering"/><SP WIDTH="15" VPOS="633" HPOS="552"/>
							<String ID="string_112" HPOS="567" VPOS="633" WIDTH="24" HEIGHT="22" WC="0.96" CONTENT="af"/><SP WIDTH="13" VPOS="633" HPOS="591"/>
							<String ID="string_113" HPOS="604" VPOS="634" WIDTH="157" HEIGHT="28" WC="0.96" CONTENT="vattendragen"/><SP WIDTH="16" VPOS="634" HPOS="761"/>
							<String ID="string_114" HPOS="777" VPOS="641" WIDTH="52" HEIGHT="14" WC="0.95" CONTENT="norr"/>
						</TextLine>
						<TextLine ID="line_15" HPOS="76" VPOS="667" WIDTH="751" HEIGHT="30">
							<String ID="string_115" HPOS="76" VPOS="675" WIDTH="34" HEIGHT="14" WC="0.93" CONTENT="om"/><SP WIDTH="16" VPOS="675" HPOS="110"/>
							<String ID="string_116" HPOS="126" VPOS="667" WIDTH="109" HEIGHT="29" WC="0.91" CONTENT="Näsijärvi"/><SP WIDTH="16" VPOS="667" HPOS="235"/>
							<String ID="string_117" HPOS="251" VPOS="668" WIDTH="97" HEIGHT="21" WC="0.96" CONTENT="kommer"/><SP WIDTH="15" VPOS="668" HPOS="348"/>
							<String ID="string_118" HPOS="363" VPOS="670" WIDTH="32" HEIGHT="19" WC="0.96" CONTENT="att"/><SP WIDTH="16" VPOS="670" HPOS="395"/>
							<String ID="string_119" HPOS="411" VPOS="669" WIDTH="97" HEIGHT="20" WC="0.93" CONTENT="medföra"/><SP WIDTH="11" VPOS="669" HPOS="508"/>
							<String ID="string_120" HPOS="519" VPOS="669" WIDTH="122" HEIGHT="27" WC="0.91" CONTENT="jernvägen"/><SP WIDTH="16" VPOS="669" HPOS="641"/>
							<String ID="string_121" HPOS="657" VPOS="669" WIDTH="91" HEIGHT="27" WC="0.96" CONTENT="mycken"/><SP WIDTH="11" VPOS="669" HPOS="748"/>
							<String ID="string_122" HPOS="759" VPOS="670" WIDTH="68" HEIGHT="27" WC="0.96" CONTENT="nytta,"/>
						</TextLine>
						<TextLine ID="line_16" HPOS="76" VPOS="702" WIDTH="752" HEIGHT="29">
							<String ID="string_123" HPOS="76" VPOS="703" WIDTH="127" HEIGHT="27" WC="0.91" CONTENT="isynnerhet"/><SP WIDTH="22" VPOS="703" HPOS="203"/>
							<String ID="string_124" HPOS="225" VPOS="703" WIDTH="42" HEIGHT="20" WC="0.96" CONTENT="den"/><SP WIDTH="22" VPOS="703" HPOS="267"/>
							<String ID="string_125" HPOS="289" VPOS="703" WIDTH="36" HEIGHT="20" WC="0.96" CONTENT="del"/><SP WIDTH="20" VPOS="703" HPOS="325"/>
							<String ID="string_126" HPOS="345" VPOS="703" WIDTH="68" HEIGHT="26" WC="0.96" CONTENT="deraf,"/><SP WIDTH="23" VPOS="703" HPOS="413"/>
							<String ID="string_127" HPOS="436" VPOS="710" WIDTH="45" HEIGHT="14" WC="0.96" CONTENT="som"/><SP WIDTH="16" VPOS="710" HPOS="481"/>
							<String ID="string_128" HPOS="497" VPOS="703" WIDTH="39" HEIGHT="28" WC="0.96" CONTENT="går"/><SP WIDTH="16" VPOS="703" HPOS="536"/>
							<String ID="string_129" HPOS="552" VPOS="703" WIDTH="32" HEIGHT="20" WC="0.91" CONTENT="till"/><SP WIDTH="16" VPOS="703" HPOS="584"/>
							<String ID="string_130" HPOS="600" VPOS="702" WIDTH="83" HEIGHT="27" WC="0.91" CONTENT="Keuru,"/><SP WIDTH="16" VPOS="702" HPOS="683"/>
							<String ID="string_131" HPOS="699" VPOS="710" WIDTH="45" HEIGHT="14" WC="0.96" CONTENT="som"/><SP WIDTH="17" VPOS="710" HPOS="744"/>
							<String ID="string_132" HPOS="761" VPOS="705" WIDTH="23" HEIGHT="19" WC="0.96" CONTENT="är"/><SP WIDTH="16" VPOS="705" HPOS="784"/>
							<String ID="string_133" HPOS="800" VPOS="710" WIDTH="28" HEIGHT="14" WC="0.96" CONTENT="en"/>
						</TextLine>
						<TextLine ID="line_17" HPOS="77" VPOS="737" WIDTH="752" HEIGHT="28">
							<String ID="string_134" HPOS="77" VPOS="737" WIDTH="90" HEIGHT="28" WC="0.92" CONTENT="skogrik"/><SP WIDTH="14" VPOS="737" HPOS="167"/>
							<String ID="string_135" HPOS="181" VPOS="737" WIDTH="65" HEIGHT="26" WC="0.95" CONTENT="trakt,"/><SP WIDTH="21" VPOS="737" HPOS="246"/>
							<String ID="string_136" HPOS="267" VPOS="737" WIDTH="26" HEIGHT="20" WC="0.93" CONTENT="dä"/><SP WIDTH="16" VPOS="737" HPOS="293"/>
							<String ID="string_137" HPOS="309" VPOS="737" WIDTH="98" HEIGHT="21" WC="0.93" CONTENT="deremot"/><SP WIDTH="15" VPOS="737" HPOS="407"/>
							<String ID="string_138" HPOS="422" VPOS="737" WIDTH="120" HEIGHT="21" WC="0.93" CONTENT="socknarne"/><SP WIDTH="16" VPOS="737" HPOS="542"/>
							<String ID="string_139" HPOS="558" VPOS="737" WIDTH="100" HEIGHT="21" WC="0.92" CONTENT="ofvanom"/><SP WIDTH="17" VPOS="737" HPOS="658"/>
							<String ID="string_140" HPOS="675" VPOS="737" WIDTH="154" HEIGHT="21" WC="0.92" CONTENT="Walkiakoski"/>
						</TextLine>
						<TextLine ID="line_18" HPOS="77" VPOS="771" WIDTH="751" HEIGHT="28">
							<String ID="string_141" HPOS="77" VPOS="778" WIDTH="90" HEIGHT="14" WC="0.91" CONTENT="numera"/><SP WIDTH="20" VPOS="778" HPOS="167"/>
							<String ID="string_142" HPOS="187" VPOS="771" WIDTH="65" HEIGHT="21" WC="0.90" CONTENT="hafva"/><SP WIDTH="20" VPOS="771" HPOS="252"/>
							<String ID="string_143" HPOS="272" VPOS="771" WIDTH="51" HEIGHT="27" WC="0.92" CONTENT="föga"/><SP WIDTH="15" VPOS="771" HPOS="323"/>
							<String ID="string_144" HPOS="338" VPOS="771" WIDTH="63" HEIGHT="28" WC="0.96" CONTENT="skog;"/><SP WIDTH="17" VPOS="771" HPOS="401"/>
							<String ID="string_145" HPOS="418" VPOS="771" WIDTH="37" HEIGHT="21" WC="0.96" CONTENT="der"/><SP WIDTH="18" VPOS="771" HPOS="455"/>
							<String ID="string_146" HPOS="473" VPOS="771" WIDTH="38" HEIGHT="21" WC="0.96" CONTENT="har"/><SP WIDTH="16" VPOS="771" HPOS="511"/>
							<String ID="string_147" HPOS="527" VPOS="772" WIDTH="68" HEIGHT="27" WC="0.93" CONTENT="enligt"/><SP WIDTH="16" VPOS="772" HPOS="595"/>
							<String ID="string_148" HPOS="611" VPOS="771" WIDTH="119" HEIGHT="28" WC="0.92" CONTENT="allmogens"/><SP WIDTH="16" VPOS="771" HPOS="730"/>
							<String ID="string_149" HPOS="746" VPOS="773" WIDTH="82" HEIGHT="26" WC="0.92" CONTENT="yttran-"/>
						</TextLine>
						<TextLine ID="line_19" HPOS="77" VPOS="805" WIDTH="751" HEIGHT="28">
							<String ID="string_150" HPOS="77" VPOS="805" WIDTH="41" HEIGHT="21" WC="0.96" CONTENT="den"/><SP WIDTH="16" VPOS="805" HPOS="118"/>
							<String ID="string_151" HPOS="134" VPOS="805" WIDTH="57" HEIGHT="20" WC="0.96" CONTENT="skett"/><SP WIDTH="15" VPOS="805" HPOS="191"/>
							<String ID="string_152" HPOS="206" VPOS="806" WIDTH="24" HEIGHT="20" WC="0.96" CONTENT="sä"/><SP WIDTH="15" VPOS="806" HPOS="230"/>
							<String ID="string_153" HPOS="245" VPOS="807" WIDTH="59" HEIGHT="19" WC="0.93" CONTENT="stora"/><SP WIDTH="21" VPOS="807" HPOS="304"/>
							<String ID="string_154" HPOS="325" VPOS="805" WIDTH="88" HEIGHT="28" WC="0.96" CONTENT="uppköp"/><SP WIDTH="16" VPOS="805" HPOS="413"/>
							<String ID="string_155" HPOS="429" VPOS="806" WIDTH="23" HEIGHT="20" WC="0.96" CONTENT="af"/><SP WIDTH="13" VPOS="806" HPOS="452"/>
							<String ID="string_156" HPOS="465" VPOS="806" WIDTH="62" HEIGHT="27" WC="0.96" CONTENT="skog,"/><SP WIDTH="16" VPOS="806" HPOS="527"/>
							<String ID="string_157" HPOS="543" VPOS="808" WIDTH="31" HEIGHT="18" WC="0.96" CONTENT="att"/><SP WIDTH="16" VPOS="808" HPOS="574"/>
							<String ID="string_158" HPOS="590" VPOS="805" WIDTH="37" HEIGHT="21" WC="0.96" CONTENT="der"/><SP WIDTH="16" VPOS="805" HPOS="627"/>
							<String ID="string_159" HPOS="643" VPOS="807" WIDTH="54" HEIGHT="19" WC="0.93" CONTENT="stort"/><SP WIDTH="16" VPOS="807" HPOS="697"/>
							<String ID="string_160" HPOS="713" VPOS="805" WIDTH="115" HEIGHT="28" WC="0.96" CONTENT="ingenting"/>
						</TextLine>
						<TextLine ID="line_20" HPOS="75" VPOS="839" WIDTH="759" HEIGHT="28">
							<String ID="string_161" HPOS="75" VPOS="846" WIDTH="61" HEIGHT="14" WC="0.93" CONTENT="mera"/><SP WIDTH="15" VPOS="846" HPOS="136"/>
							<String ID="string_162" HPOS="151" VPOS="839" WIDTH="69" HEIGHT="21" WC="0.96" CONTENT="finnes"/><SP WIDTH="15" VPOS="839" HPOS="220"/>
							<String ID="string_163" HPOS="235" VPOS="841" WIDTH="32" HEIGHT="19" WC="0.93" CONTENT="att"/><SP WIDTH="15" VPOS="841" HPOS="267"/>
							<String ID="string_164" HPOS="282" VPOS="841" WIDTH="57" HEIGHT="26" WC="0.96" CONTENT="taga."/><SP WIDTH="30" VPOS="841" HPOS="339"/>
							<String ID="string_165" HPOS="369" VPOS="839" WIDTH="44" HEIGHT="21" WC="0.93" CONTENT="För"/><SP WIDTH="18" VPOS="839" HPOS="413"/>
							<String ID="string_166" HPOS="431" VPOS="841" WIDTH="72" HEIGHT="20" WC="0.95" CONTENT="resten"/><SP WIDTH="22" VPOS="841" HPOS="503"/>
							<String ID="string_167" HPOS="525" VPOS="839" WIDTH="62" HEIGHT="21" WC="0.95" CONTENT="bestå"/><SP WIDTH="21" VPOS="839" HPOS="587"/>
							<String ID="string_168" HPOS="608" VPOS="839" WIDTH="149" HEIGHT="28" WC="0.93" CONTENT="produkterna"/><SP WIDTH="16" VPOS="839" HPOS="757"/>
							<String ID="string_169" HPOS="773" VPOS="839" WIDTH="61" HEIGHT="28" WC="0.71" CONTENT="deri-"/>
						</TextLine>
						<TextLine ID="line_21" HPOS="75" VPOS="873" WIDTH="752" HEIGHT="28">
							<String ID="string_170" HPOS="75" VPOS="874" WIDTH="49" HEIGHT="21" WC="0.96" CONTENT="från"/><SP WIDTH="16" VPOS="874" HPOS="124"/>
							<String ID="string_171" HPOS="140" VPOS="875" WIDTH="55" HEIGHT="19" WC="0.96" CONTENT="mest"/><SP WIDTH="21" VPOS="875" HPOS="195"/>
							<String ID="string_172" HPOS="216" VPOS="874" WIDTH="23" HEIGHT="21" WC="0.96" CONTENT="af"/><SP WIDTH="18" VPOS="874" HPOS="239"/>
							<String ID="string_173" HPOS="257" VPOS="874" WIDTH="38" HEIGHT="26" WC="0.96" CONTENT="lin,"/><SP WIDTH="23" VPOS="874" HPOS="295"/>
							<String ID="string_174" HPOS="318" VPOS="881" WIDTH="49" HEIGHT="14" WC="0.95" CONTENT="men"/><SP WIDTH="16" VPOS="881" HPOS="367"/>
							<String ID="string_175" HPOS="383" VPOS="874" WIDTH="54" HEIGHT="21" WC="0.95" CONTENT="linet"/><SP WIDTH="15" VPOS="874" HPOS="437"/>
							<String ID="string_176" HPOS="452" VPOS="874" WIDTH="42" HEIGHT="21" WC="0.95" CONTENT="blir"/><SP WIDTH="15" VPOS="874" HPOS="494"/>
							<String ID="string_177" HPOS="509" VPOS="873" WIDTH="82" HEIGHT="28" WC="0.96" CONTENT="färdigt"/><SP WIDTH="14" VPOS="873" HPOS="591"/>
							<String ID="string_178" HPOS="605" VPOS="873" WIDTH="54" HEIGHT="21" WC="0.96" CONTENT="först"/><SP WIDTH="16" VPOS="873" HPOS="659"/>
							<String ID="string_179" HPOS="675" VPOS="875" WIDTH="44" HEIGHT="19" WC="0.96" CONTENT="mot"/><SP WIDTH="15" VPOS="875" HPOS="719"/>
							<String ID="string_180" HPOS="734" VPOS="874" WIDTH="93" HEIGHT="26" WC="0.96" CONTENT="vintern,"/>
						</TextLine>
						<TextLine ID="line_22" HPOS="76" VPOS="907" WIDTH="751" HEIGHT="29">
							<String ID="string_181" HPOS="76" VPOS="909" WIDTH="24" HEIGHT="20" WC="0.96" CONTENT="så"/><SP WIDTH="14" VPOS="909" HPOS="100"/>
							<String ID="string_182" HPOS="114" VPOS="910" WIDTH="33" HEIGHT="19" WC="0.95" CONTENT="att"/><SP WIDTH="15" VPOS="910" HPOS="147"/>
							<String ID="string_183" HPOS="162" VPOS="909" WIDTH="70" HEIGHT="27" WC="0.93" CONTENT="någon"/><SP WIDTH="17" VPOS="909" HPOS="232"/>
							<String ID="string_184" HPOS="249" VPOS="909" WIDTH="143" HEIGHT="27" WC="0.89" CONTENT="lintransport"/><SP WIDTH="17" VPOS="909" HPOS="392"/>
							<String ID="string_185" HPOS="409" VPOS="908" WIDTH="62" HEIGHT="28" WC="0.96" CONTENT="längs"/><SP WIDTH="16" VPOS="908" HPOS="471"/>
							<String ID="string_186" HPOS="487" VPOS="908" WIDTH="93" HEIGHT="21" WC="0.95" CONTENT="kanalen"/><SP WIDTH="16" VPOS="908" HPOS="580"/>
							<String ID="string_187" HPOS="596" VPOS="907" WIDTH="48" HEIGHT="21" WC="0.96" CONTENT="icke"/><SP WIDTH="16" VPOS="907" HPOS="644"/>
							<String ID="string_188" HPOS="660" VPOS="908" WIDTH="43" HEIGHT="21" WC="0.96" CONTENT="kan"/><SP WIDTH="14" VPOS="908" HPOS="703"/>
							<String ID="string_189" HPOS="717" VPOS="908" WIDTH="88" HEIGHT="21" WC="0.94" CONTENT="komma"/><SP WIDTH="14" VPOS="908" HPOS="805"/>
							<String ID="string_190" HPOS="819" VPOS="908" WIDTH="8" HEIGHT="20" WC="0.94" CONTENT="i"/>
						</TextLine>
						<TextLine ID="line_23" HPOS="76" VPOS="942" WIDTH="751" HEIGHT="28">
							<String ID="string_191" HPOS="76" VPOS="942" WIDTH="68" HEIGHT="28" WC="0.91" CONTENT="fråga."/><SP WIDTH="30" VPOS="942" HPOS="144"/>
							<String ID="string_192" HPOS="174" VPOS="942" WIDTH="75" HEIGHT="21" WC="0.90" CONTENT="Keuru"/><SP WIDTH="20" VPOS="942" HPOS="249"/>
							<String ID="string_193" HPOS="269" VPOS="944" WIDTH="24" HEIGHT="19" WC="0.93" CONTENT="är"/><SP WIDTH="19" VPOS="944" HPOS="293"/>
							<String ID="string_194" HPOS="312" VPOS="942" WIDTH="99" HEIGHT="22" WC="0.92" CONTENT="deremot"/><SP WIDTH="20" VPOS="942" HPOS="411"/>
							<String ID="string_195" HPOS="431" VPOS="949" WIDTH="26" HEIGHT="14" WC="0.96" CONTENT="en"/><SP WIDTH="20" VPOS="949" HPOS="457"/>
							<String ID="string_196" HPOS="477" VPOS="942" WIDTH="126" HEIGHT="21" WC="0.96" CONTENT="välmående"/><SP WIDTH="20" VPOS="942" HPOS="603"/>
							<String ID="string_197" HPOS="623" VPOS="942" WIDTH="87" HEIGHT="26" WC="0.95" CONTENT="socken,"/><SP WIDTH="16" VPOS="942" HPOS="710"/>
							<String ID="string_198" HPOS="726" VPOS="948" WIDTH="46" HEIGHT="14" WC="0.92" CONTENT="som"/><SP WIDTH="15" VPOS="948" HPOS="772"/>
							<String ID="string_199" HPOS="787" VPOS="942" WIDTH="40" HEIGHT="27" WC="0.91" CONTENT="lig-"/>
						</TextLine>
						<TextLine ID="line_24" HPOS="75" VPOS="976" WIDTH="753" HEIGHT="29">
							<String ID="string_200" HPOS="75" VPOS="984" WIDTH="39" HEIGHT="21" WC="0.96" CONTENT="ger"/><SP WIDTH="22" VPOS="984" HPOS="114"/>
							<String ID="string_201" HPOS="136" VPOS="977" WIDTH="86" HEIGHT="27" WC="0.92" CONTENT="mycket"/><SP WIDTH="23" VPOS="977" HPOS="222"/>
							<String ID="string_202" HPOS="245" VPOS="976" WIDTH="90" HEIGHT="22" WC="0.90" CONTENT="afskildt"/><SP WIDTH="22" VPOS="976" HPOS="335"/>
							<String ID="string_203" HPOS="357" VPOS="976" WIDTH="40" HEIGHT="21" WC="0.97" CONTENT="och"/><SP WIDTH="21" VPOS="976" HPOS="397"/>
							<String ID="string_204" HPOS="418" VPOS="984" WIDTH="46" HEIGHT="13" WC="0.91" CONTENT="som"/><SP WIDTH="19" VPOS="984" HPOS="464"/>
							<String ID="string_205" HPOS="483" VPOS="976" WIDTH="86" HEIGHT="22" WC="0.91" CONTENT="derföre"/><SP WIDTH="20" VPOS="976" HPOS="569"/>
							<String ID="string_206" HPOS="589" VPOS="976" WIDTH="104" HEIGHT="21" WC="0.92" CONTENT="behöfver"/><SP WIDTH="16" VPOS="976" HPOS="693"/>
							<String ID="string_207" HPOS="709" VPOS="976" WIDTH="72" HEIGHT="28" WC="0.91" CONTENT="någon"/><SP WIDTH="16" VPOS="976" HPOS="781"/>
							<String ID="string_208" HPOS="797" VPOS="976" WIDTH="31" HEIGHT="20" WC="0.91" CONTENT="af-"/>
						</TextLine>
						<TextLine ID="line_25" HPOS="76" VPOS="1010" WIDTH="753" HEIGHT="29">
							<String ID="string_209" HPOS="76" VPOS="1011" WIDTH="174" HEIGHT="28" WC="0.92" CONTENT="sättningskanal"/><SP WIDTH="16" VPOS="1011" HPOS="250"/>
							<String ID="string_210" HPOS="266" VPOS="1012" WIDTH="33" HEIGHT="20" WC="0.96" CONTENT="för"/><SP WIDTH="16" VPOS="1012" HPOS="299"/>
							<String ID="string_211" HPOS="315" VPOS="1011" WIDTH="47" HEIGHT="21" WC="0.96" CONTENT="sina"/><SP WIDTH="15" VPOS="1011" HPOS="362"/>
							<String ID="string_212" HPOS="377" VPOS="1010" WIDTH="126" HEIGHT="29" WC="0.95" CONTENT="produkter."/><SP WIDTH="30" VPOS="1010" HPOS="503"/>
							<String ID="string_213" HPOS="533" VPOS="1010" WIDTH="43" HEIGHT="28" WC="0.95" CONTENT="Jag"/><SP WIDTH="16" VPOS="1010" HPOS="576"/>
							<String ID="string_214" HPOS="592" VPOS="1010" WIDTH="37" HEIGHT="21" WC="0.96" CONTENT="vill"/><SP WIDTH="16" VPOS="1010" HPOS="629"/>
							<String ID="string_215" HPOS="645" VPOS="1011" WIDTH="54" HEIGHT="20" WC="0.96" CONTENT="visst"/><SP WIDTH="13" VPOS="1011" HPOS="699"/>
							<String ID="string_216" HPOS="712" VPOS="1010" WIDTH="49" HEIGHT="22" WC="0.96" CONTENT="icke"/><SP WIDTH="11" VPOS="1010" HPOS="761"/>
							<String ID="string_217" HPOS="772" VPOS="1011" WIDTH="57" HEIGHT="20" WC="0.96" CONTENT="sätta"/>
						</TextLine>
						<TextLine ID="line_26" HPOS="75" VPOS="1044" WIDTH="753" HEIGHT="30">
							<String ID="string_218" HPOS="75" VPOS="1046" WIDTH="6" HEIGHT="20" WC="0.96" CONTENT="i"/><SP WIDTH="17" VPOS="1046" HPOS="81"/>
							<String ID="string_219" HPOS="98" VPOS="1046" WIDTH="68" HEIGHT="28" WC="0.96" CONTENT="fråga,"/><SP WIDTH="20" VPOS="1046" HPOS="166"/>
							<String ID="string_220" HPOS="186" VPOS="1048" WIDTH="32" HEIGHT="19" WC="0.96" CONTENT="att"/><SP WIDTH="20" VPOS="1048" HPOS="218"/>
							<String ID="string_221" HPOS="238" VPOS="1046" WIDTH="49" HEIGHT="21" WC="0.93" CONTENT="icke"/><SP WIDTH="20" VPOS="1046" HPOS="287"/>
							<String ID="string_222" HPOS="307" VPOS="1045" WIDTH="148" HEIGHT="29" WC="0.92" CONTENT="kanalisering"/><SP WIDTH="16" VPOS="1045" HPOS="455"/>
							<String ID="string_223" HPOS="471" VPOS="1045" WIDTH="23" HEIGHT="21" WC="0.93" CONTENT="af"/><SP WIDTH="13" VPOS="1045" HPOS="494"/>
							<String ID="string_224" HPOS="507" VPOS="1044" WIDTH="152" HEIGHT="22" WC="0.91" CONTENT="Walkiakoski"/><SP WIDTH="16" VPOS="1044" HPOS="659"/>
							<String ID="string_225" HPOS="675" VPOS="1044" WIDTH="73" HEIGHT="22" WC="0.96" CONTENT="kunde"/><SP WIDTH="15" VPOS="1044" HPOS="748"/>
							<String ID="string_226" HPOS="763" VPOS="1045" WIDTH="65" HEIGHT="20" WC="0.96" CONTENT="hafva"/>
						</TextLine>
						<TextLine ID="line_27" HPOS="75" VPOS="1079" WIDTH="752" HEIGHT="29">
							<String ID="string_227" HPOS="75" VPOS="1080" WIDTH="32" HEIGHT="21" WC="0.96" CONTENT="sin"/><SP WIDTH="21" VPOS="1080" HPOS="107"/>
							<String ID="string_228" HPOS="128" VPOS="1082" WIDTH="62" HEIGHT="26" WC="0.95" CONTENT="nytta"/><SP WIDTH="20" VPOS="1082" HPOS="190"/>
							<String ID="string_229" HPOS="210" VPOS="1080" WIDTH="50" HEIGHT="21" WC="0.96" CONTENT="med"/><SP WIDTH="21" VPOS="1080" HPOS="260"/>
							<String ID="string_230" HPOS="281" VPOS="1080" WIDTH="40" HEIGHT="28" WC="0.96" CONTENT="sig,"/><SP WIDTH="21" VPOS="1080" HPOS="321"/>
							<String ID="string_231" HPOS="342" VPOS="1086" WIDTH="49" HEIGHT="14" WC="0.96" CONTENT="men"/><SP WIDTH="14" VPOS="1086" HPOS="391"/>
							<String ID="string_232" HPOS="405" VPOS="1080" WIDTH="40" HEIGHT="28" WC="0.96" CONTENT="jag"/><SP WIDTH="14" VPOS="1080" HPOS="445"/>
							<String ID="string_233" HPOS="459" VPOS="1080" WIDTH="70" HEIGHT="21" WC="0.95" CONTENT="måste"/><SP WIDTH="16" VPOS="1080" HPOS="529"/>
							<String ID="string_234" HPOS="545" VPOS="1079" WIDTH="54" HEIGHT="21" WC="0.96" CONTENT="dock"/><SP WIDTH="17" VPOS="1079" HPOS="599"/>
							<String ID="string_235" HPOS="616" VPOS="1079" WIDTH="112" HEIGHT="26" WC="0.96" CONTENT="anmärka,"/><SP WIDTH="16" VPOS="1079" HPOS="728"/>
							<String ID="string_236" HPOS="744" VPOS="1080" WIDTH="31" HEIGHT="20" WC="0.96" CONTENT="att"/><SP WIDTH="14" VPOS="1080" HPOS="775"/>
							<String ID="string_237" HPOS="789" VPOS="1079" WIDTH="38" HEIGHT="21" WC="0.96" CONTENT="der"/>
						</TextLine>
						<TextLine ID="line_28" HPOS="74" VPOS="1112" WIDTH="753" HEIGHT="30">
							<String ID="string_238" HPOS="74" VPOS="1114" WIDTH="69" HEIGHT="21" WC="0.96" CONTENT="finnas"/><SP WIDTH="16" VPOS="1114" HPOS="143"/>
							<String ID="string_239" HPOS="159" VPOS="1114" WIDTH="52" HEIGHT="21" WC="0.96" CONTENT="flera"/><SP WIDTH="16" VPOS="1114" HPOS="211"/>
							<String ID="string_240" HPOS="227" VPOS="1114" WIDTH="84" HEIGHT="28" WC="0.96" CONTENT="grunda"/><SP WIDTH="16" VPOS="1114" HPOS="311"/>
							<String ID="string_241" HPOS="327" VPOS="1114" WIDTH="85" HEIGHT="27" WC="0.96" CONTENT="ställen,"/><SP WIDTH="11" VPOS="1114" HPOS="412"/>
							<String ID="string_242" HPOS="423" VPOS="1121" WIDTH="46" HEIGHT="14" WC="0.94" CONTENT="som"/><SP WIDTH="12" VPOS="1121" HPOS="469"/>
							<String ID="string_243" HPOS="481" VPOS="1114" WIDTH="70" HEIGHT="21" WC="0.93" CONTENT="måste"/><SP WIDTH="10" VPOS="1114" HPOS="551"/>
							<String ID="string_244" HPOS="561" VPOS="1112" WIDTH="148" HEIGHT="29" WC="0.91" CONTENT="uppmuddras"/><SP WIDTH="12" VPOS="1112" HPOS="709"/>
							<String ID="string_245" HPOS="721" VPOS="1113" WIDTH="40" HEIGHT="21" WC="0.93" CONTENT="och"/><SP WIDTH="11" VPOS="1113" HPOS="761"/>
							<String ID="string_246" HPOS="772" VPOS="1120" WIDTH="55" HEIGHT="21" WC="0.92" CONTENT="upp-"/>
						</TextLine>
						<TextLine ID="line_29" HPOS="74" VPOS="1146" WIDTH="752" HEIGHT="29">
							<String ID="string_247" HPOS="74" VPOS="1155" WIDTH="84" HEIGHT="20" WC="0.96" CONTENT="rensas;"/><SP WIDTH="24" VPOS="1155" HPOS="158"/>
							<String ID="string_248" HPOS="182" VPOS="1149" WIDTH="109" HEIGHT="20" WC="0.96" CONTENT="dessutom"/><SP WIDTH="21" VPOS="1149" HPOS="291"/>
							<String ID="string_249" HPOS="312" VPOS="1150" WIDTH="37" HEIGHT="19" WC="0.96" CONTENT="äro"/><SP WIDTH="21" VPOS="1150" HPOS="349"/>
							<String ID="string_250" HPOS="370" VPOS="1148" WIDTH="48" HEIGHT="21" WC="0.96" CONTENT="icke"/><SP WIDTH="21" VPOS="1148" HPOS="418"/>
							<String ID="string_251" HPOS="439" VPOS="1150" WIDTH="57" HEIGHT="19" WC="0.96" CONTENT="ännu"/><SP WIDTH="15" VPOS="1150" HPOS="496"/>
							<String ID="string_252" HPOS="511" VPOS="1147" WIDTH="158" HEIGHT="27" WC="0.96" CONTENT="vattendragen"/><SP WIDTH="16" VPOS="1147" HPOS="669"/>
							<String ID="string_253" HPOS="685" VPOS="1147" WIDTH="48" HEIGHT="21" WC="0.91" CONTENT="från"/><SP WIDTH="15" VPOS="1147" HPOS="733"/>
							<String ID="string_254" HPOS="748" VPOS="1146" WIDTH="78" HEIGHT="22" WC="0.89" CONTENT="Sääks-"/>
						</TextLine>
						<TextLine ID="line_30" HPOS="75" VPOS="1181" WIDTH="751" HEIGHT="29">
							<String ID="string_255" HPOS="75" VPOS="1182" WIDTH="58" HEIGHT="22" WC="0.92" CONTENT="mäki"/><SP WIDTH="23" VPOS="1182" HPOS="133"/>
							<String ID="string_256" HPOS="156" VPOS="1182" WIDTH="32" HEIGHT="21" WC="0.96" CONTENT="till"/><SP WIDTH="23" VPOS="1182" HPOS="188"/>
							<String ID="string_257" HPOS="211" VPOS="1183" WIDTH="135" HEIGHT="21" WC="0.96" CONTENT="Tavastehus"/><SP WIDTH="20" VPOS="1183" HPOS="346"/>
							<String ID="string_258" HPOS="366" VPOS="1182" WIDTH="51" HEIGHT="21" WC="0.96" CONTENT="fullt"/><SP WIDTH="19" VPOS="1182" HPOS="417"/>
							<String ID="string_259" HPOS="436" VPOS="1183" WIDTH="7" HEIGHT="20" WC="0.96" CONTENT="i"/><SP WIDTH="16" VPOS="1183" HPOS="443"/>
							<String ID="string_260" HPOS="459" VPOS="1182" WIDTH="99" HEIGHT="28" WC="0.93" CONTENT="ordning."/><SP WIDTH="30" VPOS="1182" HPOS="558"/>
							<String ID="string_261" HPOS="588" VPOS="1181" WIDTH="51" HEIGHT="21" WC="0.95" CONTENT="Man"/><SP WIDTH="21" VPOS="1181" HPOS="639"/>
							<String ID="string_262" HPOS="660" VPOS="1181" WIDTH="39" HEIGHT="21" WC="0.95" CONTENT="har"/><SP WIDTH="15" VPOS="1181" HPOS="699"/>
							<String ID="string_263" HPOS="714" VPOS="1181" WIDTH="55" HEIGHT="21" WC="0.92" CONTENT="visst"/><SP WIDTH="14" VPOS="1181" HPOS="769"/>
							<String ID="string_264" HPOS="783" VPOS="1181" WIDTH="43" HEIGHT="20" WC="0.92" CONTENT="fär-"/>
						</TextLine>
						<TextLine ID="line_31" HPOS="75" VPOS="1215" WIDTH="752" HEIGHT="30">
							<String ID="string_265" HPOS="75" VPOS="1217" WIDTH="47" HEIGHT="21" WC="0.92" CONTENT="dats"/><SP WIDTH="17" VPOS="1217" HPOS="122"/>
							<String ID="string_266" HPOS="139" VPOS="1217" WIDTH="37" HEIGHT="21" WC="0.96" CONTENT="der"/><SP WIDTH="15" VPOS="1217" HPOS="176"/>
							<String ID="string_267" HPOS="191" VPOS="1217" WIDTH="49" HEIGHT="21" WC="0.93" CONTENT="med"/><SP WIDTH="16" VPOS="1217" HPOS="240"/>
							<String ID="string_268" HPOS="256" VPOS="1216" WIDTH="165" HEIGHT="29" WC="0.91" CONTENT="grundtgående"/><SP WIDTH="15" VPOS="1216" HPOS="421"/>
							<String ID="string_269" HPOS="436" VPOS="1217" WIDTH="61" HEIGHT="21" WC="0.96" CONTENT="båtar"/><SP WIDTH="12" VPOS="1217" HPOS="497"/>
							<String ID="string_270" HPOS="509" VPOS="1216" WIDTH="39" HEIGHT="21" WC="0.93" CONTENT="och"/><SP WIDTH="11" VPOS="1216" HPOS="548"/>
							<String ID="string_271" HPOS="559" VPOS="1215" WIDTH="78" HEIGHT="29" WC="0.90" CONTENT="lodjor,"/><SP WIDTH="10" VPOS="1215" HPOS="637"/>
							<String ID="string_272" HPOS="647" VPOS="1222" WIDTH="50" HEIGHT="14" WC="0.95" CONTENT="men"/><SP WIDTH="11" VPOS="1222" HPOS="697"/>
							<String ID="string_273" HPOS="708" VPOS="1215" WIDTH="33" HEIGHT="21" WC="0.92" CONTENT="för"/><SP WIDTH="11" VPOS="1215" HPOS="741"/>
							<String ID="string_274" HPOS="752" VPOS="1217" WIDTH="75" HEIGHT="26" WC="0.92" CONTENT="egent-"/>
						</TextLine>
						<TextLine ID="line_32" HPOS="75" VPOS="1249" WIDTH="752" HEIGHT="30">
							<String ID="string_275" HPOS="75" VPOS="1251" WIDTH="31" HEIGHT="28" WC="0.96" CONTENT="lig"/><SP WIDTH="20" VPOS="1251" HPOS="106"/>
							<String ID="string_276" HPOS="126" VPOS="1252" WIDTH="76" HEIGHT="27" WC="0.96" CONTENT="sjöfart"/><SP WIDTH="21" VPOS="1252" HPOS="202"/>
							<String ID="string_277" HPOS="223" VPOS="1253" WIDTH="36" HEIGHT="19" WC="0.96" CONTENT="äro"/><SP WIDTH="17" VPOS="1253" HPOS="259"/>
							<String ID="string_278" HPOS="276" VPOS="1252" WIDTH="26" HEIGHT="20" WC="0.96" CONTENT="de"/><SP WIDTH="16" VPOS="1252" HPOS="302"/>
							<String ID="string_279" HPOS="318" VPOS="1251" WIDTH="45" HEIGHT="28" WC="0.95" CONTENT="mig"/><SP WIDTH="22" VPOS="1251" HPOS="363"/>
							<String ID="string_280" HPOS="385" VPOS="1252" WIDTH="120" HEIGHT="26" WC="0.95" CONTENT="veterligen"/><SP WIDTH="23" VPOS="1252" HPOS="505"/>
							<String ID="string_281" HPOS="528" VPOS="1252" WIDTH="58" HEIGHT="20" WC="0.96" CONTENT="ännu"/><SP WIDTH="16" VPOS="1252" HPOS="586"/>
							<String ID="string_282" HPOS="602" VPOS="1250" WIDTH="49" HEIGHT="20" WC="0.96" CONTENT="icke"/><SP WIDTH="15" VPOS="1250" HPOS="651"/>
							<String ID="string_283" HPOS="666" VPOS="1249" WIDTH="104" HEIGHT="28" WC="0.96" CONTENT="lämpliga"/><SP WIDTH="16" VPOS="1249" HPOS="770"/>
							<String ID="string_284" HPOS="786" VPOS="1249" WIDTH="41" HEIGHT="21" WC="0.96" CONTENT="och"/>
						</TextLine>
						<TextLine ID="line_33" HPOS="74" VPOS="1283" WIDTH="752" HEIGHT="31">
							<String ID="string_285" HPOS="74" VPOS="1286" WIDTH="27" HEIGHT="20" WC="0.95" CONTENT="då"/><SP WIDTH="15" VPOS="1286" HPOS="101"/>
							<String ID="string_286" HPOS="116" VPOS="1286" WIDTH="49" HEIGHT="21" WC="0.96" CONTENT="icke"/><SP WIDTH="14" VPOS="1286" HPOS="165"/>
							<String ID="string_287" HPOS="179" VPOS="1286" WIDTH="67" HEIGHT="28" WC="0.96" CONTENT="något"/><SP WIDTH="15" VPOS="1286" HPOS="246"/>
							<String ID="string_288" HPOS="261" VPOS="1286" WIDTH="76" HEIGHT="27" WC="0.95" CONTENT="anslag"/><SP WIDTH="13" VPOS="1286" HPOS="337"/>
							<String ID="string_289" HPOS="350" VPOS="1285" WIDTH="71" HEIGHT="21" WC="0.93" CONTENT="blifvit"/><SP WIDTH="15" VPOS="1285" HPOS="421"/>
							<String ID="string_290" HPOS="436" VPOS="1285" WIDTH="91" HEIGHT="28" WC="0.92" CONTENT="begärdt"/><SP WIDTH="11" VPOS="1285" HPOS="527"/>
							<String ID="string_291" HPOS="538" VPOS="1284" WIDTH="33" HEIGHT="21" WC="0.96" CONTENT="för"/><SP WIDTH="12" VPOS="1284" HPOS="571"/>
							<String ID="string_292" HPOS="583" VPOS="1284" WIDTH="93" HEIGHT="20" WC="0.93" CONTENT="nämnde"/><SP WIDTH="11" VPOS="1284" HPOS="676"/>
							<String ID="string_293" HPOS="687" VPOS="1283" WIDTH="139" HEIGHT="28" WC="0.91" CONTENT="vattendrags"/>
						</TextLine>
						<TextLine ID="line_34" HPOS="74" VPOS="1316" WIDTH="752" HEIGHT="30">
							<String ID="string_294" HPOS="74" VPOS="1320" WIDTH="142" HEIGHT="26" WC="0.96" CONTENT="fullständiga"/><SP WIDTH="15" VPOS="1320" HPOS="216"/>
							<String ID="string_295" HPOS="231" VPOS="1320" WIDTH="151" HEIGHT="26" WC="0.96" CONTENT="upprensning"/><SP WIDTH="16" VPOS="1320" HPOS="382"/>
							<String ID="string_296" HPOS="398" VPOS="1320" WIDTH="40" HEIGHT="20" WC="0.96" CONTENT="och"/><SP WIDTH="15" VPOS="1320" HPOS="438"/>
							<String ID="string_297" HPOS="453" VPOS="1320" WIDTH="36" HEIGHT="20" WC="0.96" CONTENT="det"/><SP WIDTH="15" VPOS="1320" HPOS="489"/>
							<String ID="string_298" HPOS="504" VPOS="1319" WIDTH="49" HEIGHT="21" WC="0.96" CONTENT="icke"/><SP WIDTH="16" VPOS="1319" HPOS="553"/>
							<String ID="string_299" HPOS="569" VPOS="1318" WIDTH="68" HEIGHT="21" WC="0.96" CONTENT="heller"/><SP WIDTH="12" VPOS="1318" HPOS="637"/>
							<String ID="string_300" HPOS="649" VPOS="1319" WIDTH="23" HEIGHT="19" WC="0.96" CONTENT="är"/><SP WIDTH="11" VPOS="1319" HPOS="672"/>
							<String ID="string_301" HPOS="683" VPOS="1318" WIDTH="45" HEIGHT="26" WC="0.96" CONTENT="mig"/><SP WIDTH="11" VPOS="1318" HPOS="728"/>
							<String ID="string_302" HPOS="739" VPOS="1316" WIDTH="87" HEIGHT="27" WC="0.96" CONTENT="bekant,"/>
						</TextLine>
						<TextLine ID="line_35" HPOS="74" VPOS="1350" WIDTH="753" HEIGHT="30">
							<String ID="string_303" HPOS="74" VPOS="1360" WIDTH="35" HEIGHT="14" WC="0.96" CONTENT="om"/><SP WIDTH="16" VPOS="1360" HPOS="109"/>
							<String ID="string_304" HPOS="125" VPOS="1354" WIDTH="66" HEIGHT="26" WC="0.96" CONTENT="något"/><SP WIDTH="16" VPOS="1354" HPOS="191"/>
							<String ID="string_305" HPOS="207" VPOS="1353" WIDTH="76" HEIGHT="27" WC="0.85" CONTENT="anslag"/><SP WIDTH="20" VPOS="1353" HPOS="283"/>
							<String ID="string_306" HPOS="303" VPOS="1352" WIDTH="34" HEIGHT="22" WC="0.96" CONTENT="för"/><SP WIDTH="14" VPOS="1352" HPOS="337"/>
							<String ID="string_307" HPOS="351" VPOS="1352" WIDTH="62" HEIGHT="22" WC="0.96" CONTENT="deras"/><SP WIDTH="15" VPOS="1352" HPOS="413"/>
							<String ID="string_308" HPOS="428" VPOS="1352" WIDTH="144" HEIGHT="28" WC="0.96" CONTENT="fördjupande"/><SP WIDTH="17" VPOS="1352" HPOS="572"/>
							<String ID="string_309" HPOS="589" VPOS="1351" WIDTH="58" HEIGHT="21" WC="0.93" CONTENT="förut"/><SP WIDTH="15" VPOS="1351" HPOS="647"/>
							<String ID="string_310" HPOS="662" VPOS="1350" WIDTH="125" HEIGHT="26" WC="0.92" CONTENT="förefinnes,"/><SP WIDTH="16" VPOS="1350" HPOS="787"/>
							<String ID="string_311" HPOS="803" VPOS="1351" WIDTH="24" HEIGHT="19" WC="0.96" CONTENT="så"/>
						</TextLine>
						<TextLine ID="line_36" HPOS="74" VPOS="1384" WIDTH="659" HEIGHT="31">
							<String ID="string_312" HPOS="74" VPOS="1387" WIDTH="44" HEIGHT="21" WC="0.96" CONTENT="kan"/><SP WIDTH="12" VPOS="1387" HPOS="118"/>
							<String ID="string_313" HPOS="130" VPOS="1387" WIDTH="40" HEIGHT="28" WC="0.96" CONTENT="jag"/><SP WIDTH="15" VPOS="1387" HPOS="170"/>
							<String ID="string_314" HPOS="185" VPOS="1387" WIDTH="48" HEIGHT="21" WC="0.96" CONTENT="icke"/><SP WIDTH="16" VPOS="1387" HPOS="233"/>
							<String ID="string_315" HPOS="249" VPOS="1386" WIDTH="109" HEIGHT="28" WC="0.93" CONTENT="tillstyrka"/><SP WIDTH="15" VPOS="1386" HPOS="358"/>
							<String ID="string_316" HPOS="373" VPOS="1386" WIDTH="149" HEIGHT="28" WC="0.90" CONTENT="kanalisering"/><SP WIDTH="14" VPOS="1386" HPOS="522"/>
							<String ID="string_317" HPOS="536" VPOS="1386" WIDTH="24" HEIGHT="21" WC="0.93" CONTENT="af"/><SP WIDTH="13" VPOS="1386" HPOS="560"/>
							<String ID="string_318" HPOS="573" VPOS="1384" WIDTH="160" HEIGHT="22" WC="0.91" CONTENT="Walkiakoski."/>
						</TextLine>
					</TextBlock>
					<TextBlock ID="block_4" HPOS="143" VPOS="1418" WIDTH="614" HEIGHT="25">
						<TextLine ID="line_37" HPOS="143" VPOS="1418" WIDTH="614" HEIGHT="25">
							<String ID="string_319" HPOS="143" VPOS="1421" WIDTH="50" HEIGHT="22" WC="0.92" CONTENT="Högl."/><SP WIDTH="14" VPOS="1421" HPOS="193"/>
							<String ID="string_320" HPOS="207" VPOS="1421" WIDTH="52" HEIGHT="17" WC="0.91" CONTENT="Ridd."/><SP WIDTH="14" VPOS="1421" HPOS="259"/>
							<String ID="string_321" HPOS="273" VPOS="1421" WIDTH="28" HEIGHT="17" WC="0.93" CONTENT="och"/><SP WIDTH="13" VPOS="1421" HPOS="301"/>
							<String ID="string_322" HPOS="314" VPOS="1420" WIDTH="63" HEIGHT="18" WC="0.92" CONTENT="Adelns"/><SP WIDTH="13" VPOS="1420" HPOS="377"/>
							<String ID="string_323" HPOS="390" VPOS="1420" WIDTH="67" HEIGHT="17" WC="0.92" CONTENT="Protok."/><SP WIDTH="269" VPOS="1420" HPOS="457"/>
							<String ID="string_324" HPOS="726" VPOS="1418" WIDTH="31" HEIGHT="16" WC="0.91" CONTENT="30&quot;"/>
						</TextLine>
					</TextBlock>
				</ComposedBlock>
			</PrintSpace>
		</Page>
	</Layout>
</alto>
