992 1714
751 130 40 22 431

74 195 182 29 spanmålsfartyg
272 195 68 22 under
355 197 86 20 senaste
457 196 128 22 missvextår
601 196 84 22 förliste
700 196 28 29 på
743 196 27 21 de
781 197 42 21 far-

71 230 44 28 liga
130 231 91 20 vattnen
236 230 8 20 i
259 229 154 23 Bottenviken.

140 264 43 20 Till
206 263 54 28 följe
282 263 24 21 af
326 263 71 22 denna
419 264 121 22 diskussion
563 264 145 22 framställdes
731 265 24 21 af
773 266 48 20 herr

71 297 201 21 landtmarskalken
287 298 175 28 propositionen:

140 332 145 27 »Godkänner
303 332 152 29 ridderskapet
470 333 39 21 och
530 333 63 21 adeln
614 334 118 21 utskottets
749 334 74 21 betän-

71 366 70 22 kande
158 366 112 30 angående
286 367 76 29 anslag
377 368 33 21 till
426 368 99 28 fyrbåk
515 362 13 39 å
536 368 121 28 Skjälskär,
673 368 34 22 för
721 368 102 29 fyrfarty-

71 403 37 27 get
122 402 36 22 vid
173 402 93 28 grundet
282 402 89 28 Snipan,
388 402 40 22 och
441 402 78 28 fyrbåk
534 403 13 21 å
561 402 180 29 Wargögaddar?

138 436 50 22 Den
208 444 46 14 som
275 437 129 28 godkänner
423 437 148 22 betänkandet
592 439 6 20 i
614 438 63 21 dessa
693 438 66 27 delar,
775 445 47 15 sva-

70 479 36 14 rar
118 472 36 28 ja;
170 472 42 21 den
228 472 37 21 det
280 472 48 21 icke
344 473 46 27 gör,
407 479 73 15 svarar
496 473 42 28 nej.

139 506 85 21 Vinner
244 506 44 28 nej,
311 506 99 22 förordas
426 508 31 20 att
470 508 68 27 jemte
555 507 90 21 berörde
660 508 83 28 anslag,
759 508 64 21 äfven

71 540 72 23 medel
158 541 33 21 för
207 541 182 28 fyrinrättningar
404 541 8 21 å
420 541 137 29 Marjaniemi
572 542 63 27 udde,
651 542 118 27 Säbbskär,
785 541 38 22 Ul-

72 575 88 22 kokalla
175 575 81 28 klippa,
272 577 32 20 ett
319 575 108 30 fyrfartyg
438 576 6 21 i
454 576 91 29 Ladoga
560 577 32 28 sjö
609 577 39 21 och
663 583 27 14 en
706 577 78 28 fyrbåk
795 577 29 28 på

72 610 158 29 Skjälgrundet
253 610 61 22 skola
338 611 52 28 utgå
413 611 46 22 före
482 611 99 28 anslaget
603 611 34 21 till
649 612 118 27 jernvägar
783 611 40 22 och

70 645 235 22 kommunikationer".

140 679 52 22 Som
210 679 102 29 votering
326 679 98 28 eskades,
440 680 97 29 företogs
552 680 73 28 sådan,
641 680 40 22 och
697 680 78 22 utföllo
790 682 34 19 rö-

71 716 74 19 sterna
161 715 75 21 dervid
251 714 101 21 sålunda:

207 750 7 19 i
230 749 57 28 3:dje
302 749 30 21 kl.
348 749 50 21 med
427 750 13 20 8
450 751 30 27 ja
495 749 40 22 och
551 750 27 21 32
593 751 42 27 nej,

207 783 126 22 i2drakl
372 801 9 9 ,
429 784 86 27 7,»
562 784 13 20 9
606 801 8 9 n

207 818 7 20 i
232 817 102 22 l:sta
311 813 33 36 kl
373 835 8 10 ,
415 819 24 20 11
465 836 8 9 ,
507 836 8 9 »
562 819 13 21 8
605 835 9 10 »

140 853 36 21 Då
194 859 29 14 nu
239 853 36 28 nej
292 853 7 20 i
313 852 37 22 två
369 852 84 22 klasser
468 853 83 27 vunnit,
566 853 87 21 komme
669 853 64 22 alltså
748 853 77 27 anslag

72 887 34 21 för
129 887 43 21 alla
195 887 59 21 såväl
275 888 7 20 i
302 887 31 28 ja-
357 893 46 15 som
426 887 243 29 kontrapropositionen
693 887 130 22 omnämnde

71 921 211 29 fyrinrättningarne
304 923 32 20 att
359 922 53 28 utgå
434 921 46 22 före
503 922 76 28 anslag
599 922 34 21 till
650 922 118 29 jernvägar
784 921 41 22 och

71 955 221 23 kommunikationer.

140 991 140 22 Beträffande
301 991 41 22 den
358 991 24 22 af
394 991 52 22 herr
461 991 126 22 Nordmann
603 991 78 22 väckta
696 991 77 29 frågan
789 998 35 14 om

72 1026 131 29 vidtagande
223 1026 24 22 af
266 1026 78 28 åtgärd
359 1026 33 22 för
407 1026 142 22 utarbetande
565 1026 24 22 af
602 1026 165 28 tillförlitligare
782 1027 43 27 sjö-

73 1061 51 21 kort
140 1061 60 22 öfver
215 1061 117 21 Bottniska
347 1061 73 27 viken,
436 1061 72 22 anhöll

140 1096 58 22 Herr
213 1103 42 15 von
271 1096 78 28 Born,
365 1095 21 22 J.
402 1097 37 20 A.:
456 1103 34 14 om
505 1096 62 22 ordet
581 1096 40 22 och
631 1096 112 22 förmälte:
759 1094 65 23 Eme-

72 1131 42 22 dan
135 1131 71 21 denna
221 1131 39 21 sak
275 1130 47 22 icke
339 1132 83 28 utgjort
437 1131 91 21 föremål
543 1131 34 21 för
593 1131 42 21 den
651 1131 79 28 nådiga
745 1137 80 22 propo-

72 1165 102 28 sitionen,
188 1172 63 15 anser
264 1166 40 28 jag
319 1165 41 22 den
376 1165 49 22 icke
440 1165 69 23 heller
519 1166 75 21 kunna
607 1165 172 29 ingå
662 1161 10 37 i
680 1165 98 29 ståndets
787 1165 37 21 be-

72 1200 50 28 slut,
138 1202 52 19 utan
206 1207 64 21 synes
287 1200 36 21 det
338 1200 45 28 mig
398 1202 39 25 att,
453 1207 35 15 om
499 1200 152 28 ridderskapet
662 1200 40 21 och
713 1199 64 23 adeln
787 1199 38 21 vill

71 1234 88 23 förorda
173 1234 74 29 dylika
262 1235 170 28 sjömätningars
447 1234 141 28 anställande,
604 1234 77 28 frågan
695 1234 74 22 derom
786 1234 39 21 bör

72 1272 108 26 upptagas
195 1270 71 21 såsom
282 1271 31 20 ett
329 1270 97 20 ståndets
442 1270 171 28 önskningsmål.

140 1304 58 21 Herr
219 1304 174 21 Silfversvan:
413 1304 43 27 Jag
471 1306 35 19 vet
521 1304 48 21 icke
585 1305 32 19 att
632 1304 51 20 herr
698 1303 127 21 Nordmann

73 1344 38 14 ens
134 1338 114 27 föreslagit
268 1339 68 27 något
355 1340 73 24 annat,
450 1339 23 19 så
491 1340 32 18 att
535 1339 39 27 jag
589 1345 64 13 anser
669 1338 41 20 den
726 1338 53 20 sista
794 1339 31 18 ta-

72 1372 73 20 larens
160 1371 146 28 anmärkning
320 1372 47 20 helt
383 1372 40 20 och
438 1371 67 21 hållet
521 1371 136 27 öfverflödig.

140 1405 33 23 På
194 1406 49 21 herr
266 1405 213 22 landtmarskalkens
499 1412 29 14 nu
543 1405 78 28 gjorda
635 1405 137 27 hemställan,
788 1405 38 21 be-

72 1441 54 22 slöts
141 1442 32 21 att
188 1441 7 21 i
210 1440 158 29 sammanhang
383 1440 50 22 med
448 1442 72 20 svaret
536 1440 12 21 å
564 1440 166 28 ifrågavarande
746 1439 79 29 nådiga
