970 1709
744 136 40 22 637

66 202 117 30 märkning
192 205 32 20 att
234 204 60 28 göra,
305 210 46 15 som
367 202 126 29 egentligen
509 202 69 29 gäller
593 202 150 22 redaktionen.
766 202 47 22 Här

65 238 44 21 står
123 240 32 19 att
170 238 158 28 handlingarne
339 238 61 21 skola
410 238 109 21 tillställas
529 238 224 28 pröfningskomitöns
765 238 47 20 ord-

64 273 96 21 förande.
180 272 142 22 Guvernören
338 274 23 19 är
376 272 128 28 visserligen
515 272 148 29 sjelfskrifven
675 272 136 27 ordförande,

64 313 50 15 men
131 314 51 21 eger
198 308 64 21 äfven
277 307 112 28 uppdraga
400 307 71 21 denna
481 307 123 28 befattning
617 307 22 20 ät
649 308 70 27 nägon
732 314 79 20 annan,

64 341 40 22 och
121 341 27 22 dä
163 341 37 22 det
215 342 84 21 således
318 343 24 20 är
360 341 59 22 svårt
434 343 32 19 att
481 343 50 20 veta
546 341 64 22 hvem
626 349 46 14 som
687 342 33 21 för
736 341 75 22 tillfäl-

63 376 30 21 let
116 376 43 21 kan
180 383 51 14 vara
253 376 77 21 utsedd
353 376 136 27 ordförande,
513 376 33 21 får
565 377 40 26 jag
623 376 7 21 i
650 377 97 27 enlighet
762 377 49 21 med

63 411 44 20 min
128 411 134 21 reservation
283 411 81 20 föreslä
383 412 32 19 att
434 410 37 21 det
491 411 53 20 sista
558 417 65 14 mom.
640 411 67 20 mätte
723 411 88 28 utbytas

64 447 59 19 emot
137 445 37 21 det
189 445 125 28 stadgande,
331 447 31 18 att
376 445 159 28 handlingarne
551 445 61 20 skola
626 445 109 21 tillställas
751 445 60 22 läne-

63 480 115 28 styrelsen,
197 487 46 14 som
264 479 66 22 sedan
345 479 36 22 mä
396 480 136 21 öfverlemna
552 479 47 21 dem
615 479 34 21 till
664 479 146 22 ordföranden

63 515 6 20 i
85 514 220 29 pröfningskomit6n.

129 549 33 22 Pä
184 549 51 22 herr
257 548 211 22 landtmarskalkens
491 549 7 20 i
521 549 117 28 anledning
657 549 64 21 häraf
733 550 78 27 gjorda

62 584 168 29 framställning,
246 584 126 29 godkändes
386 583 165 30 ifrågavarande
567 585 11 26 $
594 584 34 27 21,
642 583 67 22 likväl
720 584 91 22 sålunda

63 621 32 20 att
113 620 53 20 sista
184 619 118 28 meningen
322 619 82 20 deruti:
421 619 82 26 ,Innan
521 619 214 28 pröfningskomitén
754 626 55 15 sam-

62 654 130 26 manträder,
210 654 51 21 böra
276 653 158 28 handlingarne
449 653 82 21 dennas
545 653 130 22 ordförande
687 654 120 21 tillställas"

60 689 99 22 kommer
182 691 31 19 att
235 689 105 20 uteslutas
363 689 40 20 och
425 688 7 20 i
456 688 49 21 dess
525 687 63 21 ställe
607 687 85 29 intagas
711 688 98 29 följande

61 723 131 28 stadgande:
213 723 163 28 ,Magistraten,
395 723 176 27 ordningsrätten
587 722 54 21 eller
656 723 130 22 ordförande
801 725 7 19 i

61 758 135 22 kommunal-
208 759 55 20 eller
277 757 174 22 sockenstämma
463 757 61 21 skola
534 757 94 21 derefter
639 757 92 22 insända
741 758 66 21 hand-

62 794 99 27 lingarne
177 793 33 21 till
226 793 157 28 länestyrelsen
400 793 22 20 så
438 792 71 28 tidigt,
525 794 31 19 att
572 792 26 21 de
613 792 67 21 hinna
690 793 117 21 framkom-

61 836 36 13 ma
112 829 47 20 före
175 827 41 22 den
232 827 42 28 dag
289 828 70 21 länets
372 827 198 28 pröfningskomit&
586 828 192 21 sammanträder.”
802 843 3 1 -

405 863 11 26 s
432 864 34 19 22.

128 899 58 21 Herr
208 905 42 15 von
273 899 78 26 Born,
372 897 20 22 J.
408 899 33 20 A.:
465 897 43 28 Jag
528 897 38 21 har
586 898 6 20 i
611 898 45 21 min
671 899 136 21 reservation

60 934 73 21 anfört
147 933 27 21 de
190 933 54 27 skäl,
260 933 100 21 hvarföre
374 933 39 27 jag
428 934 71 19 ansett
514 933 46 27 mig
571 933 51 20 böra
633 933 80 21 föreslä
727 941 26 14 en
763 934 44 21 för-

59 968 82 21 ändrad
162 968 94 27 ordning
275 967 33 22 för
329 967 200 28 ändringssökande
548 967 8 20 i
571 967 42 20 den
628 967 24 21 af
666 967 140 30 bevillnings-

59 1003 97 21 komit6n
175 1003 92 27 päförda
286 1001 98 29 afgiften,
405 1002 110 27 nemligen
531 1003 32 19 att
578 1009 49 14 man
646 1002 48 22 icke
710 1003 40 21 bör
763 1004 43 21 för-

59 1039 64 20 svåra
142 1039 52 19 utan
215 1037 68 21 hellre
303 1036 124 22 underlätta
443 1036 217 29 ändringssökandet,
676 1038 28 27 pä
723 1038 36 21 det
773 1041 33 19 att

59 1073 66 27 ingen
146 1073 34 20 mä
200 1072 74 21 kunna
293 1078 79 21 genom
388 1071 135 28 svärigheter
539 1071 6 20 i
560 1071 60 21 detta
636 1072 101 22 afseende
753 1081 52 14 anse

59 1107 33 22 sin
114 1109 44 19 rätt
180 1106 131 22 förnärmad.
344 1105 134 28 Stadgandet
493 1107 32 20 att
539 1105 41 22 den
596 1105 135 23 besvärande
746 1109 59 20 inom

59 1143 28 21 30
109 1142 67 28 dagar
198 1142 47 21 före
267 1141 224 28 pröfningskomit6ns
513 1142 159 21 sammanträde
695 1143 55 21 skall
773 1143 32 22 in-

59 1178 72 20 lemna
152 1177 47 20 sina
216 1177 130 27 handlingar
361 1176 35 21 till
410 1175 242 28 bevillningskomit&ns
668 1177 137 28 ordförande,

58 1219 64 21 synes
145 1211 45 28 mig
212 1218 52 14 vara
286 1211 88 20 alldeles
398 1210 192 28 ändamälsvidrigt
610 1211 40 21 och
664 1211 91 22 ledande
771 1213 34 21 till

59 1246 93 28 onödiga
175 1246 125 27 omgängar,
322 1247 53 19 utan
398 1245 91 21 föreslär
507 1245 39 27 jag
564 1245 36 20 det
616 1246 126 27 stadgande,
757 1254 47 14 som

57 1281 45 22 min
117 1280 135 22 reservation
268 1279 120 22 innehäller
404 1279 40 21 och
460 1279 83 21 hvilket
558 1279 39 28 jag
614 1279 37 21 ber
667 1282 31 19 att
714 1281 21 21 fä
751 1289 52 21 upp-

57 1315 56 22 läsa:
135 1315 171 27 ,Skattskyldig,
324 1321 46 14 som
386 1314 37 21 vill
444 1315 53 20 söka
517 1313 92 28 ändring
627 1315 32 20 uti
673 1315 42 21 den
730 1316 24 21 af
768 1317 36 20 be-

57 1348 202 28 villningskomitön
281 1349 79 20 honom
383 1348 90 27 päförda
495 1347 71 27 afgift,
586 1349 36 19 mä
641 1349 33 20 sin
694 1350 33 19 till
745 1351 58 26 pröf-

57 1383 164 28 ningskomit6n
237 1382 77 21 ställda
324 1382 153 21 besvärsskrift
487 1381 50 22 med
547 1382 72 21 dertill
629 1383 96 21 hörande
735 1384 69 21 hand-

57 1418 71 28 lingar
147 1418 34 20 till
198 1417 158 29 länestyrelsen
375 1417 105 27 antingen
495 1417 96 20 inlemna
606 1417 53 21 eller
674 1418 69 21 under
759 1426 44 14 om-

57 1452 48 29 slag
127 1453 91 21 insända
238 1452 47 22 före
305 1452 41 22 den
367 1451 43 29 dag
430 1451 211 29 pröfningskomiten
662 1456 141 20 sammanträ-
