986 1711
735 131 38 20 271

55 196 103 20 stämmas
177 195 84 22 ändock
277 196 6 21 i
299 195 47 21 vårt
361 196 51 21 land
428 196 69 21 skulle
513 196 73 21 färdas
600 196 34 21 för
649 197 86 28 mycket
751 197 56 20 billi-

53 237 52 21 gare
121 231 27 20 än
164 231 6 20 i
186 231 79 27 många
280 229 67 22 andra
363 231 81 20 länder.
475 231 31 21 På
520 231 43 21 alla
578 231 64 21 dessa
657 231 46 21 skäl
716 231 43 21 kan
767 232 40 27 jag

54 264 49 21 icke
119 265 116 21 instämma
245 265 7 20 i
264 265 117 21 utskottets
396 265 144 27 betänkande,
556 272 50 14 men
616 265 8 21 i
634 265 104 21 händelse
749 266 58 21 stån-

53 299 37 20 det
111 299 67 21 likväl
202 299 71 21 skulle
289 300 77 20 stanna
386 300 7 20 i
410 301 30 19 ett
460 299 78 27 beslut,
559 306 47 14 som
627 306 52 14 vore
695 299 110 21 stridande

55 335 59 19 emot
133 334 41 21 den
196 333 63 29 åsigt,
281 340 45 14 som
339 334 40 27 jag
394 340 29 14 nu
439 334 84 26 uttalat,
538 334 39 20 ber
589 334 39 28 jag
644 336 31 19 att
690 334 116 21 framdeles

54 368 22 21 få
90 370 59 26 yttra
165 368 44 28 mig
225 375 35 14 om
276 368 67 28 några
358 368 102 28 punkter,
476 376 45 14 som
537 370 50 19 röra
601 368 205 29 hållskjutsningen.

56 402 43 27 Jag
114 402 99 21 förordar
229 402 122 21 emellertid
367 403 27 27 på
410 402 36 21 det
462 404 113 25 varmaste,
592 405 31 18 att
634 410 26 14 en
672 404 89 26 komité,
773 404 33 20 så-

54 444 46 13 som
122 437 107 21 utskottet
250 437 119 28 föreslagit,
390 437 70 21 skulle
481 437 66 22 blifva
567 437 85 21 nedsatt
672 438 33 21 för
727 440 31 18 att
773 438 33 20 till

54 473 63 20 nästa
139 471 105 28 landtdag
263 471 99 21 utarbeta
383 471 136 28 fullständigt
538 471 82 28 förslag
639 472 32 21 för
690 474 32 19 att
736 472 71 21 lindra

54 505 265 29 hållskjutsningstungan
340 505 40 22 och
399 507 32 20 att
451 505 118 22 tillsvidare
590 506 39 21 allt
644 506 69 21 skulle
729 508 78 20 stanna

56 540 37 21 vid
108 542 69 20 status
194 547 47 22 qvo.

123 575 57 21 Herr
195 582 50 14 von
260 574 199 29 Weissenberg:
476 575 42 29 Jag
528 575 39 21 har
579 575 5 21 i
596 575 52 21 flera
659 575 60 22 delar
735 575 71 22 blifvit

56 610 150 21 förekommen
222 610 23 21 af
258 610 104 21 herrarne
379 609 122 23 Grotenfelt
517 610 40 21 och
572 616 42 15 von
627 610 119 29 Knorring,
757 618 50 14 men

55 645 52 21 ville
123 644 85 22 ändock
222 646 34 20 för
271 645 45 21 min
330 644 100 22 enskilda
441 644 33 22 del
486 646 89 27 tillägga
587 644 105 29 följande:
709 645 32 21 De
753 646 54 26 skäl,

55 680 27 27 pä
99 679 69 28 grund
190 680 80 21 hvaraf
288 679 209 22 ekonomiutskottet
519 680 58 21 velat
593 680 124 28 undantaga
732 680 26 21 de
774 682 33 19 sä-

57 714 109 21 terifrihet
177 714 129 28 ätnjutande
317 714 158 28 lägenheterne
486 714 47 22 frän
545 714 262 28 skjutsningsskyldighe-

56 750 47 20 tens
119 748 129 28 utgörande,
264 749 44 21 läta
323 749 129 28 visserligen
468 749 85 27 mycket
564 749 107 27 plausibla
683 756 24 14 ur
718 749 40 21 den
770 749 37 21 ab-

55 783 84 21 strakta
159 784 83 20 rättens
261 782 141 28 ständpunkt,
422 790 56 20 men,
494 783 69 21 sävidt
575 784 40 27 jag
631 783 42 21 kan
688 783 65 27 finna,
769 784 37 20 äro

56 817 62 21 desse
141 818 47 20 skäl
208 817 57 21 dock
280 818 7 20 i
303 817 78 28 sjelfva
396 817 77 22 verket
488 817 89 22 alldeles
596 818 119 27 ohällbara,
733 820 30 26 ty,
779 818 28 27 pä

56 859 83 14 såmma
155 852 78 28 grund,
248 852 73 21 kunde
336 852 76 27 hvarje
428 859 28 20 ny
472 852 64 27 skatt,
552 859 34 14 om
601 852 41 21 den
659 852 76 21 endast
750 852 7 21 i
771 853 36 20 nä-

56 893 42 22 gon
115 893 49 15 mon
181 886 91 22 träffade
291 893 27 14 en
334 886 181 28 fastighetsegare
531 887 6 20 i
554 887 40 20 och
609 886 34 21 för
657 887 41 20 den
714 887 94 21 inkomst

54 922 43 21 han
113 921 40 22 har
168 921 48 22 frän
233 921 33 21 sin
282 921 110 28 fastighet,
408 921 119 28 förvägras,
539 921 39 21 och
590 921 115 21 samhället
715 921 90 22 sälunda

56 956 101 21 beröfvas
177 956 142 28 möjligheten
340 957 32 20 att
392 955 54 28 fylla
465 955 27 22 de
511 955 102 28 dagligen
630 956 99 21 vexande
744 958 63 19 stats-

56 991 113 21 behofven.
199 991 45 21 Det
265 991 60 21 bästa
346 991 84 21 beviset
449 991 28 28 pä
492 992 31 20 att
542 997 26 14 en
584 990 108 21 härintills
709 991 99 28 ätnjuten

56 1025 76 28 obillig
150 1025 39 22 och
206 1026 48 27 just
273 1025 85 22 derföre
373 1025 91 21 orättvis
479 1025 65 21 frihet
559 1025 47 21 frän
622 1025 185 29 skjutsningstun-

55 1067 42 20 gan
115 1059 83 22 ändock
214 1059 48 22 icke
277 1060 43 21 kani
352 1059 43 22 alla
405 1059 39 21 fall
454 1059 133 22 fortfarande
597 1060 146 27 respekteras,
755 1060 52 21 lem-

56 1101 39 14 nar
111 1094 85 21 likvisst
212 1095 118 20 utskottets
346 1095 50 27 eget
412 1093 144 27 betänkande,
571 1093 79 22 hvaraf
664 1101 49 14 man
728 1094 77 28 finner,

57 1130 31 20 att
108 1128 26 21 de
155 1129 183 27 betänkligheter,
358 1135 45 14 som
419 1129 55 20 mött
489 1129 26 20 de
531 1128 134 22 säterifrihet
680 1129 128 28 åtnjutande

56 1163 167 28 lägenheternes
235 1162 129 29 deltagande
376 1162 6 21 i
394 1162 227 29 skjutsningstungan,
631 1163 47 21 helt
689 1164 39 21 och
739 1164 68 21 hället

57 1198 129 27 försvunnit,
208 1198 27 20 dä
251 1198 36 21 det
303 1197 53 28 gällt
370 1199 32 19 att
417 1198 100 21 ähvälfva
531 1198 152 27 lotshemman,
699 1198 62 27 bruk,
777 1198 31 22 fa-

57 1233 72 21 briker
151 1232 38 22 och
210 1233 63 27 sägar
294 1232 47 22 med
357 1232 51 21 flere
424 1232 145 28 inrättningar
585 1234 57 19 samt
656 1232 153 30 förnämligast

56 1268 84 20 kronan
157 1268 39 20 och
212 1268 164 26 kommunerne,
393 1266 70 22 såsom
479 1266 163 28 boställsegare,
659 1266 150 29 ifrägakomne

56 1302 84 21 besvär.
170 1301 115 21 Huruvida
300 1301 6 21 i
322 1301 71 21 denna
408 1301 116 21 utskottets
541 1301 77 27 ätgärd
633 1301 70 21 finnes
718 1302 37 20 det
765 1302 43 21 rin-

56 1337 61 26 gaste
136 1336 79 20 tecken
230 1336 32 20 till
278 1336 142 26 konsegvens,
441 1336 145 20 öfverlemnar
599 1336 39 25 jag
654 1336 33 18 till
703 1336 37 19 det
755 1336 52 26 hög-

57 1369 73 28 loflige
146 1368 97 22 ständets
259 1370 51 26 eget
323 1368 164 22 bedömmande.
517 1369 40 20 Att
572 1375 50 14 man
637 1368 47 21 icke
695 1368 70 21 heller
775 1369 34 21 för

57 1403 67 28 öfrigt
147 1404 72 20 ansett
237 1410 27 14 en
282 1402 78 28 jorden
380 1401 129 22 vidlädande
529 1400 104 30 rättighet
652 1409 51 15 vara
719 1402 90 22 alldeles

57 1437 107 29 orubblig,
180 1437 89 27 utvisar,
285 1435 66 23 bland
366 1437 74 26 annat,
451 1437 63 21 äfven
526 1436 95 22 beslutet
636 1443 33 15 om
681 1437 127 22 husbehofs-
