995 1706
755 118 41 21 427

144 183 58 22 Herr
218 184 166 28 Furuhjelm,
407 184 24 21 O.
447 183 38 22 V.:
507 184 51 21 Med
578 184 42 21 den
636 184 95 28 speciela
746 184 81 22 känne-

75 218 50 21 dom
146 225 34 14 om
202 218 255 27 säkerhetsanstalterna,
481 217 94 22 särdeles
596 218 7 20 i
618 218 117 21 Bottniska
755 218 72 27 viken,

76 258 46 14 som
135 252 40 28 jag
190 252 107 21 inhemtat
315 251 69 22 under
400 252 41 20 den
457 252 32 20 tid
501 252 40 27 jag
556 252 56 28 tjent
627 252 35 20 vid
678 252 149 28 lotsöfversty-

76 286 78 26 relsen,
179 286 43 20 kan
241 286 40 27 jag
302 286 20 26 ej
344 287 66 19 annat
432 286 27 20 än
480 286 28 27 på
523 285 37 21 det
581 286 80 27 högsta
677 286 96 21 vitsorda
789 286 39 22 och

76 319 141 28 understödja
236 320 57 20 hvad
312 319 50 21 herr
383 319 126 21 Nordmann
528 319 72 21 anfört
616 326 33 14 om
666 320 162 28 nödvändighe-

75 355 37 20 ten
134 354 56 22 både
213 354 23 21 af
256 354 83 28 sjökort
362 354 40 21 och
425 354 110 27 fyrbåkar.
566 354 42 28 Jag
628 354 43 21 kan
691 354 48 22 icke
757 354 70 22 heller

76 388 72 29 undgå
159 390 32 20 att
200 388 90 28 tillägga
303 394 26 15 en
339 388 152 28 anmärkning,
501 395 45 14 som
559 388 50 21 herr
621 388 127 22 Nordmann
755 390 71 27 möjli-

76 430 42 21 gen
135 422 24 22 af
171 422 174 29 grannlagenhet
360 422 112 28 förbigått,
489 424 31 20 att
535 422 26 22 de
578 423 108 27 åtgärder,
702 430 45 15 som
760 424 66 21 sedan

75 457 93 22 Finland
184 457 72 21 blifvit
272 457 89 21 afskildt
374 456 48 22 från
439 456 89 28 Sverige
544 457 102 27 vidtagits
662 458 7 20 i
682 457 144 22 förevarande

75 492 111 26 afseende,
201 492 33 20 till
250 498 26 14 en
293 491 33 22 del
343 492 48 20 icke
407 491 92 21 allenast
513 491 49 21 icke
577 492 56 20 varit
644 492 117 28 gagneliga
774 494 52 20 utan

77 526 67 24 också
162 526 33 21 till
217 532 27 15 en
264 526 35 21 del
319 526 105 28 skadliga.
455 525 51 21 Som
527 526 60 21 bevis
606 526 68 28 härpå
689 526 33 22 får
735 527 39 27 jag
789 534 38 14 an-

79 560 48 22 föra
148 562 32 20 att
195 560 23 22 af
231 560 27 21 de
273 562 32 19 tre
326 560 66 28 fyrar,
412 567 47 14 som
475 560 68 21 under
564 560 93 21 nämnde
673 560 31 22 tid
719 561 108 27 inrättats,

78 594 97 22 Enskärs
190 595 34 27 fyr
239 594 46 27 har,
301 595 71 21 såsom
388 594 50 22 herr
453 594 127 22 Nordmann
595 596 69 27 yttrat
679 595 39 21 och
734 601 27 15 en
775 595 53 22 hvar

75 630 90 26 känner,
188 629 90 22 alldeles
297 629 48 21 icke
361 628 72 29 någon
455 628 112 29 betydelse
582 630 34 20 för
631 629 193 29 handelsseglatio-

75 671 50 15 nen.
155 664 50 22 Den
220 664 47 22 blef
280 663 93 29 uppförd
394 664 33 21 för
442 664 31 20 att
489 664 60 28 tjena
563 664 33 21 till
612 664 122 28 inloppsfyr
749 664 34 21 för
799 671 27 15 en

75 706 30 21 ny
126 699 76 26 farled,
226 706 46 14 som
295 699 78 28 ansågs
397 698 79 29 tjenlig
491 700 31 20 att
542 698 100 28 begagna
662 698 34 22 till
711 692 115 34 Östersjön

75 740 79 22 genom
171 733 82 21 Skiftet
269 733 39 21 och
323 732 73 22 Delet.
425 733 49 21 Den
491 740 46 14 som
552 733 66 28 något
629 733 49 21 litet
688 732 84 22 känner
783 733 44 21 för-

75 768 132 22 hållandena
226 769 43 25 vet,
285 769 32 19 att
332 768 41 21 den
389 768 70 28 vägen
474 768 34 20 för
524 769 68 19 större
609 767 73 28 fartyg
696 769 24 19 är
736 767 91 29 omöjlig

76 804 33 19 att
123 808 95 22 passera,
234 802 92 21 emedan
341 802 41 21 den
399 803 23 19 är
437 802 80 28 krokig
531 802 41 21 och
582 801 106 22 besvärad
702 802 23 20 af
734 801 93 29 klippor,

76 837 24 21 så
120 838 31 20 att
170 838 32 19 ett
224 838 69 20 större
317 836 73 28 fartyg
409 836 20 28 ej
451 838 51 20 utan
517 836 47 21 risk
578 836 44 21 kan
637 836 88 28 begifva
741 836 32 28 sig
789 836 38 21 dit.

76 870 130 22 Sedermera
228 870 120 22 inrättades
370 870 29 29 på
420 870 66 28 ryska
504 870 162 29 lotsstyrelsens
689 870 88 22 erinran
792 877 35 15 om

75 905 191 28 nödvändigheten
289 906 32 20 att
342 904 42 22 öka
398 904 99 29 fyrarnes
513 905 59 21 antal
587 905 29 27 på
630 904 70 22 finska
715 905 69 27 sidan,
799 912 27 14 en

75 940 35 28 fyr
132 940 28 28 på
182 939 149 27 Lotsholmen,
349 939 8 21 i
373 939 101 21 ändamål
496 940 32 20 att
547 939 107 28 betrygga
677 938 105 29 sjöfarten
798 940 29 27 på

75 974 83 22 Finska
180 974 71 27 viken,
274 980 51 15 men
347 973 138 29 olyckligtvis
501 974 24 20 så
540 974 60 28 långt
618 974 59 20 inom
694 973 84 28 skären,
794 975 33 20 att

75 1008 42 22 den
133 1008 39 22 alls
188 1008 48 22 icke
251 1008 72 22 kunde
339 1015 79 21 gagna,
433 1011 52 19 utan
500 1010 94 20 tvertom
610 1010 24 19 är
649 1008 71 28 farlig,
736 1008 91 22 emedan

76 1042 69 22 under
166 1043 42 20 den
228 1042 32 21 tid
278 1043 41 20 den
335 1043 83 20 funnits
441 1044 36 19 två
491 1043 74 28 fartyg
579 1043 110 27 misstagit
704 1042 33 29 sig
752 1043 29 27 på
795 1042 32 28 fy-

75 1083 40 15 ren
131 1077 39 21 och
186 1079 60 19 rusat
260 1077 22 21 in
299 1076 65 22 bland
375 1076 115 29 klipporna
501 1077 40 22 och
552 1077 78 21 förlist.
652 1076 50 22 Den
713 1077 38 21 har
763 1076 65 21 också

77 1117 91 16 numera
193 1111 68 22 under
287 1111 51 21 herr
358 1111 140 22 Nordmanns
527 1111 103 28 chefskap
655 1110 72 21 blifvit
752 1111 75 21 släckt.

76 1145 108 28 Slutligen
208 1145 135 21 framställde
366 1145 93 22 svenska
479 1145 131 28 regeringen
633 1151 27 14 en
678 1145 103 21 anhållan
796 1146 32 19 att

76 1180 73 27 någon
171 1179 35 27 fyr
221 1179 67 21 måtte
308 1179 105 28 uppföras
428 1180 33 20 till
476 1179 150 28 betryggande
642 1179 24 20 af
679 1179 105 28 sjöfarten
799 1179 29 28 på

75 1206 84 29 Ålands
178 1213 39 21 haf
234 1213 40 22 och
289 1213 97 28 föreslog
402 1213 72 22 dertill
489 1220 28 15 en
533 1213 74 28 klippa
622 1213 72 28 någon
710 1213 38 21 mil
764 1213 64 20 söder

76 1254 35 15 om
133 1240 79 33 Åland,
234 1247 88 22 hvarest
345 1247 70 28 enligt
437 1248 44 21 alla
500 1247 135 29 sjöfarandes
650 1247 135 21 vittnesbörd
800 1253 27 14 en

76 1281 79 29 fyrbåk
170 1281 56 22 hade
240 1282 57 21 varit
312 1281 24 22 af
349 1282 143 28 oberäknelig
506 1283 68 27 nytta.
603 1281 52 22 Men
669 1281 104 28 förslaget
783 1281 48 21 blef

77 1316 19 27 ej
115 1315 126 22 verkstäldt.
271 1315 42 29 Jag
335 1316 34 21 får
391 1316 86 21 således
499 1316 128 28 ytterligare
650 1315 94 29 åberopa
770 1315 57 22 hvad

74 1350 40 27 jag
129 1350 49 27 sagt
193 1349 40 21 och
248 1349 105 26 anhåller,
369 1351 33 19 att
416 1349 151 28 ridderskapet
582 1349 40 21 och
637 1349 64 21 adeln
715 1349 52 21 ville
777 1348 50 21 med

77 1383 39 22 sitt
131 1382 73 22 förord
219 1383 141 29 understödja
375 1383 104 22 herrarne
497 1383 139 22 Nordmanns
650 1383 40 21 och
703 1389 42 16 von
756 1383 71 21 Borns

76 1417 90 29 förslag.
