<?xml version="1.0" encoding="UTF-8"?>
<alto xmlns="http://www.loc.gov/standards/alto/ns-v3#" xmlns:xlink="http://www.w3.org/1999/xlink" xmlns:xsi="http://www.w3.org/2001/XMLSchema-instance" xsi:schemaLocation="http://www.loc.gov/standards/alto/ns-v3# http://www.loc.gov/alto/v3/alto-3-0.xsd">
	<Description>
		<MeasurementUnit>pixel</MeasurementUnit>
		<sourceImageInformation>
			<fileName>/tmp/tess_0qngo8tl_input.PNG</fileName>
		</sourceImageInformation>
		<OCRProcessing ID="OCR_0">
			<ocrProcessingStep>
				<processingSoftware>
					<softwareName>tesseract 5.3.4</softwareName>
				</processingSoftware>
			</ocrProcessingStep>
		</OCRProcessing>
	</Description>
	<Layout>
		<Page WIDTH="973" HEIGHT="1709" PHYSICAL_IMG_NR="0" ID="page_0">
			<PrintSpace HPOS="0" VPOS="0" WIDTH="973" HEIGHT="1709">
				<ComposedBlock ID="cblock_0" HPOS="744" VPOS="132" WIDTH="40" HEIGHT="25">
					<TextBlock ID="block_0" HPOS="744" VPOS="132" WIDTH="40" HEIGHT="25">
						<TextLine ID="line_0" HPOS="744" VPOS="132" WIDTH="40" HEIGHT="25">
							<String ID="string_0" HPOS="744" VPOS="132" WIDTH="40" HEIGHT="25" WC="0.65" CONTENT="551"/>
						</TextLine>
					</TextBlock>
				</ComposedBlock>
				<ComposedBlock ID="cblock_1" HPOS="234" VPOS="202" WIDTH="408" HEIGHT="41">
					<TextBlock ID="block_1" HPOS="234" VPOS="202" WIDTH="408" HEIGHT="41">
						<TextLine ID="line_1" HPOS="234" VPOS="202" WIDTH="408" HEIGHT="41">
							<String ID="string_1" HPOS="234" VPOS="202" WIDTH="114" HEIGHT="31" WC="0.96" CONTENT="Samma"/><SP WIDTH="20" VPOS="202" HPOS="348"/>
							<String ID="string_2" HPOS="368" VPOS="204" WIDTH="69" HEIGHT="39" WC="0.95" CONTENT="dag,"/><SP WIDTH="21" VPOS="204" HPOS="437"/>
							<String ID="string_3" HPOS="458" VPOS="205" WIDTH="41" HEIGHT="29" WC="0.96" CONTENT="kl."/><SP WIDTH="22" VPOS="205" HPOS="499"/>
							<String ID="string_4" HPOS="521" VPOS="206" WIDTH="18" HEIGHT="31" WC="0.96" CONTENT="7"/><SP WIDTH="22" VPOS="206" HPOS="539"/>
							<String ID="string_5" HPOS="561" VPOS="216" WIDTH="23" HEIGHT="19" WC="0.83" CONTENT="e"/><SP WIDTH="21" VPOS="216" HPOS="584"/>
							<String ID="string_6" HPOS="605" VPOS="217" WIDTH="37" HEIGHT="17" WC="0.96" CONTENT="m."/>
						</TextLine>
					</TextBlock>
				</ComposedBlock>
				<ComposedBlock ID="cblock_2" HPOS="44" VPOS="265" WIDTH="773" HEIGHT="1205">
					<TextBlock ID="block_2" HPOS="64" VPOS="265" WIDTH="749" HEIGHT="99">
						<TextLine ID="line_2" HPOS="133" VPOS="265" WIDTH="680" HEIGHT="30">
							<String ID="string_7" HPOS="133" VPOS="265" WIDTH="49" HEIGHT="22" WC="0.96" CONTENT="Den"/><SP WIDTH="20" VPOS="265" HPOS="182"/>
							<String ID="string_8" HPOS="202" VPOS="266" WIDTH="70" HEIGHT="22" WC="0.93" CONTENT="under"/><SP WIDTH="19" VPOS="266" HPOS="272"/>
							<String ID="string_9" HPOS="291" VPOS="266" WIDTH="162" HEIGHT="29" WC="0.91" CONTENT="förmiddagens"/><SP WIDTH="20" VPOS="266" HPOS="453"/>
							<String ID="string_10" HPOS="473" VPOS="268" WIDTH="161" HEIGHT="22" WC="0.90" CONTENT="sammanträde"/><SP WIDTH="18" VPOS="268" HPOS="634"/>
							<String ID="string_11" HPOS="652" VPOS="268" WIDTH="103" HEIGHT="22" WC="0.90" CONTENT="afbruina"/><SP WIDTH="15" VPOS="268" HPOS="755"/>
							<String ID="string_12" HPOS="770" VPOS="268" WIDTH="43" HEIGHT="21" WC="0.93" CONTENT="dis-"/>
						</TextLine>
						<TextLine ID="line_3" HPOS="64" VPOS="299" WIDTH="748" HEIGHT="33">
							<String ID="string_13" HPOS="64" VPOS="299" WIDTH="118" HEIGHT="22" WC="0.87" CONTENT="kussionen"/><SP WIDTH="20" VPOS="299" HPOS="182"/>
							<String ID="string_14" HPOS="202" VPOS="301" WIDTH="92" HEIGHT="21" WC="0.96" CONTENT="rörande"/><SP WIDTH="16" VPOS="301" HPOS="294"/>
							<String ID="string_15" HPOS="310" VPOS="303" WIDTH="92" HEIGHT="19" WC="0.96" CONTENT="naturen"/><SP WIDTH="15" VPOS="303" HPOS="402"/>
							<String ID="string_16" HPOS="417" VPOS="302" WIDTH="24" HEIGHT="21" WC="0.96" CONTENT="af"/><SP WIDTH="16" VPOS="302" HPOS="441"/>
							<String ID="string_17" HPOS="457" VPOS="302" WIDTH="27" HEIGHT="21" WC="0.93" CONTENT="de"/><SP WIDTH="15" VPOS="302" HPOS="484"/>
							<String ID="string_18" HPOS="499" VPOS="302" WIDTH="81" HEIGHT="21" WC="0.91" CONTENT="inlösta"/><SP WIDTH="14" VPOS="302" HPOS="580"/>
							<String ID="string_19" HPOS="594" VPOS="303" WIDTH="218" HEIGHT="29" WC="0.93" CONTENT="donationslägenhe-"/>
						</TextLine>
						<TextLine ID="line_4" HPOS="65" VPOS="334" WIDTH="543" HEIGHT="30">
							<String ID="string_20" HPOS="65" VPOS="335" WIDTH="63" HEIGHT="20" WC="0.92" CONTENT="terna"/><SP WIDTH="15" VPOS="335" HPOS="128"/>
							<String ID="string_21" HPOS="143" VPOS="334" WIDTH="122" HEIGHT="27" WC="0.92" CONTENT="fortsattes,"/><SP WIDTH="14" VPOS="334" HPOS="265"/>
							<String ID="string_22" HPOS="279" VPOS="335" WIDTH="91" HEIGHT="22" WC="0.93" CONTENT="hvarvid"/><SP WIDTH="15" VPOS="335" HPOS="370"/>
							<String ID="string_23" HPOS="385" VPOS="335" WIDTH="62" HEIGHT="22" WC="0.92" CONTENT="ordet"/><SP WIDTH="15" VPOS="335" HPOS="447"/>
							<String ID="string_24" HPOS="462" VPOS="335" WIDTH="106" HEIGHT="29" WC="0.92" CONTENT="begärdes"/><SP WIDTH="16" VPOS="335" HPOS="568"/>
							<String ID="string_25" HPOS="584" VPOS="337" WIDTH="24" HEIGHT="20" WC="0.97" CONTENT="af"/>
						</TextLine>
					</TextBlock>
					<TextBlock ID="block_3" HPOS="63" VPOS="369" WIDTH="751" HEIGHT="548">
						<TextLine ID="line_5" HPOS="131" VPOS="369" WIDTH="682" HEIGHT="30">
							<String ID="string_26" HPOS="131" VPOS="369" WIDTH="59" HEIGHT="22" WC="0.96" CONTENT="Herr"/><SP WIDTH="14" VPOS="369" HPOS="190"/>
							<String ID="string_27" HPOS="204" VPOS="369" WIDTH="146" HEIGHT="27" WC="0.96" CONTENT="Molander,"/><SP WIDTH="16" VPOS="369" HPOS="350"/>
							<String ID="string_28" HPOS="366" VPOS="376" WIDTH="46" HEIGHT="15" WC="0.93" CONTENT="som"/><SP WIDTH="16" VPOS="376" HPOS="412"/>
							<String ID="string_29" HPOS="428" VPOS="371" WIDTH="96" HEIGHT="27" WC="0.91" CONTENT="yttrade:"/><SP WIDTH="22" VPOS="371" HPOS="524"/>
							<String ID="string_30" HPOS="546" VPOS="371" WIDTH="43" HEIGHT="28" WC="0.96" CONTENT="Jag"/><SP WIDTH="16" VPOS="371" HPOS="589"/>
							<String ID="string_31" HPOS="605" VPOS="371" WIDTH="37" HEIGHT="21" WC="0.96" CONTENT="ber"/><SP WIDTH="15" VPOS="371" HPOS="642"/>
							<String ID="string_32" HPOS="657" VPOS="372" WIDTH="33" HEIGHT="20" WC="0.93" CONTENT="att"/><SP WIDTH="14" VPOS="372" HPOS="690"/>
							<String ID="string_33" HPOS="704" VPOS="371" WIDTH="23" HEIGHT="22" WC="0.92" CONTENT="fä"/><SP WIDTH="13" VPOS="371" HPOS="727"/>
							<String ID="string_34" HPOS="740" VPOS="371" WIDTH="73" HEIGHT="21" WC="0.92" CONTENT="lemna"/>
						</TextLine>
						<TextLine ID="line_6" HPOS="64" VPOS="403" WIDTH="748" HEIGHT="30">
							<String ID="string_35" HPOS="64" VPOS="403" WIDTH="42" HEIGHT="21" WC="0.93" CONTENT="den"/><SP WIDTH="15" VPOS="403" HPOS="106"/>
							<String ID="string_36" HPOS="121" VPOS="403" WIDTH="134" HEIGHT="29" WC="0.96" CONTENT="upplysning"/><SP WIDTH="11" VPOS="403" HPOS="255"/>
							<String ID="string_37" HPOS="266" VPOS="405" WIDTH="40" HEIGHT="28" WC="0.96" CONTENT="jag"/><SP WIDTH="14" VPOS="405" HPOS="306"/>
							<String ID="string_38" HPOS="320" VPOS="404" WIDTH="57" HEIGHT="21" WC="0.70" CONTENT="varit"/><SP WIDTH="14" VPOS="404" HPOS="377"/>
							<String ID="string_39" HPOS="391" VPOS="404" WIDTH="7" HEIGHT="21" WC="0.70" CONTENT="i"/><SP WIDTH="17" VPOS="404" HPOS="398"/>
							<String ID="string_40" HPOS="415" VPOS="404" WIDTH="86" HEIGHT="21" WC="0.96" CONTENT="tillfälle"/><SP WIDTH="15" VPOS="404" HPOS="501"/>
							<String ID="string_41" HPOS="516" VPOS="405" WIDTH="32" HEIGHT="21" WC="0.93" CONTENT="att"/><SP WIDTH="15" VPOS="405" HPOS="548"/>
							<String ID="string_42" HPOS="563" VPOS="405" WIDTH="97" HEIGHT="21" WC="0.90" CONTENT="inhemta"/><SP WIDTH="14" VPOS="405" HPOS="660"/>
							<String ID="string_43" HPOS="674" VPOS="405" WIDTH="93" HEIGHT="22" WC="0.93" CONTENT="rörande"/><SP WIDTH="13" VPOS="405" HPOS="767"/>
							<String ID="string_44" HPOS="780" VPOS="405" WIDTH="32" HEIGHT="20" WC="0.93" CONTENT="in-"/>
						</TextLine>
						<TextLine ID="line_7" HPOS="63" VPOS="438" WIDTH="749" HEIGHT="29">
							<String ID="string_45" HPOS="63" VPOS="438" WIDTH="61" HEIGHT="21" WC="0.92" CONTENT="lösen"/><SP WIDTH="16" VPOS="438" HPOS="124"/>
							<String ID="string_46" HPOS="140" VPOS="445" WIDTH="77" HEIGHT="21" WC="0.93" CONTENT="genom"/><SP WIDTH="17" VPOS="445" HPOS="217"/>
							<String ID="string_47" HPOS="234" VPOS="439" WIDTH="119" HEIGHT="28" WC="0.91" CONTENT="styrelsens"/><SP WIDTH="15" VPOS="439" HPOS="353"/>
							<String ID="string_48" HPOS="368" VPOS="439" WIDTH="126" HEIGHT="28" WC="0.92" CONTENT="bemedling"/><SP WIDTH="16" VPOS="439" HPOS="494"/>
							<String ID="string_49" HPOS="510" VPOS="439" WIDTH="24" HEIGHT="21" WC="0.93" CONTENT="af"/><SP WIDTH="12" VPOS="439" HPOS="534"/>
							<String ID="string_50" HPOS="546" VPOS="439" WIDTH="154" HEIGHT="22" WC="0.92" CONTENT="Kuschelevka"/><SP WIDTH="15" VPOS="439" HPOS="700"/>
							<String ID="string_51" HPOS="715" VPOS="439" WIDTH="97" HEIGHT="28" WC="0.92" CONTENT="hofläger"/>
						</TextLine>
						<TextLine ID="line_8" HPOS="63" VPOS="472" WIDTH="750" HEIGHT="29">
							<String ID="string_52" HPOS="63" VPOS="472" WIDTH="7" HEIGHT="21" WC="0.93" CONTENT="i"/><SP WIDTH="16" VPOS="472" HPOS="70"/>
							<String ID="string_53" HPOS="86" VPOS="472" WIDTH="166" HEIGHT="22" WC="0.91" CONTENT="Jaachimvaara"/><SP WIDTH="15" VPOS="472" HPOS="252"/>
							<String ID="string_54" HPOS="267" VPOS="473" WIDTH="80" HEIGHT="21" WC="0.96" CONTENT="socken"/><SP WIDTH="15" VPOS="473" HPOS="347"/>
							<String ID="string_55" HPOS="362" VPOS="473" WIDTH="50" HEIGHT="21" WC="0.93" CONTENT="med"/><SP WIDTH="11" VPOS="473" HPOS="412"/>
							<String ID="string_56" HPOS="423" VPOS="473" WIDTH="161" HEIGHT="28" WC="0.92" CONTENT="underlydande"/><SP WIDTH="11" VPOS="473" HPOS="584"/>
							<String ID="string_57" HPOS="595" VPOS="473" WIDTH="59" HEIGHT="28" WC="0.88" CONTENT="byar."/><SP WIDTH="26" VPOS="473" HPOS="654"/>
							<String ID="string_58" HPOS="680" VPOS="474" WIDTH="91" HEIGHT="21" WC="0.93" CONTENT="Kronan"/><SP WIDTH="10" VPOS="474" HPOS="771"/>
							<String ID="string_59" HPOS="781" VPOS="474" WIDTH="32" HEIGHT="21" WC="0.92" CONTENT="in-"/>
						</TextLine>
						<TextLine ID="line_9" HPOS="63" VPOS="507" WIDTH="749" HEIGHT="28">
							<String ID="string_60" HPOS="63" VPOS="507" WIDTH="67" HEIGHT="28" WC="0.91" CONTENT="köpte"/><SP WIDTH="16" VPOS="507" HPOS="130"/>
							<String ID="string_61" HPOS="146" VPOS="507" WIDTH="60" HEIGHT="21" WC="0.96" CONTENT="detta"/><SP WIDTH="15" VPOS="507" HPOS="206"/>
							<String ID="string_62" HPOS="221" VPOS="507" WIDTH="54" HEIGHT="28" WC="0.96" CONTENT="gods"/><SP WIDTH="17" VPOS="507" HPOS="275"/>
							<String ID="string_63" HPOS="292" VPOS="508" WIDTH="54" HEIGHT="21" WC="0.96" CONTENT="1862"/><SP WIDTH="15" VPOS="508" HPOS="346"/>
							<String ID="string_64" HPOS="361" VPOS="508" WIDTH="34" HEIGHT="21" WC="0.93" CONTENT="för"/><SP WIDTH="15" VPOS="508" HPOS="395"/>
							<String ID="string_65" HPOS="410" VPOS="509" WIDTH="78" HEIGHT="26" WC="0.92" CONTENT="30,000"/><SP WIDTH="15" VPOS="509" HPOS="488"/>
							<String ID="string_66" HPOS="503" VPOS="508" WIDTH="62" HEIGHT="21" WC="0.91" CONTENT="rubel"/><SP WIDTH="11" VPOS="508" HPOS="565"/>
							<String ID="string_67" HPOS="576" VPOS="508" WIDTH="54" HEIGHT="21" WC="0.93" CONTENT="eller"/><SP WIDTH="12" VPOS="508" HPOS="630"/>
							<String ID="string_68" HPOS="642" VPOS="509" WIDTH="90" HEIGHT="26" WC="0.92" CONTENT="120,000"/><SP WIDTH="10" VPOS="509" HPOS="732"/>
							<String ID="string_69" HPOS="742" VPOS="509" WIDTH="70" HEIGHT="26" WC="0.96" CONTENT="mark,"/>
						</TextLine>
						<TextLine ID="line_10" HPOS="63" VPOS="542" WIDTH="749" HEIGHT="22">
							<String ID="string_70" HPOS="63" VPOS="544" WIDTH="57" HEIGHT="19" WC="0.93" CONTENT="samt"/><SP WIDTH="14" VPOS="544" HPOS="120"/>
							<String ID="string_71" HPOS="134" VPOS="542" WIDTH="94" HEIGHT="21" WC="0.93" CONTENT="försälde"/><SP WIDTH="16" VPOS="542" HPOS="228"/>
							<String ID="string_72" HPOS="244" VPOS="543" WIDTH="36" HEIGHT="21" WC="0.93" CONTENT="det"/><SP WIDTH="16" VPOS="543" HPOS="280"/>
							<String ID="string_73" HPOS="296" VPOS="542" WIDTH="124" HEIGHT="22" WC="0.92" CONTENT="sedermera"/><SP WIDTH="15" VPOS="542" HPOS="420"/>
							<String ID="string_74" HPOS="435" VPOS="543" WIDTH="22" HEIGHT="20" WC="0.93" CONTENT="ät"/><SP WIDTH="15" VPOS="543" HPOS="457"/>
							<String ID="string_75" HPOS="472" VPOS="543" WIDTH="162" HEIGHT="21" WC="0.92" CONTENT="landbönderne"/><SP WIDTH="16" VPOS="543" HPOS="634"/>
							<String ID="string_76" HPOS="650" VPOS="543" WIDTH="69" HEIGHT="21" WC="0.92" CONTENT="under"/><SP WIDTH="13" VPOS="543" HPOS="719"/>
							<String ID="string_77" HPOS="732" VPOS="543" WIDTH="80" HEIGHT="21" WC="0.92" CONTENT="skatte-"/>
						</TextLine>
						<TextLine ID="line_11" HPOS="63" VPOS="577" WIDTH="750" HEIGHT="28">
							<String ID="string_78" HPOS="63" VPOS="579" WIDTH="125" HEIGHT="19" WC="0.91" CONTENT="mannarätt"/><SP WIDTH="20" VPOS="579" HPOS="188"/>
							<String ID="string_79" HPOS="208" VPOS="579" WIDTH="59" HEIGHT="20" WC="0.96" CONTENT="emot"/><SP WIDTH="15" VPOS="579" HPOS="267"/>
							<String ID="string_80" HPOS="282" VPOS="585" WIDTH="27" HEIGHT="14" WC="0.93" CONTENT="en"/><SP WIDTH="15" VPOS="585" HPOS="309"/>
							<String ID="string_81" HPOS="324" VPOS="577" WIDTH="123" HEIGHT="22" WC="0.67" CONTENT="summa.af"/><SP WIDTH="12" VPOS="577" HPOS="447"/>
							<String ID="string_82" HPOS="459" VPOS="578" WIDTH="95" HEIGHT="27" WC="0.84" CONTENT="218,332"/><SP WIDTH="14" VPOS="578" HPOS="554"/>
							<String ID="string_83" HPOS="568" VPOS="577" WIDTH="64" HEIGHT="22" WC="0.96" CONTENT="mark"/><SP WIDTH="15" VPOS="577" HPOS="632"/>
							<String ID="string_84" HPOS="647" VPOS="579" WIDTH="27" HEIGHT="20" WC="0.96" CONTENT="80"/><SP WIDTH="15" VPOS="579" HPOS="674"/>
							<String ID="string_85" HPOS="689" VPOS="577" WIDTH="76" HEIGHT="28" WC="0.96" CONTENT="penni,"/><SP WIDTH="16" VPOS="577" HPOS="765"/>
							<String ID="string_86" HPOS="781" VPOS="579" WIDTH="32" HEIGHT="20" WC="0.96" CONTENT="att"/>
						</TextLine>
						<TextLine ID="line_12" HPOS="63" VPOS="611" WIDTH="749" HEIGHT="29">
							<String ID="string_87" HPOS="63" VPOS="611" WIDTH="132" HEIGHT="22" WC="0.96" CONTENT="återbetalas"/><SP WIDTH="20" VPOS="611" HPOS="195"/>
							<String ID="string_88" HPOS="215" VPOS="612" WIDTH="69" HEIGHT="21" WC="0.96" CONTENT="under"/><SP WIDTH="17" VPOS="612" HPOS="284"/>
							<String ID="string_89" HPOS="301" VPOS="612" WIDTH="27" HEIGHT="21" WC="0.93" CONTENT="28"/><SP WIDTH="16" VPOS="612" HPOS="328"/>
							<String ID="string_90" HPOS="344" VPOS="612" WIDTH="29" HEIGHT="28" WC="0.95" CONTENT="år,"/><SP WIDTH="17" VPOS="612" HPOS="373"/>
							<String ID="string_91" HPOS="390" VPOS="611" WIDTH="50" HEIGHT="22" WC="0.96" CONTENT="med"/><SP WIDTH="15" VPOS="611" HPOS="440"/>
							<String ID="string_92" HPOS="455" VPOS="612" WIDTH="45" HEIGHT="21" WC="0.96" CONTENT="lika"/><SP WIDTH="15" VPOS="612" HPOS="500"/>
							<String ID="string_93" HPOS="515" VPOS="612" WIDTH="35" HEIGHT="21" WC="0.93" CONTENT="del"/><SP WIDTH="16" VPOS="612" HPOS="550"/>
							<String ID="string_94" HPOS="566" VPOS="612" WIDTH="93" HEIGHT="28" WC="0.96" CONTENT="årligen,"/><SP WIDTH="16" VPOS="612" HPOS="659"/>
							<String ID="string_95" HPOS="675" VPOS="614" WIDTH="53" HEIGHT="19" WC="0.93" CONTENT="utan"/><SP WIDTH="15" VPOS="614" HPOS="728"/>
							<String ID="string_96" HPOS="743" VPOS="613" WIDTH="69" HEIGHT="20" WC="0.96" CONTENT="ränta."/>
						</TextLine>
						<TextLine ID="line_13" HPOS="63" VPOS="646" WIDTH="750" HEIGHT="29">
							<String ID="string_97" HPOS="63" VPOS="646" WIDTH="109" HEIGHT="29" WC="0.96" CONTENT="Beloppet"/><SP WIDTH="14" VPOS="646" HPOS="172"/>
							<String ID="string_98" HPOS="186" VPOS="646" WIDTH="24" HEIGHT="21" WC="0.93" CONTENT="af"/><SP WIDTH="12" VPOS="646" HPOS="210"/>
							<String ID="string_99" HPOS="222" VPOS="647" WIDTH="58" HEIGHT="21" WC="0.93" CONTENT="hvad"/><SP WIDTH="14" VPOS="647" HPOS="280"/>
							<String ID="string_100" HPOS="294" VPOS="646" WIDTH="162" HEIGHT="21" WC="0.92" CONTENT="landbönderne"/><SP WIDTH="16" VPOS="646" HPOS="456"/>
							<String ID="string_101" HPOS="472" VPOS="646" WIDTH="91" HEIGHT="22" WC="0.96" CONTENT="sålunda"/><SP WIDTH="15" VPOS="646" HPOS="563"/>
							<String ID="string_102" HPOS="578" VPOS="646" WIDTH="84" HEIGHT="29" WC="0.93" CONTENT="årligen"/><SP WIDTH="11" VPOS="646" HPOS="662"/>
							<String ID="string_103" HPOS="673" VPOS="647" WIDTH="96" HEIGHT="21" WC="0.93" CONTENT="inbetala"/><SP WIDTH="10" VPOS="647" HPOS="769"/>
							<String ID="string_104" HPOS="779" VPOS="647" WIDTH="34" HEIGHT="21" WC="0.96" CONTENT="till"/>
						</TextLine>
						<TextLine ID="line_14" HPOS="63" VPOS="681" WIDTH="749" HEIGHT="28">
							<String ID="string_105" HPOS="63" VPOS="681" WIDTH="84" HEIGHT="22" WC="0.96" CONTENT="kronan"/><SP WIDTH="15" VPOS="681" HPOS="147"/>
							<String ID="string_106" HPOS="162" VPOS="682" WIDTH="120" HEIGHT="21" WC="0.96" CONTENT="motsvarar"/><SP WIDTH="16" VPOS="682" HPOS="282"/>
							<String ID="string_107" HPOS="298" VPOS="681" WIDTH="62" HEIGHT="21" WC="0.93" CONTENT="deras"/><SP WIDTH="15" VPOS="681" HPOS="360"/>
							<String ID="string_108" HPOS="375" VPOS="681" WIDTH="60" HEIGHT="21" WC="0.96" CONTENT="förra"/><SP WIDTH="15" VPOS="681" HPOS="435"/>
							<String ID="string_109" HPOS="450" VPOS="681" WIDTH="70" HEIGHT="28" WC="0.93" CONTENT="årliga"/><SP WIDTH="14" VPOS="681" HPOS="520"/>
							<String ID="string_110" HPOS="534" VPOS="681" WIDTH="73" HEIGHT="28" WC="0.92" CONTENT="afgäld"/><SP WIDTH="11" VPOS="681" HPOS="607"/>
							<String ID="string_111" HPOS="618" VPOS="681" WIDTH="33" HEIGHT="21" WC="0.93" CONTENT="till"/><SP WIDTH="13" VPOS="681" HPOS="651"/>
							<String ID="string_112" HPOS="664" VPOS="681" WIDTH="148" HEIGHT="28" WC="0.93" CONTENT="frälseegaren"/>
						</TextLine>
						<TextLine ID="line_15" HPOS="64" VPOS="715" WIDTH="748" HEIGHT="30">
							<String ID="string_113" HPOS="64" VPOS="716" WIDTH="40" HEIGHT="21" WC="0.95" CONTENT="och"/><SP WIDTH="16" VPOS="716" HPOS="104"/>
							<String ID="string_114" HPOS="120" VPOS="717" WIDTH="64" HEIGHT="27" WC="0.96" CONTENT="utgör"/><SP WIDTH="16" VPOS="717" HPOS="184"/>
							<String ID="string_115" HPOS="200" VPOS="717" WIDTH="26" HEIGHT="28" WC="0.93" CONTENT="61"/><SP WIDTH="15" VPOS="717" HPOS="226"/>
							<String ID="string_116" HPOS="241" VPOS="722" WIDTH="59" HEIGHT="21" WC="0.90" CONTENT="proc."/><SP WIDTH="16" VPOS="722" HPOS="300"/>
							<String ID="string_117" HPOS="316" VPOS="715" WIDTH="7" HEIGHT="21" WC="0.92" CONTENT="i"/><SP WIDTH="15" VPOS="715" HPOS="323"/>
							<String ID="string_118" HPOS="338" VPOS="717" WIDTH="62" HEIGHT="20" WC="0.92" CONTENT="ränta"/><SP WIDTH="15" VPOS="717" HPOS="400"/>
							<String ID="string_119" HPOS="415" VPOS="715" WIDTH="40" HEIGHT="22" WC="0.93" CONTENT="och"/><SP WIDTH="15" VPOS="715" HPOS="455"/>
							<String ID="string_120" HPOS="470" VPOS="715" WIDTH="136" HEIGHT="28" WC="0.92" CONTENT="amortering"/><SP WIDTH="10" VPOS="715" HPOS="606"/>
							<String ID="string_121" HPOS="616" VPOS="716" WIDTH="13" HEIGHT="21" WC="0.93" CONTENT="&amp;"/><SP WIDTH="10" VPOS="716" HPOS="629"/>
							<String ID="string_122" HPOS="639" VPOS="715" WIDTH="42" HEIGHT="22" WC="0.93" CONTENT="den"/><SP WIDTH="14" VPOS="715" HPOS="681"/>
							<String ID="string_123" HPOS="695" VPOS="723" WIDTH="117" HEIGHT="21" WC="0.92" CONTENT="ursprung-"/>
						</TextLine>
						<TextLine ID="line_16" HPOS="63" VPOS="750" WIDTH="750" HEIGHT="29">
							<String ID="string_124" HPOS="63" VPOS="751" WIDTH="45" HEIGHT="28" WC="0.93" CONTENT="liga"/><SP WIDTH="19" VPOS="751" HPOS="108"/>
							<String ID="string_125" HPOS="127" VPOS="751" WIDTH="177" HEIGHT="27" WC="0.92" CONTENT="köpeskillingen"/><SP WIDTH="22" VPOS="751" HPOS="304"/>
							<String ID="string_126" HPOS="326" VPOS="751" WIDTH="89" HEIGHT="26" WC="0.92" CONTENT="120,000"/><SP WIDTH="15" VPOS="751" HPOS="415"/>
							<String ID="string_127" HPOS="430" VPOS="751" WIDTH="69" HEIGHT="21" WC="0.93" CONTENT="mark."/><SP WIDTH="30" VPOS="751" HPOS="499"/>
							<String ID="string_128" HPOS="529" VPOS="750" WIDTH="76" HEIGHT="21" WC="0.92" CONTENT="Skulle"/><SP WIDTH="16" VPOS="750" HPOS="605"/>
							<String ID="string_129" HPOS="621" VPOS="757" WIDTH="50" HEIGHT="14" WC="0.96" CONTENT="man"/><SP WIDTH="16" VPOS="757" HPOS="671"/>
							<String ID="string_130" HPOS="687" VPOS="750" WIDTH="74" HEIGHT="21" WC="0.93" CONTENT="kunna"/><SP WIDTH="14" VPOS="750" HPOS="761"/>
							<String ID="string_131" HPOS="775" VPOS="751" WIDTH="38" HEIGHT="27" WC="0.93" CONTENT="pä-"/>
						</TextLine>
						<TextLine ID="line_17" HPOS="64" VPOS="784" WIDTH="749" HEIGHT="29">
							<String ID="string_132" HPOS="64" VPOS="785" WIDTH="74" HEIGHT="27" WC="0.96" CONTENT="räkna,"/><SP WIDTH="16" VPOS="785" HPOS="138"/>
							<String ID="string_133" HPOS="154" VPOS="787" WIDTH="31" HEIGHT="19" WC="0.97" CONTENT="att"/><SP WIDTH="15" VPOS="787" HPOS="185"/>
							<String ID="string_134" HPOS="200" VPOS="785" WIDTH="28" HEIGHT="28" WC="0.96" CONTENT="pä"/><SP WIDTH="14" VPOS="785" HPOS="228"/>
							<String ID="string_135" HPOS="242" VPOS="785" WIDTH="46" HEIGHT="21" WC="0.93" CONTENT="lika"/><SP WIDTH="14" VPOS="785" HPOS="288"/>
							<String ID="string_136" HPOS="302" VPOS="784" WIDTH="146" HEIGHT="29" WC="0.96" CONTENT="fördelaktiga"/><SP WIDTH="14" VPOS="784" HPOS="448"/>
							<String ID="string_137" HPOS="462" VPOS="785" WIDTH="71" HEIGHT="21" WC="0.96" CONTENT="vilkor"/><SP WIDTH="15" VPOS="785" HPOS="533"/>
							<String ID="string_138" HPOS="548" VPOS="784" WIDTH="23" HEIGHT="21" WC="0.93" CONTENT="få"/><SP WIDTH="15" VPOS="784" HPOS="571"/>
							<String ID="string_139" HPOS="586" VPOS="785" WIDTH="70" HEIGHT="21" WC="0.93" CONTENT="inlösa"/><SP WIDTH="14" VPOS="785" HPOS="656"/>
							<String ID="string_140" HPOS="670" VPOS="785" WIDTH="64" HEIGHT="20" WC="0.96" CONTENT="äfven"/><SP WIDTH="11" VPOS="785" HPOS="734"/>
							<String ID="string_141" HPOS="745" VPOS="785" WIDTH="68" HEIGHT="20" WC="0.96" CONTENT="andra"/>
						</TextLine>
						<TextLine ID="line_18" HPOS="64" VPOS="819" WIDTH="750" HEIGHT="29">
							<String ID="string_142" HPOS="64" VPOS="819" WIDTH="170" HEIGHT="29" WC="0.91" CONTENT="donationsgods"/><SP WIDTH="15" VPOS="819" HPOS="234"/>
							<String ID="string_143" HPOS="249" VPOS="819" WIDTH="8" HEIGHT="21" WC="0.93" CONTENT="i"/><SP WIDTH="15" VPOS="819" HPOS="257"/>
							<String ID="string_144" HPOS="272" VPOS="819" WIDTH="103" HEIGHT="28" WC="0.92" CONTENT="Wiborgs"/><SP WIDTH="17" VPOS="819" HPOS="375"/>
							<String ID="string_145" HPOS="392" VPOS="819" WIDTH="44" HEIGHT="27" WC="0.95" CONTENT="län,"/><SP WIDTH="15" VPOS="819" HPOS="436"/>
							<String ID="string_146" HPOS="451" VPOS="819" WIDTH="74" HEIGHT="22" WC="0.96" CONTENT="kunde"/><SP WIDTH="15" VPOS="819" HPOS="525"/>
							<String ID="string_147" HPOS="540" VPOS="826" WIDTH="83" HEIGHT="14" WC="0.96" CONTENT="samma"/><SP WIDTH="14" VPOS="826" HPOS="623"/>
							<String ID="string_148" HPOS="637" VPOS="819" WIDTH="96" HEIGHT="28" WC="0.95" CONTENT="grunder"/><SP WIDTH="14" VPOS="819" HPOS="733"/>
							<String ID="string_149" HPOS="747" VPOS="819" WIDTH="67" HEIGHT="21" WC="0.96" CONTENT="också"/>
						</TextLine>
						<TextLine ID="line_19" HPOS="64" VPOS="853" WIDTH="750" HEIGHT="30">
							<String ID="string_150" HPOS="64" VPOS="855" WIDTH="38" HEIGHT="21" WC="0.95" CONTENT="der"/><SP WIDTH="20" VPOS="855" HPOS="102"/>
							<String ID="string_151" HPOS="122" VPOS="854" WIDTH="120" HEIGHT="29" WC="0.95" CONTENT="tillämpas,"/><SP WIDTH="19" VPOS="854" HPOS="242"/>
							<String ID="string_152" HPOS="261" VPOS="854" WIDTH="8" HEIGHT="21" WC="0.96" CONTENT="i"/><SP WIDTH="20" VPOS="854" HPOS="269"/>
							<String ID="string_153" HPOS="289" VPOS="853" WIDTH="89" HEIGHT="22" WC="0.96" CONTENT="hvilken"/><SP WIDTH="20" VPOS="853" HPOS="378"/>
							<String ID="string_154" HPOS="398" VPOS="853" WIDTH="104" HEIGHT="23" WC="0.93" CONTENT="händelse"/><SP WIDTH="20" VPOS="853" HPOS="502"/>
							<String ID="string_155" HPOS="522" VPOS="853" WIDTH="227" HEIGHT="22" WC="0.91" CONTENT="donationsbönderne"/><SP WIDTH="15" VPOS="853" HPOS="749"/>
							<String ID="string_156" HPOS="764" VPOS="853" WIDTH="50" HEIGHT="22" WC="0.96" CONTENT="icke"/>
						</TextLine>
						<TextLine ID="line_20" HPOS="64" VPOS="887" WIDTH="750" HEIGHT="30">
							<String ID="string_157" HPOS="64" VPOS="890" WIDTH="87" HEIGHT="21" WC="0.96" CONTENT="komme"/><SP WIDTH="21" VPOS="890" HPOS="151"/>
							<String ID="string_158" HPOS="172" VPOS="891" WIDTH="32" HEIGHT="20" WC="0.92" CONTENT="att"/><SP WIDTH="20" VPOS="891" HPOS="204"/>
							<String ID="string_159" HPOS="224" VPOS="889" WIDTH="108" HEIGHT="28" WC="0.92" CONTENT="betungas"/><SP WIDTH="20" VPOS="889" HPOS="332"/>
							<String ID="string_160" HPOS="352" VPOS="888" WIDTH="49" HEIGHT="21" WC="0.95" CONTENT="med"/><SP WIDTH="19" VPOS="888" HPOS="401"/>
							<String ID="string_161" HPOS="420" VPOS="890" WIDTH="70" HEIGHT="20" WC="0.96" CONTENT="större"/><SP WIDTH="15" VPOS="890" HPOS="490"/>
							<String ID="string_162" HPOS="505" VPOS="887" WIDTH="80" HEIGHT="23" WC="0.96" CONTENT="bördor"/><SP WIDTH="16" VPOS="887" HPOS="585"/>
							<String ID="string_163" HPOS="601" VPOS="890" WIDTH="27" HEIGHT="19" WC="0.96" CONTENT="än"/><SP WIDTH="16" VPOS="890" HPOS="628"/>
							<String ID="string_164" HPOS="644" VPOS="888" WIDTH="26" HEIGHT="21" WC="0.96" CONTENT="de"/><SP WIDTH="16" VPOS="888" HPOS="670"/>
							<String ID="string_165" HPOS="686" VPOS="888" WIDTH="47" HEIGHT="21" WC="0.96" CONTENT="haft"/><SP WIDTH="15" VPOS="888" HPOS="733"/>
							<String ID="string_166" HPOS="748" VPOS="888" WIDTH="66" HEIGHT="27" WC="0.95" CONTENT="förut,"/>
						</TextLine>
					</TextBlock>
					<TextBlock ID="block_4" HPOS="44" VPOS="922" WIDTH="770" HEIGHT="63">
						<TextLine ID="line_21" HPOS="44" VPOS="922" WIDTH="770" HEIGHT="28">
							<String ID="string_167" HPOS="44" VPOS="929" WIDTH="2" HEIGHT="2" WC="0.92" CONTENT="*"/><SP WIDTH="18" VPOS="929" HPOS="46"/>
							<String ID="string_168" HPOS="64" VPOS="931" WIDTH="49" HEIGHT="14" WC="0.95" CONTENT="men"/><SP WIDTH="16" VPOS="931" HPOS="113"/>
							<String ID="string_169" HPOS="129" VPOS="924" WIDTH="65" HEIGHT="21" WC="0.95" CONTENT="hafva"/><SP WIDTH="15" VPOS="924" HPOS="194"/>
							<String ID="string_170" HPOS="209" VPOS="923" WIDTH="42" HEIGHT="22" WC="0.95" CONTENT="den"/><SP WIDTH="15" VPOS="923" HPOS="251"/>
							<String ID="string_171" HPOS="266" VPOS="923" WIDTH="105" HEIGHT="26" WC="0.96" CONTENT="fördelen,"/><SP WIDTH="15" VPOS="923" HPOS="371"/>
							<String ID="string_172" HPOS="386" VPOS="924" WIDTH="33" HEIGHT="20" WC="0.96" CONTENT="att"/><SP WIDTH="13" VPOS="924" HPOS="419"/>
							<String ID="string_173" HPOS="432" VPOS="923" WIDTH="62" HEIGHT="21" WC="0.93" CONTENT="deras"/><SP WIDTH="15" VPOS="923" HPOS="494"/>
							<String ID="string_174" HPOS="509" VPOS="922" WIDTH="161" HEIGHT="22" WC="0.92" CONTENT="innehafvande"/><SP WIDTH="14" VPOS="922" HPOS="670"/>
							<String ID="string_175" HPOS="684" VPOS="923" WIDTH="130" HEIGHT="27" WC="0.96" CONTENT="lägenheter"/>
						</TextLine>
						<TextLine ID="line_22" HPOS="64" VPOS="956" WIDTH="685" HEIGHT="29">
							<String ID="string_176" HPOS="64" VPOS="959" WIDTH="72" HEIGHT="21" WC="0.92" CONTENT="blefve"/><SP WIDTH="16" VPOS="959" HPOS="136"/>
							<String ID="string_177" HPOS="152" VPOS="959" WIDTH="63" HEIGHT="20" WC="0.96" CONTENT="deras"/><SP WIDTH="13" VPOS="959" HPOS="215"/>
							<String ID="string_178" HPOS="228" VPOS="957" WIDTH="107" HEIGHT="28" WC="0.96" CONTENT="egendom"/><SP WIDTH="16" VPOS="957" HPOS="335"/>
							<String ID="string_179" HPOS="351" VPOS="957" WIDTH="40" HEIGHT="21" WC="0.96" CONTENT="och"/><SP WIDTH="14" VPOS="957" HPOS="391"/>
							<String ID="string_180" HPOS="405" VPOS="957" WIDTH="27" HEIGHT="22" WC="0.87" CONTENT="de"/><SP WIDTH="16" VPOS="957" HPOS="432"/>
							<String ID="string_181" HPOS="448" VPOS="957" WIDTH="82" HEIGHT="22" WC="0.91" CONTENT="erhölle"/><SP WIDTH="16" VPOS="957" HPOS="530"/>
							<String ID="string_182" HPOS="546" VPOS="956" WIDTH="203" HEIGHT="22" WC="0.92" CONTENT="skattemannarätt."/>
						</TextLine>
					</TextBlock>
					<TextBlock ID="block_5" HPOS="64" VPOS="991" WIDTH="751" HEIGHT="201">
						<TextLine ID="line_23" HPOS="132" VPOS="991" WIDTH="682" HEIGHT="29">
							<String ID="string_183" HPOS="132" VPOS="993" WIDTH="58" HEIGHT="21" WC="0.96" CONTENT="Herr"/><SP WIDTH="16" VPOS="993" HPOS="190"/>
							<String ID="string_184" HPOS="206" VPOS="992" WIDTH="175" HEIGHT="28" WC="0.96" CONTENT="Gripenberg,"/><SP WIDTH="15" VPOS="992" HPOS="381"/>
							<String ID="string_185" HPOS="396" VPOS="991" WIDTH="20" HEIGHT="22" WC="0.96" CONTENT="J."/><SP WIDTH="16" VPOS="991" HPOS="416"/>
							<String ID="string_186" HPOS="432" VPOS="991" WIDTH="27" HEIGHT="22" WC="0.93" CONTENT="U."/><SP WIDTH="16" VPOS="991" HPOS="459"/>
							<String ID="string_187" HPOS="475" VPOS="992" WIDTH="32" HEIGHT="21" WC="0.66" CONTENT="8.:"/><SP WIDTH="21" VPOS="992" HPOS="507"/>
							<String ID="string_188" HPOS="528" VPOS="991" WIDTH="44" HEIGHT="28" WC="0.96" CONTENT="Jag"/><SP WIDTH="14" VPOS="991" HPOS="572"/>
							<String ID="string_189" HPOS="586" VPOS="991" WIDTH="39" HEIGHT="21" WC="0.96" CONTENT="ber"/><SP WIDTH="15" VPOS="991" HPOS="625"/>
							<String ID="string_190" HPOS="640" VPOS="992" WIDTH="32" HEIGHT="20" WC="0.96" CONTENT="att"/><SP WIDTH="14" VPOS="992" HPOS="672"/>
							<String ID="string_191" HPOS="686" VPOS="991" WIDTH="22" HEIGHT="22" WC="0.96" CONTENT="få"/><SP WIDTH="15" VPOS="991" HPOS="708"/>
							<String ID="string_192" HPOS="723" VPOS="991" WIDTH="91" HEIGHT="28" WC="0.96" CONTENT="tillägga"/>
						</TextLine>
						<TextLine ID="line_24" HPOS="64" VPOS="1025" WIDTH="750" HEIGHT="31">
							<String ID="string_193" HPOS="64" VPOS="1029" WIDTH="41" HEIGHT="20" WC="0.96" CONTENT="den"/><SP WIDTH="21" VPOS="1029" HPOS="105"/>
							<String ID="string_194" HPOS="126" VPOS="1027" WIDTH="172" HEIGHT="29" WC="0.96" CONTENT="upplysningen,"/><SP WIDTH="21" VPOS="1027" HPOS="298"/>
							<String ID="string_195" HPOS="319" VPOS="1028" WIDTH="31" HEIGHT="20" WC="0.93" CONTENT="att"/><SP WIDTH="19" VPOS="1028" HPOS="350"/>
							<String ID="string_196" HPOS="369" VPOS="1027" WIDTH="95" HEIGHT="21" WC="0.92" CONTENT="åboerne"/><SP WIDTH="16" VPOS="1027" HPOS="464"/>
							<String ID="string_197" HPOS="480" VPOS="1026" WIDTH="110" HEIGHT="22" WC="0.96" CONTENT="betraktas"/><SP WIDTH="20" VPOS="1026" HPOS="590"/>
							<String ID="string_198" HPOS="610" VPOS="1025" WIDTH="134" HEIGHT="22" WC="0.96" CONTENT="omedelbart"/><SP WIDTH="15" VPOS="1025" HPOS="744"/>
							<String ID="string_199" HPOS="759" VPOS="1025" WIDTH="55" HEIGHT="21" WC="0.96" CONTENT="efter"/>
						</TextLine>
						<TextLine ID="line_25" HPOS="64" VPOS="1059" WIDTH="751" HEIGHT="30">
							<String ID="string_200" HPOS="64" VPOS="1062" WIDTH="124" HEIGHT="21" WC="0.91" CONTENT="inlösandet"/><SP WIDTH="19" VPOS="1062" HPOS="188"/>
							<String ID="string_201" HPOS="207" VPOS="1062" WIDTH="72" HEIGHT="21" WC="0.93" CONTENT="såsom"/><SP WIDTH="19" VPOS="1062" HPOS="279"/>
							<String ID="string_202" HPOS="298" VPOS="1067" WIDTH="65" HEIGHT="22" WC="0.92" CONTENT="egare"/><SP WIDTH="20" VPOS="1067" HPOS="363"/>
							<String ID="string_203" HPOS="383" VPOS="1061" WIDTH="24" HEIGHT="21" WC="0.96" CONTENT="af"/><SP WIDTH="18" VPOS="1061" HPOS="407"/>
							<String ID="string_204" HPOS="425" VPOS="1061" WIDTH="47" HEIGHT="21" WC="0.96" CONTENT="sina"/><SP WIDTH="18" VPOS="1061" HPOS="472"/>
							<String ID="string_205" HPOS="490" VPOS="1061" WIDTH="129" HEIGHT="28" WC="0.95" CONTENT="lägenheter"/><SP WIDTH="15" VPOS="1061" HPOS="619"/>
							<String ID="string_206" HPOS="634" VPOS="1059" WIDTH="40" HEIGHT="22" WC="0.96" CONTENT="och"/><SP WIDTH="13" VPOS="1059" HPOS="674"/>
							<String ID="string_207" HPOS="687" VPOS="1060" WIDTH="23" HEIGHT="21" WC="0.96" CONTENT="få"/><SP WIDTH="14" VPOS="1060" HPOS="710"/>
							<String ID="string_208" HPOS="724" VPOS="1059" WIDTH="91" HEIGHT="28" WC="0.96" CONTENT="försälja"/>
						</TextLine>
						<TextLine ID="line_26" HPOS="65" VPOS="1093" WIDTH="749" HEIGHT="30">
							<String ID="string_209" HPOS="65" VPOS="1096" WIDTH="59" HEIGHT="27" WC="0.96" CONTENT="dem,"/><SP WIDTH="22" VPOS="1096" HPOS="124"/>
							<String ID="string_210" HPOS="146" VPOS="1097" WIDTH="23" HEIGHT="20" WC="0.96" CONTENT="så"/><SP WIDTH="20" VPOS="1097" HPOS="169"/>
							<String ID="string_211" HPOS="189" VPOS="1097" WIDTH="60" HEIGHT="20" WC="0.96" CONTENT="snart"/><SP WIDTH="19" VPOS="1097" HPOS="249"/>
							<String ID="string_212" HPOS="268" VPOS="1095" WIDTH="26" HEIGHT="22" WC="0.96" CONTENT="de"/><SP WIDTH="20" VPOS="1095" HPOS="294"/>
							<String ID="string_213" HPOS="314" VPOS="1095" WIDTH="41" HEIGHT="21" WC="0.96" CONTENT="fått"/><SP WIDTH="20" VPOS="1095" HPOS="355"/>
							<String ID="string_214" HPOS="375" VPOS="1095" WIDTH="33" HEIGHT="21" WC="0.96" CONTENT="sin"/><SP WIDTH="21" VPOS="1095" HPOS="408"/>
							<String ID="string_215" HPOS="429" VPOS="1095" WIDTH="58" HEIGHT="21" WC="0.96" CONTENT="skatt"/><SP WIDTH="15" VPOS="1095" HPOS="487"/>
							<String ID="string_216" HPOS="502" VPOS="1095" WIDTH="34" HEIGHT="28" WC="0.96" CONTENT="sig"/><SP WIDTH="14" VPOS="1095" HPOS="536"/>
							<String ID="string_217" HPOS="550" VPOS="1094" WIDTH="89" HEIGHT="28" WC="0.96" CONTENT="pålagd,"/><SP WIDTH="21" VPOS="1094" HPOS="639"/>
							<String ID="string_218" HPOS="660" VPOS="1093" WIDTH="91" HEIGHT="22" WC="0.96" CONTENT="emedan"/><SP WIDTH="21" VPOS="1093" HPOS="751"/>
							<String ID="string_219" HPOS="772" VPOS="1093" WIDTH="42" HEIGHT="22" WC="0.96" CONTENT="den"/>
						</TextLine>
						<TextLine ID="line_27" HPOS="65" VPOS="1127" WIDTH="750" HEIGHT="31">
							<String ID="string_220" HPOS="65" VPOS="1131" WIDTH="175" HEIGHT="27" WC="0.91" CONTENT="löseskillingen,"/><SP WIDTH="22" VPOS="1131" HPOS="240"/>
							<String ID="string_221" HPOS="262" VPOS="1137" WIDTH="46" HEIGHT="14" WC="0.96" CONTENT="som"/><SP WIDTH="20" VPOS="1137" HPOS="308"/>
							<String ID="string_222" HPOS="328" VPOS="1129" WIDTH="26" HEIGHT="21" WC="0.96" CONTENT="de"/><SP WIDTH="20" VPOS="1129" HPOS="354"/>
							<String ID="string_223" HPOS="374" VPOS="1129" WIDTH="113" HEIGHT="22" WC="0.96" CONTENT="förbundit"/><SP WIDTH="19" VPOS="1129" HPOS="487"/>
							<String ID="string_224" HPOS="506" VPOS="1129" WIDTH="34" HEIGHT="28" WC="0.96" CONTENT="sig"/><SP WIDTH="15" VPOS="1129" HPOS="540"/>
							<String ID="string_225" HPOS="555" VPOS="1130" WIDTH="33" HEIGHT="20" WC="0.96" CONTENT="att"/><SP WIDTH="15" VPOS="1130" HPOS="588"/>
							<String ID="string_226" HPOS="603" VPOS="1128" WIDTH="99" HEIGHT="29" WC="0.93" CONTENT="erlägga,"/><SP WIDTH="15" VPOS="1128" HPOS="702"/>
							<String ID="string_227" HPOS="717" VPOS="1127" WIDTH="98" HEIGHT="22" WC="0.90" CONTENT="vidlåder"/>
						</TextLine>
						<TextLine ID="line_28" HPOS="64" VPOS="1165" WIDTH="303" HEIGHT="27">
							<String ID="string_228" HPOS="64" VPOS="1166" WIDTH="136" HEIGHT="25" WC="0.96" CONTENT="hemmanet,"/><SP WIDTH="16" VPOS="1166" HPOS="200"/>
							<String ID="string_229" HPOS="216" VPOS="1165" WIDTH="20" HEIGHT="27" WC="0.96" CONTENT="ej"/><SP WIDTH="16" VPOS="1165" HPOS="236"/>
							<String ID="string_230" HPOS="252" VPOS="1170" WIDTH="115" HEIGHT="22" WC="0.96" CONTENT="personen."/>
						</TextLine>
					</TextBlock>
					<TextBlock ID="block_6" HPOS="65" VPOS="1197" WIDTH="752" HEIGHT="273">
						<TextLine ID="line_29" HPOS="133" VPOS="1197" WIDTH="682" HEIGHT="28">
							<String ID="string_231" HPOS="133" VPOS="1199" WIDTH="59" HEIGHT="21" WC="0.96" CONTENT="Herr"/><SP WIDTH="15" VPOS="1199" HPOS="192"/>
							<String ID="string_232" HPOS="207" VPOS="1205" WIDTH="42" HEIGHT="15" WC="0.96" CONTENT="von"/><SP WIDTH="15" VPOS="1205" HPOS="249"/>
							<String ID="string_233" HPOS="264" VPOS="1199" WIDTH="80" HEIGHT="25" WC="0.93" CONTENT="Born,"/><SP WIDTH="16" VPOS="1199" HPOS="344"/>
							<String ID="string_234" HPOS="360" VPOS="1197" WIDTH="19" HEIGHT="22" WC="0.90" CONTENT="J."/><SP WIDTH="17" VPOS="1197" HPOS="379"/>
							<String ID="string_235" HPOS="396" VPOS="1198" WIDTH="33" HEIGHT="21" WC="0.89" CONTENT="A.:"/><SP WIDTH="16" VPOS="1198" HPOS="429"/>
							<String ID="string_236" HPOS="445" VPOS="1197" WIDTH="50" HEIGHT="22" WC="0.96" CONTENT="Den"/><SP WIDTH="10" VPOS="1197" HPOS="495"/>
							<String ID="string_237" HPOS="505" VPOS="1197" WIDTH="69" HEIGHT="28" WC="0.96" CONTENT="fråga,"/><SP WIDTH="11" VPOS="1197" HPOS="574"/>
							<String ID="string_238" HPOS="585" VPOS="1203" WIDTH="45" HEIGHT="14" WC="0.93" CONTENT="som"/><SP WIDTH="12" VPOS="1203" HPOS="630"/>
							<String ID="string_239" HPOS="642" VPOS="1197" WIDTH="88" HEIGHT="21" WC="0.92" CONTENT="sednast"/><SP WIDTH="10" VPOS="1197" HPOS="730"/>
							<String ID="string_240" HPOS="740" VPOS="1198" WIDTH="75" HEIGHT="25" WC="0.91" CONTENT="egent-"/>
						</TextLine>
						<TextLine ID="line_30" HPOS="65" VPOS="1230" WIDTH="750" HEIGHT="33">
							<String ID="string_241" HPOS="65" VPOS="1235" WIDTH="60" HEIGHT="28" WC="0.93" CONTENT="ligen"/><SP WIDTH="15" VPOS="1235" HPOS="125"/>
							<String ID="string_242" HPOS="140" VPOS="1233" WIDTH="64" HEIGHT="28" WC="0.91" CONTENT="gifvit"/><SP WIDTH="16" VPOS="1233" HPOS="204"/>
							<String ID="string_243" HPOS="220" VPOS="1233" WIDTH="118" HEIGHT="27" WC="0.96" CONTENT="anledning"/><SP WIDTH="15" VPOS="1233" HPOS="338"/>
							<String ID="string_244" HPOS="353" VPOS="1232" WIDTH="34" HEIGHT="21" WC="0.96" CONTENT="till"/><SP WIDTH="16" VPOS="1232" HPOS="387"/>
							<String ID="string_245" HPOS="403" VPOS="1231" WIDTH="58" HEIGHT="22" WC="0.93" CONTENT="olika"/><SP WIDTH="14" VPOS="1231" HPOS="461"/>
							<String ID="string_246" HPOS="475" VPOS="1232" WIDTH="88" HEIGHT="28" WC="0.92" CONTENT="åsigter,"/><SP WIDTH="11" VPOS="1232" HPOS="563"/>
							<String ID="string_247" HPOS="574" VPOS="1238" WIDTH="38" HEIGHT="14" WC="0.96" CONTENT="var"/><SP WIDTH="14" VPOS="1238" HPOS="612"/>
							<String ID="string_248" HPOS="626" VPOS="1230" WIDTH="76" HEIGHT="29" WC="0.96" CONTENT="frågan"/><SP WIDTH="14" VPOS="1230" HPOS="702"/>
							<String ID="string_249" HPOS="716" VPOS="1237" WIDTH="34" HEIGHT="14" WC="0.92" CONTENT="om"/><SP WIDTH="10" VPOS="1237" HPOS="750"/>
							<String ID="string_250" HPOS="760" VPOS="1230" WIDTH="55" HEIGHT="21" WC="0.92" CONTENT="hvil-"/>
						</TextLine>
						<TextLine ID="line_31" HPOS="66" VPOS="1264" WIDTH="750" HEIGHT="31">
							<String ID="string_251" HPOS="66" VPOS="1269" WIDTH="43" HEIGHT="21" WC="0.96" CONTENT="ken"/><SP WIDTH="15" VPOS="1269" HPOS="109"/>
							<String ID="string_252" HPOS="124" VPOS="1270" WIDTH="64" HEIGHT="19" WC="0.96" CONTENT="natur"/><SP WIDTH="16" VPOS="1270" HPOS="188"/>
							<String ID="string_253" HPOS="204" VPOS="1267" WIDTH="26" HEIGHT="22" WC="0.96" CONTENT="de"/><SP WIDTH="15" VPOS="1267" HPOS="230"/>
							<String ID="string_254" HPOS="245" VPOS="1267" WIDTH="166" HEIGHT="28" WC="0.96" CONTENT="ifrågavarande"/><SP WIDTH="15" VPOS="1267" HPOS="411"/>
							<String ID="string_255" HPOS="426" VPOS="1266" WIDTH="131" HEIGHT="21" WC="0.96" CONTENT="hemmanen"/><SP WIDTH="15" VPOS="1266" HPOS="557"/>
							<String ID="string_256" HPOS="572" VPOS="1265" WIDTH="71" HEIGHT="22" WC="0.96" CONTENT="skulle"/><SP WIDTH="16" VPOS="1265" HPOS="643"/>
							<String ID="string_257" HPOS="659" VPOS="1264" WIDTH="89" HEIGHT="22" WC="0.67" CONTENT="erhålla."/><SP WIDTH="25" VPOS="1264" HPOS="748"/>
							<String ID="string_258" HPOS="773" VPOS="1264" WIDTH="43" HEIGHT="27" WC="0.96" CONTENT="Jag"/>
						</TextLine>
						<TextLine ID="line_32" HPOS="66" VPOS="1297" WIDTH="750" HEIGHT="33">
							<String ID="string_259" HPOS="66" VPOS="1303" WIDTH="39" HEIGHT="21" WC="0.96" CONTENT="ber"/><SP WIDTH="15" VPOS="1303" HPOS="105"/>
							<String ID="string_260" HPOS="120" VPOS="1304" WIDTH="32" HEIGHT="19" WC="0.96" CONTENT="att"/><SP WIDTH="15" VPOS="1304" HPOS="152"/>
							<String ID="string_261" HPOS="167" VPOS="1302" WIDTH="22" HEIGHT="21" WC="0.96" CONTENT="få"/><SP WIDTH="15" VPOS="1302" HPOS="189"/>
							<String ID="string_262" HPOS="204" VPOS="1308" WIDTH="98" HEIGHT="22" WC="0.96" CONTENT="upprepa"/><SP WIDTH="15" VPOS="1308" HPOS="302"/>
							<String ID="string_263" HPOS="317" VPOS="1300" WIDTH="43" HEIGHT="21" WC="0.93" CONTENT="den"/><SP WIDTH="15" VPOS="1300" HPOS="360"/>
							<String ID="string_264" HPOS="375" VPOS="1300" WIDTH="57" HEIGHT="28" WC="0.90" CONTENT="åsigt"/><SP WIDTH="12" VPOS="1300" HPOS="432"/>
							<String ID="string_265" HPOS="444" VPOS="1301" WIDTH="40" HEIGHT="27" WC="0.96" CONTENT="jag"/><SP WIDTH="14" VPOS="1301" HPOS="484"/>
							<String ID="string_266" HPOS="498" VPOS="1300" WIDTH="28" HEIGHT="21" WC="0.96" CONTENT="då"/><SP WIDTH="14" VPOS="1300" HPOS="526"/>
							<String ID="string_267" HPOS="540" VPOS="1299" WIDTH="93" HEIGHT="29" WC="0.95" CONTENT="yttrade,"/><SP WIDTH="11" VPOS="1299" HPOS="633"/>
							<String ID="string_268" HPOS="644" VPOS="1299" WIDTH="40" HEIGHT="21" WC="0.96" CONTENT="och"/><SP WIDTH="14" VPOS="1299" HPOS="684"/>
							<String ID="string_269" HPOS="698" VPOS="1305" WIDTH="46" HEIGHT="14" WC="0.93" CONTENT="som"/><SP WIDTH="10" VPOS="1305" HPOS="744"/>
							<String ID="string_270" HPOS="754" VPOS="1297" WIDTH="62" HEIGHT="22" WC="0.90" CONTENT="inne-"/>
						</TextLine>
						<TextLine ID="line_33" HPOS="66" VPOS="1333" WIDTH="750" HEIGHT="30">
							<String ID="string_271" HPOS="66" VPOS="1337" WIDTH="82" HEIGHT="21" WC="0.90" CONTENT="fattade"/><SP WIDTH="23" VPOS="1337" HPOS="148"/>
							<String ID="string_272" HPOS="171" VPOS="1335" WIDTH="154" HEIGHT="28" WC="0.90" CONTENT="tillstyrkande"/><SP WIDTH="22" VPOS="1335" HPOS="325"/>
							<String ID="string_273" HPOS="347" VPOS="1335" WIDTH="24" HEIGHT="20" WC="0.96" CONTENT="af"/><SP WIDTH="20" VPOS="1335" HPOS="371"/>
							<String ID="string_274" HPOS="391" VPOS="1334" WIDTH="62" HEIGHT="21" WC="0.95" CONTENT="bifall"/><SP WIDTH="22" VPOS="1334" HPOS="453"/>
							<String ID="string_275" HPOS="475" VPOS="1335" WIDTH="34" HEIGHT="20" WC="0.96" CONTENT="till"/><SP WIDTH="21" VPOS="1335" HPOS="509"/>
							<String ID="string_276" HPOS="530" VPOS="1333" WIDTH="118" HEIGHT="21" WC="0.96" CONTENT="utskottets"/><SP WIDTH="22" VPOS="1333" HPOS="648"/>
							<String ID="string_277" HPOS="670" VPOS="1333" WIDTH="92" HEIGHT="26" WC="0.96" CONTENT="förslag,"/><SP WIDTH="23" VPOS="1333" HPOS="762"/>
							<String ID="string_278" HPOS="785" VPOS="1333" WIDTH="31" HEIGHT="19" WC="0.96" CONTENT="att"/>
						</TextLine>
						<TextLine ID="line_34" HPOS="66" VPOS="1366" WIDTH="751" HEIGHT="31">
							<String ID="string_279" HPOS="66" VPOS="1371" WIDTH="64" HEIGHT="20" WC="0.96" CONTENT="dessa"/><SP WIDTH="14" VPOS="1371" HPOS="130"/>
							<String ID="string_280" HPOS="144" VPOS="1369" WIDTH="128" HEIGHT="28" WC="0.96" CONTENT="lägenheter"/><SP WIDTH="15" VPOS="1369" HPOS="272"/>
							<String ID="string_281" HPOS="287" VPOS="1368" WIDTH="67" HEIGHT="21" WC="0.96" CONTENT="borde"/><SP WIDTH="14" VPOS="1368" HPOS="354"/>
							<String ID="string_282" HPOS="368" VPOS="1370" WIDTH="81" HEIGHT="25" WC="0.93" CONTENT="antaga"/><SP WIDTH="15" VPOS="1370" HPOS="449"/>
							<String ID="string_283" HPOS="464" VPOS="1367" WIDTH="143" HEIGHT="22" WC="0.91" CONTENT="skattenatur."/><SP WIDTH="29" VPOS="1367" HPOS="607"/>
							<String ID="string_284" HPOS="636" VPOS="1367" WIDTH="47" HEIGHT="26" WC="0.96" CONTENT="Mig"/><SP WIDTH="15" VPOS="1367" HPOS="683"/>
							<String ID="string_285" HPOS="698" VPOS="1371" WIDTH="71" HEIGHT="22" WC="0.96" CONTENT="synes,"/><SP WIDTH="15" VPOS="1371" HPOS="769"/>
							<String ID="string_286" HPOS="784" VPOS="1366" WIDTH="33" HEIGHT="19" WC="0.96" CONTENT="att"/>
						</TextLine>
						<TextLine ID="line_35" HPOS="68" VPOS="1399" WIDTH="748" HEIGHT="32">
							<String ID="string_287" HPOS="68" VPOS="1404" WIDTH="27" HEIGHT="22" WC="0.96" CONTENT="då"/><SP WIDTH="15" VPOS="1404" HPOS="95"/>
							<String ID="string_288" HPOS="110" VPOS="1404" WIDTH="84" HEIGHT="21" WC="0.96" CONTENT="kronan"/><SP WIDTH="15" VPOS="1404" HPOS="194"/>
							<String ID="string_289" HPOS="209" VPOS="1403" WIDTH="43" HEIGHT="22" WC="0.96" CONTENT="löst"/><SP WIDTH="15" VPOS="1403" HPOS="252"/>
							<String ID="string_290" HPOS="267" VPOS="1409" WIDTH="27" HEIGHT="15" WC="0.96" CONTENT="en"/><SP WIDTH="16" VPOS="1409" HPOS="294"/>
							<String ID="string_291" HPOS="310" VPOS="1402" WIDTH="103" HEIGHT="29" WC="0.96" CONTENT="lägenhet"/><SP WIDTH="16" VPOS="1402" HPOS="413"/>
							<String ID="string_292" HPOS="429" VPOS="1401" WIDTH="24" HEIGHT="22" WC="0.93" CONTENT="af"/><SP WIDTH="13" VPOS="1401" HPOS="453"/>
							<String ID="string_293" HPOS="466" VPOS="1401" WIDTH="127" HEIGHT="22" WC="0.92" CONTENT="donatarien"/><SP WIDTH="17" VPOS="1401" HPOS="593"/>
							<String ID="string_294" HPOS="610" VPOS="1401" WIDTH="40" HEIGHT="21" WC="0.93" CONTENT="och"/><SP WIDTH="14" VPOS="1401" HPOS="650"/>
							<String ID="string_295" HPOS="664" VPOS="1400" WIDTH="99" HEIGHT="21" WC="0.91" CONTENT="deremot"/><SP WIDTH="10" VPOS="1400" HPOS="763"/>
							<String ID="string_296" HPOS="773" VPOS="1399" WIDTH="43" HEIGHT="21" WC="0.93" CONTENT="för-"/>
						</TextLine>
						<TextLine ID="line_36" HPOS="67" VPOS="1434" WIDTH="750" HEIGHT="36">
							<String ID="string_297" HPOS="67" VPOS="1441" WIDTH="71" HEIGHT="29" WC="0.95" CONTENT="yttrar"/><SP WIDTH="16" VPOS="1441" HPOS="138"/>
							<String ID="string_298" HPOS="154" VPOS="1438" WIDTH="42" HEIGHT="23" WC="0.96" CONTENT="den"/><SP WIDTH="15" VPOS="1438" HPOS="196"/>
							<String ID="string_299" HPOS="211" VPOS="1438" WIDTH="23" HEIGHT="22" WC="0.96" CONTENT="åt"/><SP WIDTH="14" VPOS="1438" HPOS="234"/>
							<String ID="string_300" HPOS="248" VPOS="1436" WIDTH="121" HEIGHT="28" WC="0.91" CONTENT="bönderne,"/><SP WIDTH="15" VPOS="1436" HPOS="369"/>
							<String ID="string_301" HPOS="384" VPOS="1437" WIDTH="25" HEIGHT="21" WC="0.96" CONTENT="så"/><SP WIDTH="14" VPOS="1437" HPOS="409"/>
							<String ID="string_302" HPOS="423" VPOS="1438" WIDTH="24" HEIGHT="21" WC="0.96" CONTENT="är"/><SP WIDTH="15" VPOS="1438" HPOS="447"/>
							<String ID="string_303" HPOS="462" VPOS="1436" WIDTH="37" HEIGHT="22" WC="0.96" CONTENT="det"/><SP WIDTH="15" VPOS="1436" HPOS="499"/>
							<String ID="string_304" HPOS="514" VPOS="1436" WIDTH="20" HEIGHT="28" WC="0.96" CONTENT="ej"/><SP WIDTH="16" VPOS="1436" HPOS="534"/>
							<String ID="string_305" HPOS="550" VPOS="1437" WIDTH="76" HEIGHT="27" WC="0.96" CONTENT="annat,"/><SP WIDTH="16" VPOS="1437" HPOS="626"/>
							<String ID="string_306" HPOS="642" VPOS="1436" WIDTH="28" HEIGHT="20" WC="0.96" CONTENT="än"/><SP WIDTH="15" VPOS="1436" HPOS="670"/>
							<String ID="string_307" HPOS="685" VPOS="1436" WIDTH="32" HEIGHT="20" WC="0.96" CONTENT="att"/><SP WIDTH="15" VPOS="1436" HPOS="717"/>
							<String ID="string_308" HPOS="732" VPOS="1434" WIDTH="85" HEIGHT="25" WC="0.96" CONTENT="kronan"/>
						</TextLine>
					</TextBlock>
				</ComposedBlock>
				<GraphicalElement ID="cblock_3" HPOS="970" VPOS="1357" WIDTH="3" HEIGHT="352"></GraphicalElement >
			</PrintSpace>
		</Page>
	</Layout>
</alto>
