986 1717
183 130 41 21 808

155 196 104 22 afseende
274 202 27 15 en
317 194 23 22 af
353 195 51 21 herr
418 194 201 22 landtmarskalken
638 194 77 21 utsedd
730 194 129 28 deputation
873 201 30 14 nu

155 231 77 27 genast
251 230 36 21 till
306 229 141 22 medstånden
467 229 81 29 afgick;
569 229 40 21 och
626 228 69 22 skulle
710 228 34 22 för
760 228 66 29 öfrigt
841 230 62 20 ären-

156 264 43 28 det,
215 264 7 21 i
237 264 103 22 afseende
358 264 12 22 å
390 264 132 28 petitionens
536 264 152 28 uppsättande,
701 264 69 28 jemte
786 263 79 28 utdrag
879 270 26 14 ur

155 299 140 29 protokollet,
319 298 33 22 till
373 298 110 22 allmänna
504 298 198 22 besvärsutskottet
724 298 129 28 remitteras,
874 298 31 20 äf-

156 340 89 16 vensom
268 334 199 28 protokollsutdrag
489 334 46 22 deri
558 333 33 21 till
614 333 26 21 de
663 332 72 29 öfriga
757 332 91 22 stånden
868 339 36 15 ex-

157 369 107 29 pedieras.

224 403 174 29 Ridderskapets
416 403 40 21 och
476 403 74 22 adelns
566 402 141 22 medlemmar
722 402 114 28 åtskiljdes
852 402 53 22 härå

158 439 93 22 klockan
267 439 42 21 två.

642 479 20 16 In
675 478 61 17 fidem:

542 517 80 20 Victor
638 518 25 19 de
680 519 23 19 la
720 518 119 24 Chapelle.

314 659 64 28 Den
400 660 37 27 13
459 659 72 38 april
551 659 40 28 kl.
615 659 37 27 12
672 659 18 27 f.
712 669 37 17 m.

226 721 44 21 Till
289 721 111 28 justering
421 721 111 28 upplästes
554 720 107 23 särskilda
679 720 79 28 utdrag
777 727 26 14 ur
818 720 37 21 det
870 721 37 21 vid

157 755 163 29 ridderskapets
334 756 40 21 och
389 755 74 22 adelns
475 755 159 23 sammanträde
645 755 68 22 under
724 755 111 29 gårdagen
845 754 63 22 förda

159 790 117 29 protokoll.

225 860 138 29 Föredrogos
373 860 97 29 följande
480 860 209 29 protokollsutdrag:
704 859 30 28 A)
745 860 48 21 från
805 860 102 28 borgare-

161 894 96 23 ståndet:

227 930 22 27 1)
264 929 34 22 för
313 929 42 22 den
372 930 25 21 10
412 929 82 22 dennes
512 930 50 21 med
582 930 108 27 anmälan,
706 931 32 20 att
754 929 85 22 ståndet
855 930 53 27 god-

159 965 54 20 känt
227 963 110 22 allmänna
352 965 207 21 besvärsutskottets
579 965 82 27 förslag
676 964 33 21 till
726 964 129 21 ständernas
869 972 40 14 un-

159 999 120 28 derdåniga
299 998 117 28 petitioner
436 999 7 20 i
464 999 152 28 efterföljande
636 999 98 26 ärender,
751 999 120 28 nemligen:
888 999 21 26 a)

159 1033 112 28 angående
293 1033 150 28 berättigande
467 1034 33 20 till
522 1033 85 21 inträde
631 1033 39 21 och
693 1033 95 21 lånerätt
811 1033 7 20 i
840 1033 70 21 finska

159 1067 253 29 hypotheksföreningen
433 1068 34 21 för
487 1075 65 22 egare
573 1068 23 21 af
615 1067 75 22 frälse-
706 1068 41 21 och
763 1067 146 28 skattelägen-

160 1103 63 21 heter
238 1102 49 21 utaf
300 1102 84 21 mindre
401 1104 26 20 än
443 1104 63 26 8,000
522 1103 72 21 marks
610 1103 76 27 värde;
707 1103 23 28 b)
746 1109 34 14 om
796 1109 29 22 ny
840 1103 70 20 landt-

159 1136 159 29 dagsordnings
329 1137 156 28 föreläggande
498 1137 32 22 till
542 1137 127 22 ständernas
681 1137 104 28 pröfning
800 1137 37 22 vid
851 1138 58 20 näst-

160 1171 130 22 kommande
313 1171 114 28 landtdag;
451 1173 19 26 c)
491 1179 34 14 om
547 1171 150 28 berättigande
713 1172 33 21 för
761 1171 86 22 landets
866 1173 43 26 sty-

160 1205 56 22 relse
236 1207 33 20 att
289 1206 126 27 organisera
435 1213 27 14 en
481 1206 214 29 telegrafinrättning
710 1206 7 20 i
733 1205 80 28 landet,
831 1206 40 21 och
887 1206 22 27 d)

161 1247 34 14 om
216 1240 101 28 förhöjda
335 1241 116 27 pensioner
467 1242 21 20 åt
503 1244 143 19 veteranerne
661 1241 47 20 från
726 1241 54 20 1808
796 1241 40 20 och
854 1241 53 20 1809

161 1275 63 20 årens
240 1274 59 27 krig;

227 1308 24 26 2)
267 1307 24 21 af
304 1314 82 14 samma
406 1308 48 28 dag,
476 1308 76 21 hvaraf
566 1308 141 26 inhemtades,
724 1308 32 20 att
771 1307 86 21 ståndet
873 1314 37 14 en-

160 1341 78 29 hälligt
253 1342 84 28 antagit
352 1342 162 28 ridderskapets
530 1343 39 21 och
586 1343 74 21 adelns
671 1342 130 28 inbjudning
816 1343 33 21 att
865 1342 44 22 del-

159 1378 51 26 taga
224 1376 8 21 i
246 1383 27 15 en
289 1376 135 28 underdånig
439 1377 92 29 petition
546 1378 82 26 derom,
644 1378 31 21 att
689 1378 31 20 ett
736 1377 115 22 statistiskt
863 1384 43 14 em-

159 1411 102 22 betsverk
281 1411 7 21 i
308 1411 73 22 landet
401 1412 67 21 måtte
489 1412 23 22 så
531 1412 44 21 fort
596 1419 46 15 som
662 1412 85 28 möjligt
764 1412 66 22 blifva
846 1419 62 21 orga-

161 1446 108 28 niseradt;
