989 1709
214 120 40 28 170

182 194 81 21 tvenne
285 193 68 22 andra
371 193 24 21 af
412 193 116 21 ständerne
548 194 95 27 antagna
662 194 161 27 författningar,
839 194 94 21 rörande

183 227 133 22 misshandel
335 228 23 20 af
376 234 78 21 person
471 228 39 21 och
526 228 195 28 ärekränkningar.
752 228 42 28 Jag
810 231 45 18 tror
870 228 64 22 alltså

182 264 33 19 att
237 262 27 21 de
287 262 134 21 sistnämnde
444 262 183 28 författningarne
651 263 67 20 borde
738 263 7 20 i
764 263 73 21 stället
857 263 35 21 för
907 263 27 21 de

183 296 152 22 förstnämnda
350 297 39 20 här
404 297 113 27 åberopas.

251 331 59 22 Herr
330 331 102 27 Munck,
454 331 27 21 K.
500 332 32 21 F.:
563 331 34 22 Då
617 331 26 21 de
663 331 24 22 af
703 331 117 22 ständerne
839 333 95 27 antagne

183 367 183 28 författningarne
390 366 112 28 angående
525 366 132 21 misshandel
678 367 24 20 af
722 373 79 22 person
824 367 40 20 och
887 369 48 19 äre-

184 401 150 28 kränkningar
354 403 58 19 ännu
430 401 19 28 ej
469 403 37 19 äro
526 401 43 28 lag,
589 407 64 15 anser
669 401 39 28 jag
729 401 35 21 det
784 402 18 27 ej
820 409 51 14 vara
888 402 47 21 skäl

184 438 32 19 att
234 437 40 20 här
292 436 94 27 åberopa
407 436 55 26 dem,
481 437 52 20 utan
552 436 61 21 torde
635 435 36 22 det
694 435 119 22 tillsvidare
834 436 53 21 böra
902 436 33 22 stå

184 471 71 21 såsom
270 471 37 20 det
322 471 7 20 i
345 471 11 26 &
372 470 67 28 lyder.

250 505 83 21 Vidare
350 505 143 28 anmärkning
501 505 124 28 förspordes
642 505 55 27 icke,
713 507 52 19 utan
780 505 47 21 blef
840 505 92 21 berörde

186 541 26 20 75
228 541 12 26 8
255 540 7 20 i
278 539 221 22 utskottssektionens
521 539 138 22 betänkande
679 540 71 21 såsom
770 539 41 22 ock
826 539 109 28 derpåföl-

182 574 67 29 jande
265 575 11 26 $
294 575 24 19 76
336 575 52 20 utan
404 573 92 28 ändring
511 574 86 27 gillade.

252 613 175 22 Vidkommande
444 615 10 26 $
471 615 25 20 77
513 614 23 21 af
549 614 96 27 änsagde
661 614 137 21 betänkande
809 615 97 27 yttrade:

254 649 59 21 Herr
328 655 41 14 von
384 648 205 29 Weissenberg:
604 649 45 20 För
664 649 45 20 min
725 649 34 21 del
774 649 51 21 ville
838 650 40 27 jag
893 649 43 20 för-

186 683 52 21 orda
260 685 32 19 att
314 685 20 25 8,
357 683 67 21 sådan
445 684 41 20 den
507 683 69 22 finnes
591 683 7 20 i
614 683 42 21 den
676 683 80 28 nådiga
770 683 166 28 propositionen

186 718 131 28 föreslagen,
336 718 67 21 måtte
422 720 97 26 antagas.
550 718 43 28 Jag
613 720 46 19 tror
677 719 32 20 att
724 725 50 14 man
790 719 19 27 ej
826 718 43 21 kan
885 725 52 14 vara

187 759 43 22 nog
245 755 76 26 sträng
335 753 7 21 i
358 752 80 22 sådana
453 753 45 27 fall,
514 759 45 15 som
575 753 40 20 här
631 755 36 19 äro
683 752 76 29 ifråga.

254 788 59 20 Herr
333 794 41 14 von
396 787 84 27 Born,
504 786 27 22 K.
551 787 32 21 F.:
613 787 50 28 Nog
685 788 77 26 tycker
777 788 39 27 jag
832 787 56 21 ändå
903 787 34 21 för

186 822 45 20 min
247 822 35 20 del
297 823 32 19 att
344 822 80 27 nådiga
440 822 163 27 propositionen
619 824 92 18 utsätter
723 824 31 18 ett
765 822 73 21 alltför
854 824 84 26 strängt

187 857 63 21 straff
267 857 34 20 för
322 863 26 14 en
369 856 137 28 förbrytelse,
525 863 46 14 som
587 857 20 26 ej
625 859 22 18 är
663 858 70 19 större
749 858 27 19 än
792 859 31 18 att
839 864 49 13 man
905 857 33 21 så-

187 898 46 14 som
254 891 64 28 gäfva
337 891 107 20 utlemnar
463 891 92 21 bränvin
571 891 33 20 till
620 891 113 28 förtäring.
763 891 44 20 Det
820 893 24 19 är
859 891 78 21 visser-

186 926 59 29 ligen
272 933 26 14 en
321 926 130 27 förbrytelse
474 926 53 21 eller
550 926 200 27 lagöfverträdelse,
767 933 46 14 som
833 933 50 14 man
898 927 40 20 bör

187 961 53 21 söka
254 961 143 25 förekomma,
413 967 49 14 men
474 961 23 21 sä
508 961 122 27 synnerligt
644 963 43 18 stor
699 963 23 18 är
734 961 70 21 denna
816 961 56 20 dock
882 961 55 20 icke.

254 995 58 22 Herr
332 1001 41 15 von
394 994 207 29 Weissenberg:
632 995 43 21 För
695 996 44 20 min
761 995 35 21 del
816 995 69 22 finner
898 996 40 27 jag

188 1029 36 22 det
240 1030 47 28 just
305 1029 48 22 icke
372 1037 52 13 vara
438 1030 67 27 nägot
519 1030 64 27 ringa
598 1030 58 21 brott
677 1032 31 19 att
726 1030 26 27 pä
768 1030 59 21 detta
843 1031 42 20 sätt
901 1037 37 21 ge-

187 1071 51 15 nom
257 1064 53 21 löfte
332 1071 34 14 om
387 1064 64 28 gäfva
472 1065 23 20 af
512 1064 74 21 starka
601 1064 92 28 drycker
709 1065 62 20 locka
786 1065 33 20 till
835 1065 33 27 sig
884 1065 54 21 kun-

188 1099 38 21 der
241 1099 40 20 och
297 1099 91 20 sålunda
404 1099 57 20 bilda
477 1099 90 28 adepter
581 1099 34 20 för
631 1099 41 20 den
684 1099 23 20 sä
718 1099 125 28 fördertliga
856 1099 82 28 fylleri-

188 1134 79 26 lasten;
284 1135 93 18 tvertom
393 1139 63 14 anser
469 1134 39 27 jag
524 1133 81 21 sädana
620 1133 59 20 brott
694 1133 35 20 väl
744 1133 95 28 förtjena
854 1135 33 19 att
902 1134 37 20 be-

187 1168 76 28 läggas
279 1167 49 21 med
344 1167 42 20 den
403 1167 60 28 gvasi
478 1168 82 25 infami,
577 1174 45 13 som
638 1167 7 20 i
660 1167 163 28 propositionen
839 1168 98 25 föresläs,

255 1201 59 21 Herr
336 1207 42 15 von
401 1201 80 27 Born,
504 1201 27 21 K.
553 1201 32 22 F.:
614 1201 49 21 Den
686 1202 129 26 handlande,
836 1209 46 14 som
900 1202 38 21 vill

188 1237 94 26 kringgä
297 1235 165 27 författningen,
478 1236 70 27 gifver
567 1236 115 21 bränvinet
700 1236 47 21 icke
766 1237 7 20 i
792 1236 78 27 boden,
886 1238 52 19 utan

188 1269 142 22 annorstädes
346 1268 59 22 inom
422 1269 52 21 eller
490 1271 59 19 utom
565 1269 71 21 huset.
658 1269 43 21 Det
713 1269 27 21 är
755 1270 41 20 lätt
806 1271 32 19 att
848 1269 91 22 sälunda

188 1304 94 28 kringgå
297 1303 131 29 stadgandet
443 1303 7 21 i
465 1304 12 26 $
491 1304 76 27 52;'
544 1299 23 37 ty
583 1303 37 21 der
636 1304 55 20 står:
707 1304 129 26 handlande,
850 1304 89 27 hökare,

188 1339 93 27 borgare
297 1338 40 21 och
352 1338 76 26 andra,
449 1345 46 13 som
510 1338 8 20 i
533 1338 102 21 städerna
653 1338 58 21 hälla
730 1340 72 27 öppna
817 1339 122 27 salubodar,

189 1374 112 20 äfvensom
316 1372 173 26 landthandlare,
506 1379 50 15 vare
572 1372 111 28 förbjudet
699 1374 30 20 att
745 1374 71 20 säsom
831 1374 65 28 gäfva
907 1373 33 21 till

189 1408 107 27 förtäring
307 1409 33 27 pä
356 1408 70 20 stället
442 1420 26 3 —
479 1408 36 20 det
531 1408 37 20 vill
584 1409 52 25 säga
651 1408 7 20 i
674 1408 119 21 saluboden
807 1420 24 4 —
843 1408 97 21 utlemna

189 1442 98 22 bränvin.
