1000 1709
201 128 42 21 396

172 194 66 20 innan
255 194 6 20 i
277 193 91 22 ärendet
388 193 83 21 fattade
491 193 72 21 beslut
579 193 84 21 således
679 193 7 20 i
702 193 98 28 enlighet
816 193 49 21 med
880 194 44 20 för-

173 228 69 28 slaget
258 228 106 21 ändrades
380 228 40 20 och
439 227 117 28 frängicks,
573 227 69 21 skulle
658 227 77 21 sådant
750 228 20 27 ej
787 228 85 20 mindre
888 235 36 13 ex-

172 262 218 29 peditionsutskottet
411 264 27 19 än
454 262 142 21 medstånden
619 268 79 21 genom
721 262 78 27 utdrag
814 263 24 20 af
851 264 73 26 proto-

172 297 69 22 kollet
254 297 113 28 delgifvas.

240 367 124 28 Föredrogs
379 366 222 22 ekonomiutskottets
618 366 41 21 den
671 367 13 20 5
695 367 99 20 sistlidna
809 374 58 14 mars
881 367 43 21 tills

173 401 73 22 vidare
270 401 119 28 bordlagda
412 401 138 22 betänkande
571 408 34 14 n:o
625 401 11 20 7
652 401 7 20 i
675 401 119 28 anledning
810 402 23 20 af
846 402 80 28 nådiga

173 437 165 28 propositionen
361 443 34 14 n:o
419 436 24 21 31
469 436 112 28 angående
604 436 76 27 anslag
703 436 32 20 till
758 436 124 21 inrättande
903 437 24 20 af

172 471 127 26 folkskolor,
319 471 33 21 till
369 471 136 28 anläggande
521 471 24 21 af
558 477 43 22 nya
617 470 307 22 kommunikationsanstalter

172 507 55 20 samt
242 506 33 21 till
290 505 107 22 särskilda
412 505 67 22 andra
495 505 167 28 allmännyttiga
677 505 92 28 företag.

239 540 155 22 Betänkandet
409 541 111 28 upplästes
536 540 39 21 och
586 540 134 28 granskades
735 541 110 27 punktvis,
861 541 62 21 hvar-

172 575 37 22 vid
224 575 77 28 frågan
318 582 35 14 om
369 575 76 28 anslag
460 575 33 21 för
509 575 215 21 folkskoleväsendet
739 575 55 21 först
809 577 48 26 togs
873 576 7 21 i
894 575 37 21 öf--

172 610 146 28 vervägande;
335 610 52 21 derå
403 610 61 21 ordet
479 610 28 27 på
520 610 96 27 begäran
632 609 98 22 tillsades

240 644 59 21 Herr
314 644 164 28 Furuhjelm,
494 644 28 21 H.
539 644 34 27 V.,
589 651 46 14 som
651 645 96 26 yttrade:
763 645 50 20 Man
829 645 39 20 har
884 652 39 14 un-

172 680 38 21 der
230 679 72 21 denna
320 679 105 28 landtdag
445 679 44 21 ofta
505 679 50 21 hört
570 679 40 20 och
626 679 42 20 läst
684 679 116 28 yttranden
815 679 7 21 i
838 680 30 21 tal
884 680 40 21 och

172 714 70 27 skrift,
262 714 54 21 bäde
336 714 60 21 inom
417 714 39 21 och
475 715 61 20 utom
555 714 211 27 representationen,
785 714 74 21 hvilka
874 715 50 21 sökt

172 749 120 20 framställa
314 749 72 20 säsom
409 748 104 29 vigtigast
533 750 27 19 än
581 748 41 21 den
642 755 41 14 ena
699 749 40 21 och
756 750 27 20 än
799 749 41 22 den
856 750 68 21 andra

172 784 23 20 af
214 783 26 21 de
264 783 80 28 frägor,
367 790 47 14 som
433 785 38 19 äro
491 783 162 21 öfverlemnade
669 783 33 20 till
718 783 103 29 pröfning
837 785 39 20 och
892 784 32 21 af-

172 817 96 29 görande
291 819 22 20 ät
336 817 84 22 landets
443 825 28 13 nu
493 817 132 21 församlade
648 818 94 21 ständer.
773 818 43 21 Det
838 819 44 20 kan
904 820 19 27 ej

171 853 69 22 heller
258 852 68 21 nekas
347 853 32 20 att
394 851 92 22 likasom
505 852 64 21 dessa
583 852 74 28 frågor
672 852 7 21 i
694 853 120 21 allmänhet
828 853 48 21 haft
892 853 32 22 till

170 889 137 26 gemensamt
322 887 103 27 syftemäl
441 887 98 26 ,landets
555 886 88 28 andliga
659 887 40 21 och
712 887 113 22 materiela
836 889 88 20 utveck-

171 922 47 28 ling
238 922 40 21 och
296 921 218 27 framätskridande,*
531 922 68 27 nägra
614 921 24 20 af
652 921 49 21 dem
716 922 154 21 företrädesvis
886 925 38 19 äro

172 957 23 20 af
216 958 44 19 stor
283 955 112 28 betydelse
411 956 7 20 i
433 955 60 21 detta
515 955 110 22 afseende.
655 955 50 21 Men
725 957 40 27 jag
783 957 66 27 vägar
869 957 56 20 dock

170 991 63 28 pästä
256 991 40 20 och
315 991 40 27 jag
376 991 45 20 tror
441 992 32 18 att
487 990 54 21 hvar
557 990 39 21 och
613 996 26 14 en
655 989 35 22 vid
706 992 100 19 närmare
823 991 101 21 eftersin-

172 1026 70 21 nande
264 1025 54 21 skall
340 1024 104 27 erkänna,
464 1027 31 18 att
515 1025 24 20 af
553 1025 43 20 alla
611 1024 63 21 dessa
690 1025 74 28 frägor
779 1025 66 28 ingen
861 1027 24 19 är
900 1027 24 20 sä

170 1059 171 28 framtidsdiger,
364 1066 46 14 som
431 1059 42 21 den
492 1067 35 13 om
545 1059 244 29 folkundervisningens
812 1060 111 21 ordnande

171 1096 6 20 i
194 1095 48 20 värt
257 1095 57 26 land,
331 1094 54 21 eller
401 1094 132 27 egentligen,
553 1094 84 21 hvilket
652 1095 24 20 är
692 1094 127 27 detsamma,
836 1102 34 14 om
887 1095 36 21 be-

170 1129 96 28 viljande
282 1129 24 20 af
319 1128 80 28 nödiga
415 1129 76 27 anslag
507 1128 33 21 till
555 1128 60 21 detta
631 1129 107 20 ändamål.
768 1129 78 21 Denna
862 1129 62 28 fråga

170 1163 98 28 ingriper
287 1163 112 28 nemligen
419 1163 32 20 uti
472 1163 40 20 och
532 1163 119 20 innefattar
671 1163 28 28 pä
717 1163 53 21 visst
786 1165 43 19 sätt
844 1164 80 27 grund-

170 1197 94 22 vilkoret
279 1197 33 20 för
328 1197 114 27 lösningen
460 1197 23 20 af
497 1197 26 20 de
539 1197 62 20 flesta
617 1197 73 20 andra.
721 1197 51 21 Man
788 1197 64 28 yrkar
864 1200 14 19 t.
890 1205 33 15 ex.

170 1231 40 22 och
227 1231 36 21 det
284 1231 51 21 med
353 1231 47 20 skäl
416 1231 27 27 pä
458 1231 113 21 införande
595 1231 24 21 af
631 1238 27 14 en
674 1231 174 28 ändamälsenlig
862 1233 60 20 kom-

170 1265 215 28 munalförvaltning,
401 1265 34 20 för
451 1266 32 19 att
493 1265 134 28 derigenom,
638 1265 71 20 säsom
720 1265 37 21 det
767 1265 69 27 heter,
847 1266 77 27 bringa

171 1299 69 21 folket
256 1306 25 13 ur
298 1299 49 20 dess
363 1299 253 28 omyndighetstillständ
632 1299 40 20 och
686 1299 40 21 hos
742 1299 36 21 det
793 1299 131 29 möjliggöra

170 1341 27 14 en
213 1334 95 21 särdeles
323 1333 108 22 önskvärd
447 1333 144 29 sjelfstyrelse
607 1335 54 20 samt
672 1334 91 21 sälunda
774 1335 149 22 ästadkomma

170 1369 57 21 hvad
249 1376 50 14 man
322 1369 69 21 kallar
415 1369 202 27 decentralisation;
637 1376 49 14 men
707 1369 57 22 hvad
783 1371 24 20 är
823 1369 41 22 den
880 1371 42 32 lag,

170 1411 46 14 som
232 1404 111 21 försäkrar
363 1403 69 22 folket
451 1411 34 14 om
501 1404 63 21 dessa
579 1404 117 28 förmoner,
712 1406 68 20 annat
795 1406 27 20 än
838 1412 26 14 en
881 1405 43 23 död

170 1439 93 27 bokstaf,
287 1440 24 20 sä
333 1439 65 29 länge
418 1439 41 22 den
482 1439 128 29 lifgifvande
633 1440 57 21 anda
712 1440 86 28 saknas,
817 1448 47 14 som
880 1441 42 22 kan
