975 1714
211 141 42 21 512

185 207 72 21 denna
271 206 129 29 jemförelse
421 206 23 22 är
465 206 90 22 alldeles
573 205 111 27 haltande,
699 205 92 23 emedan
806 205 37 23 det
858 205 81 23 mellan

184 241 63 21 dessa
261 241 71 28 begge
347 241 59 27 slags
422 240 101 28 åtgärder
545 242 24 20 är
585 247 27 15 en
626 240 140 22 himmelsvid
781 240 93 22 skilnad.
895 240 44 22 Ex-

183 276 166 28 propriationen
371 275 127 21 förutsätter
521 275 126 28 ovilkorligt
669 275 69 22 behof
760 275 24 22 af
803 276 43 21 den
869 276 70 26 mark,

185 317 45 15 som
250 310 161 29 exproprieras,
430 309 34 22 för
482 310 91 21 allmänt
588 310 110 27 ändamål;
714 316 50 15 men
780 310 7 21 i
803 310 136 22 närvarande

184 345 39 21 fall
242 346 24 20 är
286 344 37 22 det
342 344 48 22 icke
408 344 62 28 fråga
490 351 35 15 om
541 346 73 25 annat,
630 346 28 20 än
673 345 69 27 högre
758 344 54 22 eller
826 345 61 28 lägre
902 345 37 21 be-

185 380 86 27 talning
292 379 34 22 till
338 380 141 28 jordegaren,
499 380 40 20 och
559 379 90 21 marken
669 379 104 22 behöfves
788 379 49 21 icke
852 380 34 20 för
901 380 38 20 all-

185 416 61 20 mänt
268 414 111 27 ändamål;
401 414 40 21 och
461 415 79 27 många
562 415 93 27 utvägar
674 414 75 22 kunna
764 414 70 22 finnas
849 416 32 19 att
896 415 43 21 för-

184 450 73 21 bättra
278 448 240 22 donationsböndernes
538 449 112 28 ställning,
670 451 52 19 utan
738 450 33 20 att
785 449 90 21 marken
892 449 47 21 der-

185 485 46 21 före
247 484 135 27 nödvändigt
397 484 104 22 behöfver
519 483 113 28 afhändas,
648 483 72 22 såsom
735 483 62 22 fallet
812 485 24 20 är
852 484 35 21 vid
903 490 36 15 ex-

185 519 167 28 propriationer.

255 553 81 22 Grefve
358 553 95 21 Armfelt
475 553 39 21 har
534 553 66 21 redan
624 553 64 20 fästat
707 553 97 21 ståndets
823 553 116 28 uppmärk-

187 589 84 20 samhet
291 588 12 21 &
323 587 111 28 åtskilliga
456 588 136 27 svårigheter
616 588 40 20 och
678 587 193 29 inkonseqvenser,
894 595 45 14 som

186 623 69 21 blifva
271 629 26 14 en
315 621 62 29 följd,
393 629 34 14 om
445 629 48 14 man
510 622 50 21 ville
576 622 75 27 tvinga
666 622 43 21 alla
724 622 27 21 de
766 629 113 21 personer,
895 630 45 14 som

185 658 35 21 för
236 657 136 21 närvarande
388 656 117 21 innehafva
521 656 177 28 donationsgods,
714 659 32 18 att
761 657 56 20 afstä
833 657 56 27 dem,
900 657 41 21 och

186 692 73 21 hvilka
281 691 135 28 svårigheter
432 691 123 21 föranledas
579 691 68 27 deraf,
668 693 32 19 att
721 698 27 14 en
768 691 35 21 del
821 692 24 20 af
858 692 81 27 godsen

186 727 75 21 tillhör
277 727 100 27 allmoge,
399 733 26 14 en
441 725 35 21 del
492 726 65 27 ryska
572 725 92 28 kronan,
679 733 28 14 en
723 726 34 21 del
773 725 70 22 finska
856 726 84 21 kronan

187 763 41 20 och
244 769 27 14 en
292 761 35 21 del
347 761 73 20 städer
436 760 5 21 i
458 760 99 21 Finland.
588 760 71 21 Dessa
674 761 135 28 svärigheter
824 761 71 21 finner
911 761 30 21 äf-

186 803 41 15 ven
245 797 40 27 jag
305 802 53 15 vara
378 795 133 28 fullkomligt
530 795 119 28 grundade,
665 802 50 15 men
734 795 26 22 de
776 802 51 15 vore
843 796 97 21 heltoch-

187 831 68 22 hället
270 829 142 29 undanröjda,
429 837 33 14 om
479 829 41 22 den
536 831 23 20 af
573 830 45 28 mig
633 830 137 21 framställda
785 830 85 28 äsigten
881 831 24 20 af
913 837 27 14 en

188 865 91 28 frivillig
295 865 220 21 öfverenskommelse
531 864 72 21 blefve
619 867 101 24 antagen.
751 864 62 21 Efter
829 865 44 20 min
885 865 56 28 äsigt

186 908 52 14 vore
261 900 38 21 det
321 899 127 28 önskligast,
472 901 31 19 att
521 899 105 30 Finlands
647 899 88 21 ständer
750 899 77 27 skulle,
844 899 48 21 med
908 907 33 14 er-

187 935 116 22 kännande
319 934 24 21 af
356 936 32 19 att
403 934 25 21 de
449 934 68 21 önska
533 934 80 21 bereda
628 934 228 22 donationsbönderna
871 935 7 21 i
893 934 48 22 Wi-

188 971 65 28 borgs
275 970 36 21 län
335 969 28 21 all
384 969 41 21 den
445 969 90 27 lättnad,
558 976 46 14 som
625 970 24 20 är
668 970 84 27 möjlig,
767 969 48 21 icke
831 971 58 20 ännu
905 970 36 21 vid

187 1006 72 21 denna
274 1003 104 29 landtdag
393 1004 33 20 till
442 1004 84 28 slutligt
541 1004 119 28 afgörande
676 1004 99 28 företaga
789 1004 84 28 frägan,
883 1011 58 15 eme-

187 1040 42 22 dan
250 1039 42 21 den
314 1038 126 28 verkeligen
459 1046 29 14 nu
503 1038 102 22 framstär
620 1039 6 19 i
643 1046 43 20 nog
703 1038 86 21 outredt
804 1039 68 27 skick,
888 1041 52 19 utan

188 1077 32 19 att
235 1074 117 22 ständerna
372 1074 70 20 skulle
462 1074 39 20 hos
521 1073 131 28 regeringen
672 1073 94 27 anhålla,
782 1075 30 19 att
828 1074 36 21 vid
879 1076 62 19 nästa

188 1109 105 28 landtdag
308 1108 84 20 erhälla
407 1108 138 28 upplysning,
561 1108 28 27 pä
604 1108 74 20 hvilka
694 1108 195 28 betalningsvilkor
905 1108 36 22 do-

188 1144 183 27 nationsegarene
385 1149 51 14 vore
452 1142 100 28 benägne
568 1144 31 19 att
615 1142 56 21 afstä
686 1143 33 20 sin
732 1142 51 28 jord
799 1143 40 21 och
855 1143 34 20 för
905 1143 36 21 det

189 1178 74 26 andra,
284 1176 106 22 huruvida
411 1176 228 22 donationsbönderne
661 1184 51 13 vore
732 1177 74 28 villige
822 1179 31 19 att
869 1178 72 21 tillösa

189 1214 34 26 sig
242 1212 80 28 jorden
345 1212 28 27 pä
396 1211 62 21 dessa
479 1211 76 21 vilkor.
586 1210 73 22 Jemte
680 1212 72 20 denna
767 1211 118 28 utredning
899 1212 42 21 blir

187 1248 131 26 regeringen
324 1241 14 37 i
357 1246 86 20 tillfälle
464 1248 31 18 att
514 1246 35 20 vid
569 1247 62 19 nästa
652 1245 104 27 landtdag
774 1246 34 20 för
823 1246 118 20 ständerna

187 1280 122 26 framlägga
332 1286 26 13 en
381 1278 142 28 proposition,
547 1278 45 21 deri
613 1278 76 28 frägan
706 1278 42 21 kan
764 1278 91 21 framstä
870 1280 7 19 i
891 1280 50 20 fullt

188 1314 73 21 utredt
281 1312 63 22 skick
363 1312 40 21 och
419 1312 41 22 den
478 1312 127 28 ersättning,
621 1312 83 29 hvarpä
720 1312 152 22 donatarierne
888 1315 53 27 göra

188 1348 102 29 anspräk,
306 1347 66 22 ocksä
387 1347 43 21 kan
446 1347 30 22 bli
491 1347 32 21 till
540 1347 74 22 siffran
630 1347 106 22 bestämd.
760 1348 50 21 Men
821 1350 32 19 ett
864 1348 77 22 sädant

189 1383 96 30 uppskof
305 1382 51 21 med
378 1382 119 28 afgörande
513 1382 24 21 af
554 1389 26 14 en
601 1382 69 29 fräga,
689 1383 36 21 vid
739 1383 64 20 hvars
819 1390 64 14 snara
899 1384 42 21 lös-

189 1419 53 27 ning
258 1424 26 15 en
301 1418 45 19 stor
366 1416 35 21 del
422 1417 22 20 af
458 1417 74 21 landet
547 1417 68 21 fäster
631 1417 92 28 mycken
739 1418 53 27 vigt,
808 1417 70 22 skulle
894 1418 47 22 icke

190 1455 69 19 mötas
275 1452 23 21 af
311 1451 103 28 gillande,
430 1451 39 22 och
486 1459 45 14 som
545 1452 39 27 jag
599 1459 71 20 anser,
686 1454 31 19 att
732 1452 67 22 saken
814 1452 40 21 bör
867 1453 74 22 kunna
