995 1703
200 127 39 21 126

170 192 40 21 och
225 191 103 28 vanligen
346 190 61 21 ledas
425 191 65 20 rören
506 189 48 22 från
570 189 49 21 dem
634 189 34 22 till.
684 196 82 14 samma
781 189 138 28 sprithållare

170 226 54 20 eller
240 225 131 20 åtminstone
393 224 34 21 till
449 226 81 19 tvenne
548 223 123 22 hvarandra
689 224 24 21 så
731 223 141 28 närbelägne,
887 225 33 20 att

170 259 150 22 kontrollören
340 261 52 18 utan
411 258 110 28 svårighet
539 258 42 21 kan
601 258 117 21 öfvervaka
737 257 183 29 tillverkningens

171 294 90 28 belopp;
278 294 22 20 få
318 293 52 21 flere
389 300 84 21 pannor
492 293 40 21 och
550 292 94 28 redskap
659 293 118 28 begagnas,
793 293 77 20 vinnes
886 293 34 20 för

170 329 66 27 öfrigt
251 328 27 20 de
293 327 67 21 redan
377 327 23 21 af
414 327 132 27 föregående
564 327 69 21 talare
649 327 132 21 omnämnda
796 327 124 21 fördelarne

170 364 32 20 att
223 362 248 28 produktionsbeloppet
490 361 43 21 kan
554 361 87 21 förökas
660 361 53 21 eller
734 361 130 21 förminskas
880 361 40 21 allt

170 397 55 21 efter
250 396 220 27 omständigheterne.
500 394 35 22 En
558 395 215 21 bränvinsfabrikant
795 396 43 20 kan
860 395 60 21 finna

170 432 33 20 sin
226 430 69 21 fördel
314 430 35 20 vid
369 432 31 18 att
423 430 35 20 det
477 436 41 14 ena
537 430 46 20 året
603 430 64 26 åtaga
686 430 33 26 sig
739 436 26 14 en
786 431 76 25 större,
883 429 37 21 det

170 466 68 21 andra
260 465 46 20 åter
329 471 27 14 en
380 464 84 21 mindre
487 463 235 28 bränvinsproduktion
742 464 40 20 och
800 463 66 21 borde
884 463 36 21 väl

170 500 20 28 ej
207 506 51 14 vara
273 501 96 25 tvungen
386 500 37 25 att,
440 498 26 21 då
482 498 77 21 sådant
570 498 57 26 sker,
639 498 98 20 anskaffa
747 505 29 21 ny
786 505 72 20 panna
871 497 49 21 med

170 534 57 27 öfrig
242 534 73 21 dertill
331 533 95 21 hörande
442 532 92 29 redskap
552 532 32 21 till
600 532 107 27 fabriken,
723 532 83 22 hvilket
820 532 99 28 onödigt-

170 569 32 21 vis
218 569 84 20 medför
317 570 59 19 stora
391 567 124 22 kostnader.
539 567 51 21 Man
607 567 69 21 skulle
692 567 84 21 således
787 574 78 21 genom
876 567 43 22 för-

170 603 67 22 budet
259 605 33 27 att
314 603 99 28 begagna
433 609 45 14 mer
499 604 27 19 än
541 609 26 14 en
583 601 92 29 redskap
696 601 60 22 stifta
772 609 27 13 en
814 602 42 28 lag,
872 608 47 15 som

170 638 69 21 ökade
256 637 254 21 brännerifabrikantens
530 636 119 21 kostnader
668 636 40 21 och
723 636 173 29 rörelsekapital,
911 637 8 20 i

170 672 74 21 stället
259 674 31 18 att
309 679 50 13 man
380 673 92 19 tvertom
489 671 67 21 borde
572 678 22 13 se
610 671 39 27 till,
666 671 37 20 det
716 671 44 21 han
775 671 50 21 med
840 671 80 21 minsta

169 706 118 22 kostnader
309 706 73 21 kunde
404 706 99 21 bedrifva
524 706 98 21 rörelsen
644 706 7 20 i
675 707 68 19 större
762 706 53 20 eller
834 705 84 22 mindre

170 740 158 28 utsträckning.

237 775 12 21 I
270 775 116 28 anledning
406 774 23 22 af
448 775 137 21 förestående
601 774 123 21 diskussion
739 774 135 22 framställde
889 781 30 15 nu

168 809 51 21 herr
233 809 202 21 landtmarskalken
450 810 98 27 följande
565 809 144 29 proposition:

238 844 145 27 nGodkänner
401 844 151 28 ridderskapet
572 844 40 21 och
632 844 63 21 adeln
714 844 13 21 5
743 844 11 27 8
770 844 23 20 af
811 843 107 29 ifrägava-

168 878 68 22 rande
247 879 138 21 betänkande
401 878 49 22 med
464 879 77 28 tillägg
552 879 23 21 af
584 878 61 22 ordet
657 880 75 25 ,men*
744 878 55 22 efter
809 878 109 28 redskap?

237 913 49 21 Den
305 920 46 14 som
369 913 126 28 godkänner
510 914 131 27 paragrafen
659 913 50 21 med
728 913 90 21 berörde
834 913 84 28 tillägg,

169 954 75 16 svarar
256 948 35 27 ja;
308 947 42 21 den
366 948 37 20 det
418 948 48 21 icke
482 950 46 26 gör,
544 955 73 14 svarar
633 948 42 27 nej.

237 982 85 21 Vinner
342 982 43 28 nej,
409 984 91 26 antages
515 982 130 28 paragrafen
668 982 50 20 med
739 982 137 21 uteslutande
898 982 23 21 af

170 1016 68 21 orden
255 1016 89 27 ,endast
360 1018 48 19 en."

237 1050 46 21 Och
301 1057 46 14 som
367 1050 71 21 denna
456 1050 134 29 proposition
605 1050 105 21 obestridt
724 1051 79 27 ansågs
817 1051 49 21 med
881 1051 37 28 nej

169 1085 113 26 besvarad,
299 1085 88 20 komme
404 1085 63 20 alltså
482 1085 67 21 orden
567 1085 90 26 ,endast
675 1086 40 20 en"
729 1086 32 19 att
776 1085 47 20 från
839 1085 79 27 ifråga-

169 1119 94 22 varande
280 1119 11 20 5
308 1119 11 27 &
335 1121 31 18 att
383 1119 59 28 utgå.

237 1152 176 23 Vidkommande
429 1155 12 20 6
457 1152 12 29 $
484 1152 85 30 yttrade
585 1153 33 28 sig

237 1188 58 21 Herr
310 1187 170 28 Ehrnrooth,
495 1188 27 21 K.
538 1188 33 21 A.
587 1188 12 21 I
614 1188 73 21 stället
702 1188 34 20 för
751 1187 42 22 den
803 1188 115 28 procedur,

169 1229 46 15 som
230 1223 8 21 i
254 1222 103 22 afseende
372 1223 13 21 å
400 1223 108 21 vinnande
522 1223 24 21 af
559 1222 104 28 rättighet
673 1222 34 21 till
716 1222 202 22 bränvinstillverk-

169 1256 53 26 ning
242 1257 23 19 är
283 1256 7 20 i
309 1256 71 20 denna
395 1257 12 26 $
422 1256 131 28 föreslagen,
569 1256 71 25 skulle
652 1257 40 26 jag
707 1256 32 20 för
755 1256 45 20 min
815 1256 36 21 del
866 1263 52 15 anse

168 1289 38 21 det
225 1290 53 20 böra
299 1289 94 27 stadgas,
415 1291 30 19 att
465 1290 88 25 enhvar,
572 1296 47 14 som
638 1289 79 21 önskar
734 1290 66 20 vinna
815 1290 103 20 tillätelse

168 1323 34 21 till
224 1323 136 27 anläggande
382 1323 25 21 af
427 1322 182 28 bränvinsfabrik,
625 1322 73 28 borde,
718 1323 50 21 med
786 1323 132 29 angifvande

169 1358 24 20 af
213 1358 42 21 den
278 1357 125 24 tillämnade
422 1358 111 21 fabrikens
554 1358 69 27 ärliga
641 1358 221 28 afverkningsbelopp
878 1359 40 20 och

168 1392 70 28 öfriga
260 1391 33 22 till
315 1392 67 21 saken
405 1392 96 21 hörande
525 1391 192 29 omständigheter,
739 1392 33 21 sin
794 1393 124 28 ansökning

169 1433 35 16 om
227 1427 43 22 slik
291 1427 104 22 tillätelse
419 1427 97 23 inlemna
538 1427 33 22 till
594 1427 55 28 kejs.
673 1429 97 26 senaten,
793 1434 47 15 som
861 1428 56 22 efter
