986 1706
202 132 42 22 218

173 197 49 21 med
237 198 127 26 hvarandra,
381 198 48 21 hela
445 198 77 28 frågan
538 198 98 20 kommer
652 199 31 19 att
697 197 88 21 förfalla
799 197 39 21 och
854 197 67 21 saken

173 232 42 21 blir
230 232 35 22 vid
286 232 36 21 det
341 232 72 28 gamla
432 232 53 21 eller
500 232 36 21 vid
553 232 53 21 1800
622 233 34 19 års
673 232 130 28 författning
818 232 6 20 i
841 233 80 19 ämnet.

172 266 187 29 Bränningstiden
381 267 129 22 inskränkes
533 266 83 22 kanske
639 268 58 20 ännu
719 267 67 27 något
805 274 60 14 mera
881 266 40 22 och

172 301 189 22 tullinkomsterne
383 302 34 21 för
439 301 143 28 importeradt
604 301 92 21 bränvin
717 302 59 26 ökas,
795 308 49 14 men
864 302 57 20 stän-

172 336 66 21 derne
254 336 22 21 få
291 336 48 21 icke
359 336 76 28 afgöra
453 336 55 21 huru
523 336 26 21 de
566 336 68 21 ökade
653 336 191 21 tullinkomsterne
859 335 62 22 skola

172 370 116 22 användas.
318 370 32 21 På
369 370 71 28 grund
457 370 64 22 häraf
538 370 40 21 och
598 370 26 21 då
640 372 31 19 ett
687 370 101 28 ofantligt
803 370 59 21 antal
877 370 43 21 för-

172 404 46 28 slag
240 404 39 21 här
302 404 71 21 blifvit
395 404 84 28 gjorda,
502 404 71 21 skulle
588 405 40 27 jag
644 404 87 22 anhålla
746 406 31 19 att
792 405 76 27 frågan
885 411 34 14 om

171 438 152 29 fördelningen
334 438 70 22 skulle
415 440 128 26 ajourneras
554 438 182 29 hufvudsakligen
747 439 27 27 på
785 438 42 22 den
842 439 78 27 grund,

170 475 32 19 att
216 474 53 20 flere
285 474 69 20 talare
369 473 65 21 hafva
449 474 63 27 yrkat
527 474 27 28 på
570 474 76 27 anslag
660 474 34 20 för
710 473 210 28 donationsgodsens

170 508 120 27 inlösande,
310 508 94 27 hvartill,
425 508 69 28 enligt
508 508 57 22 hvad
580 508 38 22 det
634 508 109 27 förmäles,
759 508 161 22 statsutskottet

170 542 49 21 icke
234 542 78 28 begärt
326 543 66 28 något
408 542 102 22 särskildt
524 544 82 26 anslag.
636 542 42 29 Jag
693 544 46 20 tror
754 544 32 20 att
801 543 60 21 såväl
876 543 43 21 frå-

170 584 43 20 gan
233 584 35 14 om
286 577 208 28 donationsgodsens
511 577 120 26 inlösande,
651 584 46 14 som
713 577 76 29 frågan
805 577 113 29 angående

171 612 149 27 bevillningen
339 611 54 21 först
412 612 66 20 borde
494 611 92 28 afgöras,
605 611 66 21 innan
687 612 72 27 någon
774 612 90 28 lämplig
880 612 40 20 och

171 646 97 21 bestämd
284 645 124 28 fördelning
423 645 24 21 af
459 646 191 21 bränvinsskatten
665 646 44 20 kan
725 652 41 22 ega
781 653 53 14 rum.
859 646 12 21 I
886 646 34 21 så-

171 680 42 21 dan
233 680 93 27 ordning
345 680 38 21 har
404 680 178 28 borgareståndet
600 680 118 20 behandlat
737 680 74 26 saken,
827 680 39 21 och
880 681 39 27 jag

171 716 45 20 tror
230 714 73 22 dertill
318 714 69 21 finnes
404 714 86 28 mycket
505 714 54 27 skäl,
577 714 102 21 hvarföre
691 715 40 27 jag
746 714 70 21 skulle
832 714 87 21 anhålla

170 750 38 26 att,
229 748 6 21 i
256 748 103 21 händelse
377 748 49 21 mitt
445 749 81 27 förslag
546 749 24 21 af
587 748 85 22 ståndet
693 751 96 25 antages,
805 748 26 22 de
848 749 70 27 öfriga

171 783 91 22 stånden
278 783 69 21 skulle
364 782 136 22 underrättas
516 790 34 14 om
566 782 75 22 adelns
649 782 72 22 beslut
736 783 7 21 i
759 783 74 27 saken,
844 783 75 21 dervid

170 818 151 28 ridderskapet
343 818 40 20 och
409 818 62 20 adeln
493 818 71 20 tillika
583 817 73 21 kunde
675 817 51 22 utbe
743 818 33 27 sig
791 819 31 19 att
837 817 83 21 erhålla

170 854 35 20 del
221 853 24 21 af
256 852 28 21 de
300 852 69 28 öfriga
385 852 102 21 ståndens
503 852 71 22 beslut
590 852 58 21 såväl
663 852 8 20 i
687 852 124 21 donations-
822 859 46 14 som
882 852 36 22 be-

170 886 187 29 villningsfrågan,
381 886 23 21 så
427 888 60 20 snart
508 886 64 22 dessa
590 886 73 29 frågor
681 886 72 22 blifvit
769 886 102 29 slutligen
888 887 30 21 af-

170 922 83 28 gjorda.

238 956 11 21 I
272 955 117 27 anledning
413 955 22 21 af
456 956 50 20 herr
528 956 125 27 Törngrens
675 956 141 20 förenämnde
836 955 83 29 förslag

170 991 101 27 upplyste
286 990 75 28 grefve
377 989 78 21 Creutz
471 991 31 19 att
518 990 167 26 statsutskottet,
697 990 134 21 beträffande
842 990 76 28 frågan

171 1032 34 14 om
224 1023 209 29 donationsgodsens
451 1024 92 27 inlösen,
560 1024 115 28 föreslagit
693 1026 32 19 att
743 1025 105 27 antingen
865 1024 53 21 obli-

170 1060 106 27 gationer,
296 1058 79 21 ställda
393 1059 28 27 på
439 1059 140 27 amortering,
600 1059 70 20 skulle
686 1059 33 20 till
735 1065 93 21 egarene
844 1059 23 20 af
881 1059 37 20 do-

170 1093 169 28 nationsgodsen
362 1093 97 20 utfärdas
482 1094 54 21 eller
558 1093 46 27 ock,
628 1093 7 20 i
657 1093 104 22 händelse
785 1093 62 21 dessa
870 1093 48 21 icke

170 1129 128 26 emottagas,
314 1128 106 27 styrelsen
436 1127 142 28 bemyndigas
594 1130 32 19 att
640 1128 33 21 för
689 1128 123 21 ändamålet
823 1130 96 26 upptaga

168 1165 32 19 ett
215 1163 45 26 lån;
277 1162 40 21 och
333 1168 45 15 som
395 1162 84 21 således
494 1163 7 20 i
516 1163 75 28 hvarje
605 1162 104 22 händelse
724 1163 71 21 medel
811 1163 106 21 erfordra-

169 1198 38 20 des
220 1197 34 20 till
269 1195 140 22 bestridande
425 1196 23 21 af
461 1197 138 28 utbetalning
614 1197 24 20 af
650 1199 63 19 ränta
725 1197 39 21 och
778 1197 140 28 amortering,

169 1231 69 26 ansåg
252 1231 84 20 talaren
352 1232 31 19 ett
399 1231 76 27 anslag
490 1231 72 20 dertill
578 1238 51 13 vara
645 1231 137 28 oumbärligt.

236 1263 58 22 Herr
317 1270 41 14 von
381 1263 80 28 Born,
484 1264 27 20 K.
526 1264 32 21 F.:
582 1264 42 27 Jag
643 1264 38 21 har
700 1265 68 20 redan
783 1265 7 20 i
806 1265 38 27 går
863 1265 55 27 tagit

168 1299 56 21 fasta
238 1298 29 27 pä
281 1297 142 28 regeringens
439 1298 79 21 vackra
533 1298 7 20 i
556 1298 79 27 nådiga
645 1299 165 27 propositionen
820 1299 98 28 uttryck-

168 1333 59 28 ligen
243 1331 96 22 uttalade
355 1331 139 22 erkännande
510 1333 32 20 att
555 1332 139 29 jordegaren,
711 1333 26 21 dä
753 1333 164 29 bränningsrät-

168 1368 98 28 tigheten
282 1367 70 20 såsom
369 1373 27 14 en
411 1367 102 28 binäring
527 1367 33 22 för
573 1367 130 28 jordbruket
713 1368 98 22 kommer
822 1370 31 19 att
863 1376 54 21 upp-

167 1403 61 26 höra,
248 1401 67 22 borde
336 1402 86 21 derföre
443 1402 81 21 erhålla
540 1402 144 28 godtgörelse.
714 1403 203 29 Bränningsrättig-

168 1437 66 23 heten
256 1437 34 20 för
310 1436 131 28 jordbruket
463 1437 38 21 har
524 1437 78 21 hittills
622 1437 93 30 grundat
729 1438 34 29 sig
778 1438 138 22 uteslutande
