970 1717
745 152 41 23 623

132 212 33 25 På
182 213 52 25 herr
253 214 212 26 landtmarskalkens
482 224 29 16 nu
531 218 77 30 gjorda
627 219 63 29 fråga
709 221 78 27 antogs
802 221 12 27 $

67 250 26 20 10
113 250 8 21 i
140 250 224 30 bevillningsstadgan
385 254 52 20 utan
457 253 93 29 ändring
569 253 25 22 af
606 254 153 28 ridderskapet
773 255 40 21 och

67 284 70 22 adeln.

409 321 12 29 8
438 322 31 22 11.

133 354 59 22 Herr
211 362 41 15 von
274 355 78 29 Born,
374 356 20 22 J.
410 357 35 21 A.:
468 356 44 23 Vid
530 358 71 28 tredje
616 365 64 15 mom.
697 358 23 22 af
733 358 80 29 ifråga-

66 390 94 21 varande
183 390 18 28 $,
224 397 47 15 som
294 391 91 22 handlar
404 399 35 14 om
460 392 141 22 ordförandes
616 393 105 22 utseende
738 394 24 21 af
775 401 38 21 gu-

64 425 114 27 vernören,
202 425 39 21 bör
263 426 69 28 enligt
354 427 44 21 min
421 427 66 21 tanke
506 429 64 27 göras
588 428 38 22 det
640 428 77 28 tillägg
733 428 80 28 ,jemte

64 459 116 28 suppleant
205 460 33 21 för
263 461 98 21 honom.*
397 461 110 30 Vanligen
530 464 58 20 utses
611 463 7 21 i
640 463 44 21 alla
705 462 108 23 komit&er

61 494 70 28 jemte
146 494 146 22 ordföranden
307 502 28 15 en
351 496 116 28 suppleant
481 497 34 21 för
530 497 87 27 honom,
627 498 34 21 för
674 499 39 25 att,
725 498 27 20 dä
765 498 48 21 ord-

63 528 106 22 föranden
185 531 23 20 är
224 530 98 28 hindrad,
338 530 93 30 fungera
445 532 8 20 i
468 532 54 22 hans
541 532 69 28 ställe,
626 532 40 22 och
682 538 78 23 genom
776 532 37 22 det

63 563 125 29 föreslagna
208 564 100 29 tillägget
328 566 71 22 skulle
419 567 41 21 den
482 567 95 28 omgång
596 567 106 21 undvikas
725 569 32 19 att
775 574 37 14 an-

64 599 57 21 mäla
141 598 40 22 hos
200 602 137 26 guvernören
358 600 75 30 hvarje
454 602 57 28 gäng
529 602 73 22 förfall
618 602 34 21 för
667 602 145 22 ordföranden

63 633 106 23 inträffar.

130 668 59 23 Herr
212 670 104 28 Munck,
337 670 28 22 K.
380 670 33 22 F.:
437 671 44 29 Jag
503 671 97 23 önskade
624 672 55 22 blott
698 671 22 23 få
735 671 77 22 förena

63 704 45 28 mig
122 704 8 21 i
145 704 51 22 herr
210 712 43 15 von
268 706 72 21 Borns
354 706 89 29 förslag.

131 739 10 21 I
162 740 98 28 enlighet
281 740 49 22 med
349 741 51 21 herr
420 749 41 14 von
477 742 72 22 Borns
562 742 83 28 förslag
659 742 82 21 beslöts
757 743 32 20 att
803 741 8 21 i

63 775 67 22 slutet
146 775 24 21 af
187 775 71 29 tredje
276 783 64 15 mom.
356 777 6 21 i
379 777 11 27 $
408 778 23 20 11
449 777 23 21 af
486 776 148 23 betänkandet
649 776 70 22 skulle
735 776 76 28 inflyta

63 810 167 29 bestämningen
251 811 78 28 "jemte
348 812 116 28 suppleant
483 812 35 21 för
533 812 93 21 honom”
642 812 40 20 och
697 817 64 15 mom.
778 811 34 21 sä-

61 844 61 22 ledes
137 845 67 22 undfä
219 845 96 29 följande
333 846 94 28 lydelse:
449 846 42 28 ,Sä
509 848 59 20 snart
584 847 34 21 val
633 846 122 28 försiggätt,
771 846 40 21 bör

62 880 168 22 valförrättaren
244 880 157 29 ofördröjligen
415 883 53 26 göra
482 882 101 21 anmälan
595 888 34 14 om
640 882 111 27 utgängen
763 880 46 21 der-

62 915 24 21 af
106 915 39 21 hos
168 917 144 26 guvernören,
334 923 47 15 som
404 923 52 21 eger
477 916 104 22 förordna
599 923 27 14 en
640 916 24 21 af
678 915 26 22 de
719 915 91 21 utsedde

61 950 135 22 komiterade
225 952 32 20 att
281 950 36 22 vid
342 950 110 22 komit&ns
475 950 175 22 sammanträden
672 950 48 22 föra
741 951 68 25 ordet,

59 986 70 28 jemte
152 986 116 28 suppleant
290 985 34 22 för
346 986 101 28 honom";
470 986 112 22 hvaremot
605 986 11 28 8
638 986 8 20 i
668 986 67 28 öfrigt
757 984 53 29 god-

61 1020 90 22 kändes.

407 1056 11 28 s
435 1056 32 21 12.

129 1090 57 22 Herr
201 1097 42 15 von
258 1090 94 22 Essen:
368 1090 47 28 Mig
429 1098 66 20 synes
510 1090 72 22 säsom
598 1089 145 22 ordföranden
753 1089 8 21 i
771 1089 37 22 be-

60 1124 204 29 villningskomitön
279 1125 34 21 väl
328 1124 68 22 borde
412 1126 101 28 tilläggas
527 1132 82 14 samma
619 1124 189 28 dagtraktamente

61 1166 46 15 som
123 1160 33 20 för
172 1160 95 21 kronans
282 1159 80 22 ombud
378 1162 23 19 är
417 1160 124 28 föreslaget,
556 1159 92 22 emedan
662 1158 36 22 det
713 1159 95 28 troligen

61 1194 67 21 oftast
148 1194 99 22 kommer
267 1196 31 20 att
318 1194 94 27 inträffa,
431 1196 32 20 att
481 1194 42 22 den
538 1200 109 22 personen
662 1194 100 21 kommer
777 1195 32 19 att

61 1229 34 21 stä
115 1229 6 21 i
142 1230 67 27 nägot
227 1230 24 21 sä
269 1231 39 20 när
324 1236 83 15 samma
421 1228 215 28 samhällsställning,
652 1235 46 15 som
714 1230 33 20 ett
759 1228 49 21 kro-

60 1271 55 14 nans
131 1264 85 21 ombud.

128 1298 57 22 Herr
201 1306 43 14 von
258 1299 82 27 Born,
355 1298 27 22 K.
398 1299 33 21 F.:
457 1299 42 29 Jag
517 1298 39 22 ber
574 1300 31 19 att
620 1298 22 21 få
656 1298 86 22 biträda
757 1298 50 21 herr

59 1340 42 14 von
117 1334 81 20 Essens
214 1334 148 26 nyssuttalade
378 1334 62 26 äsigt.

127 1367 59 21 Herr
201 1367 105 27 Munck,
322 1366 27 22 K.
360 1367 32 21 F.:
408 1367 71 21 Jemte
495 1367 37 21 det
545 1367 38 27 jag
599 1366 96 21 biträder
704 1366 51 21 herr
764 1373 42 14 von

58 1402 82 22 Essens
163 1402 89 28 förslag,
272 1402 38 21 vill
329 1402 40 28 jag
391 1401 80 21 föreslå
493 1400 96 28 följande
612 1400 113 21 redaktion
743 1400 23 21 af
784 1401 22 27 8:

61 1456 8 10 »
73 1436 232 30 Bevillningskomités
325 1436 130 22 ordförande
476 1436 40 21 och
535 1434 119 22 ledamöter
672 1436 86 28 åtnjuta
773 1435 34 21 för

59 1479 60 17 resor
140 1474 55 21 fram
218 1473 40 21 och
280 1473 46 21 åter
346 1472 33 22 till
399 1470 218 29 förrättningsstället
636 1470 122 29 skjutslega
773 1470 34 22 för
