1020 1714
223 141 41 21 736

192 206 40 27 jag
247 206 45 27 mig
308 205 48 21 från
372 205 49 21 dem
438 205 39 21 och
493 204 37 22 det
545 205 24 20 är
584 204 7 20 i
607 204 103 21 afseende
726 204 13 21 &
754 204 41 21 den
811 204 24 20 af
848 204 49 21 dem
913 204 30 21 af-

197 240 61 28 gifna
273 239 163 21 reservationen
451 240 46 20 mot
513 238 77 22 andras
607 238 121 22 omdömen.
752 238 43 27 Jag
810 238 33 21 för
854 238 45 21 min
909 238 36 21 del

195 276 40 26 gör
250 274 46 28 mig
310 274 38 20 det
362 274 96 28 begrepp
475 280 35 14 om
525 274 59 20 mina
599 273 130 28 rättigheter
744 273 71 21 säsom
831 280 112 21 represen-

195 310 48 20 tant
261 308 37 22 vid
312 308 141 28 landtdagen,
469 310 32 19 att
517 308 65 28 ingen
598 307 42 21 kan
658 307 96 21 bestrida
768 307 46 29 mig
829 309 32 19 att
875 308 69 20 uttala

195 344 45 21 min
255 343 146 28 öfvertygelse
412 342 39 22 och
462 344 39 27 jag
511 342 132 22 ätminstone
654 343 78 21 tänker
742 342 97 22 hvarken
850 349 29 14 nu
890 342 53 21 eller

195 378 117 22 framdeles
328 378 45 21 läta
388 380 85 26 trampa
488 378 58 20 mina
561 377 129 27 rättigheter
705 376 69 22 under
789 377 102 21 fötterna.

262 413 59 21 Herr
336 412 111 27 Linder,
463 412 34 21 E.:
513 411 75 28 Enligt
603 412 58 28 3:dje
672 412 29 27 $i
714 412 52 20 1786
783 412 35 20 års
833 411 110 28 riksdags-

194 448 73 20 beslut
289 448 64 26 utgör
375 446 49 22 icke
446 449 33 19 tre
502 447 73 21 ständs
598 446 163 28 samstämmiga
780 446 57 27 äsigt
858 446 85 22 riksens

195 482 99 21 ständers
309 481 112 29 pluralitet
435 481 7 21 i
454 481 80 28 frägor,
550 488 45 14 som
612 482 50 20 röra
677 480 119 28 privilegii-
812 480 40 21 och
867 480 75 22 bevill-

194 516 119 28 ningsmäl;
324 516 7 20 i
342 516 37 20 det
394 516 102 20 afseende
511 517 24 20 är
550 516 94 20 beslutet
660 515 134 27 fullkomligt
808 514 64 22 klart.
891 514 52 22 Man

194 551 39 20 har
256 551 27 20 dä
304 551 57 20 blott
380 552 32 19 att
430 552 52 26 göra
503 551 33 27 sig
556 550 51 21 reda
623 550 40 26 för,
685 549 57 22 hvad
758 550 49 20 med
823 549 120 29 bevillning

194 585 55 20 skall
266 585 78 20 förstäs
360 585 34 20 för
409 586 32 19 att
455 587 56 24 veta,
527 592 35 13 om
578 585 76 27 frägan
670 584 93 21 rörande
781 584 162 21 bränvinsskat-

193 621 38 19 ten
246 619 56 21 skall
317 619 79 21 räknas
416 619 33 21 till
464 619 176 28 bevillningsmä!
657 619 53 21 eller
726 619 27 27 ej.
784 619 10 20 I
809 619 70 20 likhet
894 619 49 21 med

194 654 53 21 flera
269 653 68 22 andra
359 654 69 21 talare
448 661 63 14 anser
527 655 40 27 jag
585 654 191 21 bränvinsskatten
796 653 62 22 alltid
874 654 68 21 mäste

194 688 102 21 hänföras
313 688 34 21 till
363 688 120 29 bevillning
499 689 39 21 och
555 688 73 21 stöder
643 689 46 28 mig
706 701 23 4 —
746 689 79 20 liksom
841 689 46 21 före
898 689 45 28 mig

194 723 53 21 flera
263 723 67 21 andra
349 735 21 4 —
388 723 28 28 pä
437 723 36 21 det
493 724 90 26 faktum,
599 725 32 19 att
646 723 43 21 den
705 724 46 20 före
768 724 54 20 1772
839 723 56 21 varit
909 724 33 20 in-

194 760 66 25 tagen
273 759 8 20 i
296 758 224 28 bevillningsstadgan
544 758 38 22 och
606 759 28 27 pä
654 758 37 21 det
709 758 153 28 medgifvande
878 758 64 21 äfven

194 793 50 20 herr
261 793 138 28 Gripenberg
414 793 88 22 sednast
517 794 65 27 gjort,
598 794 32 19 att
646 793 37 20 det
695 793 125 21 nuvarande
830 793 113 21 bränvins-

193 827 103 21 arrondet
317 827 105 28 möjligen
443 827 73 22 kunde
539 834 63 15 anses
625 835 52 13 vara
697 827 24 21 af
739 827 202 28 bevillningsnatur.

194 861 43 28 Jag
258 862 38 20 vill
316 862 97 27 tillägga,
435 863 32 20 att
486 863 51 20 herr
555 869 41 14 von
611 862 67 27 Born,
694 861 20 22 J.
730 862 34 27 A.,
780 861 47 22 icke
843 862 99 21 fullstän-

194 896 47 28 digt
261 897 126 27 genomgätt
410 897 53 20 1786
481 897 237 28 riksdagshandlingar.
748 897 44 20 Det
808 898 24 19 är
846 897 96 21 visserli-

193 937 42 22 gen
259 933 70 24 sannt,
352 932 32 20 att
404 931 196 28 bränvinsafgiften
620 931 48 21 icke
687 931 71 21 finnes
777 932 90 27 intagen
882 932 7 21 i
905 931 37 22 be-

192 965 204 28 villningsstadgan,
419 973 50 14 men
491 966 58 21 läser
569 973 48 14 man
637 966 87 28 igenom
740 966 202 28 riksdagshandlin-

192 1007 75 21 garna,
284 1001 23 21 sä
322 1000 70 22 finner
408 1007 57 21 man,
481 1002 32 20 att
527 1001 37 21 det
579 1007 37 15 var
632 1001 63 21 hardt
709 1001 60 27 nära,
780 1002 32 20 att
823 1001 42 21 den
879 1001 62 22 verk-

193 1035 59 27 ligen
276 1035 70 21 skulle
366 1035 65 22 hafva
453 1036 92 20 kommit
566 1036 37 20 dit.
634 1035 123 21 Ständerna
771 1036 44 20 läto
830 1036 111 28 nemligen

193 1069 118 28 konungen
327 1071 56 25 veta,
399 1071 31 19 att
446 1077 34 13 om
495 1070 43 21 han
555 1070 51 20 ville
620 1070 112 28 samtycka
743 1070 33 21 till
788 1072 31 19 att
831 1070 111 21 bränvins-

194 1104 170 27 tillverkningen
381 1104 70 21 blefve
467 1104 133 28 fullkomligt
615 1104 35 26 fri,
667 1105 23 20 sä
700 1111 52 14 vore
763 1104 26 21 de
799 1105 143 27 beredvilliga

192 1139 33 19 att
247 1138 22 20 ät
284 1138 131 28 regeringen
437 1138 82 29 bevilja
541 1146 26 14 en
589 1145 91 20 summa,
703 1146 46 13 som
765 1139 40 27 jag
825 1140 19 26 ej
860 1139 82 28 precist

192 1171 99 22 kommer
312 1172 58 28 ihäg,
391 1179 49 14 men
461 1180 46 13 som
520 1173 40 27 jag
575 1174 45 20 tror
635 1173 102 27 utgjorde
753 1174 91 25 300,000
859 1174 83 20 riksda-

191 1206 40 20 ler.
261 1206 124 28 Konungen
400 1207 128 27 samtyckte,
543 1214 50 13 men
609 1207 51 21 ville
676 1206 64 22 hafva
752 1207 146 28 bevillningen
909 1209 33 19 att

190 1240 54 28 utgå
263 1240 131 28 beständigt,
415 1241 113 21 hvaremot
547 1240 117 21 ständerna
682 1242 51 19 ville
753 1241 121 21 bestämma
889 1242 52 20 den-

192 1281 82 13 samma
292 1274 34 20 för
346 1281 27 13 en
394 1274 44 22 viss
459 1274 31 21 tid
507 1275 39 20 och
568 1274 125 28 derigenom
710 1275 73 20 förföll
799 1275 49 20 hela
864 1275 76 27 frågan

192 1308 34 20 för
241 1308 42 20 den
299 1308 93 28 gången.
422 1308 202 28 Bränvinsafgiften
640 1308 46 27 har,
702 1309 70 21 såsom
785 1310 40 27 jag
840 1310 101 27 nämnde,

191 1343 57 21 varit
269 1342 90 28 intagen
374 1343 7 20 i
397 1343 231 29 bevillningsstadgan,
648 1350 50 14 men
718 1350 50 14 man
788 1344 39 20 har
842 1344 39 21 här
896 1344 44 21 för-

191 1377 79 27 klarat,
285 1378 32 20 att
332 1377 37 21 det
384 1378 58 20 skett
458 1378 77 21 endast
550 1378 23 21 af
586 1378 91 28 misstag
693 1378 39 22 och
748 1380 32 19 att
791 1378 149 28 bevillningen

192 1412 125 28 egentligen
339 1413 87 27 utgöres
447 1412 78 22 endast
539 1412 24 22 af
579 1413 27 21 de
621 1413 116 28 personela
759 1413 180 28 bevillningarne.

192 1446 49 22 Den
265 1447 84 28 åsigten
372 1447 70 22 skulle
462 1448 40 28 jag
521 1454 52 15 anse
593 1448 135 28 fullkomligt
745 1448 64 21 falsk.
839 1448 11 21 I
865 1448 75 22 bevill-
