989 1709
754 126 38 22 181

72 192 131 22 tributioner
218 192 33 22 till
267 192 37 22 det
319 192 118 28 allmänna,
452 192 68 22 under
537 192 36 22 det
587 193 41 21 den
644 192 91 22 sednare
751 195 71 28 utgör,

69 226 109 22 fördeladt
192 228 29 28 på
235 227 50 21 hela
300 228 81 26 landet,
397 235 25 14 en
439 227 155 29 obetydlighet.
623 227 51 22 Med
690 234 27 15 en
733 228 40 22 och
784 236 37 14 an-

70 268 43 14 nan
129 261 73 28 kappe
217 261 38 21 säd
271 263 93 19 ersättes
380 262 47 21 icke
443 262 42 20 den
497 262 99 21 enskilda
604 262 162 28 jordbrukaren
778 262 43 22 för-

69 296 80 27 lusten,
165 303 46 14 som
227 295 268 29 husbehofsbränningens
511 295 134 22 afskaffande
659 309 22 2 —
695 296 72 22 denna
781 297 39 21 all-

70 331 61 20 mänt
146 330 123 28 gagneliga,
285 336 50 15 men
351 330 33 21 för
400 330 41 21 den
457 331 109 20 närmaste
581 331 157 27 generationen
754 331 68 22 hårda

69 364 37 28 lag
114 377 27 3 —
152 364 117 22 medförer.
291 364 71 21 Dessa
370 364 194 21 sammanräknade
573 365 84 28 kappar
665 367 78 27 utgöra
754 366 66 21 emel-

69 399 64 20 lertid
149 406 27 14 en
192 399 116 28 anständig
324 406 83 14 summa
421 399 24 21 af
457 400 91 26 100,000
561 399 69 27 mark,
645 407 53 20 som,
711 407 108 15 samman-

69 433 50 28 lagd
128 433 50 21 med
187 434 25 21 de
221 433 68 22 andra
297 434 112 27 1,300,000
416 434 68 27 mark,
492 433 113 22 bestämda
613 435 24 20 af
643 435 177 21 utskottssektio-

68 475 42 14 nen
122 469 32 20 att
165 469 68 21 under
244 469 72 21 denna
330 468 73 21 littera
413 469 59 28 utgå,
488 468 70 29 gifver
569 470 32 19 ett
611 469 52 21 facit
673 469 24 21 af
707 470 112 27 1,400,000

68 503 68 26 mark,
157 510 46 14 som
225 503 48 22 med
289 503 50 21 hela
355 503 118 28 kapitalets
488 503 114 22 intensitet
619 504 32 21 väl
667 505 62 21 torde
745 504 75 21 kunna

67 537 151 22 åstadkomma
236 538 67 28 något
324 539 63 25 stort,
411 545 45 14 som
477 538 58 21 afser
555 538 107 22 lättandet
683 539 23 20 af
717 539 101 28 jordbru-

67 572 48 21 kets
131 572 85 27 bördor,
233 573 109 27 nemligen
359 571 255 22 kommunikationernas
630 573 138 28 förbättring.

136 606 83 28 Sjelfva
234 606 42 21 den
291 605 130 22 förändrade
437 607 166 27 lagstiftningen
619 607 7 20 i
637 607 181 28 bränvinsfrågan

65 640 128 21 framkallar
201 640 192 28 nödvändigheten
408 640 35 21 för
456 641 84 21 landets
552 641 93 28 allmoge
657 641 24 21 af
689 649 26 13 en
727 641 91 22 förbätt-

66 675 38 21 rad
125 675 217 28 jordbruksmethod;
366 675 149 21 inkomsterne
536 675 23 21 af
576 675 79 28 jorden
675 675 75 22 kunna
770 676 48 21 icke

67 717 59 13 mera
141 709 64 21 sökas
221 709 7 21 i
245 709 77 22 sädens
335 705 11 37 ,
338 709 139 29 förädling"
492 709 32 21 till
535 709 98 27 bränvin,
643 712 51 19 utan
707 711 32 20 till
751 711 67 21 andra

65 743 127 28 produkter,
213 751 45 14 som
280 743 109 22 måhända
407 743 47 22 icke
470 744 44 21 lika
529 744 40 21 lätt
585 744 74 21 kunna
674 745 52 20 bära
741 745 77 28 längre

67 780 135 26 transporter
218 785 46 14 som
281 779 70 20 denna
367 778 50 21 ädla
431 785 58 20 vara,
505 785 50 15 men
571 779 86 20 derföre
671 779 46 28 just
731 779 87 28 påkalla

66 813 151 21 underlättade
233 813 191 20 komunikationer
441 825 23 3 —
479 814 124 27 jernvägar.

135 848 152 28 Spårvägarne
310 847 149 22 åstadkomma
481 848 8 20 i
512 847 66 28 öfrigt
601 847 114 22 enahanda
735 848 81 21 verkan

65 883 33 20 för
121 883 124 20 lindrandet
266 882 24 21 af
308 882 41 21 den
370 882 109 27 allmogen
500 882 115 28 åliggande
636 882 180 28 vägabyggnads-

64 917 39 21 och
115 916 258 29 hållskjutsningsbörda,
385 923 46 14 som
442 916 210 21 utskottssektionen
663 917 87 27 åsyftat,
762 918 53 19 enär

60 953 159 26 jernvägarnes
240 950 185 28 ändamålsenliga
445 951 151 28 sträckningar
617 950 83 28 sjelfve,
720 951 41 20 och
780 957 33 15 re-

63 985 126 29 gelbundna
204 985 318 28 diligenskommunikationers
542 985 118 28 uppkomst
679 985 57 20 ifrån
753 985 60 28 jern-

62 1020 145 29 vägslinierne
229 1019 87 21 komma
335 1021 30 19 att
380 1019 7 21 i
402 1019 49 21 icke
465 1019 63 28 ringa
543 1026 50 14 mon
609 1019 86 22 minska
711 1019 103 22 behofvet

62 1055 23 21 af
99 1055 74 20 hästar
183 1055 13 20 å
206 1053 81 22 sådana
302 1055 65 25 orter,
383 1053 38 22 der
431 1053 267 29 hållskjutsningstungan
709 1061 29 14 nu
750 1055 62 20 torde

61 1090 70 20 måsta
146 1095 63 14 anses
225 1095 52 15 vara
292 1089 71 20 störst.
679 1109 4 4 N

129 1123 64 21 Hvad
213 1123 46 21 åter
275 1123 77 27 sjelfva
367 1122 194 28 vägaunderhället
576 1122 141 27 vidkommer,
733 1123 24 20 sä
772 1123 39 21 fin-

61 1165 37 14 nes
118 1158 33 21 för
170 1157 139 28 ögonblicket
325 1159 31 19 ett
372 1157 117 21 ständerne
504 1157 115 27 förelagdt,
638 1157 115 28 bordlagdt
768 1157 42 21 för-

61 1193 47 28 slag
130 1193 24 20 af
175 1193 154 20 sammansatta
351 1191 45 28 lag-
417 1191 40 21 och
478 1191 215 27 ekonomiutskottet,
709 1198 54 20 som,
779 1193 32 19 att

61 1227 86 22 dömma
161 1227 24 20 af
198 1227 26 20 de
235 1226 117 29 principer,
363 1226 82 28 hvarpä
459 1227 120 20 detsamma
589 1226 24 20 af
621 1225 95 28 besagde
727 1226 84 21 utskott

59 1261 103 29 grundas,
177 1261 62 21 torde
255 1261 64 21 hafva
335 1262 32 19 att
383 1262 82 19 emotse
480 1260 120 28 framgäng.
630 1259 67 22 Utom
713 1262 32 19 att
761 1261 49 21 sist-

58 1295 94 22 nämnde
173 1295 82 28 förslag
275 1296 38 27 gär
329 1296 22 19 ut
367 1295 28 28 pä
410 1296 32 20 att
456 1295 84 21 fördela
556 1294 252 29 vägabyggnadstungan

59 1331 28 26 pä
103 1337 25 13 en
145 1331 68 18 större
229 1329 202 27 samhällsperiferi,
447 1330 23 19 sä
486 1329 95 27 grundar
596 1329 34 26 sig
645 1329 120 21 detsamma
780 1330 28 26 pä

58 1371 27 14 en
105 1363 46 21 lika
169 1363 62 28 billig
251 1371 47 12 som
316 1363 77 20 rättvis
413 1363 92 28 princip,
529 1362 40 21 den
591 1362 38 20 der
648 1362 66 21 redan
730 1363 78 20 vunnit

57 1397 140 28 tillämpning
212 1397 58 21 inom
287 1397 50 21 hela
352 1396 41 22 den
410 1396 135 22 civiliserade
555 1396 97 26 verlden,
666 1397 32 20 att
708 1396 41 21 den
760 1403 46 17 som

56 1433 113 29 begagnar
184 1434 69 28 vägen
270 1432 56 21 skall
342 1431 89 29 erlägga
446 1432 67 29 nägot
527 1431 34 21 för
577 1432 48 20 dess
641 1431 62 23 bruk,
