973 1706
187 130 42 20 600

159 192 121 28 bevillning
299 193 91 27 tillgodo
409 193 29 28 på
453 193 41 21 den
510 193 121 28 utdelning,
647 200 46 14 som
709 193 98 21 tillfaller
822 193 85 22 utländ-

160 226 39 22 ska
215 227 131 21 aktionärer.

227 261 58 21 Herr
300 262 196 27 Wasastjerna,
515 261 26 21 E.
558 262 37 20 G.:
617 261 43 28 Jag
679 261 40 21 ber
739 263 37 25 att,
797 261 50 21 med
862 262 46 20 vid-

160 294 102 22 hållande
282 295 23 21 af
319 295 45 21 min
383 296 142 26 reservation,
540 296 23 20 få
578 296 53 27 göra
647 302 27 14 en
689 295 146 28 anmärkning
850 297 59 19 emot

160 328 53 22 sista
228 328 118 29 meningen
361 336 34 14 om
411 329 117 21 utländska
542 329 212 29 försäkringsbolags
765 330 102 27 taxering
877 329 34 21 för

159 363 128 27 bevillning.
317 363 30 21 Så
361 364 50 20 litet
428 370 47 14 som
495 364 124 21 fördelarna
638 364 24 20 af
680 364 230 26 assuransföreningar

161 398 58 20 ännu
235 399 37 19 äro
288 397 89 21 insedda
392 398 7 20 i
415 397 81 27 landet,
515 398 68 21 borde
599 397 26 21 de
640 398 50 20 med
703 405 83 14 samma
801 397 47 21 skäl
864 404 46 14 som

160 431 69 21 andra
250 431 307 29 välgörenhetsinrättningar,
580 438 46 15 som
640 432 69 21 finnas
725 432 141 28 uppräknade
881 432 6 20 i
899 432 12 27 8

161 466 20 26 5,
197 465 70 21 såsom
279 466 193 27 stipendiefonder,
483 467 216 27 pensionsanstalter,
709 467 202 26 lifränteanstalter,

162 499 114 22 inhemska
291 499 201 29 försäkringsbolag
507 508 28 13 m.
551 501 28 26 fl.,
589 507 53 14 vara
652 500 41 21 frie
704 500 48 21 från
762 500 148 27 beskattning.

160 533 149 28 Beskattning
323 535 40 26 gör
378 534 125 22 fördelarne
518 535 24 21 af
555 535 49 20 dem
621 534 131 28 dyrköptare
768 536 27 19 än
809 534 26 21 de
847 535 64 27 eljest

162 567 71 21 skulle
248 575 52 14 vara
315 568 40 21 och
370 568 36 21 det
421 569 77 20 endast
514 570 59 19 emot
587 569 86 20 landets
689 570 50 27 eget
748 569 101 20 intresse.
869 569 42 20 Om

162 603 119 26 agenterna
304 601 34 22 för
356 602 166 27 ifrågavarande
544 603 129 26 föreningar
695 602 111 21 beskattas
829 602 34 21 för
878 602 33 21 sin

162 634 103 28 inkomst,
276 636 24 21 så
310 637 45 19 tror
366 637 40 26 jag
416 638 32 19 att
459 636 155 28 föreningarne
625 636 78 29 sjelfva
713 637 22 20 få
746 636 72 21 betala
829 643 27 14 en
867 636 44 21 till-

162 669 85 27 räcklig
261 669 128 29 bevillning.
417 670 49 22 Ena
481 671 47 21 året
542 671 44 20 kan
601 671 63 20 deras
674 671 79 20 förlust
762 677 52 15 vara
824 671 88 27 mycket

162 704 51 26 stor,
229 703 42 21 den
286 703 43 21 kan
346 705 28 26 gå
389 711 43 22 upp
448 705 33 21 till
496 706 80 27 många
591 705 82 28 gånger
688 705 56 21 hvad
760 712 45 14 som
821 705 90 28 förtjen-

162 738 48 20 sten
227 737 68 22 under
313 738 48 21 året
379 739 59 20 förut
452 740 66 27 gjort.
547 739 35 21 Då
597 739 33 21 får
645 739 123 21 emellertid
782 739 49 22 icke
846 740 68 27 något

162 771 78 28 afdrag
254 771 35 22 för
308 771 41 22 den
364 773 106 22 förlusten
486 773 47 28 ske,
548 773 28 22 då
591 773 124 22 inkomsten
731 773 55 22 skall
801 773 111 22 beskattas

162 805 34 21 för
209 806 77 27 hvarje
301 807 31 20 år.

231 839 58 22 Herr
308 840 160 29 Jägerhorn,
488 841 28 22 K.
532 841 29 21 J.:
577 841 43 28 Jag
635 841 88 22 förenar
737 841 46 28 mig
796 841 50 22 med
861 842 51 21 herr

162 873 153 28 Wasastjerna
334 874 7 21 i
356 875 55 21 hans
433 875 83 28 förslag
538 877 31 19 att
590 875 45 21 låta
655 875 53 22 sista
727 876 118 28 meningen
862 876 49 28 af
899 869 15 39 8

164 909 52 26 utgå
237 909 28 28 på
281 908 41 21 den
338 909 76 28 grund,
434 911 32 19 att
483 910 27 21 de
528 916 112 21 personer,
663 917 47 14 som
725 910 101 28 begagna
841 911 34 27 sig
890 911 25 20 af

162 943 235 28 assuransföreningar,
418 944 65 28 eljest
502 944 71 21 skulle
591 943 88 22 komma
697 946 32 19 att
745 945 72 20 betala
832 945 80 21 dubbel

162 976 70 28 afgift,
248 978 91 20 emedan
352 979 39 26 jag
408 979 127 21 förutsätter
554 980 32 19 att
601 979 258 28 assuransföreningarne
875 986 36 21 ge-

163 1017 51 14 nom
229 1011 100 28 förhöjda
344 1012 95 27 premier
454 1012 70 22 skulle
540 1013 107 28 godtgöra
662 1013 34 28 sig
711 1013 33 21 för
760 1013 41 21 den
815 1013 48 22 dem
875 1014 37 27 på-

162 1045 63 22 förda
240 1045 155 28 bevillningen.

230 1081 57 20 Herr
302 1087 42 14 von
359 1081 95 22 Essen:
470 1081 43 28 Jag
528 1081 96 22 biträder
634 1081 51 22 herr
695 1081 164 28 Wasastjernas
869 1082 44 21 för-

163 1114 57 27 slag;
243 1117 23 25 ty
281 1115 71 20 såsom
372 1115 51 21 herr
443 1115 124 28 Jägerhorn
588 1115 66 21 redan
669 1115 80 27 anfört,
765 1115 72 22 blefve
853 1117 36 20 det
904 1117 7 20 i

162 1148 45 21 alla
228 1149 39 20 fall
281 1149 7 20 i
304 1149 53 21 sista
372 1149 140 21 rummet
484 1144 29 38 de
532 1155 111 22 personer,
662 1157 46 13 som
728 1150 99 28 begagna
841 1151 34 27 sig
889 1151 25 20 af

162 1182 237 29 försäkringsbolagen,
422 1183 74 21 hvilka
515 1184 87 21 komme
621 1185 33 19 att
671 1184 74 21 betala
763 1184 149 29 bevillningen

163 1217 41 21 och
218 1217 49 21 icke
283 1217 93 28 bolagen
391 1218 84 27 sjelfva.

231 1251 58 20 Herr
309 1251 201 21 landtmarskalken
529 1251 135 21 framställde
684 1258 30 14 nu
729 1251 34 20 till
779 1251 133 22 besvarande

161 1285 177 28 propositionen:

232 1318 146 27 »Godkänner
397 1318 151 29 ridderskapet
569 1318 40 22 och
629 1318 62 22 adeln
713 1320 12 20 3
741 1319 12 28 &
768 1319 24 22 af
804 1319 107 29 ifrågava-

162 1354 66 21 rande
243 1353 224 28 bevillningsstadga?

230 1388 49 21 Den
301 1394 47 15 som
370 1387 128 28 godkänner
520 1387 92 22 berörde
633 1389 18 27 &,
672 1395 74 15 svarar
758 1389 35 28 ja;
815 1388 42 21 den
875 1389 38 22 det

163 1423 49 21 icke
227 1424 48 27 gör,
290 1429 74 15 svarar
379 1423 44 26 nej.
