989 1709
765 112 40 22 185

82 181 73 25 störst,
171 179 109 29 uppställa
294 186 28 15 en
337 179 86 29 skadlig
438 178 147 28 konkurrens;
602 180 23 27 ty
636 178 36 22 det
682 178 152 22 brädstörtade

81 214 150 21 anordnandet
257 214 25 21 af
304 213 246 29 undsätiningsarbeten
573 213 121 28 medgifver
716 213 118 29 vanligtvis

82 248 49 22 icke
151 255 28 14 en
198 248 42 28 god
259 248 40 22 och
319 248 82 22 ordnad
417 248 175 21 administration
607 248 24 20 af
642 248 116 28 företaget,
782 249 52 19 utan

83 283 69 21 folket
167 289 64 15 anser
247 283 178 28 dagspenningen
436 282 34 21 för
481 284 32 19 ett
524 282 58 28 slags
593 282 139 29 statsbidrag,
744 289 45 14 som
800 282 34 21 fäs

82 319 53 20 utan
156 317 87 28 mycket
265 317 74 21 vidare
353 317 127 26 besvär.—,
496 317 37 20 det
551 316 167 22 demoraliseras
737 317 40 21 och
796 317 37 20 be-

81 358 86 22 gynner
182 352 64 27 vänja
262 351 33 28 sig
311 351 64 21 äfven
386 351 36 21 vid
433 351 25 22 de
470 351 99 21 enskilda
579 358 74 14 varma
664 351 170 28 nädegäfvorna.

150 385 43 28 Jag
213 386 39 21 har
272 393 44 20 nog
333 385 65 28 länge
413 385 121 29 uppehållit
549 385 37 21 det
601 385 118 28 höglofliga
734 385 98 22 ständets

81 420 32 21 tid
128 419 50 22 med
193 421 44 20 min
253 421 58 27 äsigt
326 427 35 14 om
374 420 203 21 bränvinsskattens
594 419 125 29 fördelning
731 427 32 20 —;
774 420 59 21 mina

81 455 92 21 motiver
189 455 64 22 hafva
269 455 46 28 gätt
331 457 23 18 ut
364 455 28 28 pä
403 456 32 21 att
446 455 144 21 koncentrera
600 454 72 22 denna
682 454 151 21 statsinkomst

81 489 28 28 pä
121 491 31 19 ett
162 489 34 22 för
207 489 84 22 landets
302 489 36 21 väl
349 496 59 15 mera
418 489 130 29 ingripande
560 491 42 19 sätt
611 489 39 22 och
656 490 40 27 jag
704 489 34 21 fär
745 488 87 22 derföre

81 523 88 28 föreslå,
189 525 31 20 att
235 524 115 28 samteliga
365 524 69 21 under
449 524 42 21 litt.
517 524 7 21 B
542 523 40 22 och
599 523 17 22 C
632 523 109 29 utgående
757 524 77 27 anslag

82 558 74 27 mätte,
172 559 49 20 med
237 558 111 28 undantag
363 559 23 20 af
400 559 92 26 300,000
507 558 62 26 mark
584 558 33 21 till
628 559 151 27 fängelsernas
790 558 42 20 för-

81 592 104 29 bättring,
208 592 110 21 användas
339 593 33 20 till
392 593 86 21 landets
496 593 119 28 jernvägar
632 593 40 21 och
692 593 26 20 de
734 592 33 21 till
783 592 49 21 dem

81 627 96 21 hörande
193 627 124 24 sekundära
332 627 259 28 kanaliseringsarbeten.
620 627 46 21 Der
681 634 51 14 man
748 627 40 20 fätt
799 629 34 19 sot

81 661 55 21 skall
158 668 51 14 man
228 661 23 21 få
269 661 38 21 bot
327 673 25 4 —
372 663 64 26 säger
455 661 139 28 ordspråket;
616 661 116 21 bränvinet
754 661 78 21 alstrar

80 695 135 28 proletariat,
231 695 116 28 häglöshet
362 695 40 22 och
418 695 64 28 lättja
498 697 56 20 samt
569 695 99 22 befolkar
684 695 148 22 korrektions-

81 730 68 21 husen
166 730 40 21 och
221 730 151 27 fängelserna:
390 742 24 4 —
430 731 64 20 näväl
513 729 50 22 mitt
578 730 82 28 förslag
674 729 59 22 afser
748 731 32 20 att
795 737 37 21 ge-

81 771 50 15 nom
153 765 87 20 skatten
255 764 82 21 bereda
351 771 93 21 suparen
461 764 70 21 medel
547 766 32 19 att
594 764 118 21 förbättras
728 764 39 21 och
782 765 50 21 icke

80 800 60 27 ligga
163 799 113 21 samhället
299 799 33 21 till
354 799 42 21 last
418 811 22 3 —
462 799 26 20 de
510 799 111 21 allmänna
643 799 105 20 arbetena
770 799 62 21 skola

80 835 72 21 lemna
178 833 49 22 hem
254 833 23 21 ät
299 833 131 29 proletären,
458 840 46 13 som
526 833 70 29 jemte
620 833 211 21 korrektionisterne

80 869 56 21 skall
158 869 39 21 der
219 869 47 20 lära
287 869 33 28 sig
339 870 31 19 att
392 869 49 26 jäta
460 869 38 20 sitt
517 869 54 21 bröd
586 868 8 21 i
610 868 37 21 sitt
660 868 84 21 anletes
760 870 69 20 svett"

81 904 39 21 och
136 903 26 22 de
177 903 134 21 förbättrade
327 903 140 28 fängelserna
482 903 68 27 skola,
566 905 59 19 utom
640 903 62 20 deras
714 903 116 28 onekligen

80 941 58 18 stora
153 938 86 28 uppgift
255 939 32 20 att
302 938 106 21 förbättra
418 937 153 28 brottslingen,
582 937 80 21 bereda
672 937 49 21 dem
733 944 27 15 en
771 937 59 21 kom-

79 973 119 21 fortablare
213 972 136 28 tillflyktsort
364 973 27 20 än
407 971 26 22 de
448 972 78 21 hittills
542 972 100 28 ätnjutit;
660 973 24 26 ty
699 972 60 21 detta
774 972 56 28 åsyf-

81 1010 32 19 tar
127 1007 25 28 ju
168 1007 41 20 den
225 1007 104 21 moderna
344 1006 126 29 filantropin
486 1007 6 20 i
508 1007 34 21 sin
557 1006 135 29 ytterlighet.

148 1041 59 21 Herr
223 1041 161 27 Grotenfelt,
400 1041 33 21 A.:
449 1042 43 21 Det
506 1042 39 21 har
556 1041 95 21 särdeles
662 1041 60 29 gladt
733 1041 45 28 mig
789 1041 41 21 och

76 1078 69 27 jemte
165 1076 46 29 mig
225 1076 108 21 mähända
348 1076 63 21 äfven
427 1077 68 20 andra
510 1077 140 20 medlemmar
666 1076 24 21 af
703 1076 72 21 denna
785 1076 44 21 för-

79 1111 100 27 samling,
202 1113 31 19 att
256 1111 120 28 ingendera
398 1111 24 20 af
443 1111 26 21 de
489 1110 215 28 utskottssektioner,
727 1117 45 14 som
792 1111 37 20 be-

78 1145 90 22 handlat
183 1145 188 28 bränvinsfrägan,
394 1145 35 22 vid
451 1146 98 21 skattens
568 1145 124 28 fördelning
710 1145 120 28 bortglömt

79 1181 42 20 den
136 1179 84 29 vigtiga
235 1180 216 27 fängelsereformen.
481 1180 51 21 Men
548 1179 70 21 säsom
635 1180 93 21 sakerna
744 1186 29 14 nu
788 1179 41 27 stä,

77 1215 56 21 hade
156 1214 71 21 denna
245 1214 62 27 fräga
325 1214 49 21 icke
392 1214 69 21 heller
480 1221 68 21 gerna
563 1213 84 22 kunnat
662 1214 86 28 skjutas
763 1214 22 20 ät
800 1213 28 21 si-

78 1249 49 21 dan.
159 1248 106 21 Finlands
281 1248 87 21 ständer
384 1248 64 21 hafva
463 1248 36 21 vid
514 1247 72 22 denna
601 1247 105 28 landtdag
722 1248 106 27 enhälligt

77 1283 41 21 och
133 1282 8 21 i
157 1282 86 21 samräd
258 1282 49 21 med
323 1282 130 28 regeringen
468 1282 84 27 antagit
568 1283 30 20 ett
613 1282 153 28 straffsystem,
780 1289 47 14 som

77 1319 24 19 är
116 1316 138 22 uteslutande
271 1317 67 26 bygdt
353 1317 28 27 pä
396 1316 141 21 frihetsstraff
551 1316 40 21 och
607 1317 20 27 ej
644 1317 40 20 alls
699 1316 83 21 känner
792 1316 34 21 till

77 1351 26 20 de
119 1350 78 28 fysiskt
213 1349 106 21 affliktiva
335 1349 95 22 straffen.
455 1349 51 20 Alla
521 1349 48 27 fyra
585 1350 90 20 ständen
687 1350 64 20 hafva
762 1349 65 22 ocksä

77 1385 33 20 för
126 1383 117 22 framtiden
257 1383 100 21 afskaffat
372 1383 34 21 till
422 1383 40 21 och
478 1383 48 20 med
540 1383 184 28 fängelsestraffet
734 1383 37 21 vid
781 1385 45 20 vat-

77 1421 37 23 ten
134 1419 40 21 och
191 1418 53 22 bröd
264 1420 56 21 samt
335 1418 114 22 bibehållit
464 1417 121 24 detsamma
600 1418 55 24 blott
670 1418 34 22 för
719 1417 41 23 den
776 1420 50 20 när-
