973 1709
744 131 40 21 539

64 196 68 27 yttrat
152 195 39 21 och
211 195 98 22 anhåller
329 197 32 19 att
379 195 22 21 få
421 196 56 20 fästa
495 196 222 27 uppmärksamheten
739 196 74 27 derpå,

64 231 32 19 att
118 230 70 20 större
211 230 61 20 delen
296 230 24 20 af
340 229 152 21 donatarierne
514 231 37 19 äro
574 236 73 20 ryssar
669 230 40 20 och
731 232 32 18 att
778 230 36 20 det

65 264 72 20 kunde
159 264 58 27 ligga
235 264 8 20 i
261 264 62 20 deras
347 264 92 20 intresse
457 263 40 21 och
518 264 105 27 möjligen
644 264 112 27 påskynda
771 264 42 21 frå-

64 305 54 20 gans
135 298 92 28 lösning,
243 305 34 13 om
295 298 62 20 dessa
372 297 145 27 obligationer
532 298 71 20 skulle
614 298 73 20 ställas
703 298 112 21 betalbara

65 332 5 20 i
94 331 34 22 S:t
149 332 134 28 Petersburg
305 332 7 20 i
336 331 97 21 bankens
451 332 212 20 kontor-derstädes.
693 332 49 21 Den
756 332 58 28 jord,

66 372 44 15 som
132 366 7 20 i
159 366 109 28 Ryssland
286 366 161 28 exproprierats
462 366 22 20 åt
500 366 26 21 de
542 373 90 14 numera
647 366 89 28 frigifne
752 366 62 28 lifeg-

65 407 33 20 ne,
119 400 39 21 har
179 401 66 20 också
261 400 28 28 på
307 400 37 21 det
359 402 66 19 sättet
440 400 80 21 betalts
536 400 40 21 och
592 400 63 21 dessa
670 401 145 27 obligationer

65 434 54 21 eller
139 435 63 20 deras
221 434 177 28 räntekuponger
416 434 65 21 hafva
499 435 57 20 varit
574 434 110 21 inlösbara
699 435 7 20 i
722 435 53 21 flera
793 435 24 20 af

65 468 143 28 regeringens
231 468 76 21 kassor
329 468 7 20 i
359 468 26 20 de
406 468 70 20 skilda
496 470 217 26 guvernementerna.
743 469 72 20 Blifva

65 502 175 28 obligationerna
258 503 109 20 inlösbara
387 503 6 19 i
415 502 32 20 S:t
467 502 140 28 Petersburg,
623 504 45 19 tror
681 504 40 26 jag
735 503 80 27 många

66 537 61 21 skola
147 537 100 28 begagna
268 538 33 27 sig
319 536 68 27 deraf,
402 544 50 13 men
467 536 68 22 blifva
551 536 152 22 donatarierne
719 540 96 24 tvungne

66 574 32 18 att
118 571 88 21 komma
229 572 39 20 och
291 570 54 22 söka
366 570 113 28 betalning
498 570 33 22 för
551 570 47 22 sina
613 571 114 27 kuponger
742 571 7 20 i
764 571 51 21 Fin-

66 606 58 26 land,
139 606 42 21 kan
199 605 36 21 det
251 606 33 20 för
299 606 52 20 flere
366 605 25 21 af
404 605 49 21 dem
469 605 52 21 falla
536 605 34 27 sig
586 605 122 28 obeqvämt.

134 640 59 22 Herr
211 648 40 13 von
273 640 79 26 Born,
373 640 20 21 J.
409 640 34 21 A.:
462 640 43 21 Till
520 640 131 21 bemötande
667 640 23 21 af
703 640 26 22 de
745 640 71 21 farhä-

66 682 40 22 gor
129 682 49 14 man
201 677 68 25 yttrat
291 675 8 20 i
322 674 102 22 afseende
444 674 12 21 &
475 674 87 21 inlösen
580 674 36 21 vid
635 674 145 28 uppvisandet
794 675 25 20 af

66 710 166 28 ifrågavarande
255 708 152 29 obligationer,
430 709 38 20 ber
485 709 40 27 jag
543 710 32 19 att
592 708 23 22 få
634 709 71 21 erinra
725 710 31 19 att
774 709 43 21 rid-

67 744 118 28 derskapet
207 744 40 20 och
270 743 63 21 adeln
357 742 96 27 beslutit,
477 744 31 19 att
530 749 27 14 en
581 743 199 28 amorteringsfond
795 744 23 20 af

68 778 191 21 bränvinsskatten
275 778 70 20 skulle
358 777 53 27 utgå
424 777 46 27 just
485 777 33 21 för
534 777 59 21 detta
609 777 100 21 ändamål
725 778 40 20 och
778 778 40 27 jag

67 812 72 22 tviflar
161 812 55 27 icke,
239 814 32 18 att
293 812 41 21 den
357 812 72 20 dertill
452 811 125 27 föreslagna
596 818 98 14 summan
711 812 41 20 blir
768 812 50 20 fullt

67 846 119 29 tillräcklig
202 848 32 20 att
250 846 71 22 betala
339 847 104 20 räntorna
463 845 40 22 och
518 846 58 21 hålla
591 852 27 14 en
633 846 184 28 invexlingsfond,

68 883 24 21 så
112 882 88 28 mycket
221 888 54 20 mer,
299 888 46 14 som
368 880 152 22 erfarenheten
542 880 63 27 visat,
625 882 32 19 att
673 880 144 28 obligationer

69 917 49 21 med
133 917 36 28 låg
184 918 63 20 ränta
265 916 39 20 hos
320 922 34 14 oss
370 916 56 20 varit
445 915 141 28 synnerligen
602 915 112 28 begärliga
730 916 39 20 och
785 916 33 20 in-

68 950 95 29 galunda
178 951 7 20 i
201 950 80 28 mängd
296 952 114 19 strömmat
426 950 32 20 till
474 949 99 21 bankens
587 949 83 27 kassor,
685 952 52 19 utan
752 952 66 18 tvert-

69 993 35 14 om
118 986 42 20 fått
175 986 24 20 så
215 985 52 28 godt
282 991 46 15 som
344 984 86 28 tvingas
446 985 21 20 in
484 984 38 21 dit.

137 1020 60 21 Herr
215 1018 202 28 Björkenheim,
436 1018 33 21 R.:
493 1012 72 27 Äfven
581 1019 40 27 jag
635 1018 100 21 anhåller
749 1019 32 19 att
796 1018 23 22 få

69 1054 85 22 biträda
176 1054 50 20 herr
249 1054 124 26 Törngrens
394 1053 83 27 förslag
498 1052 40 21 och
557 1060 64 13 anser
639 1052 72 21 dertill
730 1059 51 13 vara
795 1052 24 21 så

69 1088 88 29 mycket
176 1095 61 13 mera
257 1087 53 27 skäl,
333 1094 45 13 som
399 1087 160 26 donatarierne,
580 1086 69 28 enligt
664 1086 45 21 min
724 1086 95 27 uppfatt-

69 1123 60 27 ning,
145 1122 78 21 endast
240 1122 65 20 hafva
320 1122 43 20 rätt
378 1121 34 21 till
427 1120 150 22 inkomsterna
595 1121 47 20 från
656 1120 164 28 lägenheterna,

70 1158 40 20 och
133 1157 82 21 erhålla
230 1157 26 20 de
272 1158 63 19 ränta
349 1156 28 27 på
393 1155 180 28 obligationerna,
589 1155 24 20 så
628 1156 24 20 är
665 1155 26 28 ju
707 1154 60 22 detta
782 1154 38 21 allt

70 1191 57 22 hvad
142 1191 26 21 de
184 1190 55 21 hade
256 1191 43 20 rätt
313 1192 31 19 att
359 1190 80 20 fordra.

138 1225 59 21 Herr
220 1224 149 28 Törngren:
393 1224 42 28 Jag
458 1224 38 21 vill
520 1223 55 21 blott
593 1224 53 26 göra
665 1223 86 23 ståndet
766 1229 53 21 upp-

71 1259 120 21 märksamt
211 1258 74 28 derpå,
304 1260 32 19 att
354 1258 21 21 vi
395 1258 36 20 vid
449 1258 151 20 diskussionen
615 1253 36 25 om
667 1257 153 27 fördelningen

71 1294 23 20 af
108 1293 191 21 bränvinsskatten
319 1292 111 21 bestämde
449 1292 91 27 200,000
556 1292 62 20 mark
633 1292 34 20 för
682 1291 101 21 bildande
799 1290 24 22 af

70 1327 199 26 amorteringsfond
286 1327 33 20 för
335 1326 257 21 donationshemmanens
611 1325 118 21 inlösande.
760 1324 60 21 Säle-

70 1360 38 21 dos
130 1361 69 19 mäste
220 1360 37 20 det
276 1360 70 20 vilkor
365 1360 67 20 fästas
451 1358 35 21 vid
502 1358 37 20 det
554 1358 33 20 för
603 1358 125 20 ändamälet
743 1359 78 26 uppta-

71 1394 70 28 gande
158 1394 59 21 länet
232 1396 31 18 att
279 1393 136 28 regeringen,
435 1393 103 27 antingen
556 1392 173 28 obligationerne
746 1392 75 21 utstäl-

72 1430 32 20 las
127 1430 45 20 mot
195 1428 67 28 högre
283 1428 54 21 eller
357 1427 60 28 lägre
439 1429 68 24 ränta,
528 1426 47 21 icke
592 1426 33 21 får
641 1427 95 27 upptaga
752 1427 69 20 större
