995 1711
751 136 42 22 419

75 202 89 29 fyrarne
181 203 7 21 i
204 202 108 26 Qvarken.
339 201 11 22 I
365 202 71 22 denna
450 202 35 22 del
500 202 42 22 kan
556 203 38 27 jag
609 202 48 22 icke
673 203 49 21 dela
737 203 83 21 utskot-

75 240 42 18 tets
133 238 95 27 mening.
254 237 43 28 Jag
312 244 64 14 anser
392 237 110 29 nemligen
518 237 63 21 dessa
596 239 80 19 tvenne
687 238 134 21 sistnämnde

75 271 103 28 fyrbåkar
194 271 133 27 fullkomligt
342 271 44 21 lika
401 271 143 27 brådskande,
560 278 45 14 som
622 272 95 21 båkarne
732 273 7 20 i
754 272 67 24 Qvar-

75 305 50 21 ken.
155 305 138 28 Björneborg
317 305 40 21 och
378 305 112 28 Uleåborg
510 307 37 19 äro
567 305 55 22 båda
637 306 66 21 bland
717 306 104 21 Finlands

76 341 80 20 största
176 340 108 28 sjöstäder
299 340 40 21 och
356 339 92 22 besökas
464 339 83 28 årligen
563 339 23 21 af
600 347 27 14 en
642 341 80 27 mängd
737 341 85 21 utländ-

76 374 39 21 ska
135 374 78 28 fartyg.
243 374 78 21 Redan
341 374 65 28 länge
426 374 38 21 har
485 381 26 14 en
528 374 79 21 allmän
623 374 80 28 klagan
717 375 105 28 försports

76 409 61 21 öfver
157 409 83 21 saknad
262 408 23 22 af
305 409 103 28 fyrbåkar
423 409 36 21 vid
474 409 93 21 nämnde
587 409 97 21 hamnar.
714 409 43 29 Jag
772 410 51 21 ville

77 443 85 22 derföre
184 443 95 28 förorda,
302 445 31 19 att
356 443 114 28 fyrbåkars
493 443 134 29 uppförande
650 443 86 22 utanför
753 443 69 22 Räfsö

77 479 41 21 och
133 478 111 28 Uleåborg
258 479 65 21 måtte
339 485 63 14 anses
417 478 45 21 lika
478 478 143 27 brådskande,
631 485 47 14 som
689 479 135 27 uppförande

77 513 23 21 af
114 513 36 21 två
164 513 104 28 fyrbåkar
281 513 8 21 i
299 512 103 25 Qvarken
416 512 40 21 och
466 513 36 20 det
513 513 38 21 der
562 512 114 22 förordade
687 513 136 28 fyrfartyget.

144 547 59 22 Herr
222 547 151 22 Nordmann
396 547 100 29 uppläste
517 549 31 19 ett
564 547 105 27 skriftligt
685 547 138 29 andragande

77 582 24 21 af
114 582 96 28 följande
225 582 107 21 innehåll:

145 616 11 21 I
178 616 104 21 afseende
302 616 13 20 å
337 616 131 21 säkerheten
488 616 22 21 af
524 616 51 21 våra
590 616 13 21 &
617 616 116 22 Bottniska
747 617 77 21 vikens

77 652 60 20 östra
151 651 51 21 kust
218 650 93 28 belägna
326 651 83 20 städers
425 651 113 27 ansenliga
552 650 120 28 sjöhandel,
687 651 39 22 har
741 652 83 21 bristen

79 686 28 28 på
126 686 110 27 fyrbåkar,
257 692 45 14 som
321 685 72 21 kunde
414 687 78 26 trygga
507 685 160 29 navigationen,
683 686 66 21 redan
765 687 60 27 långt

79 720 47 21 före
142 720 60 21 detta
220 721 58 27 gjort
293 720 34 27 sig
342 721 79 26 ytterst
435 720 105 21 kännbar.
570 720 64 21 Säväl
649 720 70 22 finska
734 722 92 26 sjöassu-

80 753 189 29 ransföreningen,
285 761 46 14 som
347 754 157 28 skeppsredare
519 754 8 21 i
542 747 142 28 Österbotten
699 755 64 21 hafva
778 755 49 21 fler-

80 788 82 29 faldiga
177 789 83 28 gånger
276 789 82 20 anmält
373 788 127 28 rättmätiga
514 789 109 28 klagomål
638 789 107 22 häröfver.

148 823 11 20 I
174 823 119 21 allmänhet
308 823 69 21 måste
395 823 129 28 medgifvas,
539 825 32 19 att
585 823 106 28 sjöfarten
707 825 19 27 ej
743 823 83 22 mindre

80 858 7 20 i
102 857 118 21 Bottniska
234 858 73 27 viken,
325 859 27 19 än
368 857 32 21 uti
416 858 63 20 södra
494 858 40 21 och
550 864 64 15 norra
630 858 107 27 Qvarken,
753 858 74 22 hvilka

80 892 106 21 hvardera
208 894 37 19 äro
268 892 23 21 af
311 892 71 28 grund
405 892 39 21 och
466 892 112 21 blindskär
598 892 120 29 uppfyllda,
733 894 24 20 är
772 892 55 22 både

81 927 48 21 svår
150 927 40 21 och
209 926 74 29 farlig;
303 926 111 22 dessutom
434 928 24 20 är
473 928 118 20 strömmen
607 927 7 21 i
630 928 70 21 denna
715 927 36 22 vik
767 927 60 22 stark

82 962 39 21 och
137 962 20 28 ej
174 961 147 22 underkastad
335 962 68 28 några
418 961 112 22 bestämda
543 962 68 28 lagar.

149 996 39 21 Uti
204 996 63 22 dessa
282 996 186 29 omständigheter
484 997 39 21 och
538 997 77 21 främst
630 997 6 21 i
653 997 81 21 saknad
749 997 24 21 af
785 997 42 21 till-

82 1030 94 28 räckligt
196 1031 59 21 antal
275 1031 66 28 fyrar,
361 1031 110 22 hvarefter
490 1031 123 28 sjöfarande
629 1031 73 21 kunde
717 1032 57 21 rätta
789 1032 40 28 sig,

83 1068 56 19 samt
161 1066 31 21 uti
214 1066 56 21 brist
291 1066 28 28 på
340 1066 140 28 tillförlitliga
499 1066 83 28 sjökort
597 1066 39 21 bör
651 1066 92 22 orsaken
764 1066 65 21 sökas

82 1100 34 21 till
131 1100 26 21 de
170 1101 6 20 i
188 1101 116 21 Bottniska
319 1101 65 21 viken
400 1101 112 21 äfvensom
526 1108 65 14 norra
603 1101 39 21 och
653 1101 63 21 södra
728 1100 101 26 Qvarken

83 1135 46 20 ofta
144 1135 132 21 inträffande
291 1135 141 28 skeppsbrott
446 1136 40 21 och
500 1135 107 22 haverier.

150 1169 58 21 Hela
228 1169 94 28 längden
343 1169 24 22 af
385 1170 38 21 vår
443 1169 51 22 kust
512 1169 36 22 vid
562 1169 116 21 Bottniska
693 1169 65 21 viken
773 1169 57 21 ifrån

84 1202 65 22 södra
167 1203 102 24 Qvarken
284 1203 57 22 ända
355 1203 34 22 till
408 1203 86 22 Torneå
509 1205 24 20 är
548 1203 68 21 under
631 1203 93 22 nattetid
739 1203 34 22 för
788 1204 42 27 sjö-

84 1237 89 22 farande
196 1237 68 27 mörk,
287 1238 74 21 såvida
383 1238 13 21 &
418 1239 72 20 denna
512 1237 85 22 sträcka
617 1238 125 29 egentligen
762 1237 69 22 finnes

84 1272 57 22 blott
155 1279 28 14 en
199 1272 55 21 enda
272 1272 89 29 lysande
380 1273 76 27 punkt,
472 1272 110 28 nemligen
596 1272 120 21 Norrskärs
730 1272 45 28 fyr;
791 1273 40 20 och

85 1307 71 21 denna
176 1306 117 29 kustlängd
313 1308 24 19 är
357 1306 48 22 icke
426 1307 118 28 obetydlig,
563 1309 23 26 ty
605 1307 42 20 den
662 1308 95 27 utgöres,
773 1306 58 21 mine

84 1341 83 26 herrar,
187 1341 23 20 af
229 1341 41 20 100
290 1341 92 20 svenska
402 1341 38 20 mil
460 1341 54 20 eller
530 1341 55 20 1000
600 1342 64 19 verst.
694 1340 84 21 Härvid
793 1340 39 20 bör

86 1374 177 29 upplysningsvis
285 1375 122 25 anmärkas,
430 1376 32 18 att
483 1374 97 20 Enskärs
603 1374 62 27 fyren
685 1375 20 26 ej
727 1374 105 27 förtjenar

85 1410 135 25 omnämnas,
236 1408 27 21 då
278 1408 41 21 den
335 1408 70 28 ligger
420 1408 28 28 på
463 1410 31 19 ett
509 1408 24 21 så
547 1408 61 27 långt
619 1407 85 22 afstånd
719 1407 56 22 ifrån
790 1406 43 21 den

87 1443 109 23 allmänna
219 1443 99 21 farleden
339 1443 40 21 och
402 1441 106 30 omgifves
528 1441 24 22 af
566 1442 77 28 grund.
671 1435 22 28 Å
707 1444 72 20 vestra
793 1441 40 22 ku-
