1000 1709
193 132 27 20 48

165 197 107 28 framgick
287 204 25 14 ur
327 197 55 21 hans
402 197 138 28 andragande
560 204 44 20 var,
627 199 32 19 att
677 197 37 21 det
729 198 23 20 är
768 197 100 28 omöjligt
884 199 32 19 att

166 232 127 27 genomföra
313 238 27 14 en
360 231 46 27 lag,
428 238 34 14 om
482 232 41 20 den
539 231 48 21 icke
604 238 51 21 eger
671 231 48 21 stöd
734 232 7 20 i
756 231 80 21 folkets
852 233 64 19 rätts-

165 266 150 21 medvetande.
345 266 49 20 Den
410 266 90 27 pikanta
515 265 105 22 historien
638 272 34 14 om
688 266 134 21 kosackerne
838 266 78 28 ådaga-

165 300 49 21 lade
230 300 59 20 detta
304 300 28 27 på
348 299 36 21 det
400 301 55 19 mest
471 300 101 21 evidenta
587 301 48 19 sätt.
665 300 59 21 Herr
739 299 123 22 Ehrnrooth
878 301 40 20 har

166 336 68 26 yttrat
249 336 32 19 att
296 334 114 21 sektionen
427 335 71 20 skulle
514 336 54 26 sagt,
584 336 32 19 att
631 334 219 28 fabriksbränningen
862 335 56 20 hade

166 369 111 21 allmänna
297 369 119 28 opinionen
432 371 60 19 emot
508 369 42 28 sig,
572 376 48 14 men
637 371 32 18 att
685 369 114 21 sektionen
816 369 48 21 icke
880 370 37 21 be-

166 404 56 21 visat
237 404 43 27 det.
309 404 81 21 Dertill
406 403 51 21 ville
470 404 40 28 jag
526 411 68 19 svara,
610 405 32 19 att
658 404 209 21 utskottssektionen
880 412 37 13 an-

166 440 42 19 sett
228 439 41 20 den
289 439 112 20 allmänna
416 439 118 27 opinionen
551 438 66 21 bland
633 439 69 20 folket
718 441 162 26 representeras
897 439 24 22 af

164 473 169 21 bondeståndets
348 475 184 26 representanter.
563 473 59 21 Herr
637 473 124 22 Ehrnrooth
780 473 39 21 har
834 474 83 27 påstått

166 510 31 19 att
212 508 61 21 dessa
289 508 67 28 ljuga,
372 515 49 14 men
437 509 42 20 han
496 509 39 20 har
551 508 69 28 glömt
638 510 32 19 att
686 508 74 21 bevisa
776 509 42 20 det.
849 509 67 23 Detta

166 543 42 21 kan
227 550 52 14 vara
298 549 43 22 nog
362 543 22 21 åt
403 543 51 21 herr
474 543 132 21 Ehrnrooth.
637 543 64 21 Hvad
715 543 51 21 herr
783 551 41 13 von
840 543 76 22 Wille-

165 577 79 22 brands
259 577 109 28 yttrande,
385 579 31 20 att
429 578 39 28 jag
484 578 101 21 förbisett
601 577 70 22 finska
687 578 106 28 qvinnans
811 579 106 27 rättighet

165 613 7 20 i
188 612 59 21 detta
267 612 45 27 fall,
333 613 142 26 vidkommer,
496 613 24 20 så
540 613 39 20 har
596 613 40 27 jag
656 613 48 21 icke
725 613 69 28 glömt
809 613 107 28 qvinnans

166 647 136 28 rättigheter,
323 653 50 14 men
389 647 39 28 jag
444 649 45 19 tror
504 654 50 14 man
570 647 49 20 icke
635 647 23 21 så
675 647 86 28 mycket
776 655 83 20 gagnar
875 648 41 21 den

166 681 70 22 finska
251 681 103 28 qvinnan,
370 689 34 14 om
421 689 50 14 man
474 677 12 37 i
500 682 73 21 stället
589 681 33 22 för
637 681 211 22 husbehofsbränvin
860 683 57 20 skaf-

166 716 32 21 far
221 716 90 21 bränvin
333 716 48 21 från
401 716 124 21 fabrikerne
546 717 33 20 till
600 718 70 19 större
689 717 80 28 belopp
790 717 40 21 och
845 717 72 22 bättre

165 751 51 28 pris,
240 751 39 21 och
300 753 58 19 ännu
380 751 84 21 mindre
483 753 45 20 tror
544 752 38 27 jag
598 751 37 21 det
650 752 50 21 sker
716 759 78 21 genom
810 753 32 20 att
858 753 60 21 stifta

165 785 67 28 lagar,
249 793 44 14 som
310 786 68 21 fresta
393 786 83 21 hennes
492 794 50 13 man
558 788 31 19 att
605 786 66 21 blifva
687 793 27 14 en
729 787 123 28 brottsling.

234 821 57 20 Herr
307 821 97 21 Taube:
435 821 43 28 Jag
493 821 87 22 förenar
596 821 45 28 mig
654 821 50 21 med
715 821 50 22 herr
776 821 140 23 Silfversvan.

233 855 58 21 Herr
313 855 193 22 Schatelovitz:
536 856 43 27 Jag
599 856 37 21 vill
656 856 56 21 först
732 856 91 21 besvara
846 864 26 13 en
896 857 24 21 af

165 889 50 22 herr
234 889 88 28 Linder,
341 889 33 28 E.,
390 890 64 28 gjord
471 890 62 28 fråga
552 891 40 20 och
608 897 26 14 en
641 888 155 31 anmärkning
811 893 45 19 mot
872 892 44 21 min

164 924 142 27 reservation,
322 925 89 20 hvilken
428 925 87 28 åtföljer
530 925 116 21 utskottets
662 925 145 22 betänkande.

232 959 58 20 Herr
305 959 82 20 Linder
403 959 39 20 har
453 959 116 28 uppkastat
580 960 83 27 frågan,
675 960 64 21 hvem
750 960 37 21 det
797 967 59 20 vore,
868 967 46 14 som

165 993 54 21 skall
236 999 63 15 anses
315 995 153 26 representera
483 995 85 20 landets
584 995 100 27 allmoge,
700 1001 35 14 om
751 995 19 28 ej
784 995 130 21 bondestån-

165 1027 48 21 dets
228 1028 148 21 medlemmar.
408 1028 42 29 Jag
466 1036 82 14 svarar:
570 1030 31 19 att
616 1029 37 20 det
669 1029 20 28 ej
707 1029 75 21 endast
797 1031 24 20 är
836 1030 81 21 bonde-

165 1062 96 21 ståndets
277 1063 148 27 medlemmar,
442 1070 44 14 som
504 1066 152 25 representera
666 1064 80 27 landet,
762 1066 52 19 utan
826 1071 25 14 en
864 1065 53 21 hvar

165 1097 24 20 af
203 1097 102 21 ståndens
321 1097 147 28 medlemmar,
484 1098 42 21 han
542 1099 35 20 må
593 1106 28 13 nu
637 1099 54 20 höra
707 1099 31 20 till
755 1099 83 21 hvilket
854 1099 62 21 stånd

165 1137 47 14 som
228 1131 63 21 helst.

232 1165 82 21 Vidare
330 1166 43 20 kan
386 1166 40 27 jag
441 1167 19 27 ej
476 1167 68 20 förstå
559 1167 55 20 huru
630 1167 45 20 min
686 1168 134 21 reservation
832 1168 85 21 kunnat

164 1199 60 28 gifva
246 1200 119 27 anledning
384 1201 22 20 åt
425 1201 70 27 någon
516 1203 32 18 att
566 1203 51 26 taga
637 1201 41 21 den
699 1209 47 14 som
761 1209 27 14 en
804 1203 112 28 personlig

164 1234 118 20 tillvitelse.
317 1234 43 27 Jag
378 1235 40 20 har
437 1242 45 13 som
502 1242 26 13 en
549 1235 79 21 allmän
648 1237 44 19 sats
708 1238 68 25 yttrat
791 1237 42 20 den
850 1237 63 28 åsigt,

165 1268 32 19 att
212 1267 41 20 den
269 1267 235 28 husbehofsbrännare,
524 1275 44 14 som
586 1269 115 26 erkänner,
719 1271 32 19 att
766 1269 54 21 hans
836 1271 80 27 näring

165 1301 131 27 depraverar
312 1301 36 20 det
363 1302 143 27 uppvexande
521 1300 86 30 slägtet,
624 1303 40 20 och
680 1303 36 20 det
732 1301 88 24 oäktadt
836 1304 37 21 vill
886 1305 30 20 bi-

164 1335 87 22 behålla
273 1335 133 28 densamma,
429 1343 51 15 vore
504 1337 72 21 dertill
596 1337 24 22 af
636 1338 84 28 egoism
738 1339 40 21 och
798 1341 118 26 egennytta

165 1370 90 21 förledd.
285 1371 79 21 Denna
383 1372 57 27 åsigt
457 1372 43 21 kan
516 1373 40 28 jag
575 1373 20 28 ej
615 1373 103 22 förändra
737 1374 39 21 och
793 1374 86 22 således
895 1375 20 28 ej

165 1405 96 21 förneka.
295 1406 40 20 Att
353 1407 39 27 jag
412 1407 78 21 uttalat
509 1407 41 21 den
569 1407 39 21 har
627 1409 57 20 varit
699 1409 48 20 icke
763 1409 92 21 allenast
870 1410 44 20 min

165 1440 110 28 rättighet,
292 1447 50 15 men
357 1441 55 21 hvad
428 1448 60 15 mera
504 1444 30 26 är,
550 1442 65 22 äfven
631 1443 45 21 min
691 1443 61 29 pligt.
