970 1709
203 128 41 22 618

243 193 81 21 Grefve
340 192 94 22 Creutz
454 190 40 22 och
513 190 50 22 herr
579 197 40 15 von
636 190 84 22 Essen
737 197 51 15 voro
805 197 51 15 ense
872 190 50 21 med

174 228 51 22 herr
240 227 164 29 Björkenheim.

242 262 58 21 Herr
315 261 101 26 Munck,
437 261 27 21 K.
480 260 35 21 F.:
535 260 42 27 Jag
593 260 51 20 ville
660 259 109 22 dessutom
786 260 65 21 också
866 259 56 21 före-

173 297 34 22 slå
221 299 15 19 t.
253 304 33 14 ex.
303 298 76 19 sexton
397 295 67 28 penni
479 295 28 28 på
523 295 31 20 ett
569 293 107 28 skålpund
691 301 71 14 annan
778 294 72 21 tobak.
880 294 41 21 To-

174 331 71 22 baken
261 333 23 19 är
300 337 26 14 en
343 337 58 20 vara,
416 337 46 13 som
478 328 87 29 mycket
581 328 34 21 väl
630 329 42 20 kan
688 329 114 21 undvaras.
832 329 44 27 Jag
889 328 33 21 för

173 366 46 21 min
235 366 35 21 del
284 366 40 21 har
339 365 53 21 visst
407 364 87 28 mycket
510 364 57 21 svårt
583 364 32 20 att
630 364 89 21 umbära
730 363 131 26 densamma,
872 369 50 15 men

173 401 44 20 kan
240 400 55 21 dock
318 399 48 21 icke
390 399 96 20 erkänna
508 398 41 21 den
570 398 34 21 för
619 405 27 14 en
662 397 260 28 nödvändighetsartikel.

174 435 91 21 Skatten
288 434 28 28 på
336 434 65 21 tobak
422 433 92 21 drabbar
534 432 65 21 också
615 432 76 21 endast
707 432 26 21 de
748 439 111 22 personer,
875 439 45 14 som

173 470 64 21 hafva
257 469 39 22 råd
316 470 32 19 att
366 469 54 20 röka
441 468 73 21 tobak.
544 461 51 27 Ölet
611 467 97 22 deremot
723 468 24 20 är
760 466 161 29 jemförelsevis

173 511 28 15 en
217 503 233 28 nödvändighetsvara.

241 538 58 22 Herr
314 538 109 27 Linder,
442 537 38 22 E.:
503 537 43 28 Jag
568 537 89 21 förenar
675 537 45 28 mig
739 537 49 21 med
803 536 56 27 dem,
875 543 45 14 som

173 575 72 20 ansett
261 573 72 21 denna
348 572 82 21 motion
445 572 53 21 böra
513 571 87 22 förfalla
611 571 39 21 och
666 571 37 21 vill
719 571 96 28 tillägga,
831 573 32 19 att
878 571 43 28 pri-

173 610 34 19 set
225 608 29 28 på
275 614 26 14 en
322 607 48 21 låda
392 607 96 28 cigarrer
508 607 24 21 är
547 606 64 27 högst
627 605 64 22 olika.
720 605 35 22 Då
770 613 50 14 man
836 605 86 22 derföre

172 643 38 21 vill
225 642 100 21 beskatta
340 641 75 28 hvarje
430 641 50 21 låda
495 641 97 28 cigarrer
607 639 52 28 lika,
675 641 64 28 utgör
755 640 58 22 detta
829 641 31 20 ett
874 640 46 21 skäl

172 677 34 21 till
221 678 32 20 att
268 676 98 21 förkasta
381 675 49 22 hela
445 675 112 28 förslaget.

239 711 103 21 Friherre
364 710 101 26 Mellin,
488 710 25 21 B.
530 709 35 23 G.:
589 709 43 28 Jag
651 709 33 21 får
704 710 57 21 blott
775 710 100 28 upplysa,
890 712 32 19 att

172 745 162 29 prestaståndet
353 744 37 21 vid
409 744 88 29 frågans
516 744 119 29 afgörande
651 743 94 22 bestämt
760 744 79 28 fyratio
854 745 66 27 penni

172 781 33 20 för
220 787 28 15 en
263 780 50 21 låda
324 780 96 27 cigarrer
436 779 24 21 af
470 780 40 20 100
520 779 98 28 stycken,
629 779 62 28 tjugu
701 779 67 28 penni
778 779 34 21 för
823 780 31 20 ett
864 779 57 22 skål-

173 815 59 28 pund
252 821 52 15 snus
324 814 40 21 och
380 815 62 28 tjugu
458 814 66 29 penni
540 814 33 21 för
589 815 32 20 ett
637 813 108 29 skålpund
760 821 71 14 annan
848 814 72 22 tobak,

240 883 165 28 Tillkännagafs
421 885 32 19 att
468 890 27 14 en
511 883 126 28 deputation
653 883 47 21 från
711 883 162 28 prestaståndet
884 885 36 19 ön-

173 919 66 21 skade
255 918 119 27 företräde;
391 918 39 21 och
446 917 67 22 sedan
530 918 71 21 denna
615 917 128 29 deputation
759 917 57 29 förty
832 920 88 19 emotta-

171 953 50 28 gits,
244 953 101 21 förmälte
367 953 49 21 herr
437 953 139 27 domprosten
595 952 65 28 Borg,
681 959 45 14 som
743 953 125 21 densamma
884 960 36 14 an-

171 987 69 28 förde,
262 988 42 27 1:0)
324 989 31 19 att
375 987 36 21 det
425 987 134 28 högvördiga
575 987 87 21 ståndet
676 987 36 20 vid
727 987 157 28 föredragning
899 988 24 20 af

171 1023 156 20 sammansatta
349 1023 63 19 stats-
432 1021 40 22 och
493 1021 250 28 bevillningsutskottets
763 1022 157 21 betänkande
907 1017 17 37 i

171 1056 118 29 anledning
304 1056 24 21 af
341 1056 80 27 nådiga
435 1056 164 28 propositionen
615 1063 35 14 om
666 1056 77 28 anslag
753 1056 32 21 till
796 1056 124 22 inrättande

171 1091 24 21 af
212 1091 120 20 folkskolor
352 1098 28 13 m.
399 1097 27 14 m.
442 1091 97 28 godkänt
553 1090 245 22 utskottsbetänkandet
816 1091 50 21 med
881 1091 40 21 föl-

168 1125 68 29 jande
255 1125 181 26 modifikationer,
452 1125 120 28 nemligen:
589 1126 32 20 att
636 1128 10 21 $
661 1126 13 20 8
690 1125 93 28 antagits
799 1125 7 21 i
823 1125 98 28 enlighet

170 1159 50 22 med
235 1159 37 21 det
287 1159 24 21 af
324 1161 82 26 presta-
421 1159 40 21 och
477 1159 174 21 bondeståndens
670 1159 133 28 deputerade
818 1159 8 21 i
836 1160 84 21 utskot-

171 1195 32 20 tet
222 1193 124 28 föreslagna
364 1193 122 27 alternativ,
507 1193 33 21 till
561 1193 55 28 följd
638 1193 78 21 hvaraf
737 1193 184 29 extrabevillning

171 1228 48 21 med
235 1228 46 21 åtta
296 1227 66 28 penni
378 1227 33 21 för
426 1227 75 28 hvarje
517 1227 72 22 kanna
605 1228 21 21 öl
642 1228 39 21 och
696 1229 75 26 porter
785 1228 87 21 komme
888 1230 32 20 att

169 1263 102 26 utgöras;
298 1261 121 27 hvarjemte
446 1261 162 27 prestaståndet
639 1263 71 19 ansett
737 1262 183 28 extrabevillning

167 1295 84 28 jemväl
275 1295 51 20 böra
348 1295 100 28 erläggas
469 1295 23 21 af
510 1295 219 27 tobaksfabrikanter,
749 1296 121 27 nemligen:
886 1297 34 20 för

170 1329 96 28 cigarrer
281 1329 79 28 fyratio
375 1329 65 28 penni
456 1329 34 21 för
507 1330 41 21 100
563 1329 97 28 stycken,
676 1330 33 21 för
725 1329 109 22 såkallade
852 1337 67 22 papy-

170 1371 72 15 rosser
264 1364 64 28 tjugu
350 1364 66 27 penni
431 1364 33 21 för
480 1365 40 20 100
540 1364 89 28 stycken
653 1366 54 19 samt
723 1365 33 21 för
771 1365 149 22 kardustobak

170 1399 40 22 och
226 1405 51 15 snus
293 1399 63 28 tjugu
375 1399 66 27 penni
456 1399 33 20 för
504 1399 76 28 hvarje
596 1399 113 27 skålpund,
725 1399 34 22 till
774 1399 55 28 följd
843 1399 79 22 hvaraf

171 1433 63 22 äfven
250 1434 12 28 $
278 1434 26 20 32
321 1432 66 23 borde
405 1433 144 22 underkastas
564 1434 66 28 nödig
645 1434 170 31 omredigering;
830 1436 33 20 att
878 1435 11 29 $
905 1436 13 24 9
