1017 1711
763 125 27 22 81

136 187 11 22 I
162 189 80 20 tvenne
258 189 95 28 punkter
368 189 51 22 ville
432 190 40 28 jag
487 189 62 28 dock,
565 191 70 20 såsom
647 191 172 28 önskningsmål,

68 223 81 21 föreslå
164 223 71 28 någon
251 223 134 29 förändring,
402 224 127 29 öfvertygad
545 226 32 19 att
593 225 64 21 äfven
673 225 49 21 dem
733 225 87 22 förutan

67 257 131 27 ändamålet,
213 257 180 22 förekommande
404 259 23 20 af
435 259 185 28 yttranderättens
635 259 117 28 missbruk,
763 260 57 21 skall

67 291 75 21 kunna
156 291 139 29 förebyggas.

135 326 48 21 Den
204 326 70 22 första
289 326 98 28 punkten
403 328 69 28 angår
487 327 26 22 de
529 327 68 29 dryga
613 328 207 27 kautionssummor,

66 360 74 22 hvilka
161 362 37 20 äro
218 360 133 22 föreskrifne
371 362 34 20 för
425 362 104 28 rättighet
549 363 33 20 att
597 362 84 28 utgifva
695 362 125 28 periodiska

67 395 95 21 skrifter.
192 395 44 22 Det
251 397 26 19 är
290 395 58 22 känd
364 396 46 27 sak,
433 398 32 19 att
485 397 51 21 våra
551 396 215 29 tidningsskrifvare,
788 397 32 21 of-

67 432 43 19 tast
130 437 58 21 unge
208 431 58 27 män,
286 431 102 28 vanligen
409 430 48 22 icke
477 432 36 20 äro
534 431 143 28 kapitalister.
707 431 112 22 Räntebä-

66 465 68 22 rande
149 473 89 21 papper,
257 472 46 15 som
323 466 62 21 skola
400 466 128 28 deponeras,
547 466 61 21 torde
624 467 93 28 mången
733 466 24 21 af
770 466 49 21 dem

67 499 70 29 aldrig
153 501 43 27 egt.
226 501 40 20 Att
281 500 86 22 derföre
383 500 108 29 nedlägga
507 508 26 15 en
549 508 84 14 summa
644 500 24 22 af
678 501 142 22 1000—4000

67 535 68 28 mark,
151 535 66 21 innan
234 542 39 14 ens
288 535 177 29 prenumeration
480 536 28 27 på
519 543 26 14 en
556 535 114 22 tillämnad
681 535 87 29 tidning
777 536 42 21 fått

68 571 90 27 öppnas,
178 569 70 23 skulle
267 571 34 20 för
320 570 26 21 de
365 571 62 20 fleste
446 577 51 15 vara
515 571 142 27 förknippadt
673 570 50 22 med
737 571 82 28 svårig-

66 604 70 28 heter,
150 604 50 22 med
215 604 173 29 skuldsättning;
404 605 34 21 för
453 612 27 14 en
495 606 40 20 och
553 612 73 14 annan
644 612 51 14 vore
710 605 41 21 ock
764 606 56 28 möj-

67 639 97 28 ligheten
193 641 32 20 att
248 640 71 21 såsom
346 640 206 28 tidningsskrifvare
579 640 108 28 uppträda
711 640 40 21 och
776 640 44 21 för-

68 674 68 21 skaffa
152 674 34 28 sig
201 675 72 27 tarflig
293 675 108 27 bergning
419 674 110 22 afskuren.
560 674 44 22 För
620 674 42 22 den
677 674 143 29 uppgryende

68 708 70 22 finska
157 708 140 22 litteraturen
317 709 40 21 och
378 709 26 21 de
425 710 46 20 små
491 709 70 21 finska
576 708 147 29 tidningarne,
745 708 75 22 hvilka

68 743 64 21 äfven
148 750 80 14 annars
243 744 86 28 knappt
343 744 53 21 bära
412 744 43 27 sig,
475 750 55 15 vore
543 744 126 28 derigenom
686 750 27 14 en
728 750 30 21 ny
773 743 47 21 svä-

68 777 73 29 righet
155 778 57 28 lagd.
244 778 43 28 Jag
302 778 51 22 ville
369 778 86 21 derföre
475 778 86 27 föreslä,
581 779 32 20 att
631 778 72 21 derest
717 777 44 22 den
776 778 44 20 till-

68 812 91 22 ämnade
175 812 222 29 tidningsutgifvaren
412 813 49 21 icke
476 820 52 14 vore
532 808 13 37 i
566 812 85 22 tillfälle
667 814 32 19 att
709 812 111 29 deponera

68 847 209 27 kautionssumman,
298 848 7 20 i
324 848 73 21 stället
416 848 34 21 för
473 848 124 21 densamma
619 847 138 28 vederhäftig
771 847 49 21 bor-

68 889 43 20 gen
122 882 72 21 blefve
206 884 102 27 antagen,
324 883 56 20 samt
395 884 31 19 att
437 881 62 22 dessa
511 889 96 14 summor
622 881 71 22 blefve
706 881 114 22 minskade

70 917 29 26 så,
116 919 31 18 att
170 917 6 20 i
198 917 140 28 Helsingfors
361 916 39 22 och
421 909 48 28 Åbo
490 917 33 21 för
544 923 27 14 en
592 915 88 29 tidning
697 916 124 21 bestämdes

69 951 115 21 300—800
199 951 69 28 mark,
284 951 40 21 och
340 951 7 20 i
363 951 70 28 öfrige
448 951 71 22 städer
534 950 84 22 hälften
635 951 23 21 af
671 957 107 15 summan.

137 985 82 22 Vidare
237 986 52 22 ville
303 986 40 29 jag
359 985 58 22 fästa
433 985 194 30 uppmärksamhet
641 985 28 28 pä
684 985 42 22 den
741 985 81 22 motsä-

70 1021 60 28 gelse
150 1020 6 21 i
176 1020 112 29 förslaget,
311 1023 32 19 att
362 1020 76 28 hvarje
456 1020 56 22 finsk
535 1020 145 28 medborgare
703 1019 56 22 skall
781 1026 41 22 ega

70 1055 106 28 rättighet
196 1057 32 20 att
243 1058 53 19 utan
312 1056 69 27 nägra
396 1055 24 21 af
433 1055 41 22 den
491 1055 113 28 offentliga
619 1054 89 21 makten
723 1055 7 20 i
745 1054 77 27 förväg

71 1090 63 28 lagda
151 1090 77 22 hinder
244 1091 7 20 i
267 1090 62 29 tryck
344 1091 59 28 yttra
419 1090 48 21 sina
481 1089 79 22 tankar
575 1090 21 27 (&
613 1090 28 27 1);
661 1095 50 16 men
727 1090 32 20 att
774 1088 48 21 icke

71 1125 49 21 dess
136 1125 84 21 mindre
236 1125 87 28 tryckta
341 1124 96 28 skrifter,
457 1125 66 21 innan
539 1124 27 22 de
581 1124 56 21 ifrån
654 1123 120 29 tryckeriet
788 1124 33 20 ut-

70 1159 78 28 gifvas,
163 1157 54 24 böra
231 1160 35 21 till
281 1159 143 22 ombudsman
440 1160 104 20 aflemnas
559 1160 21 27 ($
595 1159 43 27 40).
668 1158 79 22 Denna
761 1158 13 27 $
784 1159 38 20 ön-

72 1194 66 21 skade
158 1195 40 27 jag
220 1195 120 27 utesluten,
363 1194 72 21 såsom
457 1192 154 23 innehållande
633 1195 32 19 ett
687 1192 136 22 censurstad-

70 1230 79 27 gande,
164 1229 119 27 oförenligt
299 1229 49 21 med
363 1235 28 15 en
406 1228 183 28 tryckfrihetslag.

138 1263 58 22 Herr
212 1263 140 29 Carpelan:
373 1256 72 29 Äfven
458 1264 39 27 jag
511 1263 40 21 har
566 1262 50 22 med
631 1262 102 28 lifligaste
749 1260 74 30 glädje

71 1300 56 19 samt
142 1298 102 28 djupaste
260 1298 101 21 erkänsla
377 1298 40 20 och
433 1298 136 27 underdånig
584 1296 137 22 tacksamhet
731 1297 93 20 emotta-

72 1333 31 27 git
119 1333 37 21 det
171 1335 58 19 stora
244 1332 126 22 vedermäle
386 1332 24 21 af
422 1332 53 20 huld
491 1331 132 21 omvårdnad
639 1331 40 20 och
694 1331 77 26 nådigt
780 1330 43 20 till-

71 1366 167 21 fredsställande
261 1366 25 20 af
306 1366 84 21 landets
417 1365 140 28 önskningar,
583 1371 47 14 som
652 1364 118 21 innebäres
791 1364 33 20 uti

71 1399 174 28 ifrågavarande,
269 1400 68 20 under
358 1399 92 21 kritiska
465 1398 56 22 tider
535 1398 80 22 aflåtna
630 1397 80 29 nådiga
725 1397 99 28 proposi-

72 1435 53 27 tion,
145 1434 114 29 åsyftande
282 1433 154 29 upphäfvande
457 1433 24 22 af
500 1433 36 22 det
555 1432 78 22 hittills
654 1431 95 23 varande
772 1431 52 29 god-

139 1475 51 22 Högl.
204 1475 53 17 Ridd.
271 1475 28 16 och
312 1474 64 18 Adelns
388 1473 67 18 Protok.
737 1472 20 17 o
