998 1709
740 123 41 24 459

62 188 73 28 slutat,
158 196 50 16 men
229 190 37 22 det
290 196 35 16 ser
345 192 24 20 ut
389 198 46 14 som
455 190 52 22 herr
527 191 118 29 Stjernvall
660 191 70 21 skulle
746 190 64 22 hafva

62 224 74 28 glömt,
152 226 33 19 att
200 224 77 22 endast
292 226 37 20 tvä
343 226 64 21 ständ
421 226 48 21 häri
485 226 64 20 fattat
560 226 162 28 samstämmiga
733 225 77 21 beslut.

129 258 59 22 Herr
203 259 106 27 Linder,
325 259 32 21 E.:
376 259 43 29 Jag
434 260 68 22 måste
518 260 56 22 först
588 260 28 22 be
632 262 31 19 att
678 260 23 21 få
715 259 96 21 vidhålla

62 292 36 22 det
114 293 118 28 pästäende
245 294 41 27 jag
300 294 129 21 framkastat
443 296 46 20 mot
504 294 51 22 herr
570 302 41 14 von
628 294 111 22 Kraemer.
768 293 42 28 Jag

61 327 39 21 vill
113 327 54 21 visst
182 327 116 29 medgifva,
312 329 32 20 att
359 328 36 21 det
409 328 73 22 kunde
499 329 23 21 sä
537 328 87 27 räknas,
640 336 45 14 som
702 328 51 21 herr
769 334 41 14 von

62 361 106 22 Kraemer
184 362 65 28 gjort,
270 369 34 14 om
321 370 50 14 man
387 362 56 22 blott
457 363 59 21 afser
531 364 198 28 vattensystemens
745 362 66 27 längd

62 396 39 22 och
124 396 26 22 de
174 396 89 27 trakter,
286 404 45 14 som
354 398 59 28 ligga
435 397 62 29 längs
517 398 117 26 desamma,
653 404 49 14 men
719 396 33 22 till
768 396 41 21 den

59 431 100 29 jernväg,
182 438 45 14 som
251 431 71 22 skulle
345 432 88 21 komma
455 434 32 19 att
509 433 27 27 gä
559 432 47 21 frän
628 431 133 22 Tavastehus
777 430 34 22 till

62 465 153 27 Tammerfors,
231 466 87 21 komma
332 466 129 29 vattendrag
480 466 48 22 frän
544 468 78 26 mänga
638 466 58 21 olika
711 465 43 22 häll
771 465 40 21 och

62 502 62 26 tager
141 507 50 14 man
207 500 63 22 äfven
283 501 49 21 dem
347 501 8 21 i
369 501 152 27 betraktande,
537 501 42 21 blir
595 501 41 21 den
653 502 94 26 terräng,
764 506 45 15 som

61 534 83 29 sköljes
166 535 24 21 af
209 536 71 26 dessa,
296 536 144 28 ovilkorligen
463 538 78 25 större,
565 538 26 19 än
615 536 40 21 den
678 542 45 14 som
740 535 70 28 ligger

61 569 65 29 kring
148 568 103 30 Päijänes
273 570 80 21 bassin.
383 570 85 28 Drager
484 577 50 14 man
554 570 46 21 äter
615 569 195 28 Päijänebassinen

61 604 56 21 ända
132 611 44 22 upp
191 604 33 22 till
238 604 134 28 Wiitasaari,
388 605 24 21 sä
427 605 69 21 mäste
512 611 58 21 man,
585 604 35 22 för
631 606 31 19 att
673 604 64 21 hafva
753 610 57 21 gagn

61 639 67 27 deraf,
148 639 73 28 bygga
239 646 27 14 en
285 639 72 27 kanal,
373 646 46 14 som
435 639 75 21 kostar
525 639 92 28 mycket.
647 639 58 21 Herr
720 638 89 22 Silfver-

61 680 53 15 svan
137 674 92 27 yttrade,
253 676 31 19 att
306 681 50 14 man
377 674 20 28 ej
416 674 67 21 borde
502 674 72 28 bygga
589 676 104 26 stumpar,
709 680 49 15 men
775 673 36 21 det

62 710 23 19 är
104 708 26 28 ju
153 708 117 28 meningen
293 710 32 19 att
348 708 61 22 dessä
431 711 98 26 stumpar
548 708 61 22 skola
631 708 67 22 blifva
713 708 60 21 delar
789 708 23 21 af

61 744 31 20 ett
111 742 138 29 fullständigt
270 745 88 26 system,
379 743 84 22 hvilket
482 744 64 20 äfven
560 743 69 21 finnes
644 744 7 20 i
666 743 80 28 nådiga
761 749 48 22 pro-

61 777 125 29 positionen
212 778 131 26 framstäldt;
367 778 63 21 deraf
451 778 61 21 torde
536 778 91 28 framgå,
649 779 33 20 att
705 777 106 21 utskottet

61 812 48 22 icke
130 812 104 28 uppgjort
253 812 38 21 sitt
305 812 83 29 förslag
403 813 24 21 så
441 813 90 21 alldeles
547 812 102 27 tanklöst,
665 814 52 19 utan
731 812 80 21 verkli-

61 854 42 21 gen
119 846 67 22 afsett
200 846 102 22 framtida
317 846 72 23 behof.
419 847 65 22 Hvad
498 847 51 21 herr
565 846 129 29 Stjernvalls
709 847 102 28 yttrande

62 888 35 15 om
112 881 146 28 Borgäbanan
273 881 108 27 beträffar,
397 882 24 21 sä
437 883 24 20 är
476 882 38 21 det
528 881 87 29 mycket
629 881 92 29 lyckligt
737 888 34 14 om
787 882 24 20 sä

61 916 105 22 förhäller
184 916 33 28 sig
237 923 46 14 som
304 916 42 21 han
363 918 55 26 sagt,
433 918 24 26 ty
472 917 7 20 i
495 916 76 21 sädant
586 916 38 21 fall
639 916 74 21 kunna
729 916 81 28 Borgä-

62 950 81 22 boerne
163 950 66 21 hafva
248 950 58 28 hopp
327 957 34 15 om
380 952 32 19 att
435 950 64 22 äfven
515 952 52 20 utan
583 950 128 21 ständernas
726 950 85 22 biträde

60 985 30 28 pä
104 987 31 19 ett
150 984 54 22 eller
219 986 66 20 annat
301 986 43 20 sätt
359 985 22 21 få
397 992 27 14 en
436 985 101 28 jernväg.
565 984 64 22 Hvad
644 985 101 27 slutligen
760 984 50 21 herr

62 1019 119 29 Stjernvall
196 1020 68 27 yttrat
280 1026 34 14 om
330 1019 198 27 bränvinsskatten,
539 1019 23 21 sä
573 1019 62 21 hafva
645 1018 76 22 endast
731 1021 80 19 tvenne

62 1053 63 22 ständ
140 1054 67 28 yttrat
223 1054 33 27 sig
271 1053 81 27 derom,
368 1054 40 20 och
424 1054 62 21 dessa
500 1055 80 19 tvenne
596 1053 62 21 ständ
674 1053 64 21 hafva
753 1055 58 19 stan-

62 1090 38 20 nat
118 1088 8 21 i
146 1088 141 28 temmeligen
308 1088 128 28 skiljaktiga
457 1088 78 27 beslut,
551 1088 23 21 sä
590 1089 32 19 att
637 1087 36 21 det
688 1089 23 19 är
727 1087 83 21 kanske

62 1123 67 27 nägot
144 1122 33 21 för
192 1122 65 28 tidigt
271 1124 32 20 att
318 1124 58 20 ännu
394 1122 49 22 med
459 1122 103 22 säkerhet
576 1122 69 22 räkna
660 1121 77 29 derpä;
761 1128 49 15 man

61 1158 40 21 bör
116 1157 49 21 icke
181 1157 54 29 sälja
251 1157 88 21 skinnet
353 1157 24 21 af
390 1158 101 28 björnen,
507 1157 67 21 innan
590 1156 41 22 den
647 1158 24 20 är
687 1156 94 28 skjuten.

130 1192 58 20 Herr
213 1192 146 28 Törngren:
391 1192 42 28 Jag
454 1192 39 21 vill
516 1191 56 21 blott
597 1194 86 24 nämna,
706 1193 32 19 att
761 1191 50 21 herr

62 1226 119 28 Stjernvall
197 1227 69 21 mäste
281 1226 64 22 hafva
361 1226 141 22 missförstätt
517 1226 49 21 mitt
580 1225 101 29 yttrande
696 1232 34 14 om
741 1227 70 20 trans-

62 1263 78 27 porten
155 1261 24 21 af
193 1261 78 21 bräder
286 1260 48 21 frän
349 1260 99 29 Päijäne.
472 1260 43 29 Jag
530 1260 39 22 har
585 1262 55 26 sagt,
655 1262 32 19 att
702 1260 47 21 frän
761 1260 49 22 Päi-

60 1296 53 28 jäne
128 1296 49 20 icke
190 1295 92 21 kommit
297 1296 68 27 nägra
380 1295 79 21 bräder
475 1295 34 21 till
524 1294 287 29 Helsingfors-Tavastehus

60 1330 100 27 jernväg,
180 1329 55 26 icke,
257 1330 70 20 såsom
348 1330 50 19 herr
417 1329 118 27 Stjernvall
552 1329 76 27 tyckes
643 1329 65 21 hafva
723 1330 88 20 förstått

62 1364 52 27 mig,
130 1364 32 19 att
178 1362 94 21 derifrån
293 1362 40 21 alls
348 1362 48 21 icke
411 1362 69 22 skulle
496 1363 66 21 hafva
576 1364 170 26 transporterats
763 1362 48 21 brä-

63 1396 44 23 der.
130 1396 44 29 Jag
188 1396 43 22 kan
247 1396 33 22 för
296 1396 66 29 öfrigt
377 1397 118 28 omöjligen
512 1396 50 22 dela
574 1396 51 22 herr
640 1403 42 15 von
694 1396 117 22 Kraemers

62 1432 58 29 åsigt
135 1432 80 27 derom,
231 1433 33 21 att
280 1431 27 22 då
317 1427 32 26 en
362 1432 94 29 jernväg
472 1432 56 21 skall
543 1432 118 27 fortsättas,
677 1432 24 21 så
716 1432 40 21 bör
769 1432 42 21 den
