986 1703
747 126 39 21 201

67 192 67 22 sande
154 192 51 21 ville
222 193 39 27 jag
278 192 106 22 likaledes
403 192 61 22 anslå
479 193 92 26 200,000
586 192 62 22 mark
663 192 6 21 i
685 193 69 21 likhet
767 193 50 21 med

67 227 118 21 utskottets
205 227 143 26 betänkande,
368 234 49 14 men
436 234 45 14 som
494 227 40 28 jag
549 227 69 21 under
633 228 97 27 punkten
747 228 13 21 2
774 228 43 20 litt.

67 261 20 21 A
97 261 114 28 föreslagit
223 262 90 26 100,000
324 262 61 20 mark
396 262 69 20 större
476 261 84 28 anslag,
576 264 27 18 än
615 262 44 20 deri
671 262 32 20 uti
714 262 104 21 utskotts-

67 295 126 21 sektionens
215 296 84 27 förslag
321 297 23 19 är
367 297 112 25 upptaget,
502 295 40 21 och
563 295 105 21 likaledes
684 296 69 28 enligt
768 296 49 20 mitt

68 329 83 28 förslag
173 329 27 20 de
223 329 69 21 under
315 330 41 23 litt.
379 329 19 20 B
421 331 111 26 upptagna
554 329 105 27 anslagen
681 329 88 22 komme
785 332 32 18 att

68 363 53 20 ökas
140 363 49 22 med
209 364 91 27 200,000
319 363 69 27 mark,
406 364 24 21 så
449 363 65 22 borde
533 363 38 21 det
586 363 34 21 till
635 363 182 22 kommunikatio-

68 404 79 14 nernas
168 398 164 21 fullkomnande
353 398 68 21 under
442 405 64 14 mom.
523 398 13 21 4
551 398 41 21 litt.
609 397 17 22 C
641 398 124 29 föreslagna
780 399 37 21 be-

67 432 76 29 loppet
163 432 111 22 nedsättas
293 432 33 21 till
346 433 112 26 1,500,000
473 432 68 27 mark,
558 432 33 21 för
607 434 31 19 att
654 433 25 21 de
692 433 125 28 påräknade

68 468 32 20 tre
123 467 160 28 fjerdedelarne
306 467 24 21 af
350 467 190 22 bränvinsskatten
564 468 19 27 ej
607 467 35 21 må
664 467 153 28 öfverskridas;

68 508 50 14 men
134 501 98 21 kommer
247 501 158 28 totalbeloppet
421 502 23 21 af
457 501 313 28 bränvinsbränningsskatten
785 504 34 19 att

67 542 79 21 genom
162 543 51 21 nyss
229 535 106 29 uppgifna
353 536 77 27 åtgärd
448 536 59 27 ökas,
525 536 85 21 utöfver
625 535 56 22 hvad
696 537 121 21 beräknadt

67 570 78 27 blifvit,
160 571 74 20 kunde
256 570 68 21 andra
339 570 84 21 hälften
442 571 24 21 af
483 571 59 21 detta
562 570 121 22 öfverskott
698 573 119 26 yttermera

67 605 72 20 anslås
161 605 35 21 för
216 611 83 15 samma
319 605 102 21 ändamål
441 605 52 22 eller
513 605 34 21 till
562 605 254 22 kommunikationernes

67 639 156 22 förbättrande.

135 674 35 21 Då
185 674 48 21 icke
249 674 68 28 några
332 673 217 22 ståndsmedlemmar
565 674 75 21 vidare
654 675 95 21 önskade
760 677 58 26 yttra

67 709 33 27 sig
115 709 6 20 i
139 708 73 28 saken,
223 708 137 28 uppmanade
372 708 50 21 herr
432 708 208 28 landtmarskalken,
649 709 69 28 jemte
730 710 86 21 tillkän-

66 744 132 28 nagifvande
213 745 32 19 att
261 743 151 21 diskussionen
428 744 6 20 i
452 743 88 21 ärendet
550 750 30 14 nu
590 750 51 15 vore
655 744 101 27 afslutad,
768 744 49 22 dem

67 778 23 21 af
108 778 162 28 ridderskapets
289 778 39 21 och
347 778 75 20 adelns
440 778 126 27 ledamöter,
586 778 74 22 hvilka
675 779 32 21 uti
723 779 47 21 sina
785 780 32 20 of-

65 812 137 22 vanberörda
217 812 155 28 andraganden
392 812 112 28 föreslagit
519 812 126 29 fördelning
661 814 33 20 till
709 814 108 21 bestämdt

69 848 78 28 belopp
162 848 24 20 af
199 848 42 20 den
260 847 153 28 presumerade
433 847 197 27 bränvinsskatten,
646 850 32 19 att
693 848 124 28 skriftligen

67 884 101 26 uppsätta
184 882 40 21 och
239 882 67 20 innan
320 881 175 29 morgondagens
505 882 160 22 sammanträde
675 882 84 28 ingifva
770 883 48 21 sina

66 917 8 21 i
95 917 59 21 detta
175 916 103 21 afseende
298 916 123 28 uppgjorda
441 917 87 27 förslag,
547 917 28 27 på
591 917 69 27 grund
675 917 79 21 hvaraf
767 917 51 21 herr

68 951 205 26 landtmarskalken,
290 950 33 21 för
338 950 88 28 frågans
443 951 88 28 slutliga
540 951 94 28 lösning,
651 951 123 21 förklarade
785 952 33 27 sig

67 986 27 21 då
112 986 54 28 vilja
183 986 35 20 för
239 985 87 21 ståndet
346 985 122 21 framställa
485 986 135 28 proposition
636 986 7 20 i
659 988 83 26 ämnet;
762 986 55 21 efter

67 1020 160 21 antecknandet
253 1020 78 21 hvaraf
355 1020 170 21 sammanträdet
550 1020 35 21 för
607 1020 8 20 i
638 1020 41 28 dag
705 1021 112 28 upphörde

68 1055 93 21 klockan
176 1056 33 19 tre
225 1056 64 27 qvart
303 1055 29 27 på
346 1054 48 28 fyra
411 1054 179 29 eftermiddagen.

565 1113 20 16 In
599 1112 58 17 fidem:

454 1145 78 20 Victor
549 1145 25 20 de
592 1146 22 19 Ia
630 1145 120 24 Chapelle.

234 1274 64 27 Den
318 1274 18 26 2
358 1272 80 38 april,
459 1273 40 27 kl.
523 1274 36 26 10
580 1273 19 26 f£.
620 1282 36 18 m.

136 1330 121 20 Fortsattes
273 1329 161 27 behandlingen
450 1329 24 20 af
487 1330 155 19 sammansatta
656 1328 111 20 ekonomi-
779 1328 40 21 och

68 1363 252 28 bevillningsutskottets
336 1363 68 20 första
420 1363 96 20 sektions
532 1362 138 21 betänkande
681 1362 7 20 i
699 1362 120 27 anledning

68 1397 24 22 af
105 1397 79 28 nädiga
200 1397 164 28 propositionen
380 1403 36 15 n:o
430 1397 26 20 38
472 1396 112 29 angäende
596 1396 169 29 tillverkningen
777 1396 40 22 och

69 1432 160 29 försäljningen
246 1432 23 21 af
281 1432 91 21 bränvin
388 1432 7 21 i
410 1431 80 22 landet.
