975 1711
211 154 41 20 698

183 219 7 21 i
206 219 199 21 konstitutionerna
425 219 36 20 vid
482 218 79 21 sådana
581 218 110 27 tillfällen,
711 219 27 20 då
759 225 25 14 en
801 218 131 28 föregående

184 255 77 26 regent
276 253 73 21 alltför
369 253 88 27 mycket
479 253 139 21 öfverskridit
634 253 32 20 sin
683 252 140 29 befogenhet,
839 253 70 20 såsom
926 252 7 21 i

184 287 90 28 Sverige
291 288 56 20 efter
364 288 61 26 1809,
441 287 55 21 efter
512 286 173 29 kejsaredömets
700 287 39 21 fall
754 287 7 20 i
776 286 122 21 Frankrike
915 293 18 14 o.

184 329 16 13 s.
215 329 19 14 v.
265 322 44 21 Det
331 323 24 19 är
375 321 76 21 endast
470 323 31 20 ett
521 321 104 29 palliativ,
641 328 47 14 som
704 328 50 14 man
770 321 68 21 under
854 321 80 21 sädana

184 356 56 22 tider
255 356 90 27 försökt,
361 356 34 20 för
410 358 32 19 att
457 356 73 28 undgå
544 356 74 21 vidare
634 355 66 21 vädor
716 356 24 21 af
751 363 83 13 samma
849 356 85 20 beskaf-

183 392 82 20 fenhet.
295 391 51 21 Men
367 390 118 22 förenande
505 390 45 29 mig
565 390 49 21 med
630 390 109 29 ätskilliga
754 390 133 28 föregäende
903 392 31 20 ta-

184 426 53 26 lare,
258 432 64 15 anser
343 425 62 21 äfven
419 426 38 28 jag
478 426 36 20 det
530 425 90 27 onödigt
635 427 32 19 att
683 426 51 27 ingä
749 426 6 20 i
772 425 122 21 diskussion
911 426 24 20 af

184 460 78 28 sjelfva
283 460 67 21 saken
371 460 41 20 och
432 460 33 21 får
484 460 56 21 blott
559 460 134 21 fortfarande
713 460 96 21 vidhålla
825 460 56 20 hvad
894 460 39 28 jag

183 497 74 27 yttrat.

252 530 103 20 Friherre
378 529 138 28 Carpelan:
541 529 50 21 Med
617 529 119 28 anledning
759 529 24 21 af
803 529 57 21 hvad
882 529 51 22 herr

184 564 123 21 Schauman
328 565 67 26 yttrat
415 564 80 27 derom,
516 565 32 19 att
567 563 54 21 Karl
640 564 56 20 XIV
712 571 37 13 var
765 565 67 19 utsatt
847 564 34 21 för
897 564 36 20 sitt

184 599 62 20 lands
261 598 65 26 tadel,
342 597 38 22 ber
393 598 39 27 jag
447 599 22 20 få
484 597 110 28 anmärka,
610 600 32 18 att
657 598 37 21 det
709 597 120 29 ingalunda
844 605 37 14 var
897 605 36 14 an-

184 633 140 27 svarigheten
340 632 38 21 hos
394 632 54 21 hans
463 633 117 25 ministrar,
596 639 45 14 som
653 632 86 21 vållade
753 632 66 27 detta,
829 634 24 27 ty
864 633 69 21 skulle

184 667 168 28 ansvarigheten
368 667 7 20 i
387 667 36 20 det
437 667 57 26 land,
510 667 38 20 der
563 666 42 21 den
620 667 77 27 finnes,
712 667 57 21 vålla
785 667 76 21 endast
876 667 58 21 tadel

184 703 46 20 mot
244 703 112 26 regenten,
379 701 24 20 så
419 701 69 21 skulle
504 701 35 21 väl
554 701 66 21 också
635 701 54 21 hans
705 701 134 28 efterföljare
849 701 85 21 träffats

185 736 67 21 deraf.
282 735 51 22 Icke
349 735 68 21 heller
433 737 36 20 vet
480 736 45 27 jag,
542 737 31 20 att
589 736 104 21 historien
709 736 28 27 på
753 736 66 28 något
830 738 43 19 sätt
884 736 49 21 stäl-

185 771 31 20 ler
237 770 26 21 de
283 771 109 27 regenter,
415 777 46 14 som
481 770 47 21 haft
550 770 116 27 ansvariga
686 770 117 27 ministrar,
827 770 60 28 lägre
906 772 27 19 än

186 805 55 26 dem,
258 811 46 14 som
319 804 48 21 icke
383 804 47 21 haft
445 805 86 20 sådana.
561 805 59 20 Herr
635 806 74 26 Arppe
726 804 39 22 har
779 805 72 21 anfört
862 811 73 15 exem-

185 840 36 28 pel
235 839 48 20 från
298 839 133 27 Frankrike;
447 839 95 21 derifrån
553 839 72 20 kunde
636 846 51 13 man
698 839 65 21 också
775 839 76 21 anföra
863 846 72 14 exem-

185 874 35 28 pel
236 874 29 27 på
279 875 109 26 regenter,
405 880 45 14 som
466 873 48 21 icke
525 873 46 21 haft
582 873 115 27 ansvariga
708 873 110 21 ministrar
829 874 40 20 och
880 874 55 21 dock

185 908 53 21 stått
253 908 84 28 ganska
351 908 46 27 lågt
413 908 57 20 inför
485 908 117 20 historiens
617 908 100 20 domstol.
747 907 134 22 Frankrikes
892 908 43 20 till-

185 942 63 22 stånd
268 942 68 22 under
355 942 86 27 Ludvig
460 942 55 21 XIV
534 942 39 21 och
588 942 44 20 XV
647 944 24 18 är
687 942 90 22 allmänt
792 942 74 22 kändt.
896 937 39 27 Äf-

184 984 41 14 ven
245 978 37 28 jag
303 977 68 21 måste
392 976 85 22 derföre
498 976 105 27 vidhålla,
625 976 56 21 hvad
699 978 39 27 jag
756 977 59 21 förut
835 978 6 20 i
862 980 73 21 ämnet

183 1013 73 27 yttrat.

253 1046 59 22 Herr
327 1045 161 28 Ehrnrooth,
503 1046 27 21 K.
546 1046 38 20 A.:
607 1046 75 21 Ehuru
700 1047 39 28 jag
759 1047 49 21 icke
828 1048 57 20 varit
899 1048 36 22 be-

186 1082 53 21 redd
254 1083 32 20 att
302 1080 107 29 uppträda
424 1081 7 20 i
447 1081 59 21 detta
522 1081 87 26 ärende,
625 1081 27 21 dä
667 1081 36 21 det
718 1081 49 22 icke
783 1082 83 21 funnits
882 1090 53 22 upp-

185 1117 61 27 taget
265 1115 28 27 pä
313 1114 172 28 dagordningen,
508 1115 98 22 anhåller
622 1115 41 28 jag
683 1116 56 21 dock
757 1117 52 20 att
803 1110 15 38 i
825 1118 74 21 ämnet
914 1118 21 21 få

185 1152 58 26 yttra
263 1150 68 27 några
351 1149 44 20 ord.
426 1149 76 28 Enligt
522 1150 41 20 den
584 1149 34 21 för
633 1151 52 20 våra
700 1150 235 28 riksdagsförhandlin-

186 1192 38 20 gar
240 1186 96 24 antagna
351 1183 100 28 ordning,
466 1184 88 21 hvilken
570 1184 40 20 har
626 1185 37 19 sitt
679 1184 48 21 stöd
743 1185 131 22 åtminstone
890 1187 6 20 i
908 1193 27 15 en

185 1217 36 23 vid
244 1218 70 20 denna
336 1217 104 29 landtdag
461 1218 70 28 aldrig
553 1218 136 28 frångången
712 1219 83 27 praxis,
816 1219 44 22 kan
880 1221 56 21 intet

186 1252 80 21 ärende
288 1252 40 19 hos
349 1252 138 20 riksstånden
510 1252 141 27 förekomma,
674 1254 67 19 innan
762 1253 37 20 det
818 1254 118 28 undergått

185 1286 136 28 granskning
337 1285 39 21 och
392 1286 72 20 blifvit
479 1285 111 21 förberedt
605 1286 31 20 uti
653 1286 66 28 något
734 1286 25 21 af
771 1287 27 20 de
814 1287 34 21 för
859 1288 77 21 sådant

184 1320 100 21 ändamål
299 1319 91 21 tillsatte
405 1320 93 27 utskott;
514 1320 23 20 så
552 1319 39 22 har
606 1320 96 21 förfarits
718 1320 49 22 med
783 1321 42 21 alla
839 1323 97 27 regerin-

185 1362 53 22 gens
254 1354 168 28 propositioner,
437 1354 63 22 äfven
516 1354 26 22 de
558 1356 56 20 mest
630 1355 131 29 obetydliga,
776 1357 14 20 t.
801 1364 33 14 ex.
846 1357 41 21 den
899 1365 34 14 om

185 1389 198 29 saltpetergärdens
407 1389 145 27 afskaffande;
576 1391 24 20 så
620 1390 39 20 har
678 1390 65 22 också
765 1390 98 22 förfarits
885 1392 49 21 med

185 1425 43 21 alla
248 1424 23 21 af
289 1424 100 21 enskilda
406 1424 216 22 ståndsmedlemmar
640 1425 124 21 inlemnade
783 1427 150 28 petitionsme-

186 1459 108 26 morialer,
309 1459 34 20 till
363 1459 40 21 och
419 1459 49 22 med
483 1459 27 21 då
526 1459 65 22 saken
608 1460 54 29 gällt
677 1461 56 22 blott
749 1467 26 16 en
791 1461 62 30 ringa
869 1462 66 31 utgift
