978 1714
742 127 40 20 495

64 203 27 14 en
115 196 66 27 skärf,
204 203 44 14 som
272 194 192 23 sammanräknadt
483 195 34 22 för
535 195 50 21 hela
600 195 74 20 landet
688 194 48 21 icke
752 194 61 21 torde

63 238 51 14 vara
135 231 117 27 obetydlig,
273 230 34 21 för
328 230 195 28 försoningslärans
545 229 133 22 utbredande
694 228 53 21 eller
762 229 50 21 mis-

63 265 147 21 sionsverkets
230 265 152 26 befordrande,
403 265 41 20 kan
458 265 40 28 jag
512 265 49 20 icke
576 265 54 20 fatta
646 265 30 20 att
692 263 59 24 detta
767 264 45 21 folk

63 300 20 26 ej
100 299 69 21 skulle
186 306 40 21 ega
246 299 67 27 något
328 299 71 28 öfrigt,
415 299 34 20 för
465 301 31 18 att
511 299 74 27 hjelpa
600 298 46 21 sina
662 298 85 21 lidande
764 299 48 20 brö-

64 333 38 21 der
117 334 7 20 i
140 334 104 28 Wiborgs
265 333 42 21 län.
337 333 45 21 Vår
399 333 103 22 trosläras
518 333 72 28 heliga
606 333 85 21 urkund
706 333 55 21 talar
777 340 34 15 om

63 368 42 21 den
121 369 56 28 gode
192 369 89 26 herden,
297 375 46 14 som
360 368 31 21 till
407 369 92 27 hjorden
515 369 81 20 återför
612 370 31 19 ett
653 367 110 22 förvilladt
773 368 39 21 får.

63 403 50 21 Han
133 403 64 22 söker
217 404 36 21 det
273 406 52 19 utan
346 405 51 26 rast,
412 403 42 21 han
471 403 50 28 skyr
537 403 74 22 dervid
627 404 51 27 inga
693 403 118 28 uppoffrin-

64 445 38 21 gar
123 438 39 21 och
182 439 42 20 han
240 439 68 20 slutar
324 439 47 20 icke
387 439 44 20 förr
447 440 26 19 än
490 438 42 21 han
549 438 71 21 funnit
636 438 42 21 det.
708 438 104 29 Tillämp-

63 473 82 28 ningen
166 473 24 21 af
202 473 71 22 denna
293 473 69 21 sköna
377 473 92 21 liknelse
485 474 28 27 på
528 473 37 21 det
579 473 69 21 finska
663 473 149 21 moderlandet

62 509 39 26 gör
117 508 33 27 sig
166 507 55 29 sjelf.

131 542 43 29 Jag
194 543 120 28 tillstyrker
334 542 73 22 derför
426 543 27 28 på
469 542 36 22 det
520 545 108 19 varmaste
644 543 132 28 antagandet
790 544 24 21 af

61 577 118 22 utskottets
201 578 143 21 omförmälda
366 577 88 28 förslag.
484 577 43 28 Jag
548 578 38 21 vill
606 578 20 27 ej
647 577 59 29 dölja
724 580 31 19 att
769 578 41 21 den

62 612 125 29 föreslagna
209 612 105 28 åtgärden
336 612 50 27 kan,
409 612 70 21 såsom
500 612 72 21 Götha
591 612 73 28 kanal,
684 613 67 21 blifva
767 614 45 27 ,sju

61 647 125 28 riksdagars
207 647 111 21 trätofrö*.
348 647 51 21 Men
419 647 92 21 slutförd
527 647 55 21 skall
598 647 41 21 den
655 648 7 20 i
678 647 68 22 likhet
761 648 50 21 med

61 682 94 21 nämnde
169 682 86 28 företag
270 682 98 21 medföra
383 682 89 21 samtids
483 682 40 21 och
535 682 127 21 efterverlds
672 682 139 28 välsignelse.

130 717 59 21 Herr
204 717 181 28 Gripenberg,
401 717 21 21 J.
438 717 27 20 U.
482 717 29 22 $.:
531 716 44 21 Det
590 717 39 21 har
642 717 72 21 blifvit
729 717 82 28 yttradt

62 752 88 21 sednast
173 752 6 19 i
201 752 39 27 går
259 753 33 19 att
311 751 162 29 ridderskapets
489 751 40 22 och
545 751 74 21 adelns
635 751 31 21 tid
682 753 23 19 är
721 751 90 28 dyrbar;

59 787 39 27 jag
121 787 108 20 erkänner
251 793 67 21 gerna
340 786 134 27 riktigheten
495 786 24 21 af
541 786 59 21 detta
620 786 125 27 pästäende,
761 793 49 14 men

62 828 63 14 anser
143 821 46 27 mig
208 821 67 21 likväl
294 821 52 20 böra
362 821 6 20 i
384 821 72 21 denna
474 821 83 28 vigtiga
572 820 61 28 fräga
649 822 53 27 göra
717 821 93 28 anspräk

62 857 27 27 pä
112 856 68 28 nägra
202 855 128 29 ögonblicks
352 855 199 28 uppmärksamhet.
581 855 43 28 Jag
646 857 24 19 är
691 856 53 21 visst
762 855 48 21 icke

63 890 66 22 därad
152 890 23 21 af
195 890 81 28 hoppet
299 892 31 19 att
353 892 52 26 göra
425 891 44 20 min
488 890 57 27 äsigt
565 890 108 27 gällande,
690 891 121 20 allraminst

61 925 67 22 sedan
151 925 41 21 den
215 925 102 21 sednaste
340 925 83 21 talaren
445 927 68 26 yttrat
537 925 33 27 sig
588 925 7 20 i
612 924 90 21 alldeles
722 927 88 19 motsatt

62 961 64 28 syfte,
149 967 49 14 men
220 959 28 22 dä
267 961 39 27 jag
330 960 41 21 kan
391 960 94 29 äberopa
503 967 27 14 en
547 960 26 20 16
589 959 34 21 ärs
639 959 132 27 erfarenhet,
787 960 24 21 sä

60 995 63 21 torde
146 995 36 20 det
204 995 132 20 åtminstone
359 995 66 27 något
447 997 56 26 väga
524 995 8 20 i
555 994 40 21 den
619 994 124 28 vägskälen,
764 1001 45 14 som

62 1030 98 21 kommer
180 1031 32 20 att
231 1029 76 28 afgöra
326 1029 82 28 frägan.
438 1029 32 22 Ur
485 1030 42 21 den
543 1029 87 28 kejserl.
646 1029 163 28 propositionen

61 1065 97 27 framgär
175 1064 160 28 ovedersägligt
350 1066 31 19 att
396 1065 28 20 H.
440 1064 27 21 K.
483 1064 50 21 M:ts
549 1064 67 27 afsigt
632 1064 39 21 och
688 1064 82 21 önskan
786 1066 24 19 är

62 1101 31 20 att
107 1100 28 27 pä
150 1099 80 28 fredlig
246 1101 41 26 väg
302 1099 149 22 ästadkomma
468 1099 40 22 och
519 1099 169 27 tillvägabringa
698 1100 31 19 ett
739 1099 71 20 bättre

62 1134 135 22 förhällande
225 1134 135 21 beträffande
386 1133 198 29 donationsgodsen
610 1133 6 21 i
639 1133 105 28 Wiborgs
767 1133 42 21 län.

63 1169 72 22 Också
151 1171 23 19 är
187 1169 39 28 jag
242 1169 128 28 öfvertygad
386 1176 34 13 om
436 1171 32 19 att
484 1169 41 20 den
542 1168 92 29 fredliga
645 1170 70 26 vägen
730 1170 24 19 är
769 1168 41 22 den

63 1204 55 22 enda
134 1205 62 25 rätta,
213 1210 46 14 som
276 1203 42 21 kan
334 1203 49 21 leda
397 1203 33 21 till
446 1205 31 19 ett
487 1203 95 28 äsyftadt
597 1203 107 20 ändamål.
727 1203 83 27 Hvarje

61 1238 163 29 tvängsätgärd,
244 1244 51 15 vare
316 1238 34 28 sig
370 1239 31 20 att
421 1237 41 22 den
483 1238 99 21 kommer
600 1239 32 19 att
648 1237 81 21 drabba
745 1237 65 21 dona-

62 1274 103 25 tarierne,
181 1273 26 20 de
224 1272 110 21 säkallade
347 1273 148 28 frälseegarne
511 1272 54 21 eller
580 1271 169 27 landbönderne,
766 1273 43 20 mä-

63 1311 33 18 ste
120 1307 144 28 ovilkorligen
285 1307 125 28 obehagligt
432 1307 87 28 ingripa
538 1307 7 20 i
566 1306 41 21 den
628 1306 109 21 enskildes
761 1308 49 19 rätt.

63 1343 51 20 Som
131 1348 27 14 en
174 1342 66 19 sädan
256 1341 76 27 ätgärd
348 1342 69 19 mäste
430 1343 39 25 jag
484 1341 101 20 betrakta
601 1341 117 20 utskottets
728 1341 82 25 förslag

62 1379 31 18 att
109 1375 117 21 ständerna
242 1375 71 20 skulle
328 1375 102 26 förklara,
449 1376 31 19 att
495 1375 33 19 för
544 1374 36 20 det
595 1374 99 26 äsyftade
709 1373 100 22 ändamä-

61 1410 42 22 lets
124 1409 140 28 fullständiga
282 1409 109 22 vinnande
410 1408 137 22 erfordrades
561 1408 20 28 ej
598 1408 84 21 mindre
698 1409 31 20 att
745 1407 65 22 dona-

61 1446 104 27 tarierne,
185 1445 55 21 efter
259 1444 110 29 förloppet
388 1443 24 22 af
431 1445 26 20 10
472 1443 23 22 &r
511 1443 57 22 ifrän
583 1442 41 22 den
639 1443 8 20 i
662 1442 77 22 sädant
753 1443 56 21 afse-
