1020 1714
215 136 41 21 732

185 200 330 28 bränvinsbevillningsafgiften
531 200 33 21 för
580 200 85 21 landets
680 199 197 22 framåtskridande
891 200 40 20 och

185 234 200 22 samhällsskickets
405 234 135 29 utveckling;
561 234 27 22 de
608 234 102 22 voterade
729 234 105 28 anslagen
854 235 79 27 utgöra

182 270 26 28 ju
228 270 123 28 uppenbart
371 271 32 19 ett
421 270 125 28 beviljande,
562 276 27 14 en
608 269 113 29 bevillning
736 269 34 21 för
784 270 58 21 vissa
858 269 74 22 tillfäl-

186 304 45 28 liga
245 304 73 22 behof.

254 339 43 29 Jag
317 338 39 22 har
376 339 50 21 hört
446 338 115 22 anmärkas
581 340 32 20 att
633 338 28 22 dä
675 338 32 21 uti
723 338 62 22 den
778 334 14 38 i
802 338 91 29 Sverige
908 340 24 21 är

188 374 54 21 1809
262 373 114 22 utfärdade
395 374 181 27 regeringsforms
594 372 130 22 omnämnda
739 373 41 21 och
794 373 96 22 citerade
905 374 28 21 60

186 409 12 27 8
214 408 71 22 såsom
300 408 122 28 bevillning
436 408 136 21 förekomma
587 408 65 20 äfven
662 408 135 27 tullmedlen,
808 415 50 15 men
870 408 63 22 dessa

186 444 20 26 ej
222 442 59 28 finge
294 442 24 22 af
332 442 116 21 ständerne
464 442 7 21 i
486 442 94 21 Finland
595 442 139 28 bestämmas,
749 442 126 28 skiljaktige
890 443 43 21 för-

186 477 116 21 hällanden
322 477 8 20 i
347 476 102 22 afseende
468 477 14 21 &
496 476 149 29 bevillningen
661 477 69 21 mäste
745 484 63 14 anses
824 477 109 21 förekom-

185 518 35 15 ma
242 512 40 20 här
304 511 7 21 i
334 511 75 21 landet
431 511 39 21 och
492 512 8 20 i
522 511 97 29 Sverige.
650 511 43 29 Jag
713 511 38 21 ber
773 513 31 19 att
822 512 22 21 få
858 512 75 21 härtill

186 546 100 29 genmäla
309 546 32 21 att
363 546 89 21 allmänt
475 546 92 22 erkändt
589 547 30 26 är,
642 546 36 22 det
701 546 138 22 tullsatserne
855 548 78 28 utgöra

185 581 122 28 bevillning
326 581 39 21 och
386 581 34 21 till
440 581 32 21 sin
493 583 64 20 natur
576 582 21 27 ej
619 581 74 22 kunna
710 588 52 15 vara
776 576 68 34 något
859 583 73 27 annat,

186 616 70 21 ehuru
273 616 90 28 konung
379 616 79 21 Gustaf
475 617 40 21 den
532 617 70 27 tredje
617 617 24 20 af
654 616 67 21 redan
737 616 143 22 härförinnan
895 624 37 14 an-

185 651 67 28 tydda
272 651 89 21 orsaker
381 651 99 21 uteslutit
500 651 116 22 ständerne
637 651 48 21 från
700 651 29 21 all
745 651 123 29 befattning
883 653 50 20 med

186 685 63 22 deras
272 685 111 22 ordnande
406 685 39 22 och
467 686 138 28 reglerande;
625 685 71 22 denna
714 685 161 30 inkonsegvens
893 687 40 22 har

186 728 50 14 man
257 720 40 21 ock
317 720 36 21 vid
372 720 72 21 denna
458 721 104 28 landtdag
577 720 67 21 redan
659 721 50 20 sökt
724 720 22 21 fä
760 720 86 28 häfven,
862 721 24 22 sä
901 723 32 20 att

186 755 66 27 nägot
268 754 47 21 stöd
331 755 24 20 af
368 754 94 21 nämnde
478 755 136 21 förhällande
629 755 49 21 icke
689 755 42 21 kan
746 755 86 21 hemtas
847 756 34 21 till
896 756 37 21 det

186 789 106 28 uppgifna
311 789 135 28 pästäendet.
476 790 39 20 Att
534 789 76 28 frägan
629 796 34 14 om
679 789 153 29 förändringar
847 791 7 20 i
869 790 64 22 brän-

186 824 216 28 vinslagstiftningen
419 823 71 22 blifvit
504 824 24 21 af
542 824 100 28 samtlige
657 824 138 21 riksständen
810 824 37 21 vid
862 825 72 22 denna

185 858 105 29 landtdag
311 858 149 21 öfverlemnad
482 858 65 22 äfven
569 858 33 21 till
626 858 248 29 bevillningsutskottets
890 860 43 21 för-

187 892 123 22 beredande
325 893 171 28 handläggning,
511 893 67 21 borde
601 893 35 21 väl
658 893 34 21 för
715 893 65 29 öfrigt
795 894 67 21 redan
877 894 8 21 i
901 895 33 29 sig

187 929 77 26 utgöra
281 929 30 20 ett
326 927 91 21 allmänt
432 927 140 22 erkännande
587 929 32 20 att
633 928 78 28 frägan
721 929 24 20 är
761 928 23 21 af
794 929 139 29 bevillnings-

185 964 71 19 natur.
286 961 71 22 Dessa
379 961 67 28 dagar
467 963 65 20 hafva
555 962 115 21 ständerna
693 963 64 21 äfven
777 963 114 28 föreslagit
906 971 27 14 en

185 996 141 28 beskattning
341 996 13 21 &
369 996 142 29 tillverkning
526 997 24 21 af
564 997 20 21 öl
599 997 41 21 och
650 999 81 26 porter,
748 1004 26 14 en
790 997 65 27 skatt,
871 998 62 22 hvar-

186 1038 35 14 om
239 1030 112 22 föreskrift
369 1031 81 21 influtit
470 1032 6 20 i
497 1031 78 28 sjelfva
589 1031 157 28 förordningen
762 1039 35 14 om
813 1032 120 29 bevillning

186 1066 40 20 och
246 1065 91 21 sålunda
357 1065 180 29 ovedersägligen
557 1068 23 18 är
601 1066 23 20 af
637 1066 203 28 bevillningsnatur.
870 1066 64 22 Skatt

185 1100 28 26 pä
232 1099 143 28 tillverkning
394 1099 24 20 af
437 1100 20 20 öl
479 1099 39 21 och
539 1101 74 27 porter
632 1106 51 14 vore
699 1100 91 21 sålunda
807 1100 126 29 bevillning,

185 1140 49 15 men
251 1133 58 21 skatt
323 1133 28 27 på
367 1133 141 29 tillverkning
524 1134 24 20 af
561 1134 91 21 bränvin
667 1141 52 14 vore
734 1134 37 21 det
786 1134 27 28 ej.
838 1134 43 29 Jag
894 1136 38 20 vill

184 1168 49 21 icke
256 1169 33 19 tro
312 1169 32 19 att
366 1167 104 21 Finlands
493 1168 100 28 upplyste
615 1168 88 22 ständer
722 1169 28 28 på
770 1170 68 21 allvar
858 1170 75 23 kunna

185 1202 95 22 vidhålla
295 1208 26 14 en
338 1202 66 20 sådan
420 1202 167 29 inkonseqvens.

252 1236 77 28 Högre
345 1236 39 22 och
400 1236 133 28 innerligare
548 1240 28 18 än
589 1238 39 27 jag
643 1237 42 21 kan
702 1239 20 25 ej
738 1239 72 27 någon
821 1240 69 20 önska
901 1242 32 19 att

185 1271 41 20 den
246 1271 34 19 för
300 1270 49 20 hela
365 1270 73 21 landet
454 1271 83 27 vigtiga
552 1270 77 28 frågan
644 1278 35 14 om
694 1272 237 29 bränvinslagstiftnin-

184 1311 55 21 gens
258 1303 110 21 ordnande
389 1304 55 20 efter
464 1304 209 22 tidsförhållandena
693 1306 40 21 och
753 1306 86 22 landets
859 1307 72 29 behof,

185 1339 71 21 såsom
271 1339 7 20 i
293 1338 109 29 väsentlig
417 1345 50 15 mon
482 1340 133 20 inverkande
630 1340 29 28 på
674 1340 48 22 dess
736 1341 196 24 framåtskridande

184 1374 8 21 i
207 1373 148 22 intellektuelt
371 1374 39 20 och
427 1374 109 21 materielt
546 1375 131 27 hänseende,
687 1376 67 22 måtte
766 1377 24 22 få
801 1377 33 21 sin
845 1378 88 29 lösning

185 1408 37 22 vid
237 1408 59 22 detta
311 1408 112 28 riksmöte;
438 1409 36 21 må
489 1409 36 22 det
539 1409 57 21 blott
613 1410 49 21 icke
677 1411 38 21 ske
731 1412 28 28 på
774 1412 121 22 bekostnad
910 1414 25 21 af

184 1444 53 21 våra
256 1443 143 29 grundlagars
425 1443 71 29 helgd,
519 1444 35 22 må
576 1444 56 22 blott
654 1445 48 22 icke
723 1446 35 22 för
780 1447 108 23 vinnande
910 1448 24 22 af
