<?xml version="1.0" encoding="UTF-8"?>
<alto xmlns="http://www.loc.gov/standards/alto/ns-v3#" xmlns:xlink="http://www.w3.org/1999/xlink" xmlns:xsi="http://www.w3.org/2001/XMLSchema-instance" xsi:schemaLocation="http://www.loc.gov/standards/alto/ns-v3# http://www.loc.gov/alto/v3/alto-3-0.xsd">
	<Description>
		<MeasurementUnit>pixel</MeasurementUnit>
		<sourceImageInformation>
			<fileName>/tmp/tess_rwyomkpw_input.PNG</fileName>
		</sourceImageInformation>
		<OCRProcessing ID="OCR_0">
			<ocrProcessingStep>
				<processingSoftware>
					<softwareName>tesseract 5.3.4</softwareName>
				</processingSoftware>
			</ocrProcessingStep>
		</OCRProcessing>
	</Description>
	<Layout>
		<Page WIDTH="978" HEIGHT="1731" PHYSICAL_IMG_NR="0" ID="page_0">
			<PrintSpace HPOS="0" VPOS="0" WIDTH="978" HEIGHT="1731">
				<ComposedBlock ID="cblock_0" HPOS="194" VPOS="154" WIDTH="41" HEIGHT="22">
					<TextBlock ID="block_0" HPOS="194" VPOS="154" WIDTH="41" HEIGHT="22">
						<TextLine ID="line_0" HPOS="194" VPOS="154" WIDTH="41" HEIGHT="22">
							<String ID="string_0" HPOS="194" VPOS="154" WIDTH="41" HEIGHT="22" WC="0.95" CONTENT="756"/>
						</TextLine>
					</TextBlock>
				</ComposedBlock>
				<ComposedBlock ID="cblock_1" HPOS="162" VPOS="218" WIDTH="755" HEIGHT="1290">
					<TextBlock ID="block_1" HPOS="165" VPOS="218" WIDTH="751" HEIGHT="59">
						<TextLine ID="line_1" HPOS="166" VPOS="218" WIDTH="750" HEIGHT="30">
							<String ID="string_1" HPOS="166" VPOS="222" WIDTH="32" HEIGHT="19" WC="0.95" CONTENT="ter"/><SP WIDTH="19" VPOS="222" HPOS="198"/>
							<String ID="string_2" HPOS="217" VPOS="221" WIDTH="36" HEIGHT="21" WC="0.96" CONTENT="väl"/><SP WIDTH="20" VPOS="221" HPOS="253"/>
							<String ID="string_3" HPOS="273" VPOS="221" WIDTH="85" HEIGHT="21" WC="0.96" CONTENT="ståndet"/><SP WIDTH="20" VPOS="221" HPOS="358"/>
							<String ID="string_4" HPOS="378" VPOS="220" WIDTH="47" HEIGHT="22" WC="0.96" CONTENT="icke"/><SP WIDTH="17" VPOS="220" HPOS="425"/>
							<String ID="string_5" HPOS="442" VPOS="220" WIDTH="75" HEIGHT="22" WC="0.96" CONTENT="inbilla"/><SP WIDTH="16" VPOS="220" HPOS="517"/>
							<String ID="string_6" HPOS="533" VPOS="220" WIDTH="40" HEIGHT="28" WC="0.96" CONTENT="sig,"/><SP WIDTH="15" VPOS="220" HPOS="573"/>
							<String ID="string_7" HPOS="588" VPOS="221" WIDTH="32" HEIGHT="20" WC="0.96" CONTENT="att"/><SP WIDTH="16" VPOS="221" HPOS="620"/>
							<String ID="string_8" HPOS="636" VPOS="219" WIDTH="86" HEIGHT="23" WC="0.96" CONTENT="ståndet"/><SP WIDTH="15" VPOS="219" HPOS="722"/>
							<String ID="string_9" HPOS="737" VPOS="227" WIDTH="29" HEIGHT="14" WC="0.95" CONTENT="nu"/><SP WIDTH="16" VPOS="227" HPOS="766"/>
							<String ID="string_10" HPOS="782" VPOS="218" WIDTH="134" HEIGHT="23" WC="0.95" CONTENT="fortfarande"/>
						</TextLine>
						<TextLine ID="line_2" HPOS="165" VPOS="255" WIDTH="314" HEIGHT="22">
							<String ID="string_11" HPOS="165" VPOS="262" WIDTH="52" HEIGHT="15" WC="0.96" CONTENT="vore"/><SP WIDTH="15" VPOS="262" HPOS="217"/>
							<String ID="string_12" HPOS="232" VPOS="255" WIDTH="84" HEIGHT="22" WC="0.96" CONTENT="bundet"/><SP WIDTH="15" VPOS="255" HPOS="316"/>
							<String ID="string_13" HPOS="331" VPOS="255" WIDTH="24" HEIGHT="22" WC="0.96" CONTENT="af"/><SP WIDTH="14" VPOS="255" HPOS="355"/>
							<String ID="string_14" HPOS="369" VPOS="255" WIDTH="59" HEIGHT="22" WC="0.95" CONTENT="detta"/><SP WIDTH="15" VPOS="255" HPOS="428"/>
							<String ID="string_15" HPOS="443" VPOS="255" WIDTH="36" HEIGHT="22" WC="0.96" CONTENT="fel."/>
						</TextLine>
					</TextBlock>
					<TextBlock ID="block_2" HPOS="164" VPOS="290" WIDTH="751" HEIGHT="205">
						<TextLine ID="line_3" HPOS="233" VPOS="290" WIDTH="682" HEIGHT="29">
							<String ID="string_16" HPOS="233" VPOS="291" WIDTH="59" HEIGHT="21" WC="0.93" CONTENT="Herr"/><SP WIDTH="20" VPOS="291" HPOS="292"/>
							<String ID="string_17" HPOS="312" VPOS="290" WIDTH="158" HEIGHT="29" WC="0.92" CONTENT="Björkenheim"/><SP WIDTH="20" VPOS="290" HPOS="470"/>
							<String ID="string_18" HPOS="490" VPOS="291" WIDTH="39" HEIGHT="21" WC="0.96" CONTENT="har"/><SP WIDTH="16" VPOS="291" HPOS="529"/>
							<String ID="string_19" HPOS="545" VPOS="290" WIDTH="69" HEIGHT="22" WC="0.96" CONTENT="likaså"/><SP WIDTH="16" VPOS="290" HPOS="614"/>
							<String ID="string_20" HPOS="630" VPOS="275" WIDTH="73" HEIGHT="37" WC="0.96" CONTENT="anfört"/><SP WIDTH="15" VPOS="275" HPOS="703"/>
							<String ID="string_21" HPOS="718" VPOS="298" WIDTH="26" HEIGHT="14" WC="0.96" CONTENT="en"/><SP WIDTH="16" VPOS="298" HPOS="744"/>
							<String ID="string_22" HPOS="760" VPOS="291" WIDTH="28" HEIGHT="28" WC="0.96" CONTENT="på"/><SP WIDTH="16" VPOS="291" HPOS="788"/>
							<String ID="string_23" HPOS="804" VPOS="291" WIDTH="111" HEIGHT="21" WC="0.96" CONTENT="bristande"/>
						</TextLine>
						<TextLine ID="line_4" HPOS="164" VPOS="325" WIDTH="751" HEIGHT="29">
							<String ID="string_24" HPOS="164" VPOS="326" WIDTH="60" HEIGHT="27" WC="0.95" CONTENT="logik"/><SP WIDTH="23" VPOS="326" HPOS="224"/>
							<String ID="string_25" HPOS="247" VPOS="326" WIDTH="99" HEIGHT="28" WC="0.96" CONTENT="grundad"/><SP WIDTH="22" VPOS="326" HPOS="346"/>
							<String ID="string_26" HPOS="368" VPOS="326" WIDTH="116" HEIGHT="28" WC="0.96" CONTENT="bevisning"/><SP WIDTH="22" VPOS="326" HPOS="484"/>
							<String ID="string_27" HPOS="506" VPOS="326" WIDTH="34" HEIGHT="21" WC="0.96" CONTENT="för"/><SP WIDTH="22" VPOS="326" HPOS="540"/>
							<String ID="string_28" HPOS="562" VPOS="325" WIDTH="38" HEIGHT="22" WC="0.96" CONTENT="sitt"/><SP WIDTH="20" VPOS="325" HPOS="600"/>
							<String ID="string_29" HPOS="620" VPOS="326" WIDTH="126" HEIGHT="28" WC="0.96" CONTENT="påstående,"/><SP WIDTH="17" VPOS="326" HPOS="746"/>
							<String ID="string_30" HPOS="763" VPOS="326" WIDTH="27" HEIGHT="21" WC="0.96" CONTENT="då"/><SP WIDTH="15" VPOS="326" HPOS="790"/>
							<String ID="string_31" HPOS="805" VPOS="326" WIDTH="43" HEIGHT="21" WC="0.96" CONTENT="han"/><SP WIDTH="16" VPOS="326" HPOS="848"/>
							<String ID="string_32" HPOS="864" VPOS="325" WIDTH="51" HEIGHT="22" WC="0.96" CONTENT="sade"/>
						</TextLine>
						<TextLine ID="line_5" HPOS="165" VPOS="355" WIDTH="750" HEIGHT="28">
							<String ID="string_33" HPOS="165" VPOS="362" WIDTH="31" HEIGHT="20" WC="0.93" CONTENT="att"/><SP WIDTH="15" VPOS="362" HPOS="196"/>
							<String ID="string_34" HPOS="211" VPOS="361" WIDTH="28" HEIGHT="21" WC="0.91" CONTENT="H."/><SP WIDTH="17" VPOS="361" HPOS="239"/>
							<String ID="string_35" HPOS="256" VPOS="361" WIDTH="28" HEIGHT="21" WC="0.89" CONTENT="M."/><SP WIDTH="16" VPOS="361" HPOS="284"/>
							<String ID="string_36" HPOS="300" VPOS="361" WIDTH="27" HEIGHT="22" WC="0.93" CONTENT="K."/><SP WIDTH="10" VPOS="361" HPOS="327"/>
							<String ID="string_37" HPOS="337" VPOS="355" WIDTH="81" HEIGHT="28" WC="0.96" CONTENT="tillåtit"/><SP WIDTH="19" VPOS="355" HPOS="418"/>
							<String ID="string_38" HPOS="437" VPOS="361" WIDTH="117" HEIGHT="22" WC="0.96" CONTENT="ständerna"/><SP WIDTH="16" VPOS="361" HPOS="554"/>
							<String ID="string_39" HPOS="570" VPOS="363" WIDTH="31" HEIGHT="19" WC="0.96" CONTENT="att"/><SP WIDTH="15" VPOS="363" HPOS="601"/>
							<String ID="string_40" HPOS="616" VPOS="361" WIDTH="85" HEIGHT="22" WC="0.93" CONTENT="fördela"/><SP WIDTH="16" VPOS="361" HPOS="701"/>
							<String ID="string_41" HPOS="717" VPOS="361" WIDTH="198" HEIGHT="22" WC="0.90" CONTENT="bränvinsskatten."/>
						</TextLine>
						<TextLine ID="line_6" HPOS="164" VPOS="396" WIDTH="751" HEIGHT="29">
							<String ID="string_42" HPOS="164" VPOS="396" WIDTH="43" HEIGHT="29" WC="0.96" CONTENT="Jag"/><SP WIDTH="22" VPOS="396" HPOS="207"/>
							<String ID="string_43" HPOS="229" VPOS="397" WIDTH="38" HEIGHT="21" WC="0.96" CONTENT="vill"/><SP WIDTH="24" VPOS="397" HPOS="267"/>
							<String ID="string_44" HPOS="291" VPOS="397" WIDTH="71" HEIGHT="27" WC="0.96" CONTENT="fråga:"/><SP WIDTH="23" VPOS="397" HPOS="362"/>
							<String ID="string_45" HPOS="385" VPOS="396" WIDTH="70" HEIGHT="21" WC="0.96" CONTENT="finnes"/><SP WIDTH="21" VPOS="396" HPOS="455"/>
							<String ID="string_46" HPOS="476" VPOS="396" WIDTH="36" HEIGHT="21" WC="0.97" CONTENT="det"/><SP WIDTH="21" VPOS="396" HPOS="512"/>
							<String ID="string_47" HPOS="533" VPOS="403" WIDTH="27" HEIGHT="14" WC="0.96" CONTENT="en"/><SP WIDTH="21" VPOS="403" HPOS="560"/>
							<String ID="string_48" HPOS="581" VPOS="396" WIDTH="71" HEIGHT="29" WC="0.96" CONTENT="skymt"/><SP WIDTH="21" VPOS="396" HPOS="652"/>
							<String ID="string_49" HPOS="673" VPOS="396" WIDTH="24" HEIGHT="22" WC="0.96" CONTENT="af"/><SP WIDTH="18" VPOS="396" HPOS="697"/>
							<String ID="string_50" HPOS="715" VPOS="396" WIDTH="60" HEIGHT="28" WC="0.92" CONTENT="logik"/><SP WIDTH="15" VPOS="396" HPOS="775"/>
							<String ID="string_51" HPOS="790" VPOS="396" WIDTH="60" HEIGHT="22" WC="0.92" CONTENT="deri?"/><SP WIDTH="30" VPOS="396" HPOS="850"/>
							<String ID="string_52" HPOS="880" VPOS="396" WIDTH="35" HEIGHT="21" WC="0.96" CONTENT="Då"/>
						</TextLine>
						<TextLine ID="line_7" HPOS="164" VPOS="431" WIDTH="751" HEIGHT="28">
							<String ID="string_53" HPOS="164" VPOS="431" WIDTH="29" HEIGHT="21" WC="0.89" CONTENT="H."/><SP WIDTH="15" VPOS="431" HPOS="193"/>
							<String ID="string_54" HPOS="208" VPOS="431" WIDTH="29" HEIGHT="22" WC="0.88" CONTENT="M."/><SP WIDTH="16" VPOS="431" HPOS="237"/>
							<String ID="string_55" HPOS="253" VPOS="431" WIDTH="28" HEIGHT="21" WC="0.91" CONTENT="K."/><SP WIDTH="15" VPOS="431" HPOS="281"/>
							<String ID="string_56" HPOS="296" VPOS="431" WIDTH="76" HEIGHT="22" WC="0.96" CONTENT="tillåtit"/><SP WIDTH="20" VPOS="431" HPOS="372"/>
							<String ID="string_57" HPOS="392" VPOS="431" WIDTH="117" HEIGHT="22" WC="0.96" CONTENT="ständerna"/><SP WIDTH="15" VPOS="431" HPOS="509"/>
							<String ID="string_58" HPOS="524" VPOS="433" WIDTH="32" HEIGHT="20" WC="0.95" CONTENT="att"/><SP WIDTH="16" VPOS="433" HPOS="556"/>
							<String ID="string_59" HPOS="572" VPOS="431" WIDTH="84" HEIGHT="22" WC="0.93" CONTENT="fördela"/><SP WIDTH="21" VPOS="431" HPOS="656"/>
							<String ID="string_60" HPOS="677" VPOS="432" WIDTH="198" HEIGHT="27" WC="0.92" CONTENT="bränvinsskatten,"/><SP WIDTH="16" VPOS="432" HPOS="875"/>
							<String ID="string_61" HPOS="891" VPOS="433" WIDTH="24" HEIGHT="19" WC="0.96" CONTENT="är"/>
						</TextLine>
						<TextLine ID="line_8" HPOS="165" VPOS="465" WIDTH="735" HEIGHT="30">
							<String ID="string_62" HPOS="165" VPOS="465" WIDTH="36" HEIGHT="22" WC="0.93" CONTENT="det"/><SP WIDTH="15" VPOS="465" HPOS="201"/>
							<String ID="string_63" HPOS="216" VPOS="466" WIDTH="87" HEIGHT="21" WC="0.92" CONTENT="derföre"/><SP WIDTH="16" VPOS="466" HPOS="303"/>
							<String ID="string_64" HPOS="319" VPOS="468" WIDTH="54" HEIGHT="27" WC="0.96" CONTENT="sagt,"/><SP WIDTH="15" VPOS="468" HPOS="373"/>
							<String ID="string_65" HPOS="388" VPOS="468" WIDTH="32" HEIGHT="20" WC="0.93" CONTENT="att"/><SP WIDTH="15" VPOS="468" HPOS="420"/>
							<String ID="string_66" HPOS="435" VPOS="467" WIDTH="191" HEIGHT="22" WC="0.92" CONTENT="bränvinsskatten"/><SP WIDTH="16" VPOS="467" HPOS="626"/>
							<String ID="string_67" HPOS="642" VPOS="468" WIDTH="63" HEIGHT="27" WC="0.96" CONTENT="utgör"/><SP WIDTH="16" VPOS="468" HPOS="705"/>
							<String ID="string_68" HPOS="721" VPOS="474" WIDTH="27" HEIGHT="14" WC="0.93" CONTENT="en"/><SP WIDTH="16" VPOS="474" HPOS="748"/>
							<String ID="string_69" HPOS="764" VPOS="467" WIDTH="136" HEIGHT="28" WC="0.91" CONTENT="bevillning?"/>
						</TextLine>
					</TextBlock>
					<TextBlock ID="block_3" HPOS="164" VPOS="501" WIDTH="753" HEIGHT="275">
						<TextLine ID="line_9" HPOS="232" VPOS="501" WIDTH="683" HEIGHT="30">
							<String ID="string_70" HPOS="232" VPOS="501" WIDTH="51" HEIGHT="22" WC="0.93" CONTENT="Med"/><SP WIDTH="22" VPOS="501" HPOS="283"/>
							<String ID="string_71" HPOS="305" VPOS="501" WIDTH="88" HEIGHT="22" WC="0.88" CONTENT="ledsnad"/><SP WIDTH="23" VPOS="501" HPOS="393"/>
							<String ID="string_72" HPOS="416" VPOS="502" WIDTH="39" HEIGHT="21" WC="0.96" CONTENT="har"/><SP WIDTH="20" VPOS="502" HPOS="455"/>
							<String ID="string_73" HPOS="475" VPOS="503" WIDTH="40" HEIGHT="28" WC="0.96" CONTENT="jag"/><SP WIDTH="21" VPOS="503" HPOS="515"/>
							<String ID="string_74" HPOS="536" VPOS="501" WIDTH="50" HEIGHT="22" WC="0.92" CONTENT="hört"/><SP WIDTH="22" VPOS="501" HPOS="586"/>
							<String ID="string_75" HPOS="608" VPOS="501" WIDTH="93" HEIGHT="22" WC="0.94" CONTENT="friherre"/><SP WIDTH="20" VPOS="501" HPOS="701"/>
							<String ID="string_76" HPOS="721" VPOS="501" WIDTH="107" HEIGHT="30" WC="0.96" CONTENT="Carpelan"/><SP WIDTH="17" VPOS="501" HPOS="828"/>
							<String ID="string_77" HPOS="845" VPOS="502" WIDTH="70" HEIGHT="21" WC="0.96" CONTENT="tillåta"/>
						</TextLine>
						<TextLine ID="line_10" HPOS="166" VPOS="537" WIDTH="748" HEIGHT="29">
							<String ID="string_78" HPOS="166" VPOS="537" WIDTH="32" HEIGHT="28" WC="0.96" CONTENT="sig"/><SP WIDTH="16" VPOS="537" HPOS="198"/>
							<String ID="string_79" HPOS="214" VPOS="538" WIDTH="31" HEIGHT="20" WC="0.93" CONTENT="ett"/><SP WIDTH="16" VPOS="538" HPOS="245"/>
							<String ID="string_80" HPOS="261" VPOS="537" WIDTH="137" HEIGHT="28" WC="0.92" CONTENT="försmädligt"/><SP WIDTH="15" VPOS="537" HPOS="398"/>
							<String ID="string_81" HPOS="413" VPOS="537" WIDTH="88" HEIGHT="29" WC="0.96" CONTENT="uttryck"/><SP WIDTH="15" VPOS="537" HPOS="501"/>
							<String ID="string_82" HPOS="516" VPOS="539" WIDTH="59" HEIGHT="20" WC="0.96" CONTENT="emot"/><SP WIDTH="15" VPOS="539" HPOS="575"/>
							<String ID="string_83" HPOS="590" VPOS="537" WIDTH="122" HEIGHT="22" WC="0.87" CONTENT="Gustaf"/><SP WIDTH="-29" VPOS="537" HPOS="712"/>
							<String ID="string_84" HPOS="683" VPOS="533" WIDTH="34" HEIGHT="37" WC="0.87" CONTENT="III"/><SP WIDTH="10" VPOS="533" HPOS="717"/>
							<String ID="string_85" HPOS="727" VPOS="537" WIDTH="81" HEIGHT="28" WC="0.96" CONTENT="derom,"/><SP WIDTH="16" VPOS="537" HPOS="808"/>
							<String ID="string_86" HPOS="824" VPOS="539" WIDTH="32" HEIGHT="20" WC="0.96" CONTENT="att"/><SP WIDTH="16" VPOS="539" HPOS="856"/>
							<String ID="string_87" HPOS="872" VPOS="537" WIDTH="42" HEIGHT="21" WC="0.96" CONTENT="han"/>
						</TextLine>
						<TextLine ID="line_11" HPOS="164" VPOS="572" WIDTH="750" HEIGHT="29">
							<String ID="string_88" HPOS="164" VPOS="572" WIDTH="71" HEIGHT="21" WC="0.93" CONTENT="skulle"/><SP WIDTH="21" VPOS="572" HPOS="235"/>
							<String ID="string_89" HPOS="256" VPOS="572" WIDTH="106" HEIGHT="22" WC="0.93" CONTENT="väldsamt"/><SP WIDTH="20" VPOS="572" HPOS="362"/>
							<String ID="string_90" HPOS="382" VPOS="573" WIDTH="100" HEIGHT="28" WC="0.92" CONTENT="tillegnat"/><SP WIDTH="18" VPOS="573" HPOS="482"/>
							<String ID="string_91" HPOS="500" VPOS="572" WIDTH="33" HEIGHT="29" WC="0.93" CONTENT="sig"/><SP WIDTH="15" VPOS="572" HPOS="533"/>
							<String ID="string_92" HPOS="548" VPOS="572" WIDTH="366" HEIGHT="29" WC="0.90" CONTENT="bränvinsbränningsrättigheten."/>
						</TextLine>
						<TextLine ID="line_12" HPOS="164" VPOS="607" WIDTH="753" HEIGHT="30">
							<String ID="string_93" HPOS="164" VPOS="607" WIDTH="57" HEIGHT="22" WC="0.92" CONTENT="Hela"/><SP WIDTH="20" VPOS="607" HPOS="221"/>
							<String ID="string_94" HPOS="241" VPOS="609" WIDTH="48" HEIGHT="20" WC="0.96" CONTENT="vårt"/><SP WIDTH="20" VPOS="609" HPOS="289"/>
							<String ID="string_95" HPOS="309" VPOS="608" WIDTH="117" HEIGHT="21" WC="0.93" CONTENT="statsskick"/><SP WIDTH="20" VPOS="608" HPOS="426"/>
							<String ID="string_96" HPOS="446" VPOS="607" WIDTH="70" HEIGHT="23" WC="0.93" CONTENT="hvilar"/><SP WIDTH="20" VPOS="607" HPOS="516"/>
							<String ID="string_97" HPOS="536" VPOS="608" WIDTH="28" HEIGHT="28" WC="0.96" CONTENT="pä"/><SP WIDTH="20" VPOS="608" HPOS="564"/>
							<String ID="string_98" HPOS="584" VPOS="608" WIDTH="70" HEIGHT="21" WC="0.93" CONTENT="denna"/><SP WIDTH="16" VPOS="608" HPOS="654"/>
							<String ID="string_99" HPOS="670" VPOS="608" WIDTH="132" HEIGHT="22" WC="0.96" CONTENT="våldsamma"/><SP WIDTH="15" VPOS="608" HPOS="802"/>
							<String ID="string_100" HPOS="817" VPOS="608" WIDTH="59" HEIGHT="29" WC="0.96" CONTENT="kupp"/><SP WIDTH="16" VPOS="608" HPOS="876"/>
							<String ID="string_101" HPOS="892" VPOS="608" WIDTH="25" HEIGHT="21" WC="0.95" CONTENT="af"/>
						</TextLine>
						<TextLine ID="line_13" HPOS="165" VPOS="643" WIDTH="750" HEIGHT="29">
							<String ID="string_102" HPOS="165" VPOS="643" WIDTH="70" HEIGHT="21" WC="0.93" CONTENT="denne"/><SP WIDTH="15" VPOS="643" HPOS="235"/>
							<String ID="string_103" HPOS="250" VPOS="643" WIDTH="90" HEIGHT="28" WC="0.96" CONTENT="konung"/><SP WIDTH="16" VPOS="643" HPOS="340"/>
							<String ID="string_104" HPOS="356" VPOS="643" WIDTH="39" HEIGHT="21" WC="0.96" CONTENT="och"/><SP WIDTH="14" VPOS="643" HPOS="395"/>
							<String ID="string_105" HPOS="409" VPOS="643" WIDTH="21" HEIGHT="21" WC="0.96" CONTENT="vi"/><SP WIDTH="15" VPOS="643" HPOS="430"/>
							<String ID="string_106" HPOS="445" VPOS="643" WIDTH="35" HEIGHT="22" WC="0.93" CONTENT="mä"/><SP WIDTH="10" VPOS="643" HPOS="480"/>
							<String ID="string_107" HPOS="490" VPOS="643" WIDTH="64" HEIGHT="21" WC="0.95" CONTENT="tacka"/><SP WIDTH="10" VPOS="643" HPOS="554"/>
							<String ID="string_108" HPOS="564" VPOS="643" WIDTH="79" HEIGHT="21" WC="0.96" CONTENT="honom"/><SP WIDTH="11" VPOS="643" HPOS="643"/>
							<String ID="string_109" HPOS="654" VPOS="643" WIDTH="35" HEIGHT="22" WC="0.96" CONTENT="för"/><SP WIDTH="10" VPOS="643" HPOS="689"/>
							<String ID="string_110" HPOS="699" VPOS="644" WIDTH="33" HEIGHT="20" WC="0.95" CONTENT="att"/><SP WIDTH="10" VPOS="644" HPOS="732"/>
							<String ID="string_111" HPOS="742" VPOS="644" WIDTH="42" HEIGHT="20" WC="0.96" CONTENT="han"/><SP WIDTH="12" VPOS="644" HPOS="784"/>
							<String ID="string_112" HPOS="796" VPOS="644" WIDTH="24" HEIGHT="20" WC="0.93" CONTENT="sä"/><SP WIDTH="10" VPOS="644" HPOS="820"/>
							<String ID="string_113" HPOS="830" VPOS="643" WIDTH="85" HEIGHT="29" WC="0.96" CONTENT="gjorde."/>
						</TextLine>
						<TextLine ID="line_14" HPOS="164" VPOS="677" WIDTH="751" HEIGHT="22">
							<String ID="string_114" HPOS="164" VPOS="677" WIDTH="76" HEIGHT="22" WC="0.93" CONTENT="Skulle"/><SP WIDTH="15" VPOS="677" HPOS="240"/>
							<String ID="string_115" HPOS="255" VPOS="679" WIDTH="19" HEIGHT="20" WC="0.96" CONTENT="vi"/><SP WIDTH="17" VPOS="679" HPOS="274"/>
							<String ID="string_116" HPOS="291" VPOS="677" WIDTH="69" HEIGHT="22" WC="0.96" CONTENT="under"/><SP WIDTH="15" VPOS="677" HPOS="360"/>
							<String ID="string_117" HPOS="375" VPOS="678" WIDTH="37" HEIGHT="21" WC="0.93" CONTENT="det"/><SP WIDTH="15" VPOS="678" HPOS="412"/>
							<String ID="string_118" HPOS="427" VPOS="677" WIDTH="116" HEIGHT="22" WC="0.93" CONTENT="statsskick"/><SP WIDTH="17" VPOS="677" HPOS="543"/>
							<String ID="string_119" HPOS="560" VPOS="678" WIDTH="21" HEIGHT="21" WC="0.97" CONTENT="vi"/><SP WIDTH="15" VPOS="678" HPOS="581"/>
							<String ID="string_120" HPOS="596" VPOS="677" WIDTH="55" HEIGHT="22" WC="0.84" CONTENT="hade"/><SP WIDTH="11" VPOS="677" HPOS="651"/>
							<String ID="string_121" HPOS="662" VPOS="678" WIDTH="47" HEIGHT="21" WC="0.84" CONTENT="före"/><SP WIDTH="12" VPOS="678" HPOS="709"/>
							<String ID="string_122" HPOS="721" VPOS="677" WIDTH="80" HEIGHT="22" WC="0.96" CONTENT="Gustaf"/><SP WIDTH="8" VPOS="677" HPOS="801"/>
							<String ID="string_123" HPOS="809" VPOS="677" WIDTH="35" HEIGHT="22" WC="0.93" CONTENT="III"/><SP WIDTH="10" VPOS="677" HPOS="844"/>
							<String ID="string_124" HPOS="854" VPOS="679" WIDTH="61" HEIGHT="20" WC="0.93" CONTENT="kom-"/>
						</TextLine>
						<TextLine ID="line_15" HPOS="164" VPOS="713" WIDTH="750" HEIGHT="28">
							<String ID="string_125" HPOS="164" VPOS="713" WIDTH="39" HEIGHT="20" WC="0.96" CONTENT="mit"/><SP WIDTH="19" VPOS="713" HPOS="203"/>
							<String ID="string_126" HPOS="222" VPOS="713" WIDTH="6" HEIGHT="20" WC="0.93" CONTENT="i"/><SP WIDTH="21" VPOS="713" HPOS="228"/>
							<String ID="string_127" HPOS="249" VPOS="713" WIDTH="52" HEIGHT="21" WC="0.96" CONTENT="våra"/><SP WIDTH="20" VPOS="713" HPOS="301"/>
							<String ID="string_128" HPOS="321" VPOS="713" WIDTH="125" HEIGHT="22" WC="0.93" CONTENT="nuvarande"/><SP WIDTH="19" VPOS="713" HPOS="446"/>
							<String ID="string_129" HPOS="465" VPOS="713" WIDTH="159" HEIGHT="26" WC="0.95" CONTENT="förhållanden,"/><SP WIDTH="18" VPOS="713" HPOS="624"/>
							<String ID="string_130" HPOS="642" VPOS="715" WIDTH="24" HEIGHT="19" WC="0.96" CONTENT="är"/><SP WIDTH="13" VPOS="715" HPOS="666"/>
							<String ID="string_131" HPOS="679" VPOS="713" WIDTH="40" HEIGHT="28" WC="0.93" CONTENT="jag"/><SP WIDTH="15" VPOS="713" HPOS="719"/>
							<String ID="string_132" HPOS="734" VPOS="713" WIDTH="132" HEIGHT="22" WC="0.92" CONTENT="åtminstone"/><SP WIDTH="16" VPOS="713" HPOS="866"/>
							<String ID="string_133" HPOS="882" VPOS="713" WIDTH="32" HEIGHT="22" WC="0.92" CONTENT="öf-"/>
						</TextLine>
						<TextLine ID="line_16" HPOS="164" VPOS="747" WIDTH="712" HEIGHT="29">
							<String ID="string_134" HPOS="164" VPOS="748" WIDTH="105" HEIGHT="28" WC="0.91" CONTENT="vertygad"/><SP WIDTH="17" VPOS="748" HPOS="269"/>
							<String ID="string_135" HPOS="286" VPOS="755" WIDTH="41" HEIGHT="20" WC="0.96" CONTENT="om,"/><SP WIDTH="16" VPOS="755" HPOS="327"/>
							<String ID="string_136" HPOS="343" VPOS="750" WIDTH="32" HEIGHT="20" WC="0.96" CONTENT="att"/><SP WIDTH="14" VPOS="750" HPOS="375"/>
							<String ID="string_137" HPOS="389" VPOS="748" WIDTH="21" HEIGHT="21" WC="0.96" CONTENT="vi"/><SP WIDTH="15" VPOS="748" HPOS="410"/>
							<String ID="string_138" HPOS="425" VPOS="748" WIDTH="6" HEIGHT="21" WC="0.96" CONTENT="i"/><SP WIDTH="16" VPOS="748" HPOS="431"/>
							<String ID="string_139" HPOS="447" VPOS="748" WIDTH="72" HEIGHT="21" WC="0.93" CONTENT="denna"/><SP WIDTH="15" VPOS="748" HPOS="519"/>
							<String ID="string_140" HPOS="534" VPOS="747" WIDTH="64" HEIGHT="22" WC="0.92" CONTENT="stund"/><SP WIDTH="16" VPOS="747" HPOS="598"/>
							<String ID="string_141" HPOS="614" VPOS="748" WIDTH="48" HEIGHT="22" WC="0.92" CONTENT="icke"/><SP WIDTH="16" VPOS="748" HPOS="662"/>
							<String ID="string_142" HPOS="678" VPOS="748" WIDTH="71" HEIGHT="22" WC="0.93" CONTENT="skulle"/><SP WIDTH="16" VPOS="748" HPOS="749"/>
							<String ID="string_143" HPOS="765" VPOS="749" WIDTH="54" HEIGHT="21" WC="0.91" CONTENT="sitta"/><SP WIDTH="11" VPOS="749" HPOS="819"/>
							<String ID="string_144" HPOS="830" VPOS="749" WIDTH="46" HEIGHT="21" WC="0.96" CONTENT="här."/>
						</TextLine>
					</TextBlock>
					<TextBlock ID="block_4" HPOS="162" VPOS="818" WIDTH="753" HEIGHT="690">
						<TextLine ID="line_17" HPOS="231" VPOS="818" WIDTH="682" HEIGHT="30">
							<String ID="string_145" HPOS="231" VPOS="819" WIDTH="116" HEIGHT="21" WC="0.91" CONTENT="Anmältes"/><SP WIDTH="22" VPOS="819" HPOS="347"/>
							<String ID="string_146" HPOS="369" VPOS="818" WIDTH="41" HEIGHT="22" WC="0.93" CONTENT="och"/><SP WIDTH="23" VPOS="818" HPOS="410"/>
							<String ID="string_147" HPOS="433" VPOS="821" WIDTH="107" HEIGHT="27" WC="0.91" CONTENT="emottogs"/><SP WIDTH="23" VPOS="821" HPOS="540"/>
							<String ID="string_148" HPOS="563" VPOS="827" WIDTH="26" HEIGHT="14" WC="0.93" CONTENT="en"/><SP WIDTH="24" VPOS="827" HPOS="589"/>
							<String ID="string_149" HPOS="613" VPOS="819" WIDTH="127" HEIGHT="29" WC="0.89" CONTENT="deputation"/><SP WIDTH="22" VPOS="819" HPOS="740"/>
							<String ID="string_150" HPOS="762" VPOS="819" WIDTH="47" HEIGHT="21" WC="0.93" CONTENT="frän"/><SP WIDTH="21" VPOS="819" HPOS="809"/>
							<String ID="string_151" HPOS="830" VPOS="821" WIDTH="83" HEIGHT="26" WC="0.92" CONTENT="presta-"/>
						</TextLine>
						<TextLine ID="line_18" HPOS="164" VPOS="853" WIDTH="749" HEIGHT="30">
							<String ID="string_152" HPOS="164" VPOS="853" WIDTH="93" HEIGHT="28" WC="0.92" CONTENT="ständet,"/><SP WIDTH="22" VPOS="853" HPOS="257"/>
							<String ID="string_153" HPOS="279" VPOS="854" WIDTH="77" HEIGHT="21" WC="0.92" CONTENT="anförd"/><SP WIDTH="18" VPOS="854" HPOS="356"/>
							<String ID="string_154" HPOS="374" VPOS="854" WIDTH="24" HEIGHT="21" WC="0.93" CONTENT="af"/><SP WIDTH="17" VPOS="854" HPOS="398"/>
							<String ID="string_155" HPOS="415" VPOS="854" WIDTH="49" HEIGHT="22" WC="0.93" CONTENT="herr"/><SP WIDTH="16" VPOS="854" HPOS="464"/>
							<String ID="string_156" HPOS="480" VPOS="856" WIDTH="89" HEIGHT="27" WC="0.92" CONTENT="prosten"/><SP WIDTH="15" VPOS="856" HPOS="569"/>
							<String ID="string_157" HPOS="584" VPOS="854" WIDTH="28" HEIGHT="22" WC="0.96" CONTENT="H."/><SP WIDTH="16" VPOS="854" HPOS="612"/>
							<String ID="string_158" HPOS="628" VPOS="854" WIDTH="89" HEIGHT="28" WC="0.96" CONTENT="Heikel,"/><SP WIDTH="16" VPOS="854" HPOS="717"/>
							<String ID="string_159" HPOS="733" VPOS="861" WIDTH="46" HEIGHT="14" WC="0.93" CONTENT="som"/><SP WIDTH="17" VPOS="861" HPOS="779"/>
							<String ID="string_160" HPOS="796" VPOS="855" WIDTH="117" HEIGHT="20" WC="0.92" CONTENT="tillkänna-"/>
						</TextLine>
						<TextLine ID="line_19" HPOS="164" VPOS="889" WIDTH="750" HEIGHT="29">
							<String ID="string_161" HPOS="164" VPOS="889" WIDTH="46" HEIGHT="28" WC="0.91" CONTENT="gaf:"/><SP WIDTH="17" VPOS="889" HPOS="210"/>
							<String ID="string_162" HPOS="227" VPOS="889" WIDTH="41" HEIGHT="28" WC="0.91" CONTENT="1:0)"/><SP WIDTH="16" VPOS="889" HPOS="268"/>
							<String ID="string_163" HPOS="284" VPOS="891" WIDTH="32" HEIGHT="19" WC="0.93" CONTENT="att"/><SP WIDTH="16" VPOS="891" HPOS="316"/>
							<String ID="string_164" HPOS="332" VPOS="889" WIDTH="99" HEIGHT="22" WC="0.92" CONTENT="bemälde"/><SP WIDTH="15" VPOS="889" HPOS="431"/>
							<String ID="string_165" HPOS="446" VPOS="890" WIDTH="62" HEIGHT="21" WC="0.92" CONTENT="ständ"/><SP WIDTH="12" VPOS="890" HPOS="508"/>
							<String ID="string_166" HPOS="520" VPOS="889" WIDTH="84" HEIGHT="28" WC="0.93" CONTENT="antagit"/><SP WIDTH="9" VPOS="889" HPOS="604"/>
							<String ID="string_167" HPOS="613" VPOS="889" WIDTH="164" HEIGHT="29" WC="0.92" CONTENT="ridderskapets"/><SP WIDTH="11" VPOS="889" HPOS="777"/>
							<String ID="string_168" HPOS="788" VPOS="890" WIDTH="38" HEIGHT="21" WC="0.93" CONTENT="och"/><SP WIDTH="12" VPOS="890" HPOS="826"/>
							<String ID="string_169" HPOS="838" VPOS="889" WIDTH="76" HEIGHT="22" WC="0.93" CONTENT="adelns"/>
						</TextLine>
						<TextLine ID="line_20" HPOS="164" VPOS="924" WIDTH="750" HEIGHT="30">
							<String ID="string_170" HPOS="164" VPOS="924" WIDTH="131" HEIGHT="29" WC="0.87" CONTENT="inbjudning"/><SP WIDTH="17" VPOS="924" HPOS="295"/>
							<String ID="string_171" HPOS="312" VPOS="925" WIDTH="33" HEIGHT="21" WC="0.96" CONTENT="till"/><SP WIDTH="19" VPOS="925" HPOS="345"/>
							<String ID="string_172" HPOS="364" VPOS="925" WIDTH="131" HEIGHT="29" WC="0.96" CONTENT="deltagande"/><SP WIDTH="19" VPOS="925" HPOS="495"/>
							<String ID="string_173" HPOS="514" VPOS="926" WIDTH="7" HEIGHT="21" WC="0.93" CONTENT="i"/><SP WIDTH="19" VPOS="926" HPOS="521"/>
							<String ID="string_174" HPOS="540" VPOS="925" WIDTH="137" HEIGHT="28" WC="0.92" CONTENT="underdänig"/><SP WIDTH="14" VPOS="925" HPOS="677"/>
							<String ID="string_175" HPOS="691" VPOS="925" WIDTH="92" HEIGHT="29" WC="0.96" CONTENT="petition"/><SP WIDTH="17" VPOS="925" HPOS="783"/>
							<String ID="string_176" HPOS="800" VPOS="932" WIDTH="34" HEIGHT="14" WC="0.93" CONTENT="om"/><SP WIDTH="18" VPOS="932" HPOS="834"/>
							<String ID="string_177" HPOS="852" VPOS="931" WIDTH="62" HEIGHT="22" WC="0.91" CONTENT="orga-"/>
						</TextLine>
						<TextLine ID="line_21" HPOS="162" VPOS="960" WIDTH="753" HEIGHT="28">
							<String ID="string_178" HPOS="162" VPOS="960" WIDTH="126" HEIGHT="22" WC="0.91" CONTENT="niserandet"/><SP WIDTH="24" VPOS="960" HPOS="288"/>
							<String ID="string_179" HPOS="312" VPOS="960" WIDTH="23" HEIGHT="22" WC="0.96" CONTENT="af"/><SP WIDTH="21" VPOS="960" HPOS="335"/>
							<String ID="string_180" HPOS="356" VPOS="961" WIDTH="31" HEIGHT="20" WC="0.93" CONTENT="ett"/><SP WIDTH="23" VPOS="961" HPOS="387"/>
							<String ID="string_181" HPOS="410" VPOS="960" WIDTH="117" HEIGHT="22" WC="0.89" CONTENT="statistiskt"/><SP WIDTH="18" VPOS="960" HPOS="527"/>
							<String ID="string_182" HPOS="545" VPOS="960" WIDTH="138" HEIGHT="22" WC="0.92" CONTENT="embetsverk"/><SP WIDTH="16" VPOS="960" HPOS="683"/>
							<String ID="string_183" HPOS="699" VPOS="961" WIDTH="7" HEIGHT="21" WC="0.96" CONTENT="i"/><SP WIDTH="15" VPOS="961" HPOS="706"/>
							<String ID="string_184" HPOS="721" VPOS="960" WIDTH="83" HEIGHT="28" WC="0.93" CONTENT="landet;"/><SP WIDTH="20" VPOS="960" HPOS="804"/>
							<String ID="string_185" HPOS="824" VPOS="961" WIDTH="43" HEIGHT="27" WC="0.91" CONTENT="2:0)"/><SP WIDTH="15" VPOS="961" HPOS="867"/>
							<String ID="string_186" HPOS="882" VPOS="963" WIDTH="33" HEIGHT="19" WC="0.96" CONTENT="att"/>
						</TextLine>
						<TextLine ID="line_22" HPOS="163" VPOS="995" WIDTH="751" HEIGHT="28">
							<String ID="string_187" HPOS="163" VPOS="995" WIDTH="162" HEIGHT="28" WC="0.90" CONTENT="ridderskapets"/><SP WIDTH="24" VPOS="995" HPOS="325"/>
							<String ID="string_188" HPOS="349" VPOS="995" WIDTH="39" HEIGHT="21" WC="0.90" CONTENT="och"/><SP WIDTH="23" VPOS="995" HPOS="388"/>
							<String ID="string_189" HPOS="411" VPOS="996" WIDTH="75" HEIGHT="21" WC="0.90" CONTENT="adelns"/><SP WIDTH="27" VPOS="996" HPOS="486"/>
							<String ID="string_190" HPOS="513" VPOS="995" WIDTH="131" HEIGHT="28" WC="0.89" CONTENT="inbjudning"/><SP WIDTH="22" VPOS="995" HPOS="644"/>
							<String ID="string_191" HPOS="666" VPOS="995" WIDTH="35" HEIGHT="22" WC="0.93" CONTENT="till"/><SP WIDTH="22" VPOS="995" HPOS="701"/>
							<String ID="string_192" HPOS="723" VPOS="995" WIDTH="161" HEIGHT="28" WC="0.92" CONTENT="prestaständet"/><SP WIDTH="22" VPOS="995" HPOS="884"/>
							<String ID="string_193" HPOS="906" VPOS="995" WIDTH="8" HEIGHT="21" WC="0.96" CONTENT="i"/>
						</TextLine>
						<TextLine ID="line_23" HPOS="163" VPOS="1030" WIDTH="750" HEIGHT="29">
							<String ID="string_194" HPOS="163" VPOS="1031" WIDTH="77" HEIGHT="28" WC="0.93" CONTENT="frägan"/><SP WIDTH="23" VPOS="1031" HPOS="240"/>
							<String ID="string_195" HPOS="263" VPOS="1037" WIDTH="35" HEIGHT="14" WC="0.92" CONTENT="om"/><SP WIDTH="23" VPOS="1037" HPOS="298"/>
							<String ID="string_196" HPOS="321" VPOS="1031" WIDTH="198" HEIGHT="28" WC="0.91" CONTENT="donationsgodsen"/><SP WIDTH="23" VPOS="1031" HPOS="519"/>
							<String ID="string_197" HPOS="542" VPOS="1030" WIDTH="7" HEIGHT="21" WC="0.93" CONTENT="i"/><SP WIDTH="23" VPOS="1030" HPOS="549"/>
							<String ID="string_198" HPOS="572" VPOS="1030" WIDTH="104" HEIGHT="28" WC="0.92" CONTENT="Wiborgs"/><SP WIDTH="23" VPOS="1030" HPOS="676"/>
							<String ID="string_199" HPOS="699" VPOS="1031" WIDTH="36" HEIGHT="20" WC="0.96" CONTENT="län"/><SP WIDTH="20" VPOS="1031" HPOS="735"/>
							<String ID="string_200" HPOS="755" VPOS="1030" WIDTH="24" HEIGHT="21" WC="0.93" CONTENT="af"/><SP WIDTH="13" VPOS="1030" HPOS="779"/>
							<String ID="string_201" HPOS="792" VPOS="1031" WIDTH="121" HEIGHT="20" WC="0.92" CONTENT="detsamma"/>
						</TextLine>
						<TextLine ID="line_24" HPOS="163" VPOS="1065" WIDTH="749" HEIGHT="29">
							<String ID="string_202" HPOS="163" VPOS="1072" WIDTH="78" HEIGHT="21" WC="0.91" CONTENT="genom"/><SP WIDTH="24" VPOS="1072" HPOS="241"/>
							<String ID="string_203" HPOS="265" VPOS="1066" WIDTH="101" HEIGHT="27" WC="0.93" CONTENT="votering"/><SP WIDTH="22" VPOS="1066" HPOS="366"/>
							<String ID="string_204" HPOS="388" VPOS="1065" WIDTH="91" HEIGHT="29" WC="0.67" CONTENT="afböjts;"/><SP WIDTH="24" VPOS="1065" HPOS="479"/>
							<String ID="string_205" HPOS="503" VPOS="1065" WIDTH="43" HEIGHT="28" WC="0.57" CONTENT="3:0)"/><SP WIDTH="21" VPOS="1065" HPOS="546"/>
							<String ID="string_206" HPOS="567" VPOS="1067" WIDTH="32" HEIGHT="20" WC="0.96" CONTENT="att"/><SP WIDTH="19" VPOS="1067" HPOS="599"/>
							<String ID="string_207" HPOS="618" VPOS="1067" WIDTH="30" HEIGHT="20" WC="0.96" CONTENT="ett"/><SP WIDTH="16" VPOS="1067" HPOS="648"/>
							<String ID="string_208" HPOS="664" VPOS="1065" WIDTH="23" HEIGHT="21" WC="0.97" CONTENT="af"/><SP WIDTH="15" VPOS="1065" HPOS="687"/>
							<String ID="string_209" HPOS="702" VPOS="1065" WIDTH="161" HEIGHT="22" WC="0.93" CONTENT="vederbörande"/><SP WIDTH="17" VPOS="1065" HPOS="863"/>
							<String ID="string_210" HPOS="880" VPOS="1068" WIDTH="32" HEIGHT="19" WC="0.92" CONTENT="ut-"/>
						</TextLine>
						<TextLine ID="line_25" HPOS="164" VPOS="1100" WIDTH="749" HEIGHT="28">
							<String ID="string_211" HPOS="164" VPOS="1100" WIDTH="57" HEIGHT="21" WC="0.93" CONTENT="skott"/><SP WIDTH="16" VPOS="1100" HPOS="221"/>
							<String ID="string_212" HPOS="237" VPOS="1101" WIDTH="92" HEIGHT="27" WC="0.90" CONTENT="afgifvet"/><SP WIDTH="17" VPOS="1101" HPOS="329"/>
							<String ID="string_213" HPOS="346" VPOS="1100" WIDTH="82" HEIGHT="28" WC="0.96" CONTENT="förslag"/><SP WIDTH="16" VPOS="1100" HPOS="428"/>
							<String ID="string_214" HPOS="444" VPOS="1101" WIDTH="33" HEIGHT="20" WC="0.93" CONTENT="till"/><SP WIDTH="16" VPOS="1101" HPOS="477"/>
							<String ID="string_215" HPOS="493" VPOS="1100" WIDTH="213" HEIGHT="28" WC="0.91" CONTENT="sammanjemkning"/><SP WIDTH="15" VPOS="1100" HPOS="706"/>
							<String ID="string_216" HPOS="721" VPOS="1100" WIDTH="24" HEIGHT="21" WC="0.93" CONTENT="af"/><SP WIDTH="14" VPOS="1100" HPOS="745"/>
							<String ID="string_217" HPOS="759" VPOS="1101" WIDTH="102" HEIGHT="20" WC="0.91" CONTENT="ständens"/><SP WIDTH="17" VPOS="1101" HPOS="861"/>
							<String ID="string_218" HPOS="878" VPOS="1101" WIDTH="35" HEIGHT="21" WC="0.52" CONTENT="he-"/>
						</TextLine>
						<TextLine ID="line_26" HPOS="164" VPOS="1134" WIDTH="750" HEIGHT="29">
							<String ID="string_219" HPOS="164" VPOS="1134" WIDTH="43" HEIGHT="21" WC="0.93" CONTENT="slut"/><SP WIDTH="15" VPOS="1134" HPOS="207"/>
							<String ID="string_220" HPOS="222" VPOS="1135" WIDTH="93" HEIGHT="21" WC="0.92" CONTENT="rörande"/><SP WIDTH="16" VPOS="1135" HPOS="315"/>
							<String ID="string_221" HPOS="331" VPOS="1134" WIDTH="79" HEIGHT="29" WC="0.91" CONTENT="nädiga"/><SP WIDTH="15" VPOS="1134" HPOS="410"/>
							<String ID="string_222" HPOS="425" VPOS="1135" WIDTH="164" HEIGHT="28" WC="0.96" CONTENT="propositionen"/><SP WIDTH="12" VPOS="1135" HPOS="589"/>
							<String ID="string_223" HPOS="601" VPOS="1141" WIDTH="34" HEIGHT="14" WC="0.93" CONTENT="om"/><SP WIDTH="9" VPOS="1141" HPOS="635"/>
							<String ID="string_224" HPOS="644" VPOS="1135" WIDTH="130" HEIGHT="27" WC="0.92" CONTENT="jordegares"/><SP WIDTH="15" VPOS="1135" HPOS="774"/>
							<String ID="string_225" HPOS="789" VPOS="1135" WIDTH="125" HEIGHT="28" WC="0.96" CONTENT="skyldighet"/>
						</TextLine>
						<TextLine ID="line_27" HPOS="162" VPOS="1169" WIDTH="750" HEIGHT="28">
							<String ID="string_226" HPOS="162" VPOS="1171" WIDTH="32" HEIGHT="19" WC="0.93" CONTENT="att"/><SP WIDTH="21" VPOS="1171" HPOS="194"/>
							<String ID="string_227" HPOS="215" VPOS="1171" WIDTH="59" HEIGHT="19" WC="0.96" CONTENT="emot"/><SP WIDTH="20" VPOS="1171" HPOS="274"/>
							<String ID="string_228" HPOS="294" VPOS="1169" WIDTH="122" HEIGHT="28" WC="0.93" CONTENT="ersättning"/><SP WIDTH="20" VPOS="1169" HPOS="416"/>
							<String ID="string_229" HPOS="436" VPOS="1170" WIDTH="90" HEIGHT="27" WC="0.92" CONTENT="uppläta"/><SP WIDTH="17" VPOS="1170" HPOS="526"/>
							<String ID="string_230" HPOS="543" VPOS="1169" WIDTH="61" HEIGHT="21" WC="0.96" CONTENT="mark"/><SP WIDTH="16" VPOS="1169" HPOS="604"/>
							<String ID="string_231" HPOS="620" VPOS="1169" WIDTH="32" HEIGHT="21" WC="0.96" CONTENT="till"/><SP WIDTH="16" VPOS="1169" HPOS="652"/>
							<String ID="string_232" HPOS="668" VPOS="1169" WIDTH="92" HEIGHT="21" WC="0.93" CONTENT="allmänt"/><SP WIDTH="15" VPOS="1169" HPOS="760"/>
							<String ID="string_233" HPOS="775" VPOS="1169" WIDTH="73" HEIGHT="27" WC="0.92" CONTENT="behof,"/><SP WIDTH="15" VPOS="1169" HPOS="848"/>
							<String ID="string_234" HPOS="863" VPOS="1169" WIDTH="49" HEIGHT="22" WC="0.93" CONTENT="blif-"/>
						</TextLine>
						<TextLine ID="line_28" HPOS="162" VPOS="1203" WIDTH="750" HEIGHT="29">
							<String ID="string_235" HPOS="162" VPOS="1205" WIDTH="32" HEIGHT="20" WC="0.96" CONTENT="vit"/><SP WIDTH="15" VPOS="1205" HPOS="194"/>
							<String ID="string_236" HPOS="209" VPOS="1205" WIDTH="23" HEIGHT="21" WC="0.96" CONTENT="af"/><SP WIDTH="14" VPOS="1205" HPOS="232"/>
							<String ID="string_237" HPOS="246" VPOS="1204" WIDTH="37" HEIGHT="21" WC="0.93" CONTENT="det"/><SP WIDTH="15" VPOS="1204" HPOS="283"/>
							<String ID="string_238" HPOS="298" VPOS="1205" WIDTH="134" HEIGHT="27" WC="0.92" CONTENT="högvördiga"/><SP WIDTH="16" VPOS="1205" HPOS="432"/>
							<String ID="string_239" HPOS="448" VPOS="1204" WIDTH="87" HEIGHT="22" WC="0.93" CONTENT="ståndet"/><SP WIDTH="10" VPOS="1204" HPOS="535"/>
							<String ID="string_240" HPOS="545" VPOS="1203" WIDTH="112" HEIGHT="28" WC="0.92" CONTENT="godkändt"/><SP WIDTH="16" VPOS="1203" HPOS="657"/>
							<String ID="string_241" HPOS="673" VPOS="1204" WIDTH="40" HEIGHT="21" WC="0.93" CONTENT="och"/><SP WIDTH="16" VPOS="1204" HPOS="713"/>
							<String ID="string_242" HPOS="729" VPOS="1204" WIDTH="42" HEIGHT="28" WC="0.87" CONTENT="4:0)"/><SP WIDTH="17" VPOS="1204" HPOS="771"/>
							<String ID="string_243" HPOS="788" VPOS="1205" WIDTH="31" HEIGHT="20" WC="0.93" CONTENT="att"/><SP WIDTH="10" VPOS="1205" HPOS="819"/>
							<String ID="string_244" HPOS="829" VPOS="1206" WIDTH="83" HEIGHT="26" WC="0.93" CONTENT="presta-"/>
						</TextLine>
						<TextLine ID="line_29" HPOS="163" VPOS="1238" WIDTH="750" HEIGHT="29">
							<String ID="string_245" HPOS="163" VPOS="1240" WIDTH="86" HEIGHT="20" WC="0.91" CONTENT="ständet"/><SP WIDTH="20" VPOS="1240" HPOS="249"/>
							<String ID="string_246" HPOS="269" VPOS="1240" WIDTH="36" HEIGHT="20" WC="0.93" CONTENT="vid"/><SP WIDTH="20" VPOS="1240" HPOS="305"/>
							<String ID="string_247" HPOS="325" VPOS="1239" WIDTH="156" HEIGHT="28" WC="0.92" CONTENT="föredragning"/><SP WIDTH="20" VPOS="1239" HPOS="481"/>
							<String ID="string_248" HPOS="501" VPOS="1238" WIDTH="23" HEIGHT="22" WC="0.96" CONTENT="af"/><SP WIDTH="19" VPOS="1238" HPOS="524"/>
							<String ID="string_249" HPOS="543" VPOS="1240" WIDTH="31" HEIGHT="19" WC="0.93" CONTENT="ett"/><SP WIDTH="20" VPOS="1240" HPOS="574"/>
							<String ID="string_250" HPOS="594" VPOS="1238" WIDTH="253" HEIGHT="28" WC="0.92" CONTENT="inbjudningsprotokoll"/><SP WIDTH="17" VPOS="1238" HPOS="847"/>
							<String ID="string_251" HPOS="864" VPOS="1239" WIDTH="49" HEIGHT="21" WC="0.93" CONTENT="frän"/>
						</TextLine>
						<TextLine ID="line_30" HPOS="163" VPOS="1268" WIDTH="749" HEIGHT="46">
							<String ID="string_252" HPOS="163" VPOS="1274" WIDTH="151" HEIGHT="26" WC="0.92" CONTENT="ridderskapet"/><SP WIDTH="16" VPOS="1274" HPOS="314"/>
							<String ID="string_253" HPOS="330" VPOS="1273" WIDTH="39" HEIGHT="19" WC="0.93" CONTENT="och"/><SP WIDTH="16" VPOS="1273" HPOS="369"/>
							<String ID="string_254" HPOS="385" VPOS="1273" WIDTH="65" HEIGHT="19" WC="0.92" CONTENT="adeln"/><SP WIDTH="19" VPOS="1273" HPOS="450"/>
							<String ID="string_255" HPOS="469" VPOS="1268" WIDTH="119" HEIGHT="46" WC="0.96" CONTENT="angående,"/><SP WIDTH="21" VPOS="1268" HPOS="588"/>
							<String ID="string_256" HPOS="609" VPOS="1272" WIDTH="66" HEIGHT="20" WC="0.96" CONTENT="bland"/><SP WIDTH="15" VPOS="1272" HPOS="675"/>
							<String ID="string_257" HPOS="690" VPOS="1275" WIDTH="74" HEIGHT="24" WC="0.93" CONTENT="annat,"/><SP WIDTH="16" VPOS="1275" HPOS="764"/>
							<String ID="string_258" HPOS="780" VPOS="1273" WIDTH="132" HEIGHT="27" WC="0.91" CONTENT="hydrografi-"/>
						</TextLine>
						<TextLine ID="line_31" HPOS="163" VPOS="1284" WIDTH="749" HEIGHT="53">
							<String ID="string_259" HPOS="163" VPOS="1307" WIDTH="38" HEIGHT="20" WC="0.92" CONTENT="ska"/><SP WIDTH="15" VPOS="1307" HPOS="201"/>
							<String ID="string_260" HPOS="216" VPOS="1306" WIDTH="135" HEIGHT="28" WC="0.91" CONTENT="mätningars"/><SP WIDTH="16" VPOS="1306" HPOS="351"/>
							<String ID="string_261" HPOS="367" VPOS="1306" WIDTH="137" HEIGHT="20" WC="0.90" CONTENT="anställande"/><SP WIDTH="16" VPOS="1306" HPOS="504"/>
							<String ID="string_262" HPOS="520" VPOS="1306" WIDTH="6" HEIGHT="20" WC="0.96" CONTENT="i"/><SP WIDTH="16" VPOS="1306" HPOS="526"/>
							<String ID="string_263" HPOS="542" VPOS="1305" WIDTH="117" HEIGHT="21" WC="0.96" CONTENT="Bottniska"/><SP WIDTH="15" VPOS="1305" HPOS="659"/>
							<String ID="string_264" HPOS="674" VPOS="1305" WIDTH="71" HEIGHT="27" WC="0.96" CONTENT="viken,"/><SP WIDTH="14" VPOS="1305" HPOS="745"/>
							<String ID="string_265" HPOS="759" VPOS="1284" WIDTH="153" HEIGHT="53" WC="0.80" CONTENT="ändamålsen-"/>
						</TextLine>
						<TextLine ID="line_32" HPOS="163" VPOS="1332" WIDTH="750" HEIGHT="38">
							<String ID="string_266" HPOS="163" VPOS="1342" WIDTH="68" HEIGHT="28" WC="0.93" CONTENT="ligare"/><SP WIDTH="19" VPOS="1342" HPOS="231"/>
							<String ID="string_267" HPOS="250" VPOS="1340" WIDTH="195" HEIGHT="28" WC="0.92" CONTENT="vinterpostföring"/><SP WIDTH="20" VPOS="1340" HPOS="445"/>
							<String ID="string_268" HPOS="465" VPOS="1339" WIDTH="60" HEIGHT="22" WC="0.95" CONTENT="öfver"/><SP WIDTH="20" VPOS="1339" HPOS="525"/>
							<String ID="string_269" HPOS="545" VPOS="1332" WIDTH="83" HEIGHT="28" WC="0.93" CONTENT="Ålands"/><SP WIDTH="16" VPOS="1332" HPOS="628"/>
							<String ID="string_270" HPOS="644" VPOS="1339" WIDTH="39" HEIGHT="21" WC="0.93" CONTENT="haf"/><SP WIDTH="14" VPOS="1339" HPOS="683"/>
							<String ID="string_271" HPOS="697" VPOS="1341" WIDTH="57" HEIGHT="19" WC="0.96" CONTENT="samt"/><SP WIDTH="15" VPOS="1341" HPOS="754"/>
							<String ID="string_272" HPOS="769" VPOS="1339" WIDTH="144" HEIGHT="22" WC="0.95" CONTENT="nedsättande"/>
						</TextLine>
						<TextLine ID="line_33" HPOS="162" VPOS="1374" WIDTH="752" HEIGHT="30">
							<String ID="string_273" HPOS="162" VPOS="1377" WIDTH="23" HEIGHT="21" WC="0.96" CONTENT="af"/><SP WIDTH="21" VPOS="1377" HPOS="185"/>
							<String ID="string_274" HPOS="206" VPOS="1377" WIDTH="36" HEIGHT="20" WC="0.96" CONTENT="det"/><SP WIDTH="22" VPOS="1377" HPOS="242"/>
							<String ID="string_275" HPOS="264" VPOS="1376" WIDTH="79" HEIGHT="28" WC="0.92" CONTENT="belopp"/><SP WIDTH="23" VPOS="1376" HPOS="343"/>
							<String ID="string_276" HPOS="366" VPOS="1374" WIDTH="161" HEIGHT="29" WC="0.91" CONTENT="prestaståndet"/><SP WIDTH="23" VPOS="1374" HPOS="527"/>
							<String ID="string_277" HPOS="550" VPOS="1374" WIDTH="94" HEIGHT="28" WC="0.96" CONTENT="anslagit"/><SP WIDTH="22" VPOS="1374" HPOS="644"/>
							<String ID="string_278" HPOS="666" VPOS="1374" WIDTH="34" HEIGHT="21" WC="0.93" CONTENT="för"/><SP WIDTH="22" VPOS="1374" HPOS="700"/>
							<String ID="string_279" HPOS="722" VPOS="1374" WIDTH="150" HEIGHT="29" WC="0.92" CONTENT="kanalisering"/><SP WIDTH="18" VPOS="1374" HPOS="872"/>
							<String ID="string_280" HPOS="890" VPOS="1374" WIDTH="24" HEIGHT="22" WC="0.95" CONTENT="af"/>
						</TextLine>
						<TextLine ID="line_34" HPOS="162" VPOS="1409" WIDTH="751" HEIGHT="27">
							<String ID="string_281" HPOS="162" VPOS="1410" WIDTH="153" HEIGHT="23" WC="0.91" CONTENT="Walkiakoski"/><SP WIDTH="17" VPOS="1410" HPOS="315"/>
							<String ID="string_282" HPOS="332" VPOS="1410" WIDTH="44" HEIGHT="22" WC="0.96" CONTENT="fors"/><SP WIDTH="15" VPOS="1410" HPOS="376"/>
							<String ID="string_283" HPOS="391" VPOS="1410" WIDTH="48" HEIGHT="21" WC="0.91" CONTENT="från"/><SP WIDTH="17" VPOS="1410" HPOS="439"/>
							<String ID="string_284" HPOS="456" VPOS="1410" WIDTH="91" HEIGHT="26" WC="0.91" CONTENT="700,000"/><SP WIDTH="23" VPOS="1410" HPOS="547"/>
							<String ID="string_285" HPOS="570" VPOS="1409" WIDTH="32" HEIGHT="21" WC="0.93" CONTENT="till"/><SP WIDTH="24" VPOS="1409" HPOS="602"/>
							<String ID="string_286" HPOS="626" VPOS="1409" WIDTH="92" HEIGHT="27" WC="0.92" CONTENT="250,440"/><SP WIDTH="22" VPOS="1409" HPOS="718"/>
							<String ID="string_287" HPOS="740" VPOS="1409" WIDTH="68" HEIGHT="27" WC="0.96" CONTENT="mark,"/><SP WIDTH="19" VPOS="1409" HPOS="808"/>
							<String ID="string_288" HPOS="827" VPOS="1410" WIDTH="7" HEIGHT="21" WC="0.96" CONTENT="i"/><SP WIDTH="16" VPOS="1410" HPOS="834"/>
							<String ID="string_289" HPOS="850" VPOS="1410" WIDTH="63" HEIGHT="21" WC="0.96" CONTENT="dessa"/>
						</TextLine>
						<TextLine ID="line_35" HPOS="162" VPOS="1444" WIDTH="750" HEIGHT="32">
							<String ID="string_290" HPOS="162" VPOS="1448" WIDTH="95" HEIGHT="28" WC="0.96" CONTENT="punkter"/><SP WIDTH="18" VPOS="1448" HPOS="257"/>
							<String ID="string_291" HPOS="275" VPOS="1446" WIDTH="84" HEIGHT="28" WC="0.93" CONTENT="antagit"/><SP WIDTH="18" VPOS="1446" HPOS="359"/>
							<String ID="string_292" HPOS="377" VPOS="1444" WIDTH="166" HEIGHT="29" WC="0.91" CONTENT="inbjudningen,"/><SP WIDTH="16" VPOS="1444" HPOS="543"/>
							<String ID="string_293" HPOS="559" VPOS="1444" WIDTH="114" HEIGHT="22" WC="0.96" CONTENT="hvaremot"/><SP WIDTH="15" VPOS="1444" HPOS="673"/>
							<String ID="string_294" HPOS="688" VPOS="1444" WIDTH="126" HEIGHT="22" WC="0.93" CONTENT="densamma"/><SP WIDTH="15" VPOS="1444" HPOS="814"/>
							<String ID="string_295" HPOS="829" VPOS="1444" WIDTH="83" HEIGHT="29" WC="0.91" CONTENT="afböjts"/>
						</TextLine>
						<TextLine ID="line_36" HPOS="162" VPOS="1478" WIDTH="749" HEIGHT="30">
							<String ID="string_296" HPOS="162" VPOS="1484" WIDTH="69" HEIGHT="21" WC="0.91" CONTENT="såvidt"/><SP WIDTH="20" VPOS="1484" HPOS="231"/>
							<String ID="string_297" HPOS="251" VPOS="1482" WIDTH="46" HEIGHT="22" WC="0.90" CONTENT="deri"/><SP WIDTH="21" VPOS="1482" HPOS="297"/>
							<String ID="string_298" HPOS="318" VPOS="1481" WIDTH="73" HEIGHT="21" WC="0.92" CONTENT="eskats"/><SP WIDTH="20" VPOS="1481" HPOS="391"/>
							<String ID="string_299" HPOS="411" VPOS="1479" WIDTH="134" HEIGHT="23" WC="0.96" CONTENT="inrättandet"/><SP WIDTH="20" VPOS="1479" HPOS="545"/>
							<String ID="string_300" HPOS="565" VPOS="1480" WIDTH="24" HEIGHT="21" WC="0.96" CONTENT="af"/><SP WIDTH="18" VPOS="1480" HPOS="589"/>
							<String ID="string_301" HPOS="607" VPOS="1486" WIDTH="27" HEIGHT="15" WC="0.96" CONTENT="en"/><SP WIDTH="20" VPOS="1486" HPOS="634"/>
							<String ID="string_302" HPOS="654" VPOS="1478" WIDTH="94" HEIGHT="22" WC="0.93" CONTENT="särskild"/><SP WIDTH="13" VPOS="1478" HPOS="748"/>
							<String ID="string_303" HPOS="761" VPOS="1480" WIDTH="150" HEIGHT="28" WC="0.92" CONTENT="jernvägssty-"/>
						</TextLine>
					</TextBlock>
				</ComposedBlock>
			</PrintSpace>
		</Page>
	</Layout>
</alto>
