970 1709
212 138 41 20 602

181 203 27 21 än
231 202 84 21 mindre
338 202 112 27 behöfligt,
473 202 90 21 emedan
583 201 37 21 det
639 200 119 29 möjligtvis
773 201 71 21 kunde
860 200 67 22 blifva

181 236 155 26 vilseledande,
356 244 36 13 om
411 236 71 28 någon
502 238 15 18 t.
538 243 33 14 ex.
590 236 28 26 på
633 236 70 27 grund
718 235 62 21 deraf
794 235 76 21 trodde
886 235 41 21 för-

181 271 68 20 luster
264 271 28 28 på
307 270 46 28 spel
368 270 52 21 eller
435 270 67 21 andra
518 270 73 27 dylika
606 270 72 20 kunde
693 270 109 20 afräknas.
930 270 3 2 N

249 304 59 21 Herr
324 304 176 21 Silfversvan:
526 304 42 27 Jag
591 303 38 21 ber
651 305 31 19 att
704 304 22 21 fä
745 304 116 20 instämma
880 303 49 21 med

182 339 49 20 herr
253 338 164 28 Björkenheim.
446 338 116 21 Förlusten
582 337 7 20 i
610 344 27 14 en
659 338 79 27 näring
760 339 23 19 är
804 344 26 14 en
846 337 83 28 ganska

180 373 70 27 vigtig
271 374 51 26 post
343 372 40 21 och
403 372 61 28 ingär
480 372 7 20 i
502 371 74 28 hvarje
597 371 117 28 ordentligt
734 371 48 21 förd
797 371 132 26 hufvudbok,

181 407 40 20 och
238 407 38 21 bör
291 406 86 21 derföre
394 406 63 21 äfven
472 406 39 21 här
527 408 113 25 upptagas.
670 406 113 21 Förluster
793 404 28 29 pä
832 406 46 28 spel
889 405 39 22 och

180 441 53 21 slikt
247 441 43 21 kan
306 441 138 27 naturligtvis
459 441 19 27 ej
496 440 86 21 komma
597 440 77 27 ifråga.

249 475 81 21 Grefve
346 475 104 21 Creutz:
465 474 77 29 Enligt
555 474 57 21 hvad
624 475 39 27 jag
679 475 83 21 erinrar
778 475 51 28 mig,
843 482 38 13 var
892 474 36 21 det

179 510 47 27 just
241 517 28 13 en
284 509 126 28 anledning,
425 509 101 21 hvarföre
542 509 61 21 ordet
617 509 103 21 förluster
735 510 21 27 ej
767 509 97 21 infördes
875 509 7 20 i
892 509 37 21 be-

180 543 127 27 tänkandet,
328 545 32 19 att
376 543 35 21 det
426 543 72 22 blefve
514 543 58 21 svårt
587 545 32 19 att
634 543 120 22 bestämma
769 543 56 21 hvad
840 543 88 21 dermed

180 578 70 21 skulle
273 578 85 21 förstås.
388 577 11 21 I
418 578 106 21 utskottet
546 577 101 21 anfördes
669 577 109 28 nemligen
802 577 125 27 detsamma,

178 619 47 14 som
245 612 24 21 af
286 612 51 21 herr
351 611 127 28 Furuhjelm
494 619 30 14 nu
539 613 85 26 yttrats,
640 614 32 19 att
687 612 150 27 spelförluster
853 612 27 21 då
896 612 31 21 äf-

179 653 42 14 ven
243 646 73 21 kunde
336 646 79 21 räknas
436 646 37 21 dit.
504 645 43 28 Jag
567 646 91 21 föreslår
673 648 32 18 att
720 645 60 22 detta
794 646 48 21 icke
858 646 69 21 skulle

179 682 101 19 närmare
300 680 142 29 specificeras.
471 681 45 20 Det
535 680 72 21 kunde
624 680 26 27 ju
664 680 72 22 hända
755 682 32 19 att
802 681 45 20 min
863 688 65 21 egen-

179 715 51 21 dom
252 715 90 21 brinner
361 722 43 21 upp
424 714 133 22 oförsäkrad.
587 715 52 21 Icke
655 717 23 19 är
693 715 37 21 det
745 715 27 21 då
787 723 78 20 genom
882 717 44 20 min

179 750 82 21 rörelse
276 750 54 20 eller
348 750 84 27 näring,
448 757 45 14 som
506 750 40 27 jag
560 751 40 26 gör
615 756 27 14 en
658 749 66 22 sådan
740 750 85 21 förlust.

247 784 12 21 I
280 783 118 28 anledning
420 784 23 21 af
464 785 71 20 denna
555 783 122 22 diskussion
697 785 78 21 ställde
792 785 50 22 herr
857 786 70 21 landt-

179 818 138 21 marskalken
333 818 33 21 till
380 818 86 21 ståndet
480 818 97 27 följande
591 819 146 27 proposition:

247 852 148 27 »Godkänner
414 852 151 29 ridderskapet
585 852 40 21 och
645 852 63 22 adeln
729 854 12 20 4
753 848 10 39 &
784 854 23 20 af
820 854 107 29 ifrägava-

177 887 67 22 rande
259 887 209 28 bevillningsstadga
484 887 144 21 oförändrad?

245 921 50 22 Den
318 928 46 14 som
388 921 127 28 godkänner
537 921 92 22 berörde
649 922 18 27 8,
691 929 74 14 svarar
782 923 34 28 ja;
832 923 42 20 den
890 923 36 21 det

177 956 50 21 icke
242 957 46 27 gör,
305 963 73 14 svarar
394 956 42 27 nej.

245 990 85 21 Vinner
349 991 44 27 nej,
413 991 93 20 erhåller
521 991 11 28 $
548 990 55 22 efter
619 990 61 21 ordet
696 991 112 28 ,sytning"
825 991 100 28 tillägget

177 1025 136 28 »förluster".

243 1060 35 21 Då
293 1059 102 22 häröfver
410 1059 106 28 begärdes
531 1059 107 29 votering,
654 1060 117 21 anställdes
787 1060 73 28 sådan,
876 1061 47 21 der-

176 1094 36 22 vid
228 1095 100 21 rösterna
344 1093 75 22 utföllo
436 1095 100 20 sålunda:

312 1129 7 20 i
335 1128 57 28 3:dje
407 1128 29 21 kl.
452 1129 50 21 med
518 1129 26 21 14
553 1130 29 27 ja
598 1129 41 21 och
668 1131 12 19 9
696 1131 41 27 nej,

311 1163 125 21 i2dra
414 1158 35 37 kl
469 1180 8 9 ,
524 1164 47 25 8,
610 1180 9 9 »
665 1165 13 19 4
709 1181 8 9 »

312 1197 8 20 i
337 1198 54 19 l:sta
410 1197 28 20 kl.
470 1214 8 9 ,
512 1198 58 25 14,
612 1215 8 8 »
667 1199 52 26 0»

243 1231 60 21 Enär
316 1232 24 27 ja
350 1231 7 21 i
368 1231 43 21 alla
426 1232 83 21 klasser
524 1239 37 14 var
577 1232 167 28 öfvervägande,
760 1233 86 21 komme
861 1233 62 22 alltså

175 1265 12 26 $
203 1265 14 20 4
232 1266 31 19 att
278 1265 87 26 qvarstå
380 1266 52 19 utan
448 1265 99 27 ändring.

454 1313 3 1 :
525 1299 11 26 8
555 1299 20 20 5.

243 1332 57 21 Herr
320 1332 164 29 Furuhjelm,
504 1333 29 21 H.
554 1332 38 22 V.:
616 1333 11 20 I
641 1341 64 13 mom.
724 1335 21 27 a)
762 1334 67 27 torde,
845 1335 7 20 i
868 1335 55 28 följd

175 1367 24 21 af
219 1367 37 21 det
278 1367 71 21 beslut
372 1367 86 22 ståndet
483 1368 64 21 fattat
569 1367 35 22 vid
627 1368 11 27 $
661 1369 20 27 3,
697 1369 62 21 ordet
781 1369 141 26 ,inhemska*

176 1401 52 22 böra
243 1401 59 27 utgä.

241 1436 58 21 Herr
314 1443 42 14 von
372 1436 83 27 Born,
476 1436 26 22 K.
518 1436 36 22 F.:
573 1437 44 27 Jag
637 1438 38 20 ber
689 1439 32 20 att
736 1438 23 21 få
773 1438 54 27 göra
842 1444 26 14 en
884 1445 38 14 an-
