989 1711
190 132 40 22 168

228 198 147 26 »Godkänner
394 197 151 28 ridderskapet
564 196 42 23 och
622 196 64 22 adeln
706 197 26 21 66
748 197 11 27 8
776 196 70 21 såsom
867 196 42 20 den

160 234 24 20 är
198 232 8 20 i
221 232 224 22 utskottssektionens
460 231 139 22 betänkande
614 231 131 27 föreslagen,
764 230 51 21 med
833 230 77 22 sådant

160 267 77 28 tillägg
252 267 56 21 efter
324 266 106 21 slutordet
447 266 137 28 ,samtycke*
601 266 7 21 i
624 266 67 21 andra
703 266 127 27 meningen:
848 265 62 27 ,bry-

158 303 34 20 tes
207 301 106 27 häremot,
328 308 52 15 vare
395 301 37 21 det
447 299 178 30 öfverskjutande
640 299 104 29 beloppet
758 299 93 22 bränvin
867 298 43 22 för-

161 336 100 21 brutet?

228 371 49 21 Den
300 377 46 14 som
369 370 128 29 godkänner
515 371 12 27 8
543 369 49 22 med
607 369 66 28 sagde
688 369 84 28 tillägg,
788 375 74 15 svarar
875 369 36 31 ja;

161 405 43 22 den
220 405 36 22 det
271 405 48 22 icke
335 406 45 27 gör,
397 412 73 14 svarar
485 405 44 28 nej.

229 440 85 21 Vinner
328 441 44 27 nej,
388 440 63 27 utgår
467 441 11 27 &
494 447 25 14 ur
535 439 267 28 författningsförslaget.*

229 475 47 21 Och
290 481 46 15 som
352 475 101 28 votering
467 475 75 21 härom
553 474 113 29 begärdes,
677 473 48 22 blef
733 474 66 21 sådan
810 473 101 27 anställd,

163 509 76 22 dervid
254 511 100 20 rösterna
368 509 76 22 utföllo
461 509 101 22 sålunda:

297 545 8 20 i
321 543 58 29 3:dje
394 545 30 20 kl.
440 545 50 20 med
505 545 12 20 9
528 545 29 27 ja
572 543 41 22 och
629 543 26 21 16
671 545 42 27 nej,

297 578 117 28 i2da
405 574 26 36 ,
459 595 8 10 »
506 580 10 20 4
542 594 9 11 »
589 594 9 10 n»
643 578 52 26 5,

298 613 115 27 ilstä
411 608 22 37 ,
457 629 10 11 »
503 614 47 25 6»
588 628 9 11 »
643 612 11 20 7
685 628 10 10 »

229 647 36 21 Då
284 647 76 22 härvid
378 648 36 28 nej
430 647 8 21 i
453 648 44 21 alla
515 649 33 19 tre
563 646 114 22 klasserna
692 653 39 15 var
746 646 166 28 öfvervägande,

162 682 70 21 skulle
248 682 85 21 således
348 682 12 27 &
376 682 26 21 66
418 689 26 14 ur
458 681 247 29 författningsförslaget
720 681 108 22 bortfalla.

232 716 72 22 Sedan
323 724 30 14 nu
368 717 12 21 3
396 717 40 21 och
452 718 13 20 4
481 717 118 21 artiklarne
615 716 7 21 i
637 716 223 22 utskottssektionens
876 716 37 21 be-

162 751 110 21 tänkande
292 758 52 14 voro
364 751 175 28 genomgängna,
557 751 112 21 fortsattes
685 751 50 22 med
750 751 163 28 granskningen

162 785 25 22 af
200 785 148 22 betänkandet
362 785 8 22 i
386 785 65 29 öfrigt
467 786 11 27 &
494 786 55 21 efter
565 786 11 27 $
591 786 28 27 pä
635 785 97 28 följande
748 787 52 20 sätt:

492 843 58 21 Art.
567 843 19 20 5.

232 889 12 27 $
260 888 33 21 67.
322 888 121 28 Angående
459 887 71 22 denna
536 883 13 37 $
572 887 97 21 tillsades
685 887 62 22 ordet

231 922 59 22 Herr
308 929 42 15 von
371 921 148 29 Knorring,
541 928 45 16 som
605 922 68 28 ansåg
689 922 36 21 det
741 922 6 21 i
764 922 26 21 67
806 923 11 27 &
833 924 82 20 utsatta

164 957 68 27 straff,
248 959 13 27 1
276 957 36 21 ärs
327 957 100 28 fängelse
442 957 50 21 med
507 957 82 26 arbete,
604 958 109 20 motsvara
729 956 55 22 hvad
795 964 45 14 som
851 958 7 20 i
869 957 45 28 lag-

163 991 119 22 utskottets
306 991 138 22 betänkande
463 992 7 20 i
491 992 118 27 anledning
625 991 23 21 af
661 991 42 21 den
722 991 79 28 nådiga
816 992 99 28 proposi-

164 1026 74 21 tionen
254 1026 113 28 angäende
382 1026 93 28 ändring
488 1026 23 20 af
524 1026 58 21 vissa
593 1026 121 20 straffarter
724 1026 118 21 benämnes
857 1026 57 22 tukt-

164 1061 105 21 husstraff
283 1060 39 22 och
339 1060 86 22 derföre
441 1060 136 28 hemställde,
593 1060 106 22 huruvida
714 1060 48 22 icke
779 1060 67 22 orden
855 1061 61 27 ,med

164 1095 87 21 arbete*
267 1095 73 21 kunde
356 1095 112 21 uteslutas.

232 1129 58 21 Herr
310 1136 42 13 von
370 1130 202 27 Weissenberg:
594 1129 45 21 För
657 1130 45 20 min
719 1129 34 21 del
769 1129 70 21 skulle
852 1130 40 27 jag
908 1130 7 20 i

164 1163 40 21 rak
219 1165 91 19 motsats
326 1163 34 21 till
374 1163 58 21 hvad
450 1164 107 21 utskottet
571 1164 7 20 i
594 1163 49 21 dess
659 1163 133 28 motivering
807 1163 23 20 af
844 1164 72 21 denna

164 1198 12 27 8
191 1199 74 26 yttrat,
281 1204 52 15 anse
349 1197 63 22 böter
428 1198 85 27 mycket
534 1198 128 27 lämpligare
678 1199 27 19 än
720 1197 142 22 frihetsstraff
876 1198 40 21 och

163 1232 93 21 föreslår
271 1232 86 21 derföre
373 1232 33 21 till
422 1232 123 27 antagande
560 1232 153 21 motsvarande
729 1232 11 27 $
756 1232 6 20 i
778 1232 42 21 den
836 1233 80 27 nådiga

164 1265 172 28 propositionen.
361 1265 84 21 Genom
461 1266 42 20 den
519 1265 153 28 omarbetning
686 1265 67 26 deraf,
769 1272 47 14 som
832 1266 84 21 utskot-

164 1301 32 19 tet
212 1299 104 28 företagit
332 1299 39 28 sig,
387 1299 39 21 har
442 1299 39 20 ock
497 1306 27 14 en
540 1299 89 28 mening
644 1299 36 20 hel
696 1299 41 21 och
752 1299 72 22 hållen
840 1299 48 22 från
904 1301 12 27 $

165 1334 117 27 uteslutits,
298 1333 112 29 nemligen
426 1333 48 28 den,
491 1341 46 14 som
549 1334 74 28 börjar
634 1334 49 20 med
695 1334 167 29 ,ädagalägges*
876 1335 40 22 och

165 1369 68 21 slutar
254 1369 49 20 med
325 1369 119 28 ,pröfvas.*
474 1369 43 27 Jag
531 1370 36 20 vet
583 1369 19 27 ej
619 1375 35 15 om
670 1369 60 21 detta
745 1369 58 21 skett
818 1369 51 21 med
884 1371 32 20 af-

165 1403 43 29 sigt
224 1403 53 21 eller
293 1403 23 21 af
330 1402 121 22 förseende.

230 1437 59 22 Herr
305 1444 41 15 von
362 1437 152 30 Knorring:
538 1437 43 30 Jag
596 1437 128 23 instämmer
739 1438 51 22 med
804 1438 52 23 herr
871 1446 42 16 von
