989 1709
747 142 39 21 821

65 204 43 21 alla
123 204 44 21 fall.
199 204 83 21 Stanna
300 204 7 21 i
328 204 71 21 denna
414 204 63 28 fråga
492 204 36 22 två
543 205 64 21 stånd
622 207 45 19 mot
682 206 43 26 två,
741 207 23 20 är
779 206 36 22 det

66 238 94 27 osäkert,
180 238 106 21 huruvida
305 238 78 29 frågan
401 238 69 22 under
486 239 71 21 denna
572 239 103 28 landtdag
690 240 78 21 hinner
784 240 31 22 af-

65 275 72 26 göras.

133 307 59 22 Herr
211 307 202 22 landtmarskalken
433 308 106 28 tillfrågte
558 308 53 21 härå
626 309 88 21 ståndet
728 316 34 14 om
778 309 37 22 det

64 341 51 22 ville
139 341 117 29 godkänna
278 341 332 30 sammanjemkningsförslaget
624 343 8 20 i
646 343 72 21 denna
737 343 77 28 punkt,

64 376 90 21 hvilken
170 376 63 28 fråga
248 376 47 21 blef
308 376 51 21 med
374 376 160 29 öfvervägande
547 377 24 27 ja
586 377 112 22 besvarad.

133 411 140 21 Beträffande
289 411 104 28 slutligen
408 411 118 21 utskottets
537 411 82 28 förslag
629 413 32 19 att
671 411 78 28 möjlig
759 419 55 14 sam-

65 445 166 28 manjemkning
254 445 23 21 af
298 445 59 21 inom
378 445 152 28 ridderskapet
550 445 40 21 och
606 445 63 22 adeln
684 446 7 20 i
707 453 107 14 samman-

64 480 60 27 hang
143 479 50 21 med
213 479 144 21 förevarande
375 479 81 21 ärende
472 479 64 21 väckt
551 479 62 28 fråga
628 486 34 14 om
679 480 136 28 underdånig

64 513 103 22 anhållan
181 514 40 21 hos
236 513 29 22 H.
281 513 27 22 K.
325 513 45 27 M:t,
385 513 92 22 rörande
493 513 113 28 åtgärders
621 513 133 28 vidtagande
771 514 43 26 1:0)

65 549 34 20 för
113 549 125 20 inrättande
254 548 24 21 af
292 555 27 14 en
335 548 93 21 särskild
445 549 205 27 jernvägsstyrelse,
668 549 44 26 2:0)
727 548 35 21 för
776 556 38 13 an-

64 583 108 21 ställande
195 583 23 21 af
238 583 165 28 hydrografiska
426 583 90 21 arbeten
537 583 40 20 och
597 583 159 28 sjömätningar
778 583 36 21 vid

63 617 84 22 Finska
169 618 111 28 kusterna,
305 617 40 22 och
368 618 42 26 3:0)
432 617 34 21 för
486 617 114 21 införande
622 617 24 21 af
664 624 27 15 en
711 617 103 28 tidsenlig

65 652 181 28 vinterpostgång
260 652 61 21 öfver
336 644 83 29 Ålands
438 652 40 21 haf
491 647 93 26 emellan
600 651 92 28 Sverige
708 651 40 22 och
763 651 52 22 Fin-

65 687 58 26 land,
141 686 70 21 skulle
233 686 145 21 öfverlemnas
394 686 34 21 till
443 687 27 20 de
485 685 125 29 respektive
625 686 105 21 ståndens
745 687 68 27 ytter-

65 721 70 28 ligare
160 721 160 28 bepröfvande,
345 721 53 20 fann
425 720 152 28 ridderskapet
599 720 40 21 och
662 720 64 21 adeln
748 720 68 29 något

65 755 132 28 tillgörande
216 755 133 22 härutinnan
368 755 13 21 &
400 755 88 21 ståndet
505 755 49 21 icke
569 755 124 26 ankomma,
709 755 53 21 utan
777 755 37 21 be-

64 790 67 21 rodde
153 790 78 28 frågan
253 789 69 27 deraf,
343 789 107 22 huruvida
470 789 26 22 de
516 789 72 28 öfriga
607 789 92 21 stånden
714 789 52 21 ville
781 789 33 21 in-

65 826 93 20 stämma
173 825 32 21 uti
220 824 162 28 ridderskapets
398 824 41 22 och
454 824 76 22 adelns
546 824 144 21 omförmälda
705 824 109 21 anhållan.

133 859 172 29 Ridderskapets
321 859 40 22 och
376 858 75 22 adelns
467 859 7 21 i
490 859 60 21 detta
565 860 64 20 ämne
644 859 83 21 fattade
742 859 74 22 beslut

65 894 70 22 skulle
151 893 245 30 expeditionsutskottet
415 894 41 21 och
472 893 144 22 medstånden
630 893 29 29 på
674 893 83 29 vanligt
772 895 43 20 sätt

65 929 114 28 delgifvas.

133 998 103 21 Friherre
251 997 76 28 Boije
347 998 73 21 anhöll
438 997 54 22 härå
507 1004 35 15 om
558 997 62 21 ordet
635 997 41 21 och
691 997 97 28 yttrade:
803 997 13 22 I

65 1033 111 29 egenskap
197 1033 23 20 af
238 1031 131 22 ordförande
387 1032 7 20 i
414 1033 156 20 sammansatta
584 1032 46 27 lag-
646 1031 41 22 och
703 1031 111 22 ekonomi-

65 1069 116 25 utskottet,
202 1067 40 21 har
259 1068 40 27 jag
313 1068 53 20 äran
381 1067 40 20 hos
436 1067 119 28 höglofliga
571 1065 87 22 ståndet
673 1066 94 26 anmäla,
782 1068 34 19 att

65 1103 157 21 sammansatta
238 1101 46 28 lag-
299 1101 41 22 och
355 1101 209 22 ekonomiutskottet
579 1101 48 20 från
644 1100 170 28 expeditionsut-

66 1138 83 21 skottet
159 1136 42 21 fått
211 1137 34 26 sig
255 1135 99 22 tillsändt
368 1135 160 29 handlingarna
537 1136 8 20 i
555 1135 77 28 frågan
644 1141 34 16 om
691 1135 125 27 grunderna

65 1173 34 20 för
114 1171 141 28 reglerandet
269 1171 25 20 af
307 1170 175 29 presterskapets
501 1169 104 28 aflöning,
621 1169 24 22 af
658 1169 74 22 hvilka
747 1169 67 22 hand-

66 1207 71 26 lingar
158 1205 107 22 utskottet
281 1204 114 27 inhemtat,
414 1206 32 19 att
461 1203 160 23 bondeståndet
637 1203 80 22 biträdt
731 1203 84 22 ridder-

67 1241 88 27 skapets
175 1239 40 21 och
235 1239 78 21 adelns
333 1239 82 21 fattade
435 1239 72 22 beslut
526 1239 39 21 och
584 1237 130 22 meddelade
729 1237 86 28 inbjud-

66 1275 54 27 ning
135 1275 32 20 att
181 1273 48 21 icke
245 1273 93 21 allenast
352 1273 119 29 uppskjuta
488 1273 88 28 frågans
592 1272 89 28 slutliga
696 1271 119 29 afgörande

67 1309 33 21 till
119 1308 181 22 nästkommande
315 1308 111 27 landtdag,
442 1310 53 19 utan
512 1308 40 20 ock
567 1307 107 27 derjemte
688 1306 40 22 hos
744 1306 28 20 H.
787 1305 28 21 K.

67 1343 40 21 M:t
125 1343 7 20 i
153 1341 174 27 underdånighet
345 1341 94 26 anhålla,
455 1343 32 18 att
502 1348 28 14 en
545 1340 82 21 komité
642 1340 72 20 blefve
729 1340 88 20 nedsatt

67 1377 34 20 för
123 1374 144 22 utarbetande
289 1374 24 20 af
334 1376 48 26 nytt
402 1374 88 28 förslag,
508 1374 68 28 bygdt
590 1374 28 27 på
632 1373 42 21 den
690 1372 78 28 grund,
784 1374 32 19 att

67 1408 186 31 prestaflöningen
274 1408 67 22 måtte
363 1408 53 28 utgå
440 1408 56 22 efter
518 1406 111 30 persontal
650 1406 59 22 inom
724 1406 92 22 försam-

67 1445 101 30 lingarné
191 1443 40 23 och
254 1443 84 23 således
360 1443 76 29 skiljas
454 1442 49 23 från
516 1442 216 30 jordlägenheterna.
761 1441 55 21 Der-
