978 1717
741 129 41 21 733

62 194 60 22 detta
132 194 44 22 mål
191 196 31 20 ett
237 194 55 22 enda
307 195 45 27 ord,
368 202 27 14 en
412 195 56 21 enda
482 194 89 22 bokstaf
584 196 7 20 i
607 195 62 22 dessa
685 194 34 22 för
734 202 35 14 oss
785 196 23 20 så

62 229 94 28 dyrbara
170 229 105 22 klenoder
289 230 102 21 kränkas.
422 230 81 21 Sökom
519 231 58 20 ännu
591 232 32 19 att
639 230 172 27 sammanjemka

63 264 110 27 åsigterne
195 264 29 28 pä
244 263 82 29 fredlig
348 264 40 21 och
410 264 106 28 försonlig
535 266 47 26 väg,
598 271 49 14 men
663 264 56 21 låter
734 263 76 23 sådant

63 298 33 28 sig
111 297 49 21 icke
175 299 60 27 göra,
250 298 102 28 återstår,
368 298 69 28 enligt
451 299 44 21 min
512 299 152 27 öfvertygelse,
680 298 77 22 endast
771 300 38 26 att,

63 332 55 21 efter
134 332 71 21 slutad
223 332 123 22 diskussion
361 333 7 21 i
385 332 59 22 detta
460 334 70 26 ämne,
546 333 34 21 för
595 332 122 22 Monarken
733 333 77 21 under-

63 366 87 29 dänigst
163 368 87 21 anmäla
264 367 27 21 de
307 367 128 29 skiljaktiga
450 368 80 28 äsigter
541 368 7 20 i
559 368 42 21 alla
612 367 60 22 delar
686 368 68 27 deraf,
765 374 45 15 som

62 402 59 21 inom
137 402 139 21 riksständen
290 402 60 28 gjort
365 402 33 28 sig
413 402 101 28 gällande
528 404 56 20 samt
593 404 33 20 att
636 402 105 22 likaledes
753 402 58 22 olika

62 437 115 28 meningar
195 437 104 29 uppstått,
315 437 107 22 huruvida
438 437 71 22 denna
525 437 62 30 fråga
601 437 68 22 hörde
685 438 33 21 till
734 438 25 21 de
775 437 35 22 be-

62 472 147 28 villningsmä!
238 473 62 21 hvari
328 473 43 20 alla
395 472 150 22 riksständens
578 473 234 21 sammanstämmande

65 507 56 28 äsigt
142 507 136 22 erfordrades
299 507 34 22 för
352 508 33 20 att
404 507 72 22 beslut
494 508 46 21 deri
555 507 35 22 mä
604 507 73 22 kunna
696 507 73 27 fattas,
784 507 28 28 pä

65 541 36 22 det
116 541 28 22 H.
155 542 29 21 M.
194 541 115 30 Kejsaren,
326 541 84 22 landets
427 542 127 27 Storfurste,
568 543 67 20 måtte
648 542 104 22 komma
735 537 15 38 i
768 542 42 21 till-

63 577 52 21 fälle
131 578 32 19 att
178 577 7 20 i
201 577 42 20 den
257 577 93 27 ordning
366 577 11 27 &
392 577 26 20 57
430 577 24 21 af
464 578 54 21 1772
528 578 35 20 års
574 577 168 28 regeringsform
755 577 56 20 före-

63 611 100 27 skrifver,
184 611 22 21 fä
225 611 72 22 denna
318 611 148 29 principfräga
481 612 7 20 i
504 611 179 29 grundlagsenlig
701 613 42 26 väg
757 611 53 27 löst;

63 647 23 27 ty
101 648 32 19 att
149 647 52 20 enär
216 646 111 29 äsigterne
342 646 75 21 derom
433 648 37 19 äro
486 646 64 28 olika,
566 648 52 19 utan
633 646 73 21 vidare
717 647 95 27 omgång

63 688 30 14 nu
108 682 75 21 votera
206 681 38 21 och
267 681 55 21 fatta
344 681 78 26 beslut,
443 681 105 22 huruvida
568 681 76 28 frägan
660 682 24 19 är
699 681 24 20 af
736 680 75 22 bevill-

63 717 130 28 ningsnatur
215 717 53 20 eller
290 716 40 21 har
352 723 73 14 annan
445 715 118 29 egenskap,
584 722 51 14 vore
650 715 67 21 redan
733 717 32 19 ett
780 715 32 21 in-

63 752 65 27 träng
151 752 7 20 i
180 751 162 28 grundlagarne
362 751 40 21 och
418 750 7 21 i
440 750 132 21 monarkens
591 751 44 20 rätt
651 751 30 20 att
696 750 7 21 i
720 750 43 21 alla
778 749 33 22 till

65 786 49 22 dem
130 786 96 21 hörande
242 787 78 20 ämnen
336 787 51 26 taga
402 785 124 22 initiativet.

133 821 42 28 Jag
194 821 39 21 ber
253 822 32 20 att
304 822 58 19 ännu
384 821 86 27 engång
488 820 22 21 få
526 819 135 22 återkomma
676 819 34 21 till
725 820 12 27 &
753 819 12 21 3
780 819 32 20 uti

65 857 55 20 1786
139 856 35 21 års
193 855 172 28 riksdagsbeslut
385 854 39 22 och
444 855 40 21 den
501 853 59 22 olika
575 854 100 28 tolkning
690 861 50 14 man
756 853 58 22 velat

64 891 59 28 gifva
138 891 36 21 det
189 890 45 21 deri
246 889 178 24 förekommande
436 889 110 29 uttrycket
557 889 174 29 bevillningsmäl.
754 889 58 20 Den-

64 933 28 14 na
107 926 12 27 &
134 925 102 22 hänvisar
251 925 7 21 i
274 924 60 22 detta
352 924 104 21 afseende
471 924 33 21 till
521 924 54 21 1772
591 923 34 21 års
641 923 170 28 regeringsform

65 961 40 21 och
125 960 51 21 herr
195 959 137 29 Furuhjelm,
351 959 87 27 Viktor,
459 959 39 21 har
518 958 101 21 anmärkt
637 960 32 19 att
684 957 6 21 i
707 958 42 21 den
765 958 47 20 sist-

64 995 94 22 nämnde
182 996 19 27 ej
225 994 148 22 förekommer
395 995 31 20 ett
449 993 56 22 enda
524 993 40 21 ord
580 1000 35 13 om
629 992 183 29 bevillningsmäl.

63 1031 73 28 Tager
158 1037 50 14 man
231 1029 63 22 ordet
315 1028 176 29 bevillningsmål
511 1029 13 20 &
543 1027 60 22 detta
621 1027 63 21 ställe
699 1027 8 21 i
724 1027 41 22 den
780 1027 32 21 in-

64 1065 129 22 skränktare
213 1064 90 28 mening
323 1064 40 21 och
384 1063 142 27 bemärkelse,
542 1063 62 20 hvari
618 1062 51 21 herr
683 1062 129 28 Furuhjelm

64 1100 41 22 och
125 1099 68 22 andra
213 1099 75 27 talare,
308 1098 75 21 hvilka
397 1097 81 22 biträdt
493 1097 54 22 hans
563 1097 88 28 åsigter,
668 1097 75 28 tyckes
758 1104 54 21 upp-

66 1136 65 21 fattat
149 1134 126 26 detsamma,
295 1134 32 20 ett
347 1133 95 27 begrepp
464 1139 45 14 som
526 1131 36 21 det
576 1131 129 28 visserligen
722 1131 91 21 innebär

65 1171 7 20 i
92 1169 84 28 dagligt
195 1169 37 26 tal,
248 1168 28 22 då
291 1168 37 21 det
347 1167 75 21 ställes
441 1167 3 21 i
459 1168 91 20 motsats
568 1167 59 20 emot
641 1166 67 21 andra
723 1166 90 27 skatter,

64 1204 91 28 medger
172 1204 40 27 jag
232 1203 59 21 detta
309 1209 76 21 gerna,
403 1201 57 22 helst
476 1201 77 28 sjelfva
568 1201 110 28 uttrycket
693 1201 121 27 bevillning

66 1239 46 21 deri
128 1239 19 27 ej
164 1238 72 28 ingår;
252 1244 49 14 men
318 1244 50 14 man
384 1236 105 21 behöfver
499 1236 20 27 ej
530 1242 53 15 vara
593 1235 87 28 mycket
689 1235 125 21 bevandrad

64 1274 7 21 i
87 1273 94 23 svenska
195 1272 178 29 lagstiftningens
387 1271 39 21 och
441 1270 131 22 framförallt
586 1270 228 28 beskattningsväsen-

65 1309 48 21 dets
129 1307 97 28 historia,
240 1307 34 21 för
290 1308 31 20 att
335 1306 48 21 inse
399 1308 32 19 att
445 1305 50 21 med
510 1304 110 29 uttrycket
638 1304 176 28 bevillningsmål

66 1344 12 19 å
91 1342 94 22 nämnde
204 1342 63 20 ställe
286 1341 117 27 rätteligen
423 1340 79 21 förstås
518 1340 45 20 alla
574 1339 79 27 frågor
667 1347 33 13 om
715 1339 76 28 anslag
806 1339 9 21 i

66 1376 115 22 allmänhet
202 1375 68 22 under
293 1374 56 22 hvad
371 1374 44 21 titel
437 1374 36 20 och
494 1374 105 28 egenskap
614 1373 25 20 de
654 1373 38 21 ock
705 1374 36 20 må
755 1374 57 27 utgå,

67 1419 41 15 som
119 1411 40 29 för
174 1410 134 22 statsverkets
324 1408 64 29 behof
399 1408 30 28 af
440 1407 115 23 ständerna
570 1406 95 29 beviljas,
682 1406 40 21 och
741 1406 26 22 då
781 1406 33 21 in-

66 1454 35 14 ser
116 1453 51 15 man
182 1445 40 22 lätt
237 1446 33 20 att
284 1444 61 22 detta
360 1443 86 28 uttryck
462 1442 168 29 bevillningsmål
639 1440 78 22 hänför
733 1441 33 28 sig
781 1440 33 22 till
