986 1703
188 142 42 22 230

163 204 44 25 och
224 207 87 21 komme
331 206 91 27 således,
443 207 7 20 i
470 206 104 21 händelse
597 205 119 27 bevillning
731 205 34 20 för
780 205 131 20 folkskolors

161 241 150 28 befrämjande
327 240 47 21 icke
390 241 36 20 vid
441 241 71 20 denna
527 239 104 28 landtdag
646 239 125 27 fastställes,
787 239 76 28 anslag
878 239 33 20 till

164 273 59 24 detta
239 274 100 22 ändamål
354 276 32 20 att
402 274 47 21 från
466 274 41 21 den
522 274 159 21 kommunerna
692 273 129 21 tillfallande
832 273 81 28 fjerde-

163 310 35 21 del
213 309 24 21 af
250 308 192 22 bränvinsskatten
458 309 72 27 utgå.
519 304 14 38 -

230 342 175 22 Vidkommande
426 343 46 21 åter
487 342 26 21 de
528 342 68 21 redan
612 342 24 20 af
648 342 210 21 utskottssektionen
874 349 39 13 un-

164 377 38 21 der
212 374 42 24 litt.
266 377 17 21 C
293 378 113 27 upptagna
416 377 76 27 anslag
502 377 34 20 till
547 376 166 28 allmännyttiga
725 376 106 27 ändamål,
842 376 24 22 så
874 376 40 21 och

164 411 92 21 emedan
274 411 68 27 några
361 410 140 22 medlemmar
520 410 24 21 af
561 410 86 21 ståndet
665 410 64 28 yrkat
745 412 31 19 att
791 410 75 28 anslag
880 410 34 21 till

163 445 94 22 kreditiv
271 445 34 21 för
321 445 105 28 styrelsen
442 445 69 21 under
526 444 130 22 missvextår
671 444 112 22 äfvensom
793 445 77 28 anslag
880 445 34 21 för

163 479 210 28 donationsgodsens
388 479 86 21 inlösen
489 479 48 21 icke
553 478 66 22 borde
635 478 48 22 från
694 479 42 21 den
747 479 165 28 ifrågavarande

164 515 87 20 skatten
273 514 59 27 utgå,
354 513 135 21 framställde
509 514 51 20 herr
580 513 209 27 landtmarskalken,
813 514 49 21 med
882 514 31 20 fä-

164 548 59 21 stadt
238 548 102 20 afseende
355 548 13 20 å
383 548 57 20 hvad
455 548 68 20 under
539 547 152 21 diskussionen
707 548 76 21 härom
798 548 34 21 för
848 548 67 28 öfrigt

165 582 91 26 anförts,
272 581 166 21 nedannämnde
453 582 146 28 proposition:

175 614 7 3 ">,
221 614 71 28 Vill
305 616 152 28 ridderskapet
473 616 40 21 och
527 616 64 21 adeln
607 616 66 21 bland
688 616 77 28 anslag
780 616 33 21 till
823 616 91 22 allmän-

164 650 86 28 nyttiga
273 650 99 21 ändamål
394 650 69 22 under
486 657 34 15 n:o
544 651 12 20 3
579 652 96 26 upptaga
698 650 94 22 kreditiv
814 651 34 21 för
870 652 44 27 sty-

165 684 86 21 relsen?

231 718 51 21 Den
304 725 46 14 som
372 718 38 21 vill
430 719 69 20 under
519 725 35 14 n:o
575 719 12 20 3
608 720 96 27 upptaga
721 719 77 21 sådant
813 719 101 27 kreditiv,

165 751 74 22 svarar
251 753 34 27 ja;
301 752 41 21 den
359 752 37 21 det
410 753 49 20 icke
474 753 45 26 vill,
535 759 73 14 svarar
624 754 57 27 nej."

231 786 97 21 Hvilken
346 787 136 27 proposition
501 787 131 21 besvarades
648 787 49 21 med
712 787 107 22 blandade
833 789 25 27 ja
874 789 39 20 och

164 821 44 28 nej,
223 820 101 21 hvarföre
340 820 75 21 skreds
431 821 32 20 till
479 821 108 28 votering,
603 828 46 14 som
663 821 64 22 utföll
743 822 58 21 inom

321 854 57 29 3:dje
392 855 30 20 kl.
437 855 51 21 med
503 856 26 20 10
539 857 30 27 ja
584 855 40 21 och
640 857 27 19 22
682 857 42 27 nej,

322 889 89 26 2:dra
408 885 18 35 p
459 906 9 9 »
515 890 45 25 6,
601 907 9 9 »
653 891 12 20 8
695 906 11 9 9

324 923 54 20 Ista:
410 939 1 10 =
458 940 9 9 =»
514 925 47 25 Öm
601 941 10 8 «
652 925 12 20 I
695 941 10 8 gr

164 957 41 21 och
226 963 46 14 som
293 957 71 20 denna
383 957 136 28 proposition
541 958 84 21 säledes
645 959 67 21 borde
731 966 63 14 anses
815 960 101 21 nekande

164 991 115 27 besvarad;
295 991 69 20 erhöll
380 991 41 20 den
436 991 24 21 af
473 992 50 21 herr
539 992 201 23 landtmarskalken
750 993 89 22 härnäst
850 994 65 21 fram-

164 1024 80 21 ställda
259 1024 96 28 följande
371 1024 93 28 lydelse:

234 1076 9 8 »
246 1058 46 21 Vill
307 1058 152 28 ridderskapet
473 1060 39 20 och
528 1060 63 21 adeln
606 1060 66 21 bland
688 1062 77 27 anslag
779 1062 34 20 till
824 1062 90 21 allmän-

164 1092 87 28 nyttiga
267 1092 101 21 ändamål
385 1093 69 21 under
469 1100 35 14 n:o
521 1095 12 19 3
549 1096 96 26 upptaga
660 1095 77 28 anslag
748 1096 33 20 till
792 1096 124 21 donations-

164 1126 95 28 godsens
274 1126 100 21 inlösen?

232 1160 49 20 Den
297 1167 45 14 som
358 1160 38 22 vill
412 1161 68 21 under
495 1169 36 14 n:o
547 1163 12 20 3
575 1164 96 27 upptaga
682 1164 77 21 sädant
770 1165 83 27 anslag,
868 1173 47 13 sva-

164 1200 36 14 rar
212 1194 35 27 ja;
263 1194 41 20 den
320 1194 36 21 det
370 1194 48 22 icke
434 1196 45 26 vill,
495 1203 74 14 svarar
585 1198 57 27 nej."

233 1228 110 21 Häröfver
354 1230 118 20 anställdes
483 1230 106 22 likaledes
600 1232 107 27 votering,
724 1240 46 14 som
781 1234 63 20 utföll
856 1234 58 22 inom

324 1261 57 28 3:dje
396 1262 30 20 kl.
441 1263 50 21 med
506 1264 26 20 13
542 1266 29 26 ja
587 1264 40 22 och
644 1266 25 20 18
685 1267 41 27 nej,

324 1295 90 27 2:dra
411 1291 17 39 p
460 1312 10 11 »
515 1298 42 26 75
598 1315 8 9 »
654 1300 37 26 6,

326 1330 54 21 I:stä
406 1347 8 10 »
462 1347 9 11 »
503 1332 55 27 10,
597 1350 8 9 ,
653 1334 38 27 0,

164 1363 7 20 i
187 1363 56 28 följd
257 1363 25 21 af
294 1363 89 22 hvilken
398 1365 83 28 utgäng
496 1367 76 28 anslag
587 1367 33 21 till
634 1367 211 31 donationsgodsens
860 1372 54 21 inlö-

165 1404 38 15 sen
219 1397 64 22 alltsä
297 1397 70 22 skulle
383 1399 69 22 under
467 1401 71 28 tredje
556 1402 99 28 punkten
670 1403 24 21 af
707 1403 43 22 litt.
766 1405 19 20 B
801 1407 113 28 upptagas.

232 1431 58 24 Herr
305 1432 201 25 landtmarskalken
521 1437 150 30 proponerade
687 1438 84 24 vidare:
