986 1700
181 143 41 21 234

154 215 46 13 mas
216 208 34 20 för
265 207 211 26 donationsgodsens
486 206 120 26 inlösande,
618 206 45 20 ifall
675 206 68 20 andra
753 206 92 27 utvägar
856 205 48 21 der-

156 241 33 20 till
205 241 24 20 af
243 241 117 20 ständerna
374 240 106 21 beredas?

220 275 50 20 Den
292 281 45 15 som
360 274 38 21 vill
420 274 33 21 till
476 274 91 21 berörde
591 273 100 22 ändamål
710 273 61 22 anslå
792 273 112 27 1,800,000

155 310 68 26 mark,
239 317 74 14 svarar
326 309 32 28 ja;
375 309 42 21 den
434 309 36 20 det
486 309 47 21 icke
549 309 46 26 vill,
611 315 74 14 svarar
700 308 44 27 nej.

221 344 87 21 Vinner
328 344 44 27 nej,
398 343 72 21 anslås
493 343 34 21 för
549 343 124 21 ändamålet
689 343 114 26 2,000,000
819 342 85 27 mark”;

155 378 89 21 hvilken
259 378 137 28 proposition
411 378 80 27 ansågs
506 377 49 22 med
568 377 24 28 ja
608 377 115 27 besvarad;
740 377 8 20 i
763 376 55 29 följd
828 376 79 21 hvaraf

155 412 84 22 således
255 413 32 20 ett
302 412 76 28 anslag
393 412 25 21 af
432 413 112 26 1,800,000
559 411 62 21 mark
637 411 34 21 till
681 411 224 21 kommunikationer-

155 454 39 14 nas
214 446 165 22 fullkomnande
399 446 67 21 borde
486 447 71 21 såsom
571 445 37 22 det
623 445 68 22 andra
706 445 7 21 i
730 445 120 29 ordningen
866 453 39 14 un-

155 481 38 22 der
208 481 41 21 litt.
265 481 19 22 B
300 481 90 21 införas.

222 515 120 29 Angående
356 515 104 28 beloppet
475 515 23 21 af
511 515 78 28 anslag
603 515 35 20 till
653 514 209 29 donationsgodsens
874 515 32 20 in-

155 550 89 22 lösande
260 549 126 29 godkändes
402 549 222 23 utskottssektionens
639 549 89 29 förslag,
743 551 52 20 utan
806 551 32 20 att
848 549 59 22 olika

155 585 115 27 meningar
285 585 75 21 derom
374 585 132 28 förspordes.

223 619 64 22 Hvad
303 619 103 28 slutligen
421 619 80 28 angick
517 619 41 21 den
573 626 90 19 summa,
679 625 46 14 som
736 618 67 21 borde
814 618 34 21 till
857 618 49 21 kre-

156 654 53 21 ditiv
225 654 22 21 åt
263 653 107 28 styrelsen
386 653 80 27 anslås,
482 653 81 28 yrkade
575 652 115 29 grefvarne
702 652 79 22 Creutz
792 653 40 21 och
842 653 64 21 Arm-

157 688 39 21 felt
211 687 114 22 äfvensom
339 688 104 21 herrarne
458 687 157 28 Björkenheim
632 687 40 21 och
687 687 115 28 Törngren
813 689 31 19 att
854 687 52 22 den-

155 729 82 14 samma
253 722 70 21 skulle
338 722 132 21 bestämmas
485 723 34 20 till
534 722 91 26 300,000
640 721 67 22 mark.

222 756 59 21 Herr
297 763 41 14 von
353 756 87 27 Born,
463 756 20 21 J.
503 757 33 26 A.,
562 755 116 22 förordade
701 756 160 28 godkännande
884 756 25 21 af

157 791 223 21 utskottssektionens
395 791 146 20 betänkande.

223 825 59 21 Herr
297 832 42 14 von
356 825 80 26 Born,
457 825 27 21 K.
503 825 32 27 F.,
559 825 68 28 ansåg
646 825 40 28 sig,
704 824 50 21 med
772 825 102 21 afseende
893 825 13 21 å

156 859 26 21 de
198 859 24 21 af
235 859 86 21 ståndet
337 858 67 22 redan
420 859 78 27 gjorda
513 859 118 27 ändringar
641 859 32 20 uti
683 859 224 21 utskottssektionens

155 893 88 28 förslag,
264 893 64 21 äfven
348 899 91 14 numera
459 893 53 21 böra
527 893 94 26 förorda,
641 895 31 18 att
687 893 166 28 ifrågavarande
869 901 37 13 an-

156 928 46 27 slag
218 927 70 21 skulle
304 927 111 21 nedsättas
431 927 34 20 till
480 927 91 27 300,000
587 927 68 20 mark.

224 961 47 22 Och
289 969 38 13 var
348 961 42 21 den
409 961 24 21 af
446 961 50 22 herr
511 961 202 21 landtmarskalken
729 961 7 21 i
752 963 74 20 ämnet
841 961 65 22 fram-

157 996 78 21 ställda
250 995 164 28 propositionen
431 995 129 29 sålydande:

225 1047 8 10 »
236 1029 46 22 Vill
301 1029 151 29 ridderskapet
468 1030 39 21 och
521 1030 65 21 adeln
603 1029 33 21 till
652 1029 95 22 kreditiv
762 1029 23 22 åt
799 1030 108 29 styrelsen

157 1064 60 21 anslå
233 1071 27 14 en
276 1070 83 14 summa
374 1064 24 21 af
412 1065 91 26 500,000
518 1064 76 21 mark?

223 1098 50 21 Den
289 1105 45 14 som
350 1098 38 21 vill
403 1098 34 21 till
453 1098 90 22 berörde
554 1098 101 21 ändamål
665 1098 62 21 anslå
737 1098 91 28 500,000
838 1100 69 27 mark,

157 1140 73 15 svarar
243 1134 34 27 ja;
293 1132 42 22 den
350 1132 37 22 det
402 1133 48 21 icke
466 1133 45 27 vill,
527 1139 74 15 svarar
616 1133 43 28 nej.

225 1167 85 21 Vinner
332 1167 46 28 nej,
402 1167 72 21 anslås
498 1168 35 20 för
555 1167 124 21 ändamålet
704 1168 92 27 300,000
820 1168 85 27 mark;*

157 1203 55 19 samt
228 1201 129 22 besvarades
373 1201 50 21 med
438 1201 161 28 öfvervägande
614 1201 46 28 nej;
676 1201 86 21 hvadan
776 1202 84 21 således
870 1202 37 21 be-

157 1236 74 27 loppet
256 1235 24 20 af
300 1235 142 20 förenämnde
465 1236 76 27 anslag
563 1242 38 14 var
624 1235 108 21 bestämdt
756 1236 34 21 till
815 1237 92 26 300,000

156 1269 69 21 mark.

224 1303 35 21 Då
272 1309 30 14 nu
315 1303 69 21 skulle
398 1303 132 22 bestämmas
544 1303 111 21 storleken
665 1303 24 21 af
697 1303 27 21 de
735 1304 83 28 anslag,
831 1305 75 20 hvilka

157 1338 23 21 af
198 1338 27 21 de
246 1337 90 22 sålunda
356 1338 138 21 återstående
516 1339 111 26 1,300,000
646 1338 61 21 mark
723 1338 66 21 borde
805 1339 53 28 utgå
873 1339 33 22 till

157 1372 106 27 ändamål,
286 1379 45 14 som
352 1372 45 21 afse
416 1373 108 21 lättandet
543 1373 24 21 af
583 1373 25 21 de
627 1373 86 27 bördor,
736 1373 75 22 hvilka
829 1374 77 29 trycka

154 1407 137 29 jordbruket,
307 1407 86 28 yttrade

224 1441 59 23 Herr
299 1442 144 29 Törngren:
461 1442 44 22 För
523 1443 45 22 min
583 1443 36 22 del
633 1443 92 22 föreslår
737 1443 46 30 jag,
799 1445 32 20 att
846 1444 58 23 stån-
