1109 1739
238 118 42 21 586
483 125 25 17 R.
521 130 19 13 o.
551 126 23 17 A.
588 126 58 18 1894.
671 126 23 17 13
706 126 63 22 April.

277 204 57 22 Frih.
360 210 42 16 von
426 205 206 23 Willebrand:
670 207 41 27 Jag
735 207 50 21 ville
815 207 133 22 beträffande
970 208 67 22 andra

207 239 63 15 mom.
286 233 8 21 i
315 233 15 27 &
346 234 10 20 1
379 234 86 22 ansluta
478 235 44 26 mig
537 234 33 22 till
586 235 54 26 dem,
658 241 45 16 som
718 236 64 27 yrkat
796 235 28 27 pä
839 236 160 22 bibehällandet
1014 236 24 22 af

207 261 157 22 betänkandets
385 262 87 28 lydelse.
501 263 132 27 Visserligen
656 266 24 19 är
693 264 37 27 jag
744 264 49 21 med
809 264 32 22 Hr
856 264 111 27 Mechelin,
982 265 54 22 Leo-

208 290 57 27 pold,
280 290 49 22 fullt
339 297 50 15 ense
404 297 34 15 om
454 292 37 21 det
506 292 113 27 önskligai
634 294 34 20 att
677 292 109 22 litteratör
799 293 53 21 eller
862 294 172 26 vetenskapman,

207 325 46 15 som
269 319 68 21 häller
353 319 101 28 tillfälligt
470 320 106 28 föredrag,
592 320 108 22 befriades
722 322 47 20 frän
785 321 121 28 bevillning.
936 322 49 22 Men
998 322 39 27 jag

206 350 25 19 är
253 348 13 21 &
288 348 69 21 andra
376 349 61 21 sidan
458 350 49 20 med
531 350 32 20 Hr
586 350 126 26 Schauman,
735 351 91 26 August,
842 350 128 28 fullkomligt
985 358 51 14 ense

206 377 74 21 derom
303 378 33 20 att
357 377 175 27 konsertgifvare,
556 378 19 21 d.
598 384 19 15 v.
642 385 16 15 s.
678 378 87 26 sädana,
782 385 46 15 som
843 381 97 25 prestera
954 380 83 26 verklig

206 406 70 24 konst,
301 405 64 22 hafva
384 406 50 21 fullt
455 412 81 16 samma
558 407 114 26 anledning
694 409 33 19 att
748 407 47 21 frän
816 408 115 26 bevillning
946 408 89 26 befrias;

206 435 60 21 detta
281 434 23 22 sä
319 434 85 27 mycket
426 441 46 15 mer
491 442 45 14 som
551 436 70 20 under
637 438 85 19 senaste
738 436 30 26 är,
784 436 124 27 isynnerhet
922 438 7 20 i
945 436 91 22 hufvud-

205 463 83 26 staden,
311 463 37 21 det
368 463 56 21 visat
442 464 32 27 sig
488 466 79 25 ytterst
582 464 48 21 litet
645 465 91 21 lönande
751 464 35 22 för
800 465 146 22 framstäende
960 466 74 20 konst-

204 494 64 19 närer
290 494 33 19 att
344 492 132 21 konsertera.
507 493 125 21 Emellertid
651 494 57 20 inser
721 494 37 26 jag
773 493 131 27 fullkomligt
919 494 34 21 väl
968 494 68 26 omöj-

205 520 93 27 ligheten
314 520 24 22 af
350 523 33 19 att
398 521 112 27 uppdraga
525 521 69 27 nägon
610 522 82 26 verklig
706 524 64 24 gräns
786 522 90 22 emellan
888 523 41 21 den
937 523 97 26 kategori

205 549 24 21 af
242 550 76 26 musik,
335 556 45 15 som
396 550 72 20 kunde
482 550 92 27 förtjena
598 552 151 25 uppmuntran,
766 551 40 21 och
822 551 69 27 öfriga
906 551 128 27 kategorier,

205 584 46 16 som
272 584 87 16 snarare
381 578 66 22 borde
470 578 65 28 högre
556 579 118 25 beskattas,
696 581 26 19 än
745 580 39 20 här
807 582 25 19 är
849 580 121 27 föreslaget.
1000 580 33 21 Då

205 608 61 20 detta
280 614 35 20 nu,
338 606 68 22 säsom
429 608 68 26 sagdt,
520 614 63 20 synes
606 608 103 27 omöjligt,
725 608 40 22 och
778 608 37 27 jag
830 609 33 21 för
878 609 43 21 min
938 609 33 21 del
986 609 48 21 icke

205 636 69 22 skulle
296 636 77 21 önskat
388 636 95 26 verkliga
504 636 169 28 konsertgifvare
698 636 129 22 härutinnan
852 638 70 20 stälda
941 638 7 20 i
970 644 63 20 ogyn-

204 671 106 16 sammare
330 665 46 27 läge
392 666 27 20 än
433 665 179 27 vetenskapsmän
627 665 39 22 och
683 666 137 26 litteratörer,
837 666 61 26 helst,
913 666 55 21 hvad
978 666 56 21 före-

204 695 53 26 drag
278 694 138 26 vidkommer,
438 700 49 15 man
510 694 7 20 i
540 694 70 21 denna
633 694 47 21 stad
704 695 46 20 icke
772 695 78 21 saknat
865 695 84 21 tillfälle
965 697 31 19 att
1011 695 23 21 f&

204 723 53 21 höra
272 722 86 24 sädana,
381 729 46 14 som
449 723 7 20 i
478 722 99 22 afseende
598 722 13 21 ä
630 723 38 21 sitt
683 723 65 21 värde
764 729 45 15 mer
824 725 27 20 än
866 724 34 21 väl
916 724 70 26 lämpa
1001 724 32 26 sig

204 751 32 22 till
252 751 151 27 skatteobjekt,
419 751 38 21 ber
470 751 36 26 jag
522 751 72 22 derför
608 751 22 22 fä
644 751 80 22 föreslä
738 754 33 19 att
787 752 155 21 betänkandets
953 752 80 27 lydelse

204 779 116 22 bibehälles
335 781 7 20 i
357 780 69 21 denna
442 780 41 21 del.

272 855 32 21 Hr
326 855 24 21 V.
373 861 41 14 von
434 854 138 21 Hellens:
603 854 43 21 För
666 855 44 20 min
733 855 35 20 del
791 855 43 20 kan
851 855 37 26 jag
903 855 46 21 icke
965 857 65 19 annat

201 883 65 26 finna,
281 885 28 20 än
324 885 32 20 att
378 883 112 21 Utskottet
511 883 130 26 fullkomligt
663 883 75 27 riktigt
757 883 108 26 redigerat
880 885 10 25 $
909 885 17 24 1,
942 883 38 22 der
995 884 37 21 det

201 912 61 21 heter
284 913 7 20 i
314 913 10 20 1
346 918 62 15 mom.
430 911 134 27 ,Utländing,
587 917 45 16 som
658 911 39 22 här
719 912 7 21 i
748 911 74 22 landet
844 911 34 22 för
902 918 52 21 egen
978 913 52 20 eller

202 947 82 15 annans
306 940 90 27 räkning
418 942 64 19 ärnar
502 940 68 27 bjuda
584 940 36 21 ut*
643 947 19 14 o.
682 947 16 14 s.
721 947 19 14 v.
764 940 39 21 och
830 941 3 20 i
860 941 6 20 2
888 947 63 15 mom.
974 947 56 20 ,som

201 970 48 21 med
272 969 143 26 vederbörligt
437 969 96 21 tillständ
555 971 45 19 mot
621 968 62 28 afgift
700 970 65 19 ärnar
779 969 58 26 gifva
852 969 178 22 cirkusföreställ-

200 998 87 27 ningar*
303 1004 19 15 o.
338 1004 15 15 s.
370 1004 26 20 v.,
412 999 52 20 enär
478 1003 26 15 ur
519 997 122 22 Utskottets
656 997 81 27 förslag
752 997 99 28 framgär,
867 1000 33 19 att
916 998 68 21 denna
998 997 32 22 af-

200 1026 40 27 gift
260 1027 54 21 skall
330 1026 82 21 betalas
427 1026 73 21 förrän
516 1026 141 21 omförmälda
672 1026 113 21 händelser
800 1026 85 21 komme
895 1028 33 19 att
937 1027 92 26 vidtaga.

202 1055 73 22 Skulle
291 1055 36 21 det
342 1055 75 21 ställas
432 1055 30 25 sä,
477 1057 33 18 att
524 1054 90 27 afgiften
630 1054 40 21 bör
685 1055 83 21 betalas
776 1055 54 21 först
845 1055 27 21 dä
888 1054 142 22 föreställnin-

199 1090 41 20 gen
262 1083 74 28 gifves,
360 1083 23 22 sä
405 1083 70 21 kunde
496 1083 24 27 ju
541 1083 47 22 icke
604 1083 89 27 afgiften
708 1083 109 27 uppbäras
832 1083 28 27 pä
875 1083 97 28 förhand,
988 1083 41 22 och

199 1112 72 22 derför
296 1112 64 21 ocksä
380 1118 25 15 en
427 1112 71 21 vidare
521 1111 90 27 ändring
635 1112 6 21 i
667 1113 13 20 2
705 1118 63 15 mom.
788 1112 53 21 böra
856 1114 70 25 göras.
957 1113 71 20 Emel-

198 1141 64 21 lertid
278 1143 25 19 är
316 1141 24 26 ju
355 1140 123 22 Utskottets
492 1140 65 27 afsigt
572 1142 33 20 att
620 1140 114 27 afgifterna
749 1140 62 22 skola
826 1141 6 20 i
843 1140 73 26 hvarje
927 1140 37 21 fall
975 1147 52 20 upp-

198 1169 64 22 bäras
291 1169 28 27 pä
344 1169 97 22 förhand.
471 1169 41 27 Jag
535 1169 68 21 skulle
627 1169 72 21 derför
720 1169 78 22 föreslå
813 1171 33 19 att
861 1169 62 22 ordet
938 1171 89 25 ,ärnar*

198 1197 67 22 mätte
280 1198 22 21 fä
318 1197 92 28 gvarstä.

266 1267 32 21 Hr
313 1267 54 26 Aug.
383 1266 177 22 Schauman:
591 1266 11 21 I
617 1266 75 27 frågan
708 1272 34 15 om
758 1266 62 22 ordet
836 1267 88 25 ,ärnar*
939 1266 35 21 vill
988 1266 39 27 jag

197 1297 57 19 ännu
269 1295 96 22 erkänna
380 1297 39 23 att,
434 1295 70 21 säsom
520 1295 41 21 den
576 1297 85 19 senaste
674 1295 64 21 ärade
753 1295 84 21 talaren
853 1295 117 26 anmärkte,
984 1295 41 21 vis-

194 1324 92 27 serligen
309 1324 7 21 i
341 1326 9 19 1
374 1330 62 15 mom.
461 1330 82 15 samma
564 1324 86 26 uttryck
670 1324 87 27 ,ärnar*
779 1325 25 19 är
825 1323 127 27 begagnadt,
975 1330 49 15 men

196 1353 74 21 dervid
285 1352 40 22 bör
337 1352 37 27 jag
390 1352 71 21 erinra
480 1359 34 15 om
536 1353 33 20 att
592 1352 36 21 det
650 1352 7 21 i
682 1353 10 20 1
716 1358 63 15 mom.
802 1352 60 21 heter
882 1354 34 19 att
936 1352 88 27 afgiften

194 1382 97 26 erlägges
306 1382 64 20 innan
385 1380 66 22 sädan
466 1381 78 21 handel
558 1380 34 22 fär
607 1380 107 27 päbörjas,
731 1386 48 16 men
794 1380 7 22 i
816 1380 68 22 andra
899 1386 64 16 mom.
974 1380 50 22 sak-

193 1416 40 15 nas
248 1409 150 22 bestämmelse
413 1416 35 15 om
463 1411 33 20 att
511 1409 89 27 afgiften
616 1409 56 21 skall
686 1409 98 27 erläggas
799 1409 65 21 innan
879 1409 145 21 föreställnin-

192 1444 42 22 gen
249 1438 87 28 begynt.
367 1438 74 22 Säsom
456 1438 69 21 andra
540 1444 63 15 mom.
624 1444 28 15 nu
667 1439 25 19 är
706 1438 122 25 stiliseradt,
844 1438 72 20 kunde
931 1437 37 22 det
982 1437 43 22 tol-

192 1467 40 21 kas
254 1468 15 20 t.
293 1473 33 15 ex.
342 1466 29 28 sä,
393 1468 33 20 att
448 1472 42 19 om,
506 1466 70 22 säsom
592 1466 47 22 ofta
654 1472 41 21 nog
711 1466 88 26 händer,
815 1472 26 15 en
856 1466 168 21 teaterdirektör

192 1495 48 22 frän
262 1495 80 27 Sverge
364 1495 52 21 eller
438 1494 108 22 hvarifrän
566 1500 46 16 som
627 1494 62 27 helst,
705 1500 45 16 som
766 1496 65 20 ärnar
844 1494 58 28 gifva
916 1494 108 22 föreställ-

190 1524 77 26 ningar
281 1523 47 27 här,
344 1525 31 20 ett
389 1530 40 20 par
451 1523 102 22 mänader
568 1522 58 23 förut
640 1523 97 22 kommer
752 1523 41 22 och
808 1525 39 25 gör
862 1523 33 27 sig
909 1523 111 22 underrät-
