1106 1739
255 116 40 21 662
499 123 24 17 R.
538 127 16 13 o.
567 123 23 18 A.
604 124 57 17 1894.
687 125 21 16 19
722 124 62 21 April.

294 203 30 20 Hr
350 203 207 22 Landtmarskalken
585 203 142 27 tillkännagaf
750 205 33 20 att
809 203 63 27 plena
894 204 68 21 under
986 204 64 20 nästa

225 231 66 21 vecka
311 231 68 22 blifvit
401 232 24 21 af
445 232 241 21 Talmanskonferensen
709 234 82 19 utsatta
814 234 31 19 att
860 232 69 22 hällas
943 232 105 26 Tisdagen

225 259 41 21 den
282 261 27 20 24
325 260 38 21 och
379 260 122 27 Torsdagen
518 262 39 21 den
574 261 26 21 26
617 261 79 22 dennes
711 261 29 21 kl.
757 262 12 20 6
785 267 17 15 e.
819 268 27 14 m.

503 432 85 29 Atgjordt
604 432 178 30 landtdaysärende.

295 501 55 21 Frän
374 502 212 21 Ekonomiutskottet
609 502 55 21 hade
686 501 69 26 ingätt
770 501 98 21 anmälan
884 503 32 19 att
931 501 66 26 sagda
1011 500 40 21 Ut-

225 529 70 22 skotts
319 530 134 22 betänkande
476 530 40 21 N:o
540 532 12 20 7
573 531 7 20 i
603 530 113 27 anledning
734 530 24 21 af
770 532 32 19 ett
816 530 56 21 inom
888 529 161 22 Bondeständet

225 558 64 22 väckt
303 558 79 27 förslag
392 559 32 21 till
435 560 89 26 petition
537 566 34 14 om
582 559 132 21 inrättandet
722 558 24 22 af
752 557 299 23 kreatursskötareskolor

225 586 70 22 blifvit
318 588 31 20 till
372 588 43 20 alla
437 588 58 21 delar
517 588 110 26 godkändt
647 589 23 20 af
686 588 92 24 Preste-,
794 588 103 26 Borgare-
913 587 39 21 och
967 586 83 22 Bonde-

226 615 90 22 ständen
337 618 55 19 samt
415 619 32 19 att
468 616 90 21 sälunda
581 616 197 27 ständerpluralitet
796 616 85 21 vunnits
896 616 33 21 för
944 615 107 21 aflätande

226 644 23 22 af
262 644 41 22 den
318 646 47 20 utaf
378 645 214 21 Ekonomiutskottet
606 645 116 21 förordade
737 645 123 27 petitionen.

570 818 138 28 Kojsarstatyn.

296 886 119 28 Föredrogs
431 886 315 27 Generalguvernörsembetets
762 886 109 21 skrifvelse
887 886 23 21 af
923 886 39 21 den
979 886 26 20 17
1019 885 32 27 (5)

226 914 143 22 innevarande
395 916 67 26 April,
488 916 116 26 hvarjemte
630 914 303 27 Generalguvernörsembetet
957 914 32 22 till
1016 914 34 21 Hr

227 943 208 23 Landtmarskalken
457 945 6 20 i
486 944 99 21 afseende
607 944 13 21 &
640 944 120 21 kännedom
782 945 55 19 samt
854 943 32 21 för
901 945 33 19 att
949 943 24 21 R.
989 948 20 15 o.
1024 943 27 20 A.

227 972 102 26 delgifvas
345 972 122 22 öfversändt
483 975 31 18 ett
530 973 22 20 af
560 973 59 20 Hans
631 972 100 27 Majestät
744 972 84 27 nädigst
839 971 115 27 faststäldt,
965 972 6 20 i
985 971 67 21 öfver-

227 1001 94 26 sättning
337 1001 23 22 sä
375 1001 102 28 lydande:

579 1086 131 21 Ceremoniel

304 1134 37 21 vid
355 1133 122 28 högtidliga
493 1133 144 28 aftäckandet
652 1133 31 27 af
694 1132 113 21 ärestoden
818 1132 34 21 till
863 1132 118 21 äminnelse

487 1174 31 27 af
532 1173 262 28 Kejsaren-Storfursten

554 1213 126 22 Alexander
694 1213 33 20 II.

280 1271 8 18 I
299 1271 56 18 nåder
366 1271 89 18 faststäldt
466 1271 6 17 i

227 1299 96 18 Gatschina
335 1300 34 17 den
381 1300 12 17 2
405 1299 50 23 April
468 1299 49 18 1894.

363 1351 28 18 W.
403 1357 35 12 von
449 1351 65 17 Dehn.

297 1403 174 26 Högtidligheten
487 1402 108 27 begynner
610 1402 7 21 i
632 1401 176 27 Nikolaikyrkan,
824 1401 37 20 der
877 1401 41 20 bön
929 1400 28 27 pä
969 1400 86 21 landets

227 1431 58 21 bäda
307 1431 64 26 spräk
393 1432 102 21 förrättas
517 1431 23 21 af
560 1430 162 26 erkebiskopen.
752 1429 58 22 Frän
826 1429 83 27 kyrkan
924 1428 83 27 begifva
1023 1429 32 26 sig

228 1459 121 21 Ständerna
369 1460 7 20 i
391 1460 122 26 procession
528 1459 33 21 till
576 1459 82 26 platsen
674 1459 33 20 för
722 1459 119 24 ärestoden,
858 1458 38 20 der
911 1457 26 21 de
952 1457 103 26 inbjudne

228 1488 119 21 emellertid
368 1488 111 21 församlat
501 1488 37 26 sig.
569 1487 60 21 Efter
652 1487 74 21 härom
741 1492 76 20 genom
833 1485 221 23 Ceremonimästaren

228 1516 95 22 erhållen
339 1516 161 27 underrättelse,
516 1516 85 21 inträffa
616 1516 232 26 Generalguvernören,
865 1514 59 22 Hans
935 1514 120 27 Kejserliga
