<?xml version="1.0" encoding="UTF-8"?>
<alto xmlns="http://www.loc.gov/standards/alto/ns-v3#" xmlns:xlink="http://www.w3.org/1999/xlink" xmlns:xsi="http://www.w3.org/2001/XMLSchema-instance" xsi:schemaLocation="http://www.loc.gov/standards/alto/ns-v3# http://www.loc.gov/alto/v3/alto-3-0.xsd">
	<Description>
		<MeasurementUnit>pixel</MeasurementUnit>
		<sourceImageInformation>
			<fileName>/tmp/tess_75761ecn_input.PNG</fileName>
		</sourceImageInformation>
		<OCRProcessing ID="OCR_0">
			<ocrProcessingStep>
				<processingSoftware>
					<softwareName>tesseract 5.3.4</softwareName>
				</processingSoftware>
			</ocrProcessingStep>
		</OCRProcessing>
	</Description>
	<Layout>
		<Page WIDTH="1100" HEIGHT="1739" PHYSICAL_IMG_NR="0" ID="page_0">
			<PrintSpace HPOS="0" VPOS="0" WIDTH="1100" HEIGHT="1739">
				<ComposedBlock ID="cblock_0" HPOS="373" VPOS="111" WIDTH="501" HEIGHT="28">
					<TextBlock ID="block_0" HPOS="373" VPOS="111" WIDTH="501" HEIGHT="28">
						<TextLine ID="line_0" HPOS="373" VPOS="111" WIDTH="501" HEIGHT="28">
							<String ID="string_0" HPOS="373" VPOS="118" WIDTH="46" HEIGHT="20" WC="0.96" CONTENT="Lag"/><SP WIDTH="11" VPOS="118" HPOS="419"/>
							<String ID="string_1" HPOS="430" VPOS="122" WIDTH="33" HEIGHT="12" WC="0.96" CONTENT="om"/><SP WIDTH="12" VPOS="122" HPOS="463"/>
							<String ID="string_2" HPOS="475" VPOS="118" WIDTH="128" HEIGHT="21" WC="0.95" CONTENT="aktiebolag."/><SP WIDTH="231" VPOS="118" HPOS="603"/>
							<String ID="string_3" HPOS="834" VPOS="111" WIDTH="40" HEIGHT="21" WC="0.96" CONTENT="697"/>
						</TextLine>
					</TextBlock>
				</ComposedBlock>
				<GraphicalElement ID="cblock_1" HPOS="97" VPOS="151" WIDTH="778" HEIGHT="3"></GraphicalElement >
				<ComposedBlock ID="cblock_2" HPOS="76" VPOS="196" WIDTH="831" HEIGHT="1346">
					<TextBlock ID="block_1" HPOS="76" VPOS="196" WIDTH="831" HEIGHT="1346">
						<TextLine ID="line_1" HPOS="76" VPOS="196" WIDTH="828" HEIGHT="28">
							<String ID="string_4" HPOS="76" VPOS="196" WIDTH="70" HEIGHT="22" WC="0.96" CONTENT="såsom"/><SP WIDTH="17" VPOS="196" HPOS="146"/>
							<String ID="string_5" HPOS="163" VPOS="197" WIDTH="84" HEIGHT="27" WC="0.96" CONTENT="mycket"/><SP WIDTH="15" VPOS="197" HPOS="247"/>
							<String ID="string_6" HPOS="262" VPOS="198" WIDTH="79" HEIGHT="26" WC="0.96" CONTENT="nyttigt"/><SP WIDTH="15" VPOS="198" HPOS="341"/>
							<String ID="string_7" HPOS="356" VPOS="198" WIDTH="40" HEIGHT="21" WC="0.96" CONTENT="och"/><SP WIDTH="15" VPOS="198" HPOS="396"/>
							<String ID="string_8" HPOS="411" VPOS="198" WIDTH="40" HEIGHT="21" WC="0.95" CONTENT="har"/><SP WIDTH="15" VPOS="198" HPOS="451"/>
							<String ID="string_9" HPOS="466" VPOS="198" WIDTH="7" HEIGHT="21" WC="0.95" CONTENT="i"/><SP WIDTH="15" VPOS="198" HPOS="473"/>
							<String ID="string_10" HPOS="488" VPOS="198" WIDTH="99" HEIGHT="21" WC="0.96" CONTENT="utlandet"/><SP WIDTH="14" VPOS="198" HPOS="587"/>
							<String ID="string_11" HPOS="601" VPOS="198" WIDTH="70" HEIGHT="21" WC="0.93" CONTENT="blifvit"/><SP WIDTH="16" VPOS="198" HPOS="671"/>
							<String ID="string_12" HPOS="687" VPOS="197" WIDTH="91" HEIGHT="22" WC="0.92" CONTENT="erkändt"/><SP WIDTH="19" VPOS="197" HPOS="778"/>
							<String ID="string_13" HPOS="797" VPOS="197" WIDTH="39" HEIGHT="21" WC="0.93" CONTENT="och"/><SP WIDTH="16" VPOS="197" HPOS="836"/>
							<String ID="string_14" HPOS="852" VPOS="204" WIDTH="52" HEIGHT="14" WC="0.92" CONTENT="vun-"/>
						</TextLine>
						<TextLine ID="line_2" HPOS="77" VPOS="226" WIDTH="827" HEIGHT="27">
							<String ID="string_15" HPOS="77" VPOS="226" WIDTH="31" HEIGHT="20" WC="0.95" CONTENT="nit"/><SP WIDTH="22" VPOS="226" HPOS="108"/>
							<String ID="string_16" HPOS="130" VPOS="226" WIDTH="84" HEIGHT="26" WC="0.96" CONTENT="mycket"/><SP WIDTH="20" VPOS="226" HPOS="214"/>
							<String ID="string_17" HPOS="234" VPOS="227" WIDTH="122" HEIGHT="26" WC="0.96" CONTENT="sympatier,"/><SP WIDTH="22" VPOS="227" HPOS="356"/>
							<String ID="string_18" HPOS="378" VPOS="226" WIDTH="24" HEIGHT="21" WC="0.93" CONTENT="så"/><SP WIDTH="15" VPOS="226" HPOS="402"/>
							<String ID="string_19" HPOS="417" VPOS="226" WIDTH="114" HEIGHT="22" WC="0.90" CONTENT="förefinnas"/><SP WIDTH="16" VPOS="226" HPOS="531"/>
							<String ID="string_20" HPOS="547" VPOS="226" WIDTH="47" HEIGHT="22" WC="0.96" CONTENT="skäl"/><SP WIDTH="15" VPOS="226" HPOS="594"/>
							<String ID="string_21" HPOS="609" VPOS="229" WIDTH="34" HEIGHT="19" WC="0.96" CONTENT="att"/><SP WIDTH="15" VPOS="229" HPOS="643"/>
							<String ID="string_22" HPOS="658" VPOS="226" WIDTH="82" HEIGHT="27" WC="0.96" CONTENT="hoppas"/><SP WIDTH="15" VPOS="226" HPOS="740"/>
							<String ID="string_23" HPOS="755" VPOS="228" WIDTH="33" HEIGHT="19" WC="0.96" CONTENT="att"/><SP WIDTH="15" VPOS="228" HPOS="788"/>
							<String ID="string_24" HPOS="803" VPOS="226" WIDTH="101" HEIGHT="26" WC="0.96" CONTENT="möjligen"/>
						</TextLine>
						<TextLine ID="line_3" HPOS="77" VPOS="254" WIDTH="827" HEIGHT="28">
							<String ID="string_25" HPOS="77" VPOS="254" WIDTH="104" HEIGHT="21" WC="0.92" CONTENT="Handels-"/><SP WIDTH="23" VPOS="254" HPOS="181"/>
							<String ID="string_26" HPOS="204" VPOS="254" WIDTH="39" HEIGHT="22" WC="0.93" CONTENT="och"/><SP WIDTH="25" VPOS="254" HPOS="243"/>
							<String ID="string_27" HPOS="268" VPOS="255" WIDTH="243" HEIGHT="27" WC="0.90" CONTENT="Industriexpeditionen"/><SP WIDTH="16" VPOS="255" HPOS="511"/>
							<String ID="string_28" HPOS="527" VPOS="256" WIDTH="7" HEIGHT="20" WC="0.93" CONTENT="i"/><SP WIDTH="15" VPOS="256" HPOS="534"/>
							<String ID="string_29" HPOS="549" VPOS="255" WIDTH="91" HEIGHT="27" WC="0.91" CONTENT="Kejserl."/><SP WIDTH="17" VPOS="255" HPOS="640"/>
							<String ID="string_30" HPOS="657" VPOS="255" WIDTH="92" HEIGHT="21" WC="0.96" CONTENT="Senaten"/><SP WIDTH="16" VPOS="255" HPOS="749"/>
							<String ID="string_31" HPOS="765" VPOS="255" WIDTH="53" HEIGHT="21" WC="0.93" CONTENT="eller"/><SP WIDTH="15" VPOS="255" HPOS="818"/>
							<String ID="string_32" HPOS="833" VPOS="254" WIDTH="71" HEIGHT="27" WC="0.91" CONTENT="möjli-"/>
						</TextLine>
						<TextLine ID="line_4" HPOS="76" VPOS="283" WIDTH="828" HEIGHT="27">
							<String ID="string_33" HPOS="76" VPOS="289" WIDTH="41" HEIGHT="20" WC="0.95" CONTENT="gen"/><SP WIDTH="23" VPOS="289" HPOS="117"/>
							<String ID="string_34" HPOS="140" VPOS="283" WIDTH="69" HEIGHT="27" WC="0.93" CONTENT="någon"/><SP WIDTH="15" VPOS="283" HPOS="209"/>
							<String ID="string_35" HPOS="224" VPOS="283" WIDTH="80" HEIGHT="21" WC="0.92" CONTENT="komité"/><SP WIDTH="15" VPOS="283" HPOS="304"/>
							<String ID="string_36" HPOS="319" VPOS="284" WIDTH="114" HEIGHT="21" WC="0.92" CONTENT="framdeles"/><SP WIDTH="15" VPOS="284" HPOS="433"/>
							<String ID="string_37" HPOS="448" VPOS="284" WIDTH="69" HEIGHT="20" WC="0.96" CONTENT="skulle"/><SP WIDTH="16" VPOS="284" HPOS="517"/>
							<String ID="string_38" HPOS="533" VPOS="290" WIDTH="54" HEIGHT="20" WC="0.96" CONTENT="egna"/><SP WIDTH="16" VPOS="290" HPOS="587"/>
							<String ID="string_39" HPOS="603" VPOS="284" WIDTH="70" HEIGHT="20" WC="0.96" CONTENT="denna"/><SP WIDTH="15" VPOS="284" HPOS="673"/>
							<String ID="string_40" HPOS="688" VPOS="284" WIDTH="60" HEIGHT="25" WC="0.96" CONTENT="fråga"/><SP WIDTH="15" VPOS="284" HPOS="748"/>
							<String ID="string_41" HPOS="763" VPOS="284" WIDTH="37" HEIGHT="20" WC="0.96" CONTENT="det"/><SP WIDTH="15" VPOS="284" HPOS="800"/>
							<String ID="string_42" HPOS="815" VPOS="284" WIDTH="89" HEIGHT="20" WC="0.96" CONTENT="intresse"/>
						</TextLine>
						<TextLine ID="line_5" HPOS="77" VPOS="312" WIDTH="828" HEIGHT="26">
							<String ID="string_43" HPOS="77" VPOS="312" WIDTH="41" HEIGHT="21" WC="0.93" CONTENT="den"/><SP WIDTH="22" VPOS="312" HPOS="118"/>
							<String ID="string_44" HPOS="140" VPOS="312" WIDTH="109" HEIGHT="26" WC="0.92" CONTENT="förtjenar."/><SP WIDTH="31" VPOS="312" HPOS="249"/>
							<String ID="string_45" HPOS="280" VPOS="312" WIDTH="99" HEIGHT="21" WC="0.93" CONTENT="Främsta"/><SP WIDTH="21" VPOS="312" HPOS="379"/>
							<String ID="string_46" HPOS="400" VPOS="312" WIDTH="93" HEIGHT="21" WC="0.93" CONTENT="vilkoret"/><SP WIDTH="22" VPOS="312" HPOS="493"/>
							<String ID="string_47" HPOS="515" VPOS="312" WIDTH="33" HEIGHT="22" WC="0.96" CONTENT="för"/><SP WIDTH="23" VPOS="312" HPOS="548"/>
							<String ID="string_48" HPOS="571" VPOS="314" WIDTH="32" HEIGHT="19" WC="0.96" CONTENT="att"/><SP WIDTH="16" VPOS="314" HPOS="603"/>
							<String ID="string_49" HPOS="619" VPOS="312" WIDTH="123" HEIGHT="26" WC="0.96" CONTENT="aktiebolag"/><SP WIDTH="14" VPOS="312" HPOS="742"/>
							<String ID="string_50" HPOS="756" VPOS="312" WIDTH="61" HEIGHT="21" WC="0.96" CONTENT="skola"/><SP WIDTH="17" VPOS="312" HPOS="817"/>
							<String ID="string_51" HPOS="834" VPOS="312" WIDTH="71" HEIGHT="21" WC="0.96" CONTENT="kunna"/>
						</TextLine>
						<TextLine ID="line_6" HPOS="77" VPOS="340" WIDTH="827" HEIGHT="28">
							<String ID="string_52" HPOS="77" VPOS="340" WIDTH="149" HEIGHT="27" WC="0.92" CONTENT="uppblomstra"/><SP WIDTH="22" VPOS="340" HPOS="226"/>
							<String ID="string_53" HPOS="248" VPOS="342" WIDTH="25" HEIGHT="19" WC="0.96" CONTENT="är"/><SP WIDTH="21" VPOS="342" HPOS="273"/>
							<String ID="string_54" HPOS="294" VPOS="343" WIDTH="33" HEIGHT="19" WC="0.96" CONTENT="att"/><SP WIDTH="16" VPOS="343" HPOS="327"/>
							<String ID="string_55" HPOS="343" VPOS="348" WIDTH="25" HEIGHT="14" WC="0.96" CONTENT="en"/><SP WIDTH="17" VPOS="348" HPOS="368"/>
							<String ID="string_56" HPOS="385" VPOS="341" WIDTH="86" HEIGHT="27" WC="0.96" CONTENT="lämplig"/><SP WIDTH="17" VPOS="341" HPOS="471"/>
							<String ID="string_57" HPOS="488" VPOS="341" WIDTH="33" HEIGHT="27" WC="0.93" CONTENT="lag"/><SP WIDTH="16" VPOS="341" HPOS="521"/>
							<String ID="string_58" HPOS="537" VPOS="341" WIDTH="76" HEIGHT="21" WC="0.83" CONTENT="stiftas."/><SP WIDTH="33" VPOS="341" HPOS="613"/>
							<String ID="string_59" HPOS="646" VPOS="341" WIDTH="35" HEIGHT="21" WC="0.91" CONTENT="Mä"/><SP WIDTH="16" VPOS="341" HPOS="681"/>
							<String ID="string_60" HPOS="697" VPOS="341" WIDTH="36" HEIGHT="21" WC="0.96" CONTENT="det"/><SP WIDTH="14" VPOS="341" HPOS="733"/>
							<String ID="string_61" HPOS="747" VPOS="347" WIDTH="65" HEIGHT="21" WC="0.92" CONTENT="gerna"/><SP WIDTH="17" VPOS="347" HPOS="812"/>
							<String ID="string_62" HPOS="829" VPOS="340" WIDTH="75" HEIGHT="21" WC="0.92" CONTENT="erkän-"/>
						</TextLine>
						<TextLine ID="line_7" HPOS="77" VPOS="369" WIDTH="827" HEIGHT="27">
							<String ID="string_63" HPOS="77" VPOS="375" WIDTH="39" HEIGHT="15" WC="0.96" CONTENT="nas"/><SP WIDTH="22" VPOS="375" HPOS="116"/>
							<String ID="string_64" HPOS="138" VPOS="371" WIDTH="33" HEIGHT="19" WC="0.96" CONTENT="att"/><SP WIDTH="22" VPOS="371" HPOS="171"/>
							<String ID="string_65" HPOS="193" VPOS="370" WIDTH="31" HEIGHT="20" WC="0.95" CONTENT="uti"/><SP WIDTH="23" VPOS="370" HPOS="224"/>
							<String ID="string_66" HPOS="247" VPOS="371" WIDTH="32" HEIGHT="19" WC="0.96" CONTENT="ett"/><SP WIDTH="22" VPOS="371" HPOS="279"/>
							<String ID="string_67" HPOS="301" VPOS="369" WIDTH="49" HEIGHT="21" WC="0.96" CONTENT="land"/><SP WIDTH="16" VPOS="369" HPOS="350"/>
							<String ID="string_68" HPOS="366" VPOS="376" WIDTH="45" HEIGHT="14" WC="0.96" CONTENT="som"/><SP WIDTH="16" VPOS="376" HPOS="411"/>
							<String ID="string_69" HPOS="427" VPOS="370" WIDTH="48" HEIGHT="21" WC="0.96" CONTENT="vårt"/><SP WIDTH="16" VPOS="370" HPOS="475"/>
							<String ID="string_70" HPOS="491" VPOS="376" WIDTH="25" HEIGHT="15" WC="0.96" CONTENT="en"/><SP WIDTH="16" VPOS="376" HPOS="516"/>
							<String ID="string_71" HPOS="532" VPOS="370" WIDTH="66" HEIGHT="20" WC="0.96" CONTENT="sådan"/><SP WIDTH="16" VPOS="370" HPOS="598"/>
							<String ID="string_72" HPOS="614" VPOS="370" WIDTH="134" HEIGHT="26" WC="0.96" CONTENT="lagstiftning"/><SP WIDTH="16" VPOS="370" HPOS="748"/>
							<String ID="string_73" HPOS="764" VPOS="369" WIDTH="40" HEIGHT="21" WC="0.96" CONTENT="blir"/><SP WIDTH="16" VPOS="369" HPOS="804"/>
							<String ID="string_74" HPOS="820" VPOS="369" WIDTH="84" HEIGHT="27" WC="0.96" CONTENT="mycket"/>
						</TextLine>
						<TextLine ID="line_8" HPOS="77" VPOS="397" WIDTH="827" HEIGHT="27">
							<String ID="string_75" HPOS="77" VPOS="398" WIDTH="49" HEIGHT="20" WC="0.96" CONTENT="svår"/><SP WIDTH="22" VPOS="398" HPOS="126"/>
							<String ID="string_76" HPOS="148" VPOS="397" WIDTH="40" HEIGHT="21" WC="0.96" CONTENT="och"/><SP WIDTH="20" VPOS="397" HPOS="188"/>
							<String ID="string_77" HPOS="208" VPOS="398" WIDTH="37" HEIGHT="26" WC="0.96" CONTENT="jag"/><SP WIDTH="23" VPOS="398" HPOS="245"/>
							<String ID="string_78" HPOS="268" VPOS="404" WIDTH="62" HEIGHT="15" WC="0.96" CONTENT="anser"/><SP WIDTH="22" VPOS="404" HPOS="330"/>
							<String ID="string_79" HPOS="352" VPOS="398" WIDTH="33" HEIGHT="21" WC="0.96" CONTENT="för"/><SP WIDTH="20" VPOS="398" HPOS="385"/>
							<String ID="string_80" HPOS="405" VPOS="399" WIDTH="42" HEIGHT="20" WC="0.96" CONTENT="min"/><SP WIDTH="16" VPOS="399" HPOS="447"/>
							<String ID="string_81" HPOS="463" VPOS="398" WIDTH="34" HEIGHT="21" WC="0.96" CONTENT="del"/><SP WIDTH="16" VPOS="398" HPOS="497"/>
							<String ID="string_82" HPOS="513" VPOS="400" WIDTH="32" HEIGHT="19" WC="0.96" CONTENT="att"/><SP WIDTH="16" VPOS="400" HPOS="545"/>
							<String ID="string_83" HPOS="561" VPOS="398" WIDTH="19" HEIGHT="21" WC="0.95" CONTENT="vi"/><SP WIDTH="16" VPOS="398" HPOS="580"/>
							<String ID="string_84" HPOS="596" VPOS="399" WIDTH="7" HEIGHT="20" WC="0.96" CONTENT="i"/><SP WIDTH="16" VPOS="399" HPOS="603"/>
							<String ID="string_85" HPOS="619" VPOS="398" WIDTH="68" HEIGHT="21" WC="0.96" CONTENT="likhet"/><SP WIDTH="16" VPOS="398" HPOS="687"/>
							<String ID="string_86" HPOS="703" VPOS="399" WIDTH="47" HEIGHT="20" WC="0.96" CONTENT="med"/><SP WIDTH="17" VPOS="399" HPOS="750"/>
							<String ID="string_87" HPOS="767" VPOS="398" WIDTH="73" HEIGHT="21" WC="0.95" CONTENT="länder"/><SP WIDTH="16" VPOS="398" HPOS="840"/>
							<String ID="string_88" HPOS="856" VPOS="398" WIDTH="48" HEIGHT="21" WC="0.96" CONTENT="med"/>
						</TextLine>
						<TextLine ID="line_9" HPOS="78" VPOS="426" WIDTH="827" HEIGHT="28">
							<String ID="string_89" HPOS="78" VPOS="426" WIDTH="81" HEIGHT="21" WC="0.91" CONTENT="mindre"/><SP WIDTH="23" VPOS="426" HPOS="159"/>
							<String ID="string_90" HPOS="182" VPOS="426" WIDTH="87" HEIGHT="27" WC="0.91" CONTENT="tillgång"/><SP WIDTH="21" VPOS="426" HPOS="269"/>
							<String ID="string_91" HPOS="290" VPOS="427" WIDTH="28" HEIGHT="26" WC="0.93" CONTENT="på"/><SP WIDTH="22" VPOS="427" HPOS="318"/>
							<String ID="string_92" HPOS="340" VPOS="427" WIDTH="105" HEIGHT="27" WC="0.92" CONTENT="kapitaler"/><SP WIDTH="25" VPOS="427" HPOS="445"/>
							<String ID="string_93" HPOS="470" VPOS="427" WIDTH="68" HEIGHT="21" WC="0.96" CONTENT="måste"/><SP WIDTH="22" VPOS="427" HPOS="538"/>
							<String ID="string_94" HPOS="560" VPOS="434" WIDTH="51" HEIGHT="14" WC="0.96" CONTENT="vara"/><SP WIDTH="15" VPOS="434" HPOS="611"/>
							<String ID="string_95" HPOS="626" VPOS="427" WIDTH="84" HEIGHT="27" WC="0.93" CONTENT="mycket"/><SP WIDTH="16" VPOS="427" HPOS="710"/>
							<String ID="string_96" HPOS="726" VPOS="427" WIDTH="110" HEIGHT="26" WC="0.91" CONTENT="försigtiga"/><SP WIDTH="14" VPOS="427" HPOS="836"/>
							<String ID="string_97" HPOS="850" VPOS="426" WIDTH="6" HEIGHT="21" WC="0.96" CONTENT="i"/><SP WIDTH="16" VPOS="426" HPOS="856"/>
							<String ID="string_98" HPOS="872" VPOS="428" WIDTH="33" HEIGHT="19" WC="0.96" CONTENT="att"/>
						</TextLine>
						<TextLine ID="line_10" HPOS="78" VPOS="455" WIDTH="826" HEIGHT="27">
							<String ID="string_99" HPOS="78" VPOS="458" WIDTH="50" HEIGHT="23" WC="0.96" CONTENT="taga"/><SP WIDTH="15" VPOS="458" HPOS="128"/>
							<String ID="string_100" HPOS="143" VPOS="455" WIDTH="104" HEIGHT="27" WC="0.96" CONTENT="exemplet"/><SP WIDTH="15" VPOS="455" HPOS="247"/>
							<String ID="string_101" HPOS="262" VPOS="455" WIDTH="47" HEIGHT="21" WC="0.96" CONTENT="från"/><SP WIDTH="15" VPOS="455" HPOS="309"/>
							<String ID="string_102" HPOS="324" VPOS="456" WIDTH="68" HEIGHT="20" WC="0.96" CONTENT="andra"/><SP WIDTH="15" VPOS="456" HPOS="392"/>
							<String ID="string_103" HPOS="407" VPOS="458" WIDTH="69" HEIGHT="19" WC="0.93" CONTENT="större"/><SP WIDTH="16" VPOS="458" HPOS="476"/>
							<String ID="string_104" HPOS="492" VPOS="456" WIDTH="155" HEIGHT="21" WC="0.90" CONTENT="kulturländer."/><SP WIDTH="32" VPOS="456" HPOS="647"/>
							<String ID="string_105" HPOS="679" VPOS="455" WIDTH="138" HEIGHT="27" WC="0.88" CONTENT="Svårigheten"/><SP WIDTH="21" VPOS="455" HPOS="817"/>
							<String ID="string_106" HPOS="838" VPOS="456" WIDTH="66" HEIGHT="26" WC="0.96" CONTENT="ligger"/>
						</TextLine>
						<TextLine ID="line_11" HPOS="78" VPOS="483" WIDTH="826" HEIGHT="28">
							<String ID="string_107" HPOS="78" VPOS="483" WIDTH="66" HEIGHT="26" WC="0.96" CONTENT="enligt"/><SP WIDTH="15" VPOS="483" HPOS="144"/>
							<String ID="string_108" HPOS="159" VPOS="484" WIDTH="43" HEIGHT="20" WC="0.96" CONTENT="min"/><SP WIDTH="16" VPOS="484" HPOS="202"/>
							<String ID="string_109" HPOS="218" VPOS="484" WIDTH="64" HEIGHT="21" WC="0.96" CONTENT="tanke"/><SP WIDTH="15" VPOS="484" HPOS="282"/>
							<String ID="string_110" HPOS="297" VPOS="484" WIDTH="76" HEIGHT="21" WC="0.96" CONTENT="främst"/><SP WIDTH="16" VPOS="484" HPOS="373"/>
							<String ID="string_111" HPOS="389" VPOS="485" WIDTH="6" HEIGHT="20" WC="0.96" CONTENT="i"/><SP WIDTH="16" VPOS="485" HPOS="395"/>
							<String ID="string_112" HPOS="411" VPOS="484" WIDTH="26" HEIGHT="21" WC="0.96" CONTENT="de"/><SP WIDTH="16" VPOS="484" HPOS="437"/>
							<String ID="string_113" HPOS="453" VPOS="485" WIDTH="57" HEIGHT="21" WC="0.96" CONTENT="olika"/><SP WIDTH="15" VPOS="485" HPOS="510"/>
							<String ID="string_114" HPOS="525" VPOS="485" WIDTH="106" HEIGHT="23" WC="0.96" CONTENT="ändamål,"/><SP WIDTH="16" VPOS="485" HPOS="631"/>
							<String ID="string_115" HPOS="647" VPOS="484" WIDTH="87" HEIGHT="21" WC="0.96" CONTENT="hvarför"/><SP WIDTH="16" VPOS="484" HPOS="734"/>
							<String ID="string_116" HPOS="750" VPOS="484" WIDTH="62" HEIGHT="27" WC="0.93" CONTENT="bolag"/><SP WIDTH="16" VPOS="484" HPOS="812"/>
							<String ID="string_117" HPOS="828" VPOS="484" WIDTH="76" HEIGHT="20" WC="0.92" CONTENT="stiftas."/>
						</TextLine>
						<TextLine ID="line_12" HPOS="79" VPOS="512" WIDTH="825" HEIGHT="28">
							<String ID="string_118" HPOS="79" VPOS="512" WIDTH="40" HEIGHT="21" WC="0.95" CONTENT="Vill"/><SP WIDTH="15" VPOS="512" HPOS="119"/>
							<String ID="string_119" HPOS="134" VPOS="518" WIDTH="47" HEIGHT="15" WC="0.96" CONTENT="man"/><SP WIDTH="17" VPOS="518" HPOS="181"/>
							<String ID="string_120" HPOS="198" VPOS="512" WIDTH="58" HEIGHT="22" WC="0.96" CONTENT="bilda"/><SP WIDTH="15" VPOS="512" HPOS="256"/>
							<String ID="string_121" HPOS="271" VPOS="513" WIDTH="81" HEIGHT="21" WC="0.96" CONTENT="mindre"/><SP WIDTH="17" VPOS="513" HPOS="352"/>
							<String ID="string_122" HPOS="369" VPOS="513" WIDTH="63" HEIGHT="27" WC="0.96" CONTENT="bolag"/><SP WIDTH="11" VPOS="513" HPOS="432"/>
							<String ID="string_123" HPOS="443" VPOS="514" WIDTH="47" HEIGHT="20" WC="0.96" CONTENT="med"/><SP WIDTH="13" VPOS="514" HPOS="490"/>
							<String ID="string_124" HPOS="503" VPOS="514" WIDTH="46" HEIGHT="20" WC="0.93" CONTENT="små"/><SP WIDTH="11" VPOS="514" HPOS="549"/>
							<String ID="string_125" HPOS="560" VPOS="513" WIDTH="111" HEIGHT="27" WC="0.92" CONTENT="kapitaler,"/><SP WIDTH="14" VPOS="513" HPOS="671"/>
							<String ID="string_126" HPOS="685" VPOS="513" WIDTH="46" HEIGHT="21" WC="0.96" CONTENT="med"/><SP WIDTH="12" VPOS="513" HPOS="731"/>
							<String ID="string_127" HPOS="743" VPOS="515" WIDTH="54" HEIGHT="19" WC="0.96" CONTENT="stort"/><SP WIDTH="11" VPOS="515" HPOS="797"/>
							<String ID="string_128" HPOS="808" VPOS="512" WIDTH="96" HEIGHT="26" WC="0.96" CONTENT="intresse,"/>
						</TextLine>
						<TextLine ID="line_13" HPOS="78" VPOS="540" WIDTH="827" HEIGHT="28">
							<String ID="string_129" HPOS="78" VPOS="540" WIDTH="74" HEIGHT="22" WC="0.96" CONTENT="arbete"/><SP WIDTH="16" VPOS="540" HPOS="152"/>
							<String ID="string_130" HPOS="168" VPOS="540" WIDTH="40" HEIGHT="22" WC="0.96" CONTENT="och"/><SP WIDTH="15" VPOS="540" HPOS="208"/>
							<String ID="string_131" HPOS="223" VPOS="542" WIDTH="93" HEIGHT="20" WC="0.83" CONTENT="kontroll"/><SP WIDTH="15" VPOS="542" HPOS="316"/>
							<String ID="string_132" HPOS="331" VPOS="541" WIDTH="47" HEIGHT="21" WC="0.93" CONTENT="från"/><SP WIDTH="17" VPOS="541" HPOS="378"/>
							<String ID="string_133" HPOS="395" VPOS="542" WIDTH="160" HEIGHT="21" WC="0.92" CONTENT="aktionärernes"/><SP WIDTH="16" VPOS="542" HPOS="555"/>
							<String ID="string_134" HPOS="571" VPOS="542" WIDTH="52" HEIGHT="25" WC="0.96" CONTENT="sida,"/><SP WIDTH="17" VPOS="542" HPOS="623"/>
							<String ID="string_135" HPOS="640" VPOS="542" WIDTH="64" HEIGHT="26" WC="0.96" CONTENT="bolag"/><SP WIDTH="15" VPOS="542" HPOS="704"/>
							<String ID="string_136" HPOS="719" VPOS="541" WIDTH="80" HEIGHT="21" WC="0.96" CONTENT="sådana"/><SP WIDTH="15" VPOS="541" HPOS="799"/>
							<String ID="string_137" HPOS="814" VPOS="547" WIDTH="45" HEIGHT="15" WC="0.95" CONTENT="som"/><SP WIDTH="9" VPOS="547" HPOS="859"/>
							<String ID="string_138" HPOS="868" VPOS="541" WIDTH="37" HEIGHT="27" WC="0.96" CONTENT="jag"/>
						</TextLine>
						<TextLine ID="line_14" HPOS="78" VPOS="569" WIDTH="827" HEIGHT="29">
							<String ID="string_139" HPOS="78" VPOS="575" WIDTH="63" HEIGHT="15" WC="0.96" CONTENT="anser"/><SP WIDTH="15" VPOS="575" HPOS="141"/>
							<String ID="string_140" HPOS="156" VPOS="569" WIDTH="47" HEIGHT="21" WC="0.96" CONTENT="vårt"/><SP WIDTH="15" VPOS="569" HPOS="203"/>
							<String ID="string_141" HPOS="218" VPOS="570" WIDTH="50" HEIGHT="21" WC="0.96" CONTENT="land"/><SP WIDTH="16" VPOS="570" HPOS="268"/>
							<String ID="string_142" HPOS="284" VPOS="576" WIDTH="50" HEIGHT="15" WC="0.96" CONTENT="vara"/><SP WIDTH="16" VPOS="576" HPOS="334"/>
							<String ID="string_143" HPOS="350" VPOS="571" WIDTH="48" HEIGHT="20" WC="0.93" CONTENT="bäst"/><SP WIDTH="15" VPOS="571" HPOS="398"/>
							<String ID="string_144" HPOS="413" VPOS="570" WIDTH="110" HEIGHT="28" WC="0.91" CONTENT="betjenadt"/><SP WIDTH="15" VPOS="570" HPOS="523"/>
							<String ID="string_145" HPOS="538" VPOS="572" WIDTH="48" HEIGHT="20" WC="0.96" CONTENT="med"/><SP WIDTH="16" VPOS="572" HPOS="586"/>
							<String ID="string_146" HPOS="602" VPOS="570" WIDTH="40" HEIGHT="22" WC="0.96" CONTENT="och"/><SP WIDTH="15" VPOS="570" HPOS="642"/>
							<String ID="string_147" HPOS="657" VPOS="570" WIDTH="72" HEIGHT="21" WC="0.96" CONTENT="hvilka"/><SP WIDTH="15" VPOS="570" HPOS="729"/>
							<String ID="string_148" HPOS="744" VPOS="570" WIDTH="6" HEIGHT="21" WC="0.96" CONTENT="i"/><SP WIDTH="16" VPOS="570" HPOS="750"/>
							<String ID="string_149" HPOS="766" VPOS="570" WIDTH="47" HEIGHT="21" WC="0.93" CONTENT="vårt"/><SP WIDTH="15" VPOS="570" HPOS="813"/>
							<String ID="string_150" HPOS="828" VPOS="576" WIDTH="77" HEIGHT="20" WC="0.92" CONTENT="grann-"/>
						</TextLine>
						<TextLine ID="line_15" HPOS="78" VPOS="598" WIDTH="828" HEIGHT="28">
							<String ID="string_151" HPOS="78" VPOS="598" WIDTH="50" HEIGHT="20" WC="0.96" CONTENT="land"/><SP WIDTH="26" VPOS="598" HPOS="128"/>
							<String ID="string_152" HPOS="154" VPOS="598" WIDTH="86" HEIGHT="27" WC="0.96" CONTENT="Sverige"/><SP WIDTH="15" VPOS="598" HPOS="240"/>
							<String ID="string_153" HPOS="255" VPOS="599" WIDTH="75" HEIGHT="21" WC="0.96" CONTENT="vunnit"/><SP WIDTH="15" VPOS="599" HPOS="330"/>
							<String ID="string_154" HPOS="345" VPOS="605" WIDTH="27" HEIGHT="15" WC="0.96" CONTENT="en"/><SP WIDTH="15" VPOS="605" HPOS="372"/>
							<String ID="string_155" HPOS="387" VPOS="600" WIDTH="65" HEIGHT="20" WC="0.96" CONTENT="sådan"/><SP WIDTH="17" VPOS="600" HPOS="452"/>
							<String ID="string_156" HPOS="469" VPOS="600" WIDTH="109" HEIGHT="26" WC="0.96" CONTENT="spridning"/><SP WIDTH="16" VPOS="600" HPOS="578"/>
							<String ID="string_157" HPOS="594" VPOS="600" WIDTH="5" HEIGHT="20" WC="0.96" CONTENT="i"/><SP WIDTH="17" VPOS="600" HPOS="599"/>
							<String ID="string_158" HPOS="616" VPOS="599" WIDTH="47" HEIGHT="21" WC="0.96" CONTENT="stad"/><SP WIDTH="17" VPOS="599" HPOS="663"/>
							<String ID="string_159" HPOS="680" VPOS="598" WIDTH="39" HEIGHT="22" WC="0.95" CONTENT="och"/><SP WIDTH="17" VPOS="598" HPOS="719"/>
							<String ID="string_160" HPOS="736" VPOS="599" WIDTH="26" HEIGHT="27" WC="0.95" CONTENT="på"/><SP WIDTH="16" VPOS="599" HPOS="762"/>
							<String ID="string_161" HPOS="778" VPOS="599" WIDTH="78" HEIGHT="24" WC="0.96" CONTENT="landet,"/><SP WIDTH="16" VPOS="599" HPOS="856"/>
							<String ID="string_162" HPOS="872" VPOS="600" WIDTH="34" HEIGHT="19" WC="0.95" CONTENT="att"/>
						</TextLine>
						<TextLine ID="line_16" HPOS="78" VPOS="627" WIDTH="827" HEIGHT="27">
							<String ID="string_163" HPOS="78" VPOS="633" WIDTH="48" HEIGHT="15" WC="0.95" CONTENT="man"/><SP WIDTH="24" VPOS="633" HPOS="126"/>
							<String ID="string_164" HPOS="150" VPOS="627" WIDTH="42" HEIGHT="21" WC="0.95" CONTENT="kan"/><SP WIDTH="16" VPOS="627" HPOS="192"/>
							<String ID="string_165" HPOS="208" VPOS="629" WIDTH="50" HEIGHT="25" WC="0.96" CONTENT="säga"/><SP WIDTH="16" VPOS="629" HPOS="258"/>
							<String ID="string_166" HPOS="274" VPOS="629" WIDTH="32" HEIGHT="19" WC="0.96" CONTENT="att"/><SP WIDTH="16" VPOS="629" HPOS="306"/>
							<String ID="string_167" HPOS="322" VPOS="628" WIDTH="37" HEIGHT="20" WC="0.96" CONTENT="der"/><SP WIDTH="16" VPOS="628" HPOS="359"/>
							<String ID="string_168" HPOS="375" VPOS="628" WIDTH="67" HEIGHT="21" WC="0.96" CONTENT="finnes"/><SP WIDTH="15" VPOS="628" HPOS="442"/>
							<String ID="string_169" HPOS="457" VPOS="628" WIDTH="62" HEIGHT="26" WC="0.96" CONTENT="ingen"/><SP WIDTH="16" VPOS="628" HPOS="519"/>
							<String ID="string_170" HPOS="535" VPOS="628" WIDTH="98" HEIGHT="26" WC="0.96" CONTENT="industri,"/><SP WIDTH="16" VPOS="628" HPOS="633"/>
							<String ID="string_171" HPOS="649" VPOS="628" WIDTH="54" HEIGHT="20" WC="0.93" CONTENT="intet"/><SP WIDTH="16" VPOS="628" HPOS="703"/>
							<String ID="string_172" HPOS="719" VPOS="627" WIDTH="118" HEIGHT="21" WC="0.92" CONTENT="handtverk"/><SP WIDTH="16" VPOS="627" HPOS="837"/>
							<String ID="string_173" HPOS="853" VPOS="627" WIDTH="52" HEIGHT="21" WC="0.95" CONTENT="eller"/>
						</TextLine>
						<TextLine ID="line_17" HPOS="78" VPOS="655" WIDTH="829" HEIGHT="28">
							<String ID="string_174" HPOS="78" VPOS="656" WIDTH="126" HEIGHT="25" WC="0.93" CONTENT="samarbete,"/><SP WIDTH="17" VPOS="656" HPOS="204"/>
							<String ID="string_175" HPOS="221" VPOS="658" WIDTH="15" HEIGHT="18" WC="0.91" CONTENT="t."/><SP WIDTH="15" VPOS="658" HPOS="236"/>
							<String ID="string_176" HPOS="251" VPOS="662" WIDTH="19" HEIGHT="15" WC="0.88" CONTENT="o."/><SP WIDTH="16" VPOS="662" HPOS="270"/>
							<String ID="string_177" HPOS="286" VPOS="662" WIDTH="27" HEIGHT="15" WC="0.89" CONTENT="m."/><SP WIDTH="16" VPOS="662" HPOS="313"/>
							<String ID="string_178" HPOS="329" VPOS="656" WIDTH="120" HEIGHT="22" WC="0.96" CONTENT="samarbete"/><SP WIDTH="16" VPOS="656" HPOS="449"/>
							<String ID="string_179" HPOS="465" VPOS="657" WIDTH="6" HEIGHT="20" WC="0.96" CONTENT="i"/><SP WIDTH="15" VPOS="657" HPOS="471"/>
							<String ID="string_180" HPOS="486" VPOS="657" WIDTH="101" HEIGHT="26" WC="0.96" CONTENT="familjen,"/><SP WIDTH="16" VPOS="657" HPOS="587"/>
							<String ID="string_181" HPOS="603" VPOS="663" WIDTH="46" HEIGHT="15" WC="0.96" CONTENT="som"/><SP WIDTH="16" VPOS="663" HPOS="649"/>
							<String ID="string_182" HPOS="665" VPOS="656" WIDTH="46" HEIGHT="21" WC="0.96" CONTENT="icke"/><SP WIDTH="16" VPOS="656" HPOS="711"/>
							<String ID="string_183" HPOS="727" VPOS="656" WIDTH="83" HEIGHT="27" WC="0.95" CONTENT="antagit"/><SP WIDTH="8" VPOS="656" HPOS="810"/>
							<String ID="string_184" HPOS="818" VPOS="656" WIDTH="54" HEIGHT="20" WC="0.95" CONTENT="form"/><SP WIDTH="11" VPOS="656" HPOS="872"/>
							<String ID="string_185" HPOS="883" VPOS="655" WIDTH="24" HEIGHT="21" WC="0.96" CONTENT="af"/>
						</TextLine>
						<TextLine ID="line_18" HPOS="78" VPOS="684" WIDTH="827" HEIGHT="28">
							<String ID="string_186" HPOS="78" VPOS="684" WIDTH="129" HEIGHT="27" WC="0.96" CONTENT="aktiebolag,"/><SP WIDTH="24" VPOS="684" HPOS="207"/>
							<String ID="string_187" HPOS="231" VPOS="685" WIDTH="35" HEIGHT="21" WC="0.96" CONTENT="vill"/><SP WIDTH="23" VPOS="685" HPOS="266"/>
							<String ID="string_188" HPOS="289" VPOS="691" WIDTH="49" HEIGHT="15" WC="0.96" CONTENT="man"/><SP WIDTH="22" VPOS="691" HPOS="338"/>
							<String ID="string_189" HPOS="360" VPOS="691" WIDTH="71" HEIGHT="21" WC="0.96" CONTENT="gynna"/><SP WIDTH="22" VPOS="691" HPOS="431"/>
							<String ID="string_190" HPOS="453" VPOS="686" WIDTH="142" HEIGHT="26" WC="0.12" CONTENT="uppkomsten"/><SP WIDTH="24" VPOS="686" HPOS="595"/>
							<String ID="string_191" HPOS="619" VPOS="685" WIDTH="23" HEIGHT="21" WC="0.96" CONTENT="af"/><SP WIDTH="13" VPOS="685" HPOS="642"/>
							<String ID="string_192" HPOS="655" VPOS="685" WIDTH="81" HEIGHT="21" WC="0.96" CONTENT="sådana"/><SP WIDTH="16" VPOS="685" HPOS="736"/>
							<String ID="string_193" HPOS="752" VPOS="685" WIDTH="68" HEIGHT="26" WC="0.95" CONTENT="bolag,"/><SP WIDTH="17" VPOS="685" HPOS="820"/>
							<String ID="string_194" HPOS="837" VPOS="684" WIDTH="68" HEIGHT="21" WC="0.96" CONTENT="måste"/>
						</TextLine>
						<TextLine ID="line_19" HPOS="79" VPOS="712" WIDTH="825" HEIGHT="28">
							<String ID="string_195" HPOS="79" VPOS="712" WIDTH="158" HEIGHT="27" WC="0.96" CONTENT="lagstiftningen"/><SP WIDTH="17" VPOS="712" HPOS="237"/>
							<String ID="string_196" HPOS="254" VPOS="720" WIDTH="50" HEIGHT="14" WC="0.96" CONTENT="vara"/><SP WIDTH="22" VPOS="720" HPOS="304"/>
							<String ID="string_197" HPOS="326" VPOS="720" WIDTH="26" HEIGHT="14" WC="0.96" CONTENT="en"/><SP WIDTH="22" VPOS="720" HPOS="352"/>
							<String ID="string_198" HPOS="374" VPOS="720" WIDTH="79" HEIGHT="19" WC="0.94" CONTENT="annan,"/><SP WIDTH="15" VPOS="720" HPOS="453"/>
							<String ID="string_199" HPOS="468" VPOS="716" WIDTH="27" HEIGHT="19" WC="0.96" CONTENT="än"/><SP WIDTH="16" VPOS="716" HPOS="495"/>
							<String ID="string_200" HPOS="511" VPOS="720" WIDTH="34" HEIGHT="15" WC="0.96" CONTENT="om"/><SP WIDTH="16" VPOS="720" HPOS="545"/>
							<String ID="string_201" HPOS="561" VPOS="720" WIDTH="49" HEIGHT="15" WC="0.95" CONTENT="man"/><SP WIDTH="15" VPOS="720" HPOS="610"/>
							<String ID="string_202" HPOS="625" VPOS="714" WIDTH="37" HEIGHT="20" WC="0.96" CONTENT="vill"/><SP WIDTH="15" VPOS="714" HPOS="662"/>
							<String ID="string_203" HPOS="677" VPOS="720" WIDTH="70" HEIGHT="20" WC="0.96" CONTENT="gynna"/><SP WIDTH="15" VPOS="720" HPOS="747"/>
							<String ID="string_204" HPOS="762" VPOS="714" WIDTH="142" HEIGHT="26" WC="0.96" CONTENT="uppkomsten"/>
						</TextLine>
						<TextLine ID="line_20" HPOS="80" VPOS="741" WIDTH="825" HEIGHT="28">
							<String ID="string_205" HPOS="80" VPOS="741" WIDTH="22" HEIGHT="21" WC="0.96" CONTENT="af"/><SP WIDTH="20" VPOS="741" HPOS="102"/>
							<String ID="string_206" HPOS="122" VPOS="743" WIDTH="69" HEIGHT="19" WC="0.93" CONTENT="större"/><SP WIDTH="21" VPOS="743" HPOS="191"/>
							<String ID="string_207" HPOS="212" VPOS="742" WIDTH="126" HEIGHT="21" WC="0.90" CONTENT="industriela"/><SP WIDTH="22" VPOS="742" HPOS="338"/>
							<String ID="string_208" HPOS="360" VPOS="742" WIDTH="70" HEIGHT="27" WC="0.96" CONTENT="bolag,"/><SP WIDTH="16" VPOS="742" HPOS="430"/>
							<String ID="string_209" HPOS="446" VPOS="742" WIDTH="83" HEIGHT="22" WC="0.96" CONTENT="hvilkas"/><SP WIDTH="15" VPOS="742" HPOS="529"/>
							<String ID="string_210" HPOS="544" VPOS="743" WIDTH="69" HEIGHT="21" WC="0.96" CONTENT="aktier"/><SP WIDTH="16" VPOS="743" HPOS="613"/>
							<String ID="string_211" HPOS="629" VPOS="744" WIDTH="85" HEIGHT="20" WC="0.96" CONTENT="noteras"/><SP WIDTH="15" VPOS="744" HPOS="714"/>
							<String ID="string_212" HPOS="729" VPOS="742" WIDTH="28" HEIGHT="27" WC="0.96" CONTENT="på"/><SP WIDTH="16" VPOS="742" HPOS="757"/>
							<String ID="string_213" HPOS="773" VPOS="742" WIDTH="75" HEIGHT="21" WC="0.96" CONTENT="börsen"/><SP WIDTH="17" VPOS="742" HPOS="848"/>
							<String ID="string_214" HPOS="865" VPOS="741" WIDTH="40" HEIGHT="21" WC="0.96" CONTENT="och"/>
						</TextLine>
						<TextLine ID="line_21" HPOS="78" VPOS="769" WIDTH="827" HEIGHT="29">
							<String ID="string_215" HPOS="78" VPOS="771" WIDTH="27" HEIGHT="26" WC="0.95" CONTENT="gå"/><SP WIDTH="25" VPOS="771" HPOS="105"/>
							<String ID="string_216" HPOS="130" VPOS="769" WIDTH="46" HEIGHT="22" WC="0.96" CONTENT="från"/><SP WIDTH="24" VPOS="769" HPOS="176"/>
							<String ID="string_217" HPOS="200" VPOS="771" WIDTH="56" HEIGHT="21" WC="0.95" CONTENT="hand"/><SP WIDTH="23" VPOS="771" HPOS="256"/>
							<String ID="string_218" HPOS="279" VPOS="771" WIDTH="31" HEIGHT="21" WC="0.95" CONTENT="till"/><SP WIDTH="24" VPOS="771" HPOS="310"/>
							<String ID="string_219" HPOS="334" VPOS="771" WIDTH="63" HEIGHT="22" WC="0.95" CONTENT="hand."/><SP WIDTH="30" VPOS="771" HPOS="397"/>
							<String ID="string_220" HPOS="427" VPOS="771" WIDTH="44" HEIGHT="21" WC="0.96" CONTENT="För"/><SP WIDTH="20" VPOS="771" HPOS="471"/>
							<String ID="string_221" HPOS="491" VPOS="773" WIDTH="32" HEIGHT="20" WC="0.96" CONTENT="att"/><SP WIDTH="22" VPOS="773" HPOS="523"/>
							<String ID="string_222" HPOS="545" VPOS="772" WIDTH="134" HEIGHT="26" WC="0.96" CONTENT="grundandet"/><SP WIDTH="25" VPOS="772" HPOS="679"/>
							<String ID="string_223" HPOS="704" VPOS="771" WIDTH="23" HEIGHT="21" WC="0.96" CONTENT="af"/><SP WIDTH="13" VPOS="771" HPOS="727"/>
							<String ID="string_224" HPOS="740" VPOS="771" WIDTH="80" HEIGHT="20" WC="0.96" CONTENT="sådana"/><SP WIDTH="15" VPOS="771" HPOS="820"/>
							<String ID="string_225" HPOS="835" VPOS="773" WIDTH="70" HEIGHT="18" WC="0.96" CONTENT="större"/>
						</TextLine>
						<TextLine ID="line_22" HPOS="80" VPOS="799" WIDTH="825" HEIGHT="27">
							<String ID="string_226" HPOS="80" VPOS="799" WIDTH="63" HEIGHT="26" WC="0.96" CONTENT="bolag"/><SP WIDTH="15" VPOS="799" HPOS="143"/>
							<String ID="string_227" HPOS="158" VPOS="799" WIDTH="47" HEIGHT="21" WC="0.96" CONTENT="icke"/><SP WIDTH="15" VPOS="799" HPOS="205"/>
							<String ID="string_228" HPOS="220" VPOS="799" WIDTH="53" HEIGHT="21" WC="0.95" CONTENT="skall"/><SP WIDTH="17" VPOS="799" HPOS="273"/>
							<String ID="string_229" HPOS="290" VPOS="803" WIDTH="73" HEIGHT="18" WC="0.96" CONTENT="urarta"/><SP WIDTH="16" VPOS="803" HPOS="363"/>
							<String ID="string_230" HPOS="379" VPOS="799" WIDTH="32" HEIGHT="22" WC="0.95" CONTENT="till"/><SP WIDTH="16" VPOS="799" HPOS="411"/>
							<String ID="string_231" HPOS="427" VPOS="800" WIDTH="87" HEIGHT="26" WC="0.96" CONTENT="svindel,"/><SP WIDTH="18" VPOS="800" HPOS="514"/>
							<String ID="string_232" HPOS="532" VPOS="800" WIDTH="23" HEIGHT="21" WC="0.96" CONTENT="så"/><SP WIDTH="15" VPOS="800" HPOS="555"/>
							<String ID="string_233" HPOS="570" VPOS="800" WIDTH="68" HEIGHT="21" WC="0.96" CONTENT="måste"/><SP WIDTH="16" VPOS="800" HPOS="638"/>
							<String ID="string_234" HPOS="654" VPOS="800" WIDTH="135" HEIGHT="25" WC="0.95" CONTENT="naturligtvis"/><SP WIDTH="10" VPOS="800" HPOS="789"/>
							<String ID="string_235" HPOS="799" VPOS="800" WIDTH="61" HEIGHT="25" WC="0.96" CONTENT="lagen"/><SP WIDTH="13" VPOS="800" HPOS="860"/>
							<String ID="string_236" HPOS="873" VPOS="799" WIDTH="32" HEIGHT="21" WC="0.96" CONTENT="uti"/>
						</TextLine>
						<TextLine ID="line_23" HPOS="79" VPOS="827" WIDTH="825" HEIGHT="28">
							<String ID="string_237" HPOS="79" VPOS="827" WIDTH="57" HEIGHT="21" WC="0.96" CONTENT="vissa"/><SP WIDTH="15" VPOS="827" HPOS="136"/>
							<String ID="string_238" HPOS="151" VPOS="828" WIDTH="65" HEIGHT="24" WC="0.96" CONTENT="delar,"/><SP WIDTH="9" VPOS="828" HPOS="216"/>
							<String ID="string_239" HPOS="225" VPOS="828" WIDTH="69" HEIGHT="21" WC="0.96" CONTENT="såsom"/><SP WIDTH="10" VPOS="828" HPOS="294"/>
							<String ID="string_240" HPOS="304" VPOS="828" WIDTH="55" HEIGHT="21" WC="0.96" CONTENT="hvad"/><SP WIDTH="9" VPOS="828" HPOS="359"/>
							<String ID="string_241" HPOS="368" VPOS="828" WIDTH="102" HEIGHT="22" WC="0.93" CONTENT="beträffar"/><SP WIDTH="8" VPOS="828" HPOS="470"/>
							<String ID="string_242" HPOS="478" VPOS="829" WIDTH="169" HEIGHT="21" WC="0.92" CONTENT="formaliteterna"/><SP WIDTH="8" VPOS="829" HPOS="647"/>
							<String ID="string_243" HPOS="655" VPOS="829" WIDTH="35" HEIGHT="20" WC="0.96" CONTENT="vid"/><SP WIDTH="11" VPOS="829" HPOS="690"/>
							<String ID="string_244" HPOS="701" VPOS="829" WIDTH="62" HEIGHT="20" WC="0.96" CONTENT="deras"/><SP WIDTH="10" VPOS="829" HPOS="763"/>
							<String ID="string_245" HPOS="773" VPOS="827" WIDTH="131" HEIGHT="28" WC="0.96" CONTENT="grundande,"/>
						</TextLine>
						<TextLine ID="line_24" HPOS="79" VPOS="856" WIDTH="826" HEIGHT="28">
							<String ID="string_246" HPOS="79" VPOS="856" WIDTH="143" HEIGHT="21" WC="0.92" CONTENT="förhållandet"/><SP WIDTH="24" VPOS="856" HPOS="222"/>
							<String ID="string_247" HPOS="246" VPOS="857" WIDTH="149" HEIGHT="21" WC="0.92" CONTENT="aktionärerne"/><SP WIDTH="24" VPOS="857" HPOS="395"/>
							<String ID="string_248" HPOS="419" VPOS="857" WIDTH="39" HEIGHT="22" WC="0.96" CONTENT="och"/><SP WIDTH="17" VPOS="857" HPOS="458"/>
							<String ID="string_249" HPOS="475" VPOS="858" WIDTH="68" HEIGHT="26" WC="0.96" CONTENT="tredje"/><SP WIDTH="15" VPOS="858" HPOS="543"/>
							<String ID="string_250" HPOS="558" VPOS="864" WIDTH="50" HEIGHT="15" WC="0.96" CONTENT="man"/><SP WIDTH="15" VPOS="864" HPOS="608"/>
							<String ID="string_251" HPOS="623" VPOS="857" WIDTH="90" HEIGHT="22" WC="0.96" CONTENT="emellan"/><SP WIDTH="17" VPOS="857" HPOS="713"/>
							<String ID="string_252" HPOS="730" VPOS="857" WIDTH="38" HEIGHT="21" WC="0.96" CONTENT="och"/><SP WIDTH="17" VPOS="857" HPOS="768"/>
							<String ID="string_253" HPOS="785" VPOS="857" WIDTH="120" HEIGHT="20" WC="0.96" CONTENT="kontrollen"/>
						</TextLine>
						<TextLine ID="line_25" HPOS="79" VPOS="885" WIDTH="826" HEIGHT="28">
							<String ID="string_254" HPOS="79" VPOS="885" WIDTH="6" HEIGHT="20" WC="0.96" CONTENT="i"/><SP WIDTH="16" VPOS="885" HPOS="85"/>
							<String ID="string_255" HPOS="101" VPOS="885" WIDTH="117" HEIGHT="21" WC="0.96" CONTENT="allmänhet"/><SP WIDTH="16" VPOS="885" HPOS="218"/>
							<String ID="string_256" HPOS="234" VPOS="885" WIDTH="64" HEIGHT="21" WC="0.96" CONTENT="blifva"/><SP WIDTH="15" VPOS="885" HPOS="298"/>
							<String ID="string_257" HPOS="313" VPOS="886" WIDTH="44" HEIGHT="21" WC="0.96" CONTENT="helt"/><SP WIDTH="18" VPOS="886" HPOS="357"/>
							<String ID="string_258" HPOS="375" VPOS="892" WIDTH="74" HEIGHT="21" WC="0.95" CONTENT="annan,"/><SP WIDTH="16" VPOS="892" HPOS="449"/>
							<String ID="string_259" HPOS="465" VPOS="888" WIDTH="26" HEIGHT="19" WC="0.96" CONTENT="än"/><SP WIDTH="17" VPOS="888" HPOS="491"/>
							<String ID="string_260" HPOS="508" VPOS="887" WIDTH="28" HEIGHT="20" WC="0.96" CONTENT="då"/><SP WIDTH="16" VPOS="887" HPOS="536"/>
							<String ID="string_261" HPOS="552" VPOS="887" WIDTH="36" HEIGHT="20" WC="0.96" CONTENT="det"/><SP WIDTH="15" VPOS="887" HPOS="588"/>
							<String ID="string_262" HPOS="603" VPOS="887" WIDTH="68" HEIGHT="26" WC="0.95" CONTENT="gäller"/><SP WIDTH="8" VPOS="887" HPOS="671"/>
							<String ID="string_263" HPOS="679" VPOS="888" WIDTH="32" HEIGHT="19" WC="0.96" CONTENT="att"/><SP WIDTH="10" VPOS="888" HPOS="711"/>
							<String ID="string_264" HPOS="721" VPOS="892" WIDTH="70" HEIGHT="21" WC="0.93" CONTENT="gynna"/><SP WIDTH="11" VPOS="892" HPOS="791"/>
							<String ID="string_265" HPOS="802" VPOS="885" WIDTH="103" HEIGHT="27" WC="0.92" CONTENT="uppkom-"/>
						</TextLine>
						<TextLine ID="line_26" HPOS="78" VPOS="913" WIDTH="827" HEIGHT="29">
							<String ID="string_266" HPOS="78" VPOS="915" WIDTH="47" HEIGHT="19" WC="0.95" CONTENT="sten"/><SP WIDTH="23" VPOS="915" HPOS="125"/>
							<String ID="string_267" HPOS="148" VPOS="913" WIDTH="23" HEIGHT="21" WC="0.95" CONTENT="af"/><SP WIDTH="21" VPOS="913" HPOS="171"/>
							<String ID="string_268" HPOS="192" VPOS="914" WIDTH="46" HEIGHT="21" WC="0.95" CONTENT="små"/><SP WIDTH="23" VPOS="914" HPOS="238"/>
							<String ID="string_269" HPOS="261" VPOS="914" WIDTH="62" HEIGHT="27" WC="0.96" CONTENT="bolag"/><SP WIDTH="37" VPOS="914" HPOS="323"/>
							<String ID="string_270" HPOS="360" VPOS="915" WIDTH="67" HEIGHT="21" WC="0.92" CONTENT="Äfven"/><SP WIDTH="24" VPOS="915" HPOS="427"/>
							<String ID="string_271" HPOS="451" VPOS="915" WIDTH="242" HEIGHT="27" WC="0.91" CONTENT="koncessionssystemet"/><SP WIDTH="15" VPOS="915" HPOS="693"/>
							<String ID="string_272" HPOS="708" VPOS="915" WIDTH="7" HEIGHT="20" WC="0.96" CONTENT="i"/><SP WIDTH="16" VPOS="915" HPOS="715"/>
							<String ID="string_273" HPOS="731" VPOS="914" WIDTH="116" HEIGHT="21" WC="0.93" CONTENT="allmänhet"/><SP WIDTH="15" VPOS="914" HPOS="847"/>
							<String ID="string_274" HPOS="862" VPOS="913" WIDTH="43" HEIGHT="22" WC="0.92" CONTENT="för-"/>
						</TextLine>
						<TextLine ID="line_27" HPOS="78" VPOS="937" WIDTH="828" HEIGHT="33">
							<String ID="string_275" HPOS="78" VPOS="941" WIDTH="74" HEIGHT="22" WC="0.92" CONTENT="svårar"/><SP WIDTH="21" VPOS="941" HPOS="152"/>
							<String ID="string_276" HPOS="173" VPOS="942" WIDTH="141" HEIGHT="27" WC="0.96" CONTENT="uppkomsten"/><SP WIDTH="23" VPOS="942" HPOS="314"/>
							<String ID="string_277" HPOS="337" VPOS="943" WIDTH="23" HEIGHT="21" WC="0.96" CONTENT="af"/><SP WIDTH="21" VPOS="943" HPOS="360"/>
							<String ID="string_278" HPOS="381" VPOS="943" WIDTH="80" HEIGHT="21" WC="0.96" CONTENT="sådana"/><SP WIDTH="18" VPOS="943" HPOS="461"/>
							<String ID="string_279" HPOS="479" VPOS="945" WIDTH="46" HEIGHT="20" WC="0.96" CONTENT="små"/><SP WIDTH="16" VPOS="945" HPOS="525"/>
							<String ID="string_280" HPOS="541" VPOS="944" WIDTH="69" HEIGHT="26" WC="0.93" CONTENT="bolag."/><SP WIDTH="30" VPOS="944" HPOS="610"/>
							<String ID="string_281" HPOS="640" VPOS="937" WIDTH="18" HEIGHT="28" WC="0.91" CONTENT="Å"/><SP WIDTH="16" VPOS="937" HPOS="658"/>
							<String ID="string_282" HPOS="674" VPOS="944" WIDTH="67" HEIGHT="20" WC="0.95" CONTENT="andra"/><SP WIDTH="15" VPOS="944" HPOS="741"/>
							<String ID="string_283" HPOS="756" VPOS="943" WIDTH="60" HEIGHT="21" WC="0.96" CONTENT="sidan"/><SP WIDTH="16" VPOS="943" HPOS="816"/>
							<String ID="string_284" HPOS="832" VPOS="943" WIDTH="74" HEIGHT="26" WC="0.96" CONTENT="tycker"/>
						</TextLine>
						<TextLine ID="line_28" HPOS="79" VPOS="971" WIDTH="826" HEIGHT="27">
							<String ID="string_285" HPOS="79" VPOS="977" WIDTH="49" HEIGHT="14" WC="0.96" CONTENT="man"/><SP WIDTH="22" VPOS="977" HPOS="128"/>
							<String ID="string_286" HPOS="150" VPOS="973" WIDTH="33" HEIGHT="18" WC="0.96" CONTENT="att"/><SP WIDTH="23" VPOS="973" HPOS="183"/>
							<String ID="string_287" HPOS="206" VPOS="971" WIDTH="35" HEIGHT="21" WC="0.95" CONTENT="det"/><SP WIDTH="22" VPOS="971" HPOS="241"/>
							<String ID="string_288" HPOS="263" VPOS="971" WIDTH="80" HEIGHT="22" WC="0.95" CONTENT="kanske"/><SP WIDTH="16" VPOS="971" HPOS="343"/>
							<String ID="string_289" HPOS="359" VPOS="978" WIDTH="50" HEIGHT="15" WC="0.96" CONTENT="vore"/><SP WIDTH="16" VPOS="978" HPOS="409"/>
							<String ID="string_290" HPOS="425" VPOS="972" WIDTH="46" HEIGHT="21" WC="0.96" CONTENT="skäl"/><SP WIDTH="16" VPOS="972" HPOS="471"/>
							<String ID="string_291" HPOS="487" VPOS="975" WIDTH="32" HEIGHT="18" WC="0.96" CONTENT="att"/><SP WIDTH="15" VPOS="975" HPOS="519"/>
							<String ID="string_292" HPOS="534" VPOS="973" WIDTH="110" HEIGHT="20" WC="0.96" CONTENT="utsträcka"/><SP WIDTH="16" VPOS="973" HPOS="644"/>
							<String ID="string_293" HPOS="660" VPOS="973" WIDTH="40" HEIGHT="20" WC="0.96" CONTENT="den"/><SP WIDTH="17" VPOS="973" HPOS="700"/>
							<String ID="string_294" HPOS="717" VPOS="971" WIDTH="133" HEIGHT="27" WC="0.87" CONTENT="befogenhet,"/><SP WIDTH="10" VPOS="971" HPOS="850"/>
							<String ID="string_295" HPOS="860" VPOS="977" WIDTH="45" HEIGHT="15" WC="0.87" CONTENT="som"/>
						</TextLine>
						<TextLine ID="line_29" HPOS="79" VPOS="1000" WIDTH="827" HEIGHT="28">
							<String ID="string_296" HPOS="79" VPOS="1005" WIDTH="48" HEIGHT="15" WC="0.90" CONTENT="man"/><SP WIDTH="24" VPOS="1005" HPOS="127"/>
							<String ID="string_297" HPOS="151" VPOS="1000" WIDTH="57" HEIGHT="21" WC="0.90" CONTENT="velat"/><SP WIDTH="21" VPOS="1000" HPOS="208"/>
							<String ID="string_298" HPOS="229" VPOS="1000" WIDTH="56" HEIGHT="26" WC="0.95" CONTENT="gifva"/><SP WIDTH="23" VPOS="1000" HPOS="285"/>
							<String ID="string_299" HPOS="308" VPOS="1000" WIDTH="108" HEIGHT="27" WC="0.95" CONTENT="Styrelsen"/><SP WIDTH="22" VPOS="1000" HPOS="416"/>
							<String ID="string_300" HPOS="438" VPOS="1003" WIDTH="32" HEIGHT="18" WC="0.96" CONTENT="att"/><SP WIDTH="21" VPOS="1003" HPOS="470"/>
							<String ID="string_301" HPOS="491" VPOS="1001" WIDTH="6" HEIGHT="20" WC="0.93" CONTENT="i"/><SP WIDTH="15" VPOS="1001" HPOS="497"/>
							<String ID="string_302" HPOS="512" VPOS="1001" WIDTH="207" HEIGHT="27" WC="0.91" CONTENT="försäkringsbolags"/><SP WIDTH="17" VPOS="1001" HPOS="719"/>
							<String ID="string_303" HPOS="736" VPOS="1001" WIDTH="86" HEIGHT="26" WC="0.96" CONTENT="stadgar"/><SP WIDTH="15" VPOS="1001" HPOS="822"/>
							<String ID="string_304" HPOS="837" VPOS="1000" WIDTH="69" HEIGHT="21" WC="0.96" CONTENT="införa"/>
						</TextLine>
						<TextLine ID="line_30" HPOS="79" VPOS="1028" WIDTH="826" HEIGHT="27">
							<String ID="string_305" HPOS="79" VPOS="1028" WIDTH="105" HEIGHT="21" WC="0.96" CONTENT="särskilda"/><SP WIDTH="15" VPOS="1028" HPOS="184"/>
							<String ID="string_306" HPOS="199" VPOS="1035" WIDTH="41" HEIGHT="20" WC="0.96" CONTENT="nya"/><SP WIDTH="15" VPOS="1035" HPOS="240"/>
							<String ID="string_307" HPOS="255" VPOS="1029" WIDTH="164" HEIGHT="26" WC="0.96" CONTENT="bestämningar,"/><SP WIDTH="17" VPOS="1029" HPOS="419"/>
							<String ID="string_308" HPOS="436" VPOS="1036" WIDTH="45" HEIGHT="14" WC="0.96" CONTENT="som"/><SP WIDTH="12" VPOS="1036" HPOS="481"/>
							<String ID="string_309" HPOS="493" VPOS="1030" WIDTH="70" HEIGHT="21" WC="0.96" CONTENT="kunna"/><SP WIDTH="11" VPOS="1030" HPOS="563"/>
							<String ID="string_310" HPOS="574" VPOS="1030" WIDTH="115" HEIGHT="24" WC="0.96" CONTENT="erfordras,"/><SP WIDTH="13" VPOS="1030" HPOS="689"/>
							<String ID="string_311" HPOS="702" VPOS="1029" WIDTH="60" HEIGHT="20" WC="0.96" CONTENT="äfven"/><SP WIDTH="13" VPOS="1029" HPOS="762"/>
							<String ID="string_312" HPOS="775" VPOS="1029" WIDTH="32" HEIGHT="20" WC="0.93" CONTENT="till"/><SP WIDTH="11" VPOS="1029" HPOS="807"/>
							<String ID="string_313" HPOS="818" VPOS="1029" WIDTH="87" HEIGHT="26" WC="0.91" CONTENT="gransk-"/>
						</TextLine>
						<TextLine ID="line_31" HPOS="79" VPOS="1057" WIDTH="826" HEIGHT="28">
							<String ID="string_314" HPOS="79" VPOS="1057" WIDTH="75" HEIGHT="26" WC="0.96" CONTENT="ningen"/><SP WIDTH="24" VPOS="1057" HPOS="154"/>
							<String ID="string_315" HPOS="178" VPOS="1057" WIDTH="23" HEIGHT="21" WC="0.93" CONTENT="af"/><SP WIDTH="21" VPOS="1057" HPOS="201"/>
							<String ID="string_316" HPOS="222" VPOS="1058" WIDTH="113" HEIGHT="26" WC="0.91" CONTENT="stadgarne"/><SP WIDTH="23" VPOS="1058" HPOS="335"/>
							<String ID="string_317" HPOS="358" VPOS="1058" WIDTH="35" HEIGHT="21" WC="0.96" CONTENT="för"/><SP WIDTH="22" VPOS="1058" HPOS="393"/>
							<String ID="string_318" HPOS="415" VPOS="1059" WIDTH="25" HEIGHT="20" WC="0.96" CONTENT="de"/><SP WIDTH="23" VPOS="1059" HPOS="440"/>
							<String ID="string_319" HPOS="463" VPOS="1061" WIDTH="60" HEIGHT="18" WC="0.96" CONTENT="stora"/><SP WIDTH="15" VPOS="1061" HPOS="523"/>
							<String ID="string_320" HPOS="538" VPOS="1058" WIDTH="97" HEIGHT="27" WC="0.95" CONTENT="bolagen,"/><SP WIDTH="17" VPOS="1058" HPOS="635"/>
							<String ID="string_321" HPOS="652" VPOS="1058" WIDTH="72" HEIGHT="21" WC="0.96" CONTENT="hvilka"/><SP WIDTH="15" VPOS="1058" HPOS="724"/>
							<String ID="string_322" HPOS="739" VPOS="1057" WIDTH="39" HEIGHT="21" WC="0.96" CONTENT="hos"/><SP WIDTH="16" VPOS="1057" HPOS="778"/>
							<String ID="string_323" HPOS="794" VPOS="1063" WIDTH="34" HEIGHT="15" WC="0.96" CONTENT="oss"/><SP WIDTH="16" VPOS="1063" HPOS="828"/>
							<String ID="string_324" HPOS="844" VPOS="1057" WIDTH="61" HEIGHT="21" WC="0.96" CONTENT="alltid"/>
						</TextLine>
						<TextLine ID="line_32" HPOS="79" VPOS="1085" WIDTH="827" HEIGHT="28">
							<String ID="string_325" HPOS="79" VPOS="1085" WIDTH="68" HEIGHT="21" WC="0.94" CONTENT="måste"/><SP WIDTH="23" VPOS="1085" HPOS="147"/>
							<String ID="string_326" HPOS="170" VPOS="1085" WIDTH="67" HEIGHT="22" WC="0.96" CONTENT="räkna"/><SP WIDTH="23" VPOS="1085" HPOS="237"/>
							<String ID="string_327" HPOS="260" VPOS="1087" WIDTH="26" HEIGHT="26" WC="0.96" CONTENT="på"/><SP WIDTH="23" VPOS="1087" HPOS="286"/>
							<String ID="string_328" HPOS="309" VPOS="1087" WIDTH="110" HEIGHT="20" WC="0.96" CONTENT="utländskt"/><SP WIDTH="16" VPOS="1087" HPOS="419"/>
							<String ID="string_329" HPOS="435" VPOS="1087" WIDTH="88" HEIGHT="26" WC="0.94" CONTENT="kapital."/><SP WIDTH="32" VPOS="1087" HPOS="523"/>
							<String ID="string_330" HPOS="555" VPOS="1087" WIDTH="44" HEIGHT="21" WC="0.96" CONTENT="Vår"/><SP WIDTH="15" VPOS="1087" HPOS="599"/>
							<String ID="string_331" HPOS="614" VPOS="1093" WIDTH="34" HEIGHT="15" WC="0.96" CONTENT="om"/><SP WIDTH="15" VPOS="1093" HPOS="648"/>
							<String ID="string_332" HPOS="663" VPOS="1088" WIDTH="36" HEIGHT="25" WC="0.96" CONTENT="jag"/><SP WIDTH="15" VPOS="1088" HPOS="699"/>
							<String ID="string_333" HPOS="714" VPOS="1086" WIDTH="24" HEIGHT="21" WC="0.96" CONTENT="så"/><SP WIDTH="15" VPOS="1086" HPOS="738"/>
							<String ID="string_334" HPOS="753" VPOS="1087" WIDTH="34" HEIGHT="20" WC="0.96" CONTENT="må"/><SP WIDTH="16" VPOS="1087" HPOS="787"/>
							<String ID="string_335" HPOS="803" VPOS="1088" WIDTH="51" HEIGHT="24" WC="0.93" CONTENT="säga"/><SP WIDTH="16" VPOS="1088" HPOS="854"/>
							<String ID="string_336" HPOS="870" VPOS="1086" WIDTH="36" HEIGHT="21" WC="0.91" CONTENT="be-"/>
						</TextLine>
						<TextLine ID="line_33" HPOS="79" VPOS="1114" WIDTH="826" HEIGHT="27">
							<String ID="string_337" HPOS="79" VPOS="1114" WIDTH="78" HEIGHT="21" WC="0.95" CONTENT="roende"/><SP WIDTH="15" VPOS="1114" HPOS="157"/>
							<String ID="string_338" HPOS="172" VPOS="1115" WIDTH="101" HEIGHT="26" WC="0.96" CONTENT="ställning"/><SP WIDTH="17" VPOS="1115" HPOS="273"/>
							<String ID="string_339" HPOS="290" VPOS="1115" WIDTH="96" HEIGHT="26" WC="0.96" CONTENT="betingar"/><SP WIDTH="15" VPOS="1115" HPOS="386"/>
							<String ID="string_340" HPOS="401" VPOS="1115" WIDTH="60" HEIGHT="21" WC="0.96" CONTENT="äfven"/><SP WIDTH="16" VPOS="1115" HPOS="461"/>
							<String ID="string_341" HPOS="477" VPOS="1116" WIDTH="83" HEIGHT="21" WC="0.96" CONTENT="kanske"/><SP WIDTH="15" VPOS="1116" HPOS="560"/>
							<String ID="string_342" HPOS="575" VPOS="1116" WIDTH="26" HEIGHT="21" WC="0.95" CONTENT="de"/><SP WIDTH="16" VPOS="1116" HPOS="601"/>
							<String ID="string_343" HPOS="617" VPOS="1115" WIDTH="106" HEIGHT="22" WC="0.96" CONTENT="särskilda"/><SP WIDTH="16" VPOS="1115" HPOS="723"/>
							<String ID="string_344" HPOS="739" VPOS="1115" WIDTH="166" HEIGHT="26" WC="0.96" CONTENT="bestämningar,"/>
						</TextLine>
						<TextLine ID="line_34" HPOS="79" VPOS="1143" WIDTH="827" HEIGHT="28">
							<String ID="string_345" HPOS="79" VPOS="1149" WIDTH="45" HEIGHT="14" WC="0.93" CONTENT="som"/><SP WIDTH="21" VPOS="1149" HPOS="124"/>
							<String ID="string_346" HPOS="145" VPOS="1143" WIDTH="11" HEIGHT="26" WC="0.71" CONTENT="&amp;"/><SP WIDTH="23" VPOS="1143" HPOS="156"/>
							<String ID="string_347" HPOS="179" VPOS="1143" WIDTH="13" HEIGHT="20" WC="0.96" CONTENT="6"/><SP WIDTH="19" VPOS="1143" HPOS="192"/>
							<String ID="string_348" HPOS="211" VPOS="1143" WIDTH="7" HEIGHT="20" WC="0.95" CONTENT="i"/><SP WIDTH="13" VPOS="1143" HPOS="218"/>
							<String ID="string_349" HPOS="231" VPOS="1143" WIDTH="48" HEIGHT="21" WC="0.95" CONTENT="nåd."/><SP WIDTH="17" VPOS="1143" HPOS="279"/>
							<String ID="string_350" HPOS="296" VPOS="1149" WIDTH="59" HEIGHT="21" WC="0.96" CONTENT="prop."/><SP WIDTH="17" VPOS="1149" HPOS="355"/>
							<String ID="string_351" HPOS="372" VPOS="1144" WIDTH="125" HEIGHT="21" WC="0.96" CONTENT="innehåller."/><SP WIDTH="30" VPOS="1144" HPOS="497"/>
							<String ID="string_352" HPOS="527" VPOS="1144" WIDTH="41" HEIGHT="27" WC="0.96" CONTENT="Jag"/><SP WIDTH="15" VPOS="1144" HPOS="568"/>
							<String ID="string_353" HPOS="583" VPOS="1146" WIDTH="24" HEIGHT="19" WC="0.96" CONTENT="är"/><SP WIDTH="15" VPOS="1146" HPOS="607"/>
							<String ID="string_354" HPOS="622" VPOS="1145" WIDTH="106" HEIGHT="25" WC="0.96" CONTENT="nämligen"/><SP WIDTH="16" VPOS="1145" HPOS="728"/>
							<String ID="string_355" HPOS="744" VPOS="1143" WIDTH="49" HEIGHT="21" WC="0.96" CONTENT="fullt"/><SP WIDTH="15" VPOS="1143" HPOS="793"/>
							<String ID="string_356" HPOS="808" VPOS="1143" WIDTH="39" HEIGHT="21" WC="0.96" CONTENT="och"/><SP WIDTH="17" VPOS="1143" HPOS="847"/>
							<String ID="string_357" HPOS="864" VPOS="1143" WIDTH="42" HEIGHT="21" WC="0.97" CONTENT="fast"/>
						</TextLine>
						<TextLine ID="line_35" HPOS="79" VPOS="1171" WIDTH="827" HEIGHT="27">
							<String ID="string_358" HPOS="79" VPOS="1171" WIDTH="123" HEIGHT="27" WC="0.56" CONTENT="öfvertygad"/><SP WIDTH="16" VPOS="1171" HPOS="202"/>
							<String ID="string_359" HPOS="218" VPOS="1177" WIDTH="34" HEIGHT="16" WC="0.96" CONTENT="om"/><SP WIDTH="16" VPOS="1177" HPOS="252"/>
							<String ID="string_360" HPOS="268" VPOS="1174" WIDTH="33" HEIGHT="19" WC="0.93" CONTENT="att"/><SP WIDTH="15" VPOS="1174" HPOS="301"/>
							<String ID="string_361" HPOS="316" VPOS="1172" WIDTH="129" HEIGHT="21" WC="0.93" CONTENT="förändrade"/><SP WIDTH="16" VPOS="1172" HPOS="445"/>
							<String ID="string_362" HPOS="461" VPOS="1173" WIDTH="206" HEIGHT="21" WC="0.91" CONTENT="handelsrelationer"/><SP WIDTH="15" VPOS="1173" HPOS="667"/>
							<String ID="string_363" HPOS="682" VPOS="1173" WIDTH="61" HEIGHT="21" WC="0.93" CONTENT="skola"/><SP WIDTH="12" VPOS="1173" HPOS="743"/>
							<String ID="string_364" HPOS="755" VPOS="1171" WIDTH="114" HEIGHT="22" WC="0.96" CONTENT="framkalla"/><SP WIDTH="10" VPOS="1171" HPOS="869"/>
							<String ID="string_365" HPOS="879" VPOS="1177" WIDTH="27" HEIGHT="15" WC="0.97" CONTENT="en"/>
						</TextLine>
						<TextLine ID="line_36" HPOS="78" VPOS="1199" WIDTH="827" HEIGHT="28">
							<String ID="string_366" HPOS="78" VPOS="1200" WIDTH="98" HEIGHT="25" WC="0.92" CONTENT="industri,"/><SP WIDTH="17" VPOS="1200" HPOS="176"/>
							<String ID="string_367" HPOS="193" VPOS="1199" WIDTH="63" HEIGHT="22" WC="0.91" CONTENT="hvars"/><SP WIDTH="16" VPOS="1199" HPOS="256"/>
							<String ID="string_368" HPOS="272" VPOS="1201" WIDTH="80" HEIGHT="20" WC="0.97" CONTENT="storlek"/><SP WIDTH="15" VPOS="1201" HPOS="352"/>
							<String ID="string_369" HPOS="367" VPOS="1202" WIDTH="19" HEIGHT="19" WC="0.93" CONTENT="vi"/><SP WIDTH="17" VPOS="1202" HPOS="386"/>
							<String ID="string_370" HPOS="403" VPOS="1201" WIDTH="46" HEIGHT="20" WC="0.92" CONTENT="icke"/><SP WIDTH="16" VPOS="1201" HPOS="449"/>
							<String ID="string_371" HPOS="465" VPOS="1201" WIDTH="71" HEIGHT="21" WC="0.96" CONTENT="kunna"/><SP WIDTH="16" VPOS="1201" HPOS="536"/>
							<String ID="string_372" HPOS="552" VPOS="1208" WIDTH="47" HEIGHT="19" WC="0.96" CONTENT="ana,"/><SP WIDTH="16" VPOS="1208" HPOS="599"/>
							<String ID="string_373" HPOS="615" VPOS="1202" WIDTH="40" HEIGHT="21" WC="0.96" CONTENT="och"/><SP WIDTH="16" VPOS="1202" HPOS="655"/>
							<String ID="string_374" HPOS="671" VPOS="1202" WIDTH="27" HEIGHT="21" WC="0.93" CONTENT="dä"/><SP WIDTH="15" VPOS="1202" HPOS="698"/>
							<String ID="string_375" HPOS="713" VPOS="1203" WIDTH="57" HEIGHT="18" WC="0.91" CONTENT="ären"/><SP WIDTH="17" VPOS="1203" HPOS="770"/>
							<String ID="string_376" HPOS="787" VPOS="1201" WIDTH="65" HEIGHT="20" WC="0.93" CONTENT="sädan"/><SP WIDTH="12" VPOS="1201" HPOS="852"/>
							<String ID="string_377" HPOS="864" VPOS="1200" WIDTH="41" HEIGHT="26" WC="0.96" CONTENT="lag,"/>
						</TextLine>
						<TextLine ID="line_37" HPOS="79" VPOS="1228" WIDTH="826" HEIGHT="28">
							<String ID="string_378" HPOS="79" VPOS="1234" WIDTH="44" HEIGHT="15" WC="0.96" CONTENT="som"/><SP WIDTH="16" VPOS="1234" HPOS="123"/>
							<String ID="string_379" HPOS="139" VPOS="1235" WIDTH="28" HEIGHT="14" WC="0.93" CONTENT="nu"/><SP WIDTH="16" VPOS="1235" HPOS="167"/>
							<String ID="string_380" HPOS="183" VPOS="1228" WIDTH="120" HEIGHT="27" WC="0.91" CONTENT="föreligger,"/><SP WIDTH="17" VPOS="1228" HPOS="303"/>
							<String ID="string_381" HPOS="320" VPOS="1229" WIDTH="63" HEIGHT="26" WC="0.90" CONTENT="högst"/><SP WIDTH="16" VPOS="1229" HPOS="383"/>
							<String ID="string_382" HPOS="399" VPOS="1229" WIDTH="88" HEIGHT="27" WC="0.93" CONTENT="önsklig."/><SP WIDTH="33" VPOS="1229" HPOS="487"/>
							<String ID="string_383" HPOS="520" VPOS="1230" WIDTH="45" HEIGHT="21" WC="0.93" CONTENT="Den"/><SP WIDTH="16" VPOS="1230" HPOS="565"/>
							<String ID="string_384" HPOS="581" VPOS="1231" WIDTH="96" HEIGHT="20" WC="0.92" CONTENT="särdeles"/><SP WIDTH="11" VPOS="1231" HPOS="677"/>
							<String ID="string_385" HPOS="688" VPOS="1229" WIDTH="63" HEIGHT="22" WC="0.92" CONTENT="enkla"/><SP WIDTH="10" VPOS="1229" HPOS="751"/>
							<String ID="string_386" HPOS="761" VPOS="1229" WIDTH="70" HEIGHT="26" WC="0.96" CONTENT="gamla"/><SP WIDTH="13" VPOS="1229" HPOS="831"/>
							<String ID="string_387" HPOS="844" VPOS="1229" WIDTH="61" HEIGHT="26" WC="0.96" CONTENT="lagen"/>
						</TextLine>
						<TextLine ID="line_38" HPOS="79" VPOS="1257" WIDTH="827" HEIGHT="28">
							<String ID="string_388" HPOS="79" VPOS="1263" WIDTH="34" HEIGHT="14" WC="0.92" CONTENT="om"/><SP WIDTH="23" VPOS="1263" HPOS="113"/>
							<String ID="string_389" HPOS="136" VPOS="1257" WIDTH="233" HEIGHT="21" WC="0.88" CONTENT="koncessionsansökan"/><SP WIDTH="23" VPOS="1257" HPOS="369"/>
							<String ID="string_390" HPOS="392" VPOS="1258" WIDTH="69" HEIGHT="21" WC="0.91" CONTENT="säsom"/><SP WIDTH="24" VPOS="1258" HPOS="461"/>
							<String ID="string_391" HPOS="485" VPOS="1259" WIDTH="64" HEIGHT="26" WC="0.88" CONTENT="tväng"/><SP WIDTH="22" VPOS="1259" HPOS="549"/>
							<String ID="string_392" HPOS="571" VPOS="1261" WIDTH="24" HEIGHT="18" WC="0.93" CONTENT="är"/><SP WIDTH="23" VPOS="1261" HPOS="595"/>
							<String ID="string_393" HPOS="618" VPOS="1259" WIDTH="122" HEIGHT="25" WC="0.93" CONTENT="visserligen"/><SP WIDTH="23" VPOS="1259" HPOS="740"/>
							<String ID="string_394" HPOS="763" VPOS="1257" WIDTH="81" HEIGHT="27" WC="0.96" CONTENT="ganska"/><SP WIDTH="16" VPOS="1257" HPOS="844"/>
							<String ID="string_395" HPOS="860" VPOS="1257" WIDTH="46" HEIGHT="24" WC="0.96" CONTENT="bra,"/>
						</TextLine>
						<TextLine ID="line_39" HPOS="78" VPOS="1285" WIDTH="828" HEIGHT="29">
							<String ID="string_396" HPOS="78" VPOS="1292" WIDTH="48" HEIGHT="14" WC="0.96" CONTENT="men"/><SP WIDTH="16" VPOS="1292" HPOS="126"/>
							<String ID="string_397" HPOS="142" VPOS="1286" WIDTH="20" HEIGHT="20" WC="0.93" CONTENT="vi"/><SP WIDTH="14" VPOS="1286" HPOS="162"/>
							<String ID="string_398" HPOS="176" VPOS="1285" WIDTH="68" HEIGHT="22" WC="0.91" CONTENT="sakna"/><SP WIDTH="10" VPOS="1285" HPOS="244"/>
							<String ID="string_399" HPOS="254" VPOS="1287" WIDTH="38" HEIGHT="20" WC="0.93" CONTENT="der"/><SP WIDTH="12" VPOS="1287" HPOS="292"/>
							<String ID="string_400" HPOS="304" VPOS="1288" WIDTH="77" HEIGHT="24" WC="0.93" CONTENT="mänga"/><SP WIDTH="10" VPOS="1288" HPOS="381"/>
							<String ID="string_401" HPOS="391" VPOS="1287" WIDTH="135" HEIGHT="26" WC="0.93" CONTENT="nödvändiga"/><SP WIDTH="11" VPOS="1287" HPOS="526"/>
							<String ID="string_402" HPOS="537" VPOS="1287" WIDTH="165" HEIGHT="27" WC="0.91" CONTENT="bestämningar,"/><SP WIDTH="11" VPOS="1287" HPOS="702"/>
							<String ID="string_403" HPOS="713" VPOS="1287" WIDTH="68" HEIGHT="20" WC="0.92" CONTENT="säsom"/><SP WIDTH="15" VPOS="1287" HPOS="781"/>
							<String ID="string_404" HPOS="796" VPOS="1286" WIDTH="110" HEIGHT="26" WC="0.92" CONTENT="angäende"/>
						</TextLine>
						<TextLine ID="line_40" HPOS="78" VPOS="1313" WIDTH="828" HEIGHT="28">
							<String ID="string_405" HPOS="78" VPOS="1313" WIDTH="144" HEIGHT="22" WC="0.92" CONTENT="förhällandet"/><SP WIDTH="22" VPOS="1313" HPOS="222"/>
							<String ID="string_406" HPOS="244" VPOS="1315" WIDTH="151" HEIGHT="20" WC="0.92" CONTENT="aktionärerne"/><SP WIDTH="22" VPOS="1315" HPOS="395"/>
							<String ID="string_407" HPOS="417" VPOS="1316" WIDTH="91" HEIGHT="20" WC="0.91" CONTENT="emellan"/><SP WIDTH="27" VPOS="1316" HPOS="508"/>
							<String ID="string_408" HPOS="535" VPOS="1316" WIDTH="38" HEIGHT="20" WC="0.93" CONTENT="och"/><SP WIDTH="17" VPOS="1316" HPOS="573"/>
							<String ID="string_409" HPOS="590" VPOS="1316" WIDTH="89" HEIGHT="21" WC="0.93" CONTENT="framför"/><SP WIDTH="22" VPOS="1316" HPOS="679"/>
							<String ID="string_410" HPOS="701" VPOS="1315" WIDTH="30" HEIGHT="22" WC="0.93" CONTENT="alt"/><SP WIDTH="17" VPOS="1315" HPOS="731"/>
							<String ID="string_411" HPOS="748" VPOS="1315" WIDTH="158" HEIGHT="26" WC="0.92" CONTENT="bestämningar"/>
						</TextLine>
						<TextLine ID="line_41" HPOS="79" VPOS="1343" WIDTH="827" HEIGHT="27">
							<String ID="string_412" HPOS="79" VPOS="1349" WIDTH="34" HEIGHT="14" WC="0.96" CONTENT="om"/><SP WIDTH="15" VPOS="1349" HPOS="113"/>
							<String ID="string_413" HPOS="128" VPOS="1343" WIDTH="37" HEIGHT="20" WC="0.92" CONTENT="det"/><SP WIDTH="14" VPOS="1343" HPOS="165"/>
							<String ID="string_414" HPOS="179" VPOS="1349" WIDTH="83" HEIGHT="20" WC="0.96" CONTENT="ansvar,"/><SP WIDTH="17" VPOS="1349" HPOS="262"/>
							<String ID="string_415" HPOS="279" VPOS="1349" WIDTH="45" HEIGHT="15" WC="0.93" CONTENT="som"/><SP WIDTH="16" VPOS="1349" HPOS="324"/>
							<String ID="string_416" HPOS="340" VPOS="1344" WIDTH="160" HEIGHT="26" WC="0.92" CONTENT="sysslomännen"/><SP WIDTH="16" VPOS="1344" HPOS="500"/>
							<String ID="string_417" HPOS="516" VPOS="1346" WIDTH="38" HEIGHT="19" WC="0.96" CONTENT="äro"/><SP WIDTH="16" VPOS="1346" HPOS="554"/>
							<String ID="string_418" HPOS="570" VPOS="1345" WIDTH="164" HEIGHT="21" WC="0.96" CONTENT="underkastade."/><SP WIDTH="32" VPOS="1345" HPOS="734"/>
							<String ID="string_419" HPOS="766" VPOS="1343" WIDTH="45" HEIGHT="21" WC="0.93" CONTENT="Den"/><SP WIDTH="17" VPOS="1343" HPOS="811"/>
							<String ID="string_420" HPOS="828" VPOS="1344" WIDTH="5" HEIGHT="19" WC="0.68" CONTENT="i"/><SP WIDTH="17" VPOS="1344" HPOS="833"/>
							<String ID="string_421" HPOS="850" VPOS="1343" WIDTH="12" HEIGHT="26" WC="0.68" CONTENT="&amp;"/><SP WIDTH="16" VPOS="1343" HPOS="862"/>
							<String ID="string_422" HPOS="878" VPOS="1343" WIDTH="28" HEIGHT="21" WC="0.96" CONTENT="34"/>
						</TextLine>
						<TextLine ID="line_42" HPOS="78" VPOS="1371" WIDTH="828" HEIGHT="29">
							<String ID="string_423" HPOS="78" VPOS="1371" WIDTH="84" HEIGHT="21" WC="0.96" CONTENT="införda"/><SP WIDTH="22" VPOS="1371" HPOS="162"/>
							<String ID="string_424" HPOS="184" VPOS="1371" WIDTH="161" HEIGHT="27" WC="0.96" CONTENT="bestämningen"/><SP WIDTH="23" VPOS="1371" HPOS="345"/>
							<String ID="string_425" HPOS="368" VPOS="1375" WIDTH="33" HEIGHT="18" WC="0.93" CONTENT="att"/><SP WIDTH="16" VPOS="1375" HPOS="401"/>
							<String ID="string_426" HPOS="417" VPOS="1373" WIDTH="92" HEIGHT="20" WC="0.76" CONTENT="flertalet"/><SP WIDTH="15" VPOS="1373" HPOS="509"/>
							<String ID="string_427" HPOS="524" VPOS="1373" WIDTH="23" HEIGHT="20" WC="0.93" CONTENT="af"/><SP WIDTH="15" VPOS="1373" HPOS="547"/>
							<String ID="string_428" HPOS="562" VPOS="1373" WIDTH="190" HEIGHT="27" WC="0.92" CONTENT="bolagsstyrelsens"/><SP WIDTH="15" VPOS="1373" HPOS="752"/>
							<String ID="string_429" HPOS="767" VPOS="1372" WIDTH="139" HEIGHT="21" WC="0.93" CONTENT="medlemmar"/>
						</TextLine>
						<TextLine ID="line_43" HPOS="78" VPOS="1399" WIDTH="828" HEIGHT="29">
							<String ID="string_430" HPOS="78" VPOS="1399" WIDTH="54" HEIGHT="21" WC="0.94" CONTENT="skall"/><SP WIDTH="23" VPOS="1399" HPOS="132"/>
							<String ID="string_431" HPOS="155" VPOS="1406" WIDTH="51" HEIGHT="14" WC="0.96" CONTENT="vara"/><SP WIDTH="23" VPOS="1406" HPOS="206"/>
							<String ID="string_432" HPOS="229" VPOS="1400" WIDTH="69" HEIGHT="22" WC="0.96" CONTENT="finska"/><SP WIDTH="20" VPOS="1400" HPOS="298"/>
							<String ID="string_433" HPOS="318" VPOS="1401" WIDTH="140" HEIGHT="26" WC="0.96" CONTENT="medborgare"/><SP WIDTH="23" VPOS="1401" HPOS="458"/>
							<String ID="string_434" HPOS="481" VPOS="1403" WIDTH="25" HEIGHT="19" WC="0.96" CONTENT="är"/><SP WIDTH="22" VPOS="1403" HPOS="506"/>
							<String ID="string_435" HPOS="528" VPOS="1401" WIDTH="67" HEIGHT="27" WC="0.96" CONTENT="enligt"/><SP WIDTH="16" VPOS="1401" HPOS="595"/>
							<String ID="string_436" HPOS="611" VPOS="1402" WIDTH="42" HEIGHT="21" WC="0.93" CONTENT="min"/><SP WIDTH="16" VPOS="1402" HPOS="653"/>
							<String ID="string_437" HPOS="669" VPOS="1405" WIDTH="33" HEIGHT="19" WC="0.93" CONTENT="tro"/><SP WIDTH="16" VPOS="1405" HPOS="702"/>
							<String ID="string_438" HPOS="718" VPOS="1401" WIDTH="23" HEIGHT="21" WC="0.96" CONTENT="af"/><SP WIDTH="14" VPOS="1401" HPOS="741"/>
							<String ID="string_439" HPOS="755" VPOS="1400" WIDTH="84" HEIGHT="27" WC="0.96" CONTENT="mycket"/><SP WIDTH="16" VPOS="1400" HPOS="839"/>
							<String ID="string_440" HPOS="855" VPOS="1401" WIDTH="51" HEIGHT="21" WC="0.97" CONTENT="liten"/>
						</TextLine>
						<TextLine ID="line_44" HPOS="79" VPOS="1428" WIDTH="827" HEIGHT="30">
							<String ID="string_441" HPOS="79" VPOS="1428" WIDTH="108" HEIGHT="27" WC="0.96" CONTENT="betydelse"/><SP WIDTH="24" VPOS="1428" HPOS="187"/>
							<String ID="string_442" HPOS="211" VPOS="1429" WIDTH="39" HEIGHT="21" WC="0.96" CONTENT="och"/><SP WIDTH="23" VPOS="1429" HPOS="250"/>
							<String ID="string_443" HPOS="273" VPOS="1429" WIDTH="71" HEIGHT="21" WC="0.93" CONTENT="kunde"/><SP WIDTH="18" VPOS="1429" HPOS="344"/>
							<String ID="string_444" HPOS="362" VPOS="1432" WIDTH="15" HEIGHT="18" WC="0.92" CONTENT="t."/><SP WIDTH="18" VPOS="1432" HPOS="377"/>
							<String ID="string_445" HPOS="395" VPOS="1436" WIDTH="18" HEIGHT="14" WC="0.80" CONTENT="o."/><SP WIDTH="16" VPOS="1436" HPOS="413"/>
							<String ID="string_446" HPOS="429" VPOS="1436" WIDTH="27" HEIGHT="14" WC="0.94" CONTENT="m."/><SP WIDTH="17" VPOS="1436" HPOS="456"/>
							<String ID="string_447" HPOS="473" VPOS="1436" WIDTH="49" HEIGHT="14" WC="0.92" CONTENT="vara"/><SP WIDTH="19" VPOS="1436" HPOS="522"/>
							<String ID="string_448" HPOS="541" VPOS="1430" WIDTH="90" HEIGHT="27" WC="0.95" CONTENT="skadlig,"/><SP WIDTH="16" VPOS="1430" HPOS="631"/>
							<String ID="string_449" HPOS="647" VPOS="1438" WIDTH="48" HEIGHT="14" WC="0.97" CONTENT="men"/><SP WIDTH="14" VPOS="1438" HPOS="695"/>
							<String ID="string_450" HPOS="709" VPOS="1431" WIDTH="36" HEIGHT="27" WC="0.96" CONTENT="jag"/><SP WIDTH="16" VPOS="1431" HPOS="745"/>
							<String ID="string_451" HPOS="761" VPOS="1429" WIDTH="37" HEIGHT="21" WC="0.93" CONTENT="ber"/><SP WIDTH="16" VPOS="1429" HPOS="798"/>
							<String ID="string_452" HPOS="814" VPOS="1429" WIDTH="92" HEIGHT="21" WC="0.92" CONTENT="framde-"/>
						</TextLine>
						<TextLine ID="line_45" HPOS="79" VPOS="1457" WIDTH="827" HEIGHT="28">
							<String ID="string_453" HPOS="79" VPOS="1457" WIDTH="36" HEIGHT="26" WC="0.92" CONTENT="les,"/><SP WIDTH="28" VPOS="1457" HPOS="115"/>
							<String ID="string_454" HPOS="143" VPOS="1457" WIDTH="27" HEIGHT="21" WC="0.93" CONTENT="dä"/><SP WIDTH="25" VPOS="1457" HPOS="170"/>
							<String ID="string_455" HPOS="195" VPOS="1457" WIDTH="11" HEIGHT="27" WC="0.90" CONTENT="&amp;"/><SP WIDTH="22" VPOS="1457" HPOS="206"/>
							<String ID="string_456" HPOS="228" VPOS="1458" WIDTH="97" HEIGHT="20" WC="0.96" CONTENT="kommer"/><SP WIDTH="22" VPOS="1458" HPOS="325"/>
							<String ID="string_457" HPOS="347" VPOS="1458" WIDTH="52" HEIGHT="24" WC="0.93" CONTENT="före,"/><SP WIDTH="22" VPOS="1458" HPOS="399"/>
							<String ID="string_458" HPOS="421" VPOS="1458" WIDTH="21" HEIGHT="21" WC="0.93" CONTENT="fä"/><SP WIDTH="14" VPOS="1458" HPOS="442"/>
							<String ID="string_459" HPOS="456" VPOS="1461" WIDTH="60" HEIGHT="24" WC="0.91" CONTENT="yttra"/><SP WIDTH="15" VPOS="1461" HPOS="516"/>
							<String ID="string_460" HPOS="531" VPOS="1460" WIDTH="43" HEIGHT="25" WC="0.93" CONTENT="mig"/><SP WIDTH="16" VPOS="1460" HPOS="574"/>
							<String ID="string_461" HPOS="590" VPOS="1460" WIDTH="79" HEIGHT="20" WC="0.92" CONTENT="derom."/><SP WIDTH="32" VPOS="1460" HPOS="669"/>
							<String ID="string_462" HPOS="701" VPOS="1460" WIDTH="42" HEIGHT="20" WC="0.93" CONTENT="Det"/><SP WIDTH="15" VPOS="1460" HPOS="743"/>
							<String ID="string_463" HPOS="758" VPOS="1464" WIDTH="50" HEIGHT="14" WC="0.92" CONTENT="vore"/><SP WIDTH="16" VPOS="1464" HPOS="808"/>
							<String ID="string_464" HPOS="824" VPOS="1458" WIDTH="82" HEIGHT="20" WC="0.92" CONTENT="säledes"/>
						</TextLine>
						<TextLine ID="line_46" HPOS="78" VPOS="1486" WIDTH="828" HEIGHT="27">
							<String ID="string_465" HPOS="78" VPOS="1486" WIDTH="66" HEIGHT="26" WC="0.96" CONTENT="enligt"/><SP WIDTH="20" VPOS="1486" HPOS="144"/>
							<String ID="string_466" HPOS="164" VPOS="1486" WIDTH="43" HEIGHT="20" WC="0.93" CONTENT="min"/><SP WIDTH="24" VPOS="1486" HPOS="207"/>
							<String ID="string_467" HPOS="231" VPOS="1486" WIDTH="139" HEIGHT="26" WC="0.92" CONTENT="öfvertygelse"/><SP WIDTH="24" VPOS="1486" HPOS="370"/>
							<String ID="string_468" HPOS="394" VPOS="1486" WIDTH="84" HEIGHT="27" WC="0.93" CONTENT="mycket"/><SP WIDTH="23" VPOS="1486" HPOS="478"/>
							<String ID="string_469" HPOS="501" VPOS="1487" WIDTH="93" HEIGHT="26" WC="0.93" CONTENT="önskligt"/><SP WIDTH="15" VPOS="1487" HPOS="594"/>
							<String ID="string_470" HPOS="609" VPOS="1490" WIDTH="33" HEIGHT="18" WC="0.93" CONTENT="att"/><SP WIDTH="16" VPOS="1490" HPOS="642"/>
							<String ID="string_471" HPOS="658" VPOS="1488" WIDTH="119" HEIGHT="21" WC="0.92" CONTENT="Ständerna"/><SP WIDTH="15" VPOS="1488" HPOS="777"/>
							<String ID="string_472" HPOS="792" VPOS="1492" WIDTH="29" HEIGHT="14" WC="0.96" CONTENT="nu"/><SP WIDTH="15" VPOS="1492" HPOS="821"/>
							<String ID="string_473" HPOS="836" VPOS="1486" WIDTH="70" HEIGHT="21" WC="0.96" CONTENT="skulle"/>
						</TextLine>
						<TextLine ID="line_47" HPOS="78" VPOS="1514" WIDTH="828" HEIGHT="28">
							<String ID="string_474" HPOS="78" VPOS="1516" WIDTH="79" HEIGHT="24" WC="0.91" CONTENT="antaga"/><SP WIDTH="16" VPOS="1516" HPOS="157"/>
							<String ID="string_475" HPOS="173" VPOS="1514" WIDTH="137" HEIGHT="27" WC="0.91" CONTENT="lagförslaget"/><SP WIDTH="15" VPOS="1514" HPOS="310"/>
							<String ID="string_476" HPOS="325" VPOS="1514" WIDTH="77" HEIGHT="22" WC="0.92" CONTENT="sädant"/><SP WIDTH="16" VPOS="1514" HPOS="402"/>
							<String ID="string_477" HPOS="418" VPOS="1514" WIDTH="112" HEIGHT="22" WC="0.92" CONTENT="Utskottet"/><SP WIDTH="16" VPOS="1514" HPOS="530"/>
							<String ID="string_478" HPOS="546" VPOS="1516" WIDTH="110" HEIGHT="26" WC="0.91" CONTENT="föreslagit"/><SP WIDTH="21" VPOS="1516" HPOS="656"/>
							<String ID="string_479" HPOS="677" VPOS="1517" WIDTH="124" HEIGHT="21" WC="0.91" CONTENT="detsamma."/><SP WIDTH="30" VPOS="1517" HPOS="801"/>
							<String ID="string_480" HPOS="831" VPOS="1514" WIDTH="75" HEIGHT="22" WC="0.92" CONTENT="Säsom"/>
						</TextLine>
					</TextBlock>
				</ComposedBlock>
				<ComposedBlock ID="cblock_3" HPOS="814" VPOS="1556" WIDTH="23" HEIGHT="17">
					<TextBlock ID="block_2" HPOS="814" VPOS="1556" WIDTH="23" HEIGHT="17">
						<TextLine ID="line_48" HPOS="814" VPOS="1556" WIDTH="23" HEIGHT="17">
							<String ID="string_481" HPOS="814" VPOS="1556" WIDTH="23" HEIGHT="17" WC="0.96" CONTENT="45"/>
						</TextLine>
					</TextBlock>
				</ComposedBlock>
			</PrintSpace>
		</Page>
	</Layout>
</alto>
