1106 1736
399 111 153 33 Hundskatten.
820 112 41 20 543

60 198 56 27 gått,
140 199 32 20 att
194 198 26 21 R.
242 204 19 14 o.
286 198 24 20 A.
330 197 46 22 icke
392 197 65 22 fattat
473 198 71 21 beslut
559 198 91 21 rörande
666 204 26 15 en
707 200 45 20 stor
768 198 34 21 del
817 197 24 22 af
854 198 36 21 det

63 214 163 39 ifrågavarande
241 221 107 36 förslaget.

133 294 90 21 Ståndet
239 294 107 27 öfvergick
362 301 28 14 nu
405 294 31 21 till
454 294 195 27 detaljgranskning
664 294 24 21 af
702 294 188 21 Ekonomiutskot-

63 325 44 19 tets
122 323 140 21 förevarande
280 323 296 26 sammanjemkningsförslag
592 323 40 21 och
646 323 124 26 godkändes
786 325 52 19 utan
853 329 37 15 an-

63 351 114 27 märkning
192 351 102 27 förslaget
310 351 133 21 beträffande
458 351 29 28 $&
505 352 61 21 1—5.

134 419 40 22 Vid
190 421 12 20 6
219 420 12 27 &
247 419 71 22 anhöll

134 483 31 20 Hr
175 482 25 21 V.
212 489 40 14 von
264 482 112 21 Hellens
388 489 34 14 om
432 482 61 21 ordet
500 482 40 21 och
548 483 56 20 utlät
612 483 42 26 sig:
671 483 41 20 Det
720 484 24 19 är
752 482 119 27 egentligen
884 481 8 22 i

64 511 115 26 anledning
190 511 22 21 af
224 512 11 25 $
245 512 11 19 7
263 511 37 26 jag
309 511 47 21 ville
365 513 57 24 yttra
430 511 50 26 mig,
489 517 47 15 men
546 511 26 21 dä
582 511 4 21 i
599 511 6 27 8
615 511 12 20 6
637 511 86 21 beröres
731 517 26 15 en
765 511 73 26 punkt,
846 517 45 15 som

63 539 67 21 ocksä
140 540 39 20 har
189 539 160 27 gemensamhet
360 540 48 20 med
411 535 13 35 $
442 541 18 24 7,
470 540 38 20 ber
515 539 36 27 jag
560 546 28 14 nu
597 540 66 20 redan
671 540 22 20 fä
701 539 68 21 uttala
777 540 43 20 min
829 539 62 27 äsigt.

63 568 42 26 Jag
125 568 69 21 skulle
209 568 106 25 nämligen
332 568 26 21 be
374 570 32 18 att
420 568 22 20 fä
457 568 78 21 föreslä
551 570 32 19 att
598 568 128 25 stadgandet
740 568 8 21 i
763 568 69 21 denna
848 567 44 21 för-

65 596 93 27 fattning
181 603 41 17 om,
246 596 53 21 huru
316 596 90 21 böterna
421 597 59 20 skola
496 597 128 25 förvandlas,
641 596 55 27 finge
711 596 44 21 helt
770 597 39 20 och
826 595 67 22 hället

65 625 59 26 utgä,
147 625 27 21 dä
190 625 36 21 det
238 625 26 26 ju
278 627 24 18 är
318 627 32 19 att
365 627 75 22 motse,
456 628 32 18 att
504 631 42 20 nya
561 625 123 26 strafflagen
700 625 56 21 inom
771 625 50 21 kort
837 625 55 20 skall

66 653 64 22 blifva
152 653 105 27 gällande,
282 653 38 22 och
339 654 37 20 der
392 653 60 27 ingår
467 660 81 15 samma
564 653 116 27 stadgande
696 653 108 27 angående
820 653 72 21 böter-

65 688 39 15 nas
126 682 140 26 förvandling.
296 682 48 21 Ifall
365 683 25 20 R.
409 688 17 14 o.
444 683 24 20 A.
485 682 69 21 skulle
569 683 121 25 godkänna,
703 684 32 19 att
751 689 25 14 ur
792 682 11 27 $
818 683 11 20 7
847 684 46 19 ute-

65 711 108 20 lemnades
196 711 128 26 stadgandet
345 717 33 15 om
403 711 101 20 böternas
524 711 140 26 förvandling,
681 711 67 21 skulle
761 711 37 26 jag
814 710 79 21 föreslå

64 742 34 18 att
114 740 5 20 i
135 739 72 21 stället
223 739 32 21 till
280 740 10 19 7
315 740 34 26 S:n
366 739 68 21 blefve
451 739 145 27 öfverftlyttadt
612 746 24 14 ur
652 740 12 20 6
680 741 34 24 S:n
729 739 37 21 det
780 740 52 20 sista
848 745 45 15 mo-

66 770 87 23 mentet,
173 768 40 21 och
229 770 33 19 att
277 769 6 20 i
299 769 11 20 7
327 769 33 25 &:n
376 768 69 21 blefve
458 768 4 20 i
479 768 117 21 allmänhet
612 768 69 26 sagdt,
697 770 32 19 att
745 768 90 21 böterna
849 768 42 21 för-

66 797 88 20 vandlas
178 797 68 21 såsom
271 797 6 20 i
300 797 122 26 strafflagen
446 796 142 21 föreskrifves.
619 797 41 26 Jag
678 797 68 20 skulle
762 797 82 20 således
860 796 33 21 för

65 825 42 21 den
127 825 100 21 händelse
243 827 32 19 att
290 825 24 21 R.
332 832 17 14 o.
368 826 23 20 A.
408 825 112 26 godkäude
536 825 59 21 detta
610 825 87 26 förslag,
714 825 25 20 be
755 827 32 19 att
802 825 21 21 fä
839 825 54 20 före-

66 853 32 21 slå
113 856 32 18 att
161 860 25 14 ur
201 855 12 19 6
230 853 32 27 8:n
278 854 86 26 utginge
375 854 53 20 sista
438 855 117 19 momentet
566 853 39 21 och
618 856 32 18 att
660 853 14 27 &
684 854 11 20 7
708 853 79 21 erhölle
799 853 94 27 följande

66 882 89 27 lydelse:
172 882 83 26 ,,böter,
270 888 46 15 som
332 882 88 21 ädömas
432 882 27 26 pä
474 882 68 26 grund
558 882 23 20 af
590 882 70 21 denna
668 882 129 26 förordning,
808 881 85 21 tillfalla

66 911 88 20 kronan.
184 911 84 21 Saknas
290 910 89 27 tillgäng
402 910 32 21 till
458 910 62 21 deras
534 910 53 22 fulla
601 911 112 26 gäldande,
728 911 122 21 förvandlas
866 910 26 21 de

65 939 67 27 enligt
148 939 106 21 allmänna
270 940 144 26 straftlagen*.

136 1002 29 20 Pä
181 1001 156 26 framställning
353 1002 22 20 af
389 1002 32 20 Hr
437 1002 206 21 Landtmarskalken
659 1001 70 22 beslöt
743 1002 24 20 R.
784 1008 19 14 o.
820 1002 24 20 A.
861 1002 32 19 att

67 1031 12 20 7
101 1030 12 27 8
136 1030 67 21 skulle
225 1033 105 24 upptagas
350 1030 32 21 till
397 1031 130 26 granskning
542 1030 6 21 i
565 1030 152 27 sammanhang
733 1030 47 21 med
795 1030 13 25 $
824 1030 13 20 6
853 1029 40 21 och

68 1059 108 20 lemnades
192 1058 28 27 pä
235 1059 94 26 begäran
345 1059 61 20 ordet
422 1059 23 20 ät

135 1127 32 21 Hr
178 1128 23 20 A.
216 1127 90 26 Späre,
318 1133 45 15 som
374 1127 94 26 yttrade:
484 1127 41 26 Jag
535 1127 97 21 anhåller
644 1130 32 18 att
687 1127 19 20 få
718 1126 130 21 understöda
857 1126 36 21 det

65 1156 24 20 af
98 1155 32 21 Hr
138 1162 40 15 von
187 1156 87 20 Hellens
282 1156 75 26 gjorda
365 1156 102 26 förslaget
475 1156 23 20 sä
507 1156 84 26 mycket
600 1155 72 25 hellre,
682 1161 50 19 som,
742 1154 43 21 ifall
791 1155 52 20 sista
849 1160 45 15 me-

67 1185 75 26 ningen
166 1184 22 20 af
210 1185 10 19 7
244 1184 18 27 &,
279 1185 66 20 sädan
361 1185 40 20 den
418 1190 27 14 nu
461 1186 24 18 är
499 1184 138 24 formulerad,
654 1184 96 26 gvarstär
764 1184 65 26 jemte
845 1183 12 21 6
874 1183 19 26 8,

66 1214 38 20 det
126 1213 68 21 skulle
216 1213 110 21 föranleda
342 1215 32 18 att
392 1212 122 21 straffarten
530 1213 94 26 fängelse
640 1213 33 20 vid
690 1215 72 18 vatten
778 1212 39 21 och
832 1211 61 26 bröd,

67 1242 84 20 hvilken
167 1243 141 19 utmönstrats
324 1242 5 20 i
346 1248 41 20 nya
403 1240 128 27 strafflagen,
548 1241 68 21 skulle
632 1241 107 26 tillämpas
749 1240 77 27 jemvä!
839 1240 54 21 efter

66 1271 37 20 det
118 1270 123 26 strafflagen
257 1270 59 21 trädt
331 1270 6 20 i
352 1270 99 26 gällande
467 1270 63 20 kraft.

136 1339 31 20 Hr
189 1338 23 21 V.
237 1345 39 14 von
297 1338 143 21 Hellens:
463 1338 41 26 Jag
520 1338 37 20 ber
572 1337 124 27 ytterligare
712 1336 21 22 fä
749 1337 94 26 tillägga,
859 1338 33 19 att

67 1367 69 21 denna
158 1367 60 26 fräga
241 1367 39 20 har
302 1373 26 15 en
351 1367 43 20 viss
415 1366 109 26 principiel
541 1366 107 26 betydelse
665 1366 6 20 i
687 1366 36 20 det
738 1365 105 25 afseende,
859 1367 34 19 att

67 1395 105 21 särskilda
194 1396 32 20 till
246 1395 131 21 Ständernas
393 1395 129 26 behandling
538 1401 28 14 nu
582 1394 144 26 föreliggande
742 1394 151 26 författningar

67 1424 107 20 innehålla
194 1424 112 20 enahanda
324 1424 132 25 stadganden
470 1423 39 21 och
525 1425 33 19 att
573 1423 159 21 vederbörande
748 1422 89 21 Utskott
851 1422 43 21 för-

67 1452 49 21 farit
140 1452 56 21 olika
219 1453 48 20 med
289 1452 82 26 hänsyn
394 1452 32 20 till
450 1452 62 20 dessa
531 1451 137 26 stadganden.
698 1451 42 20 Det
757 1457 48 14 vore
821 1449 73 22 derför

66 1481 94 25 önskligt
175 1483 32 18 att
222 1481 26 20 R.
264 1487 18 14 o.
299 1481 25 20 A.
340 1487 28 13 nu
384 1480 68 20 skulle
468 1480 69 20 uttala
552 1480 32 26 sig
599 1480 7 20 i
620 1479 82 26 frågan,
715 1479 39 20 och
765 1479 59 21 detta
835 1479 7 20 i
853 1479 42 20 den

67 1508 93 26 riktning
174 1508 36 27 jag
226 1508 46 21 haft
288 1510 53 19 äran
356 1508 85 21 föreslä.
