1109 1742
223 105 40 21 776
468 111 25 17 R.
507 116 17 12 o.
536 111 25 17 A.
574 112 58 17 1894.
656 112 27 17 24
695 112 64 21 April.

195 191 131 27 spanmälen,
342 197 37 15 var
401 192 37 20 det
460 191 33 22 för
516 191 112 22 Utskottet
648 191 41 21 lätt
712 193 32 19 att
765 192 44 20 inse
828 192 32 20 att
876 191 57 21 deti
949 191 74 27 sjelfva

193 220 76 21 verket
291 220 53 21 efter
365 220 36 21 det
422 222 142 25 rapporterna
587 226 34 15 om
643 220 108 21 frosterna
771 220 76 26 ingått,
866 220 46 21 icke
927 220 95 21 återstod

194 248 49 26 läng
259 248 31 21 tid
304 250 33 19 att
352 248 120 28 öfverväga,
489 249 64 21 innan
567 248 70 22 beslut
647 248 69 22 mäste
726 248 23 22 af
757 248 109 27 Styrelsen
877 248 70 24 fattas,
958 248 64 21 huru-

193 277 50 21 vida
265 277 85 27 uppköp
373 277 67 22 borde
463 284 39 20 ega
520 284 47 14 rum
583 278 52 21 eller
650 277 53 21 icke.
733 278 42 20 Det
789 277 63 27 gälde
868 277 106 21 dessutom
990 279 33 19 att

193 305 33 21 till
249 306 26 21 de
290 306 120 27 nordligare
426 306 116 22 hamnarne
557 306 36 21 vid
608 306 115 21 Bottniska
737 306 63 21 viken
816 306 22 21 fä
852 306 66 26 nägra
933 306 87 26 fartygs-

193 334 66 22 laster
274 335 101 26 spanmäl,
391 335 65 21 innan
471 335 103 27 sjöfarten
589 335 69 21 skulle
673 334 103 27 upphöra,
792 334 39 22 och
847 334 111 22 Utskottet
973 334 49 22 fann

194 363 72 21 derför
281 363 32 27 sig
327 363 47 21 icke
389 364 73 21 kunna
476 365 52 25 göra
543 364 70 26 någon
624 364 105 26 väsentlig
741 363 141 27 anmärkning
892 362 130 22 beträffande

193 391 120 28 Styrelsens
335 392 76 26 åtgärd
433 392 7 22 i
463 392 100 22 afseende
587 392 12 22 å
621 392 286 27 undsättningsspanmålens
928 392 93 26 uppköp.

193 420 62 22 Hvad
267 420 46 22 åter
321 421 132 21 vidkommer
464 421 110 27 uppköpet
585 421 23 21 af
614 421 100 21 utländsk
722 420 132 27 utsädesråg,
863 420 23 22 så
895 421 48 21 kom
953 420 68 22 Stats-

193 449 106 21 utskottet
307 450 79 26 jemväl
397 450 32 21 till
440 450 65 26 insigt
517 450 72 21 derom
599 452 32 18 att
640 450 69 21 denna
718 449 155 27 angelägenhet
881 449 23 21 af
914 449 107 27 Styrelsen

193 478 126 21 behandlats
335 478 48 21 med
398 480 80 20 största
493 478 136 26 försigtighet
640 478 39 22 och
693 484 91 21 omsorg,
801 478 5 20 i
817 480 23 24 ty
852 480 32 19 att
897 478 106 26 Styrelsen
1014 478 8 20 i

193 506 74 27 sjelfva
289 507 74 21 verket
385 507 182 21 sammankallade
590 509 97 25 experter
710 507 23 21 af
753 506 133 27 sakkunnige
902 506 118 26 affärsmän,

193 535 88 27 specielt
302 536 134 26 importörer,
460 536 39 21 och
520 536 55 21 efter
595 536 62 21 deras
672 536 95 20 hörande
783 535 69 21 beslöt
867 536 32 26 sig
914 535 32 21 för
961 535 61 21 inkö-

192 566 38 25 pet
245 564 24 21 af
281 564 101 21 utländsk
397 564 101 28 spanmäl.
528 564 50 22 Men
595 565 36 21 det
646 564 62 27 gälde
724 564 47 22 icke
786 566 33 19 att
835 564 47 21 med
895 564 65 21 sådan
970 570 52 14 vara

191 593 52 27 fylla
265 592 48 22 hela
335 593 105 25 behofvet,
464 595 52 19 utan
539 593 76 21 endast
635 593 40 21 den
698 593 60 26 brist,
779 599 45 15 som
840 592 100 27 uppkom,
956 592 65 22 sedan

193 622 25 20 de
238 621 137 27 kalkylerade
389 622 109 27 partierna
513 622 23 21 af
549 622 58 21 inom
623 622 72 21 landet
711 621 96 27 befintlig
821 622 95 26 spanmäl
932 621 89 21 kommit

192 650 33 21 till
248 651 140 26 användning.
418 650 31 22 Pä
472 651 62 21 dessa
557 650 52 26 skäl,
631 650 40 22 och
693 650 67 21 ehuru
782 650 109 21 Utskottet
910 656 42 21 nog
966 650 56 21 varit

191 679 113 21 medveten
328 686 34 14 om
385 681 32 19 att
441 680 40 20 den
504 680 144 26 importerade
671 680 154 20 utsädesvaran
848 679 46 21 icke
913 685 38 15 var
972 678 48 27 god,

191 708 72 21 kunde
279 708 110 21 Utskottet
404 708 71 26 likväl,
489 714 45 15 som
545 708 68 26 sagdt,
625 708 46 21 icke
682 707 57 22 finna
750 710 32 19 att
793 708 129 26 Regeringen
935 708 6 20 i
952 707 69 21 denna

192 736 61 27 fräga
274 736 89 22 handlat
385 738 51 20 utan
458 737 65 26 nödig
538 736 135 27 försigtighet
688 736 39 22 och
744 736 132 26 urskiljning.
906 736 114 26 Dessutom

192 771 38 15 var
252 771 26 15 en
293 765 56 21 skild
365 765 99 21 fackman
479 766 78 20 utsänd
573 765 33 21 för
621 767 32 19 att
667 765 58 21 såväl
744 765 3 21 i
763 765 110 21 Danmark
888 770 44 16 som
949 759 72 26 Öster-

191 794 172 26 sjöprovinserna
383 794 93 26 granska
495 794 59 21 säväl
575 794 143 26 grobarheten
739 800 46 14 som
807 793 64 21 ocksä
886 793 134 26 renhetspro-

192 824 75 20 centen
291 822 23 22 af
335 822 40 22 den
390 823 109 26 uppköpta
515 822 130 27 spanmälen.
676 822 62 22 Hvad
754 822 102 21 beträffar
871 822 40 21 den
927 823 94 19 omstän-

192 850 100 28 digheten
315 852 32 20 att
368 853 59 19 stora
449 851 150 27 försäljningar
618 851 54 21 hade
688 853 35 25 egt
738 857 47 15 rum
801 850 46 22 frän
863 850 157 26 kronomagasi-

191 886 42 15 nen
255 880 68 21 under
345 881 26 20 de
392 882 48 19 näst
461 880 127 27 föregäende
603 880 58 24 ären,
677 880 24 21 sä
715 882 24 19 är
755 880 59 21 detta
828 879 52 22 visst
896 881 31 20 ett
942 879 77 21 förhäl-

192 909 69 26 lande,
285 915 44 15 som
353 911 24 18 är
395 911 33 19 att
451 909 97 26 beklaga,
564 915 48 15 men
628 915 26 15 en
669 909 67 21 sädan
752 908 124 27 realisering
891 908 23 21 af
927 908 92 21 kronans

192 940 59 18 stora
266 937 96 22 förräder
377 937 55 22 hade
447 937 24 21 af
483 937 120 22 Ständerna
619 937 35 21 vid
671 937 54 22 1888
742 937 34 21 ärs
792 937 102 26 landtdag
904 937 113 20 förordats.

192 965 101 28 Möjligen
315 966 42 21 kan
379 972 50 15 man
450 968 51 25 säga
523 968 33 19 att
579 966 36 21 det
630 966 46 21 icke
692 972 37 15 var
745 965 131 22 Ständernas
891 965 85 26 mening
988 966 32 20 att

192 1001 26 14 en
241 995 24 20 sä
288 995 96 20 forcerad
407 995 124 26 försäljning
554 994 68 21 skulle
647 1001 39 20 ega
701 1001 54 17 rum,
771 1000 48 15 men
834 994 7 21 i
858 994 71 26 hvarje
944 993 37 21 fall
996 995 24 19 är

192 1023 37 21 det
253 1023 55 21 dock
333 1025 58 19 svärt
415 1025 33 19 att
469 1023 77 21 efteråt
568 1023 51 21 fälla
641 1023 49 21 dom
710 1023 7 20 i
733 1023 69 21 denna
817 1023 44 20 sak.
892 1023 42 20 Det
948 1024 24 19 är
988 1023 32 20 att

191 1051 83 27 hoppas
289 1053 32 20 att
336 1051 33 22 för
383 1051 113 22 framtiden
512 1058 26 15 en
554 1052 67 21 sädan
636 1052 106 26 sortering
757 1051 23 22 af
793 1051 121 26 spanmälen
926 1051 7 20 i
943 1051 75 20 krono:

191 1080 123 27 magasinen
336 1080 55 21 skall
414 1087 39 20 ega
475 1087 53 18 rum,
544 1082 33 19 att
593 1080 99 21 behofvet
707 1080 22 21 af
744 1080 75 21 utsäde
835 1080 23 21 af
871 1079 96 22 inhemsk
983 1079 37 26 räg

191 1109 78 21 lättare
284 1109 54 21 skall
353 1109 72 21 kunna
440 1109 124 26 tillgodoses
580 1111 26 18 än
622 1115 29 15 nu
666 1109 56 20 varit
737 1109 66 20 fallet.

261 1188 31 21 På
314 1189 31 20 Hr
368 1188 218 23 Landtmarskalkens
608 1188 155 27 framställning
784 1187 112 28 godkände
918 1187 25 21 R.
959 1193 19 15 o.
994 1187 26 20 A.

191 1217 54 22 härä
268 1217 176 22 Statsutskottets
467 1217 110 21 uttalande
603 1217 162 21 vidkommande
786 1216 233 27 undsättningsfonden.

262 1291 33 21 Då
313 1291 90 21 Ständet
419 1291 93 21 derefter
528 1290 107 27 öfvergick
650 1291 33 20 till
703 1291 135 26 afdelningen
869 1290 67 27 öfriga
946 1289 75 22 fonder

190 1320 6 20 i
213 1319 175 22 Statsutskottets
404 1319 140 26 betänkande,
561 1319 66 21 utbad
643 1320 32 25 sig

260 1393 58 21 Frih.
334 1393 24 20 R.
375 1393 25 21 A.
416 1393 84 21 Wrede
537 1393 62 21 ordet
614 1393 39 21 och
669 1393 96 21 uttalade
781 1393 32 26 sig
828 1392 28 27 på
863 1392 93 27 följande
965 1393 55 20 sätt:

189 1421 41 26 Jag
245 1421 39 21 ber
299 1421 21 21 få
335 1423 58 25 yttra
408 1421 66 26 några
497 1421 39 21 ord
558 1421 131 22 beträffande
706 1423 77 20 tvänne
799 1421 24 21 af
836 1421 26 21 de
877 1421 82 24 fonder,
975 1427 45 14 som

189 1450 133 21 förekomma
338 1450 67 21 under
420 1450 69 21 denna
509 1450 82 21 rubrik.
621 1450 10 21 I
647 1450 60 27 fråga
723 1456 33 15 om
772 1450 78 21 fonden
866 1450 32 21 för
910 1449 110 21 inlösande

189 1478 23 21 af
225 1478 151 27 skogsmarker
401 1480 24 19 är
447 1479 37 26 jag
510 1485 49 14 ense
585 1485 33 14 om
639 1479 25 20 de
681 1479 138 26 synpunkter,
835 1485 46 14 som
897 1478 67 21 under
980 1478 40 20 den

189 1506 108 22 allmänna
313 1507 101 21 debatten
432 1507 8 20 i
456 1509 72 19 ämnet
543 1507 90 21 uttalats
649 1507 22 21 af
685 1507 56 21 Frih.
759 1507 99 26 Hisinger
871 1507 67 26 jemte
954 1506 66 21 andra
