1109 1742
228 115 42 21 882
483 122 24 16 R.
521 126 17 12 o.
551 122 22 16 A.
587 122 58 17 1894.
670 123 12 16 2
694 122 48 21 Maj.

268 201 99 21 Rörande
383 201 35 21 det
434 202 22 20 af
471 201 111 22 Utskottet
597 202 135 27 upprättade,
749 202 27 27 på
792 202 38 21 sid.
848 203 25 21 15
890 202 6 22 i
909 202 117 22 betänkan-

200 229 37 21 det
263 229 104 27 ingående
394 230 102 26 förslaget
523 230 32 22 till
574 230 188 28 folkskolebudget
777 230 33 22 för
825 230 51 22 åren
894 232 60 25 1895,
973 232 53 21 1896

198 258 40 21 och
256 258 53 21 1897
324 259 85 26 yttrade

268 332 32 21 Hr
315 332 121 21 Alexander
451 333 140 21 Aminoff:
622 333 34 21 Då
678 339 28 15 nu
729 333 146 27 föreliggande
890 333 136 22 betänkande

197 360 58 21 inom
272 360 164 23 Statsutskottet
451 361 96 22 förekom
562 362 33 21 till
611 361 72 26 slutlig
698 362 137 27 behandling,
848 363 56 20 hade
912 363 114 20 Allmänna

198 389 208 22 Besvärsutskottets
434 390 133 21 betänkande
593 391 40 20 N:o
663 391 24 20 15
711 397 34 14 om
761 391 127 26 stipendiers
904 391 121 21 inrättande

196 417 35 22 för
250 418 164 21 folkskollärare
430 419 40 21 och
485 419 119 21 lärarinnor
620 419 27 26 på
662 419 72 21 landet
749 419 6 21 i
772 419 39 21 och
826 419 34 21 för
876 420 62 21 deras
952 420 72 20 vidare

197 446 121 27 utbildning
332 447 6 20 i
355 447 65 21 kallet
435 447 47 22 icke
498 449 55 19 ännu
569 448 7 20 i
592 448 42 20 alla
650 447 74 26 Stånd,
741 448 128 21 åtminstone
885 449 46 20 icke
947 449 7 20 i
968 448 26 21 R.
1006 454 18 15 o.

196 475 34 25 A.,
243 475 133 21 behandlats.
393 475 125 22 Sedermera
534 476 38 21 har
588 477 24 20 R.
629 483 18 14 o.
664 477 24 20 A.
703 477 95 26 godkänt
814 477 40 21 den
871 477 64 26 kläm,
951 477 6 20 i
973 477 52 20 hvil-

196 503 42 21 ken
261 503 145 22 betänkandet
424 507 119 24 utmynnar,
560 505 106 26 nämligen
682 507 33 19 att
730 505 32 21 till
779 506 116 26 stipendier
910 506 6 20 i
933 505 91 26 pedago-

196 532 58 27 giskt
276 533 54 26 syfte
353 533 23 21 ät
398 533 162 22 folkskollärare
580 534 7 20 i
602 534 216 21 landskommunerna
834 534 66 21 måtte
916 534 33 21 för
964 534 61 21 kom-

196 561 78 21 mande
294 561 142 27 finansperiod
451 569 26 14 ur
492 563 108 20 allmänna
615 563 68 20 medel
699 563 71 20 ansläs
787 569 24 14 en
829 569 81 15 summa
925 563 21 20 af
962 563 62 25 3,600

196 589 62 22 mark
282 589 80 28 ärligen
385 591 32 20 till
432 591 119 26 fördelning
567 591 90 21 emellan
673 591 83 21 landets
773 591 99 26 samtliga
887 591 137 22 folkskolein-

196 618 204 27 spektionsdistrikt,
416 622 55 19 samt
486 620 52 25 att,i
554 619 102 22 händelse
672 626 25 15 en
713 620 90 27 petition
818 621 7 20 i
841 621 61 20 detta
912 620 54 27 syfte
977 626 47 15 var-

197 647 38 21 der
261 647 103 25 besluten,
390 647 176 22 Statsutskottets
588 648 112 21 utlätande
716 649 132 20 beträffande
864 649 77 21 sakens
956 648 68 21 finan-

198 676 53 21 siela
274 676 45 21 sida
334 676 67 21 mätte
417 677 22 20 af
454 677 120 22 Ständerna
590 677 112 21 inhemtas.
730 677 73 26 Enligt
818 677 56 22 hvad
890 678 23 20 af
927 684 25 15 en
968 677 56 21 notis

196 705 7 20 i
225 705 221 26 landtdagsreferaten
470 706 7 20 i
493 706 134 26 tidningarne
643 706 121 26 inhemtats,
781 706 63 21 hafva
860 706 72 21 vidare
948 705 75 22 ätmin-

196 735 61 19 stone
273 733 83 22 Preste-
372 734 39 21 och
426 735 185 26 Borgareständen
626 735 95 26 godkänt
734 735 59 20 detta
801 735 114 20 Allmänna
923 735 101 20 Besvärs-

196 762 117 21 utskottets
336 762 140 26 betänkande,
500 763 38 21 och
562 763 61 21 torde
640 763 71 21 derför
728 770 24 14 en
768 766 49 23 post
832 763 23 21 af
871 764 75 23 10,800
962 763 61 21 mark

196 790 33 21 för
244 791 76 26 antydt
335 791 99 22 ändamäl
449 792 53 21 böra
516 791 80 22 införas
612 792 64 21 bland
693 792 26 21 de
734 791 76 27 siffror,
826 798 46 15 som
888 792 39 21 här
937 792 27 27 pä
975 797 47 22 pag.

196 819 26 21 15
238 819 56 27 ingä.

266 894 33 20 Dä
315 894 59 21 detta
388 894 94 27 yrkande
498 894 46 22 icke
560 901 55 15 vann
631 895 123 25 understöd,
770 894 126 21 framstälde
904 895 32 21 Hr
943 895 80 21 Landt-

196 922 136 21 marskalken
348 923 75 21 endast
438 930 34 14 om
487 923 155 26 godkännande
658 924 23 20 af
695 923 123 21 Utskottets
828 923 141 21 omförmälda
979 923 43 21 för-

194 951 46 26 slag
256 951 32 21 till
303 950 192 28 folkskolebudget,
511 952 87 20 hvartill
613 952 25 21 R.
654 958 18 15 o.
689 952 24 21 A.
724 952 126 27 samtyckte.

264 1024 46 22 Den
334 1025 69 21 första
427 1025 106 22 klämmen
556 1025 12 21 å
584 1026 38 20 sid.
641 1026 24 20 17
682 1025 23 21 af
718 1025 146 22 betänkandet
880 1028 74 24 antogs
970 1028 52 18 utan

194 1052 126 22 diskussion.

263 1127 135 21 Beträffande
414 1128 40 21 den
470 1134 74 16 senare
560 1128 6 21 i
582 1128 66 21 slutet
663 1128 23 21 af
700 1134 82 15 samma
797 1128 46 21 sida
858 1128 39 22 och
914 1128 74 27 början
1000 1129 21 21 at

192 1162 48 20 pag.
260 1156 25 22 18
301 1156 173 22 förekommande
489 1157 107 21 klämmen
610 1157 85 27 yttrade

262 1230 57 21 Frih.
343 1230 26 21 K.
392 1237 40 15 von
456 1231 145 21 Alfthan:
617 1232 70 20 Jemte
703 1232 36 20 det
752 1231 38 27 jag
803 1232 38 20 ber
856 1231 22 21 fä
893 1232 69 20 uttala
977 1232 44 20 min

192 1258 102 22 erkänsla
316 1258 34 22 för
371 1260 39 20 den
426 1260 91 27 välvilja,
533 1260 101 21 hvarmed
651 1260 167 21 Statsutskottet
833 1260 99 26 upptagit
947 1260 74 27 sjelfva

190 1286 76 27 frågan
290 1294 33 14 om
346 1288 74 27 anslag
442 1288 33 21 för
490 1295 28 14 nu
534 1288 161 27 ifrågavarande
711 1288 106 24 ändamål,
832 1288 82 21 tillåter
926 1288 37 27 jag
978 1290 43 26 miz

191 1317 33 19 att
248 1315 40 21 här
302 1318 53 24 göra
371 1323 25 14 en
412 1317 128 27 invändning
556 1322 57 16 emot
628 1318 65 20 slutet
708 1318 23 20 af
744 1318 41 20 den
801 1318 53 20 sista
869 1317 113 26 klämmen,
998 1319 22 25 ty

192 1344 36 21 det
266 1350 62 21 synes
366 1346 48 26 mig,
450 1348 32 18 att
510 1346 131 26 antagandet
671 1346 61 21 deraf
762 1346 68 21 skulle
857 1346 102 20 innebära
988 1348 32 19 ett

190 1372 151 26 upphäfvande
378 1374 24 20 af
436 1374 36 21 det
509 1374 76 27 beslut,
620 1380 46 16 som
695 1374 40 21 här
764 1374 83 24 fattats,
877 1376 39 19 när
946 1374 74 27 sjelfva

189 1400 77 27 frågan
290 1408 33 14 om
344 1402 161 27 folkhögskolor
524 1409 39 15 var
578 1403 51 21 före.
660 1403 40 21 Om
717 1402 106 27 nämligen
838 1409 27 15 en
881 1403 66 21 sådan
962 1403 57 21 kläm

190 1429 70 21 skulle
284 1432 94 25 antagas,
401 1432 23 19 så
440 1438 50 14 vore
506 1431 34 21 det
556 1431 144 27 ungefärligen
717 1432 120 21 detsamma
852 1438 46 14 som
914 1434 32 18 att
961 1433 57 24 säga,

190 1459 32 20 att
250 1458 133 27 Regeringen
409 1459 39 21 bör
472 1459 105 22 fastställa
602 1461 31 20 ett
656 1466 107 21 program,
778 1460 82 21 hvilket
874 1460 75 20 skolan
965 1459 55 21 skall

190 1485 59 28 följa,
266 1486 34 21 för
315 1489 32 19 att
362 1488 22 20 få
398 1488 86 21 komma
498 1488 7 21 i
520 1488 126 27 åtnjutande
662 1488 22 21 af
699 1488 115 26 tillräcklig
829 1488 133 21 subvention.
979 1488 39 21 Om

188 1514 38 27 jag
247 1515 47 22 icke
310 1515 88 28 oriktigt
412 1517 108 26 uppfattat
535 1517 101 21 Ståndets
653 1517 70 22 beslut
737 1517 7 21 i
760 1517 73 27 saken,
848 1517 24 21 så
884 1523 38 15 var
937 1517 36 21 det
987 1517 33 21 in-
