1109 1739
286 120 164 22 Uppenbarande
464 121 22 16 af
498 121 199 20 statshemligheter.
839 115 41 20 913

79 203 55 26 tagit
151 202 79 26 hänsyn
246 201 33 21 till
294 201 147 27 lagförslagets
456 201 102 26 politiska
573 201 53 21 sida.
656 201 74 21 Skulle
746 201 61 21 dessa
817 201 93 20 ledamö-

80 233 33 19 ter
136 231 22 21 af
179 229 109 22 Utskottet
310 229 46 22 icke
377 229 56 27 gjort
452 229 30 26 sä,
498 229 24 21 sä
537 230 55 20 hade
608 230 26 20 de
650 229 156 28 otvifvelaktigt
821 229 89 21 kommit

80 259 32 21 till
129 260 35 20 det
178 259 42 20 slut
235 261 31 18 att
282 257 94 28 afstyrka
392 258 48 21 hela
454 258 255 27 lagstiftningsätgärden.
740 258 42 21 Det
798 260 23 19 är
836 257 74 22 nämli-

80 294 40 21 gen
143 287 126 27 uppenbart,
291 289 32 18 att
345 287 138 20 förevarande
506 287 120 26 lagförslag,
650 293 34 15 om
700 293 48 15 man
765 287 98 21 hällande
878 286 33 27 sig

80 317 33 20 till
135 318 46 19 rent
193 315 105 28 juridiska
312 315 132 27 synpunkter
458 315 56 22 blott
530 319 60 23 tager
606 315 80 27 hänsyn
702 315 32 22 till
750 315 161 22 förhällandena

81 346 6 20 i
104 347 47 24 eget
171 345 56 25 land,
250 344 67 21 skulle
338 350 51 15 vara
411 344 93 27 onödigt.
536 344 46 21 Den
605 345 99 26 gällande
728 345 61 26 lagen
812 344 98 27 erbjuder

81 380 42 20 nog
138 379 84 15 normer
237 373 33 21 för
285 375 32 18 att
333 373 84 21 komma
432 373 32 21 till
480 375 56 19 rätta
552 373 48 21 med
617 373 25 21 de
658 373 144 26 förbrytelser,
816 379 46 14 som
873 373 38 20 här

81 405 37 18 äro
135 403 5 20 i
157 402 64 26 fråga.
252 401 49 22 Men
324 401 36 22 det
382 403 24 20 är
428 401 32 21 för
483 408 34 15 oss
532 402 97 26 omöjligt
645 402 7 21 i
667 401 139 22 förevarande
821 401 91 27 lagstift-

81 431 123 27 ningsfräga
210 432 32 19 att
250 431 46 21 icke
304 433 49 24 taga
360 430 80 27 hänsyn
447 430 32 21 till
486 430 40 22 den
534 433 50 23 stat,
591 431 47 21 med
646 430 83 22 hvilken
738 432 19 19 vi
765 433 37 19 äro
811 430 100 22 förenade

82 460 40 21 och
137 460 32 20 till
182 460 38 20 den
237 459 190 27 omständigheten,
442 462 31 18 att
484 460 20 20 vi
515 459 87 21 tillhöra
608 466 88 17 samma
707 459 51 21 rike.
776 460 42 20 Det
826 461 24 19 är
859 459 53 21 riks-

81 489 111 25 intressen,
208 494 43 15 som
269 494 27 14 nu
312 494 61 15 anses
388 488 86 26 päkalla
489 494 27 15 en
532 488 36 26 lag
582 488 23 21 af
619 488 69 21 denna
704 488 152 24 beskaffenhet,
872 487 40 22 och

80 518 37 26 jag
132 517 104 26 tillägger,
252 519 32 19 att
299 517 36 20 det
350 523 50 15 vore
416 517 96 23 ledsamt,
528 523 35 14 om
579 518 6 20 i
602 517 69 21 denna
685 516 60 27 fräga
761 519 31 19 ett
807 523 41 15 non
864 522 48 21 pos-

82 552 73 15 sumus
177 545 84 21 komme
282 545 46 21 från
351 545 68 21 finska
437 546 129 26 landtdagen
602 545 85 21 Juridik
702 546 39 20 och
757 546 82 26 politik,
850 546 63 20 rätts-

82 574 131 28 synpunkter
238 574 38 21 och
303 574 100 26 politiska
435 574 268 27 lämplighetssynpunkter
728 576 36 19 äro
789 574 24 27 ju
836 576 77 19 tvänne

83 603 69 21 skilda
174 603 68 25 saker,
266 609 45 15 som
334 603 46 21 icke
404 603 51 20 böra
478 603 192 21 sammanblandas.
699 603 41 25 Jag
759 604 23 19 är
799 604 39 20 den
861 603 53 21 sista

83 634 33 19 att
139 632 50 25 vilja
211 631 112 27 tillstyrka,
346 634 32 18 att
401 631 79 27 vigtiga
495 632 162 26 rättsprinciper
672 631 108 27 uppoffras
796 632 32 20 för
844 631 69 27 någon

83 660 57 27 slags
155 660 87 26 politisk
264 660 80 26 hänsyn
367 660 45 20 helt
435 660 71 21 enkelt
522 660 27 26 pä
566 661 35 20 det
616 660 52 26 skäl,
686 663 32 18 att
733 660 145 21 vidhällandet
893 659 22 21 af

84 689 215 26 rättssynpunkterna
323 689 7 21 i
356 689 26 21 de
402 688 54 21 allra
478 688 61 22 flesta
561 689 36 21 fall
613 691 24 19 är
660 689 40 21 den
724 689 61 21 bästa
804 688 109 28 politiken.

85 717 49 21 Men
151 718 36 20 det
208 717 42 21 kan
266 718 12 20 ä
293 718 67 20 andra
375 718 59 20 sidan
451 717 46 21 icke
512 717 68 21 heller
594 718 72 26 nekas,
683 719 33 19 att
731 718 37 20 der
783 718 45 21 icke
844 717 70 27 någon

84 746 67 27 vigtig
173 746 135 26 rättsprincip
332 748 23 18 är
377 746 5 20 i
399 746 66 26 fräga,
482 746 37 21 der
534 748 25 19 är
578 746 35 21 det
629 753 25 14 en
670 746 54 27 pligt
739 749 32 18 att
786 746 64 22 ocksä
864 748 51 24 taga

85 774 81 27 hänsyn
188 774 32 21 till
241 774 109 27 politiken.
381 774 151 28 Lagutskottet
552 776 6 20 i
582 775 32 21 sin
635 775 73 21 helhet
723 775 38 21 har
776 775 64 21 insett
856 775 59 21 detta

85 804 39 20 och
140 804 36 20 det
191 803 56 21 inser
262 810 42 20 nog
319 810 24 14 en
360 803 52 21 hvar
428 803 21 21 af
469 810 41 14 oss.
541 804 62 20 Hvad
626 810 44 14 som
687 805 24 19 är
726 804 109 20 skilnaden
852 803 63 21 emel-

86 832 34 21 lan
136 832 161 26 Lagutskottets
313 832 55 20 båda
384 832 83 25 hälfter,
484 834 23 19 är
527 838 28 14 nu
571 832 47 21 icke
633 832 75 26 frågan
724 838 34 15 om
774 832 80 27 princip
864 835 51 18 utan

85 867 35 14 om
136 860 60 27 grad.
226 860 42 22 För
284 861 42 20 min
342 860 34 21 del
392 861 41 20 kan
451 860 38 27 jag
503 861 47 21 icke
567 860 57 22 finna
639 863 66 19 annat
720 863 26 19 än
769 863 32 19 att
817 861 36 21 det
868 860 47 22 icke

86 891 24 19 är
125 889 70 26 nägon
210 890 38 20 sak
264 889 47 21 utaf
322 890 24 20 sä
364 889 85 27 oändlig
464 890 44 26 vigt
524 890 5 20 i
546 892 32 18 ett
593 889 145 27 straffsystem,
755 895 45 15 som
816 892 24 18 är
855 889 60 21 base-

86 918 48 20 radt
151 918 27 26 pä
193 917 137 22 latitudinära
346 918 164 27 bestämningar,
527 924 34 15 om
578 924 25 15 en
616 918 65 26 nägot
690 918 41 26 hög
739 918 177 21 maximibestäm-

86 946 50 27 ning
152 946 66 21 finnes
233 946 7 21 i
258 946 67 27 lagen.
357 946 48 21 Man
422 947 39 21 bör
483 947 123 26 visserligen
630 947 135 21 eftersträfva
784 949 32 19 att
831 947 85 21 komma

87 975 33 21 till
136 974 56 22 fasta
206 975 107 27 principer
331 975 5 21 i
352 976 59 20 detta
427 975 99 21 afseende
541 976 40 20 och
597 982 51 14 vara
664 976 136 26 konsegvent,
816 982 47 14 men
880 975 36 21 nä-

87 1006 37 24 got
139 1004 24 20 sä
178 1003 63 21 altför
256 1004 76 26 vistiet
347 1004 144 21 rättsintresse
506 1004 68 26 ligger
589 1004 46 21 icke
651 1004 53 25 deri,
725 1010 24 15 om
762 1004 5 20 i
776 1004 60 26 fråga
844 1010 34 14 om
886 1006 30 19 ett

87 1032 51 21 eller
154 1034 65 19 annat
234 1032 71 26 farligt
317 1032 57 21 brott
381 1033 109 26 undantag
503 1034 61 25 göres
576 1032 46 21 frän
634 1033 25 21 de
672 1033 106 21 allmänna
788 1032 128 28 grunderna.

88 1061 66 21 Detta
176 1061 56 21 visar
254 1061 64 21 ocksä
339 1061 153 24 erfarenheten,
516 1068 34 14 om
575 1068 47 14 man
644 1062 78 26 jemför
737 1061 180 27 lagstiftningen
903 1057 19 35 i

88 1089 57 21 olika
168 1090 74 20 länder.
279 1090 167 26 Uppfattningen
470 1090 23 21 af
512 1090 66 26 brott,
601 1090 23 21 af
638 1090 176 21 rättsläsionerna
829 1092 24 18 är
868 1090 7 20 i
892 1090 25 20 de

86 1118 62 21 flesta
163 1118 74 21 länder
253 1118 127 21 densamma.
411 1118 255 26 Stratfbestämningarna
684 1121 36 19 äro
738 1119 56 21 olika
810 1119 39 21 och
865 1124 53 20 gan-

87 1148 39 19 ska
141 1146 83 27 mycket
239 1146 45 22 från
301 1147 119 21 hvarandra
442 1147 120 21 afvikande.
593 1148 61 20 Huru
673 1148 55 26 höga
744 1148 61 20 dessa
820 1146 97 22 straffbe-

87 1175 131 27 stämningar
233 1176 56 20 inom
306 1176 25 20 de
347 1176 58 20 olika
424 1176 250 26 lagstiftningssystemen
692 1176 52 21 böra
759 1176 79 21 ställas,
855 1176 63 20 beror

88 1204 27 26 pä
130 1204 148 26 mängahanda
300 1204 143 27 synpunkter:
475 1204 115 22 historiska
612 1205 39 21 och
670 1205 80 21 sociala
764 1204 154 24 förhällanden,

88 1232 78 21 folkets
181 1232 62 27 lynne
258 1232 39 22 och
320 1233 77 26 många
419 1233 67 21 andra
508 1233 188 27 omständigheter.
728 1233 48 21 Med
792 1232 98 22 afseende
906 1233 13 21 ä

88 1261 56 21 hvad
157 1260 38 28 jag
210 1261 44 21 haft
270 1263 51 19 äran
340 1263 83 24 nämna,
439 1262 24 20 sä
479 1262 41 20 kan
533 1262 38 26 jag
586 1262 46 21 icke
648 1261 64 26 finna,
728 1265 32 18 att
776 1262 36 20 det
827 1268 50 14 vore
893 1268 25 14 en

88 1290 24 20 sä
127 1290 105 26 väsentlig
246 1290 84 21 skilnad
345 1290 89 21 emellan
451 1290 25 21 de
492 1292 6 19 i
512 1292 73 19 ämnet
593 1290 160 22 framträdande
760 1291 56 21 olika
826 1290 92 26 uppfatt-

88 1319 104 26 ningarna
207 1318 39 21 och
260 1318 85 28 förslag,
361 1321 32 19 att
409 1319 137 27 lagförslaget
561 1319 28 27 pä
604 1320 70 20 denna
688 1320 67 26 grund
765 1319 44 21 helt
819 1319 39 21 och
874 1318 45 22 häl-

88 1347 30 20 let
134 1347 66 21 borde
216 1347 89 21 förfalla.
336 1347 43 21 För
394 1348 43 20 min
453 1348 34 20 del
503 1354 61 14 anser
578 1348 43 26 jag,
637 1348 33 20 för
681 1350 33 19 att
724 1348 74 21 anföra
809 1350 31 18 ett
851 1353 69 15 exem-

87 1375 42 27 pel,
146 1377 32 19 att
194 1382 48 14 man
258 1376 7 20 i
282 1376 10 20 1
310 1376 11 26 $
345 1376 85 26 mycket
452 1376 40 25 väl,
516 1376 70 21 såsom
602 1376 123 22 Utskottets
740 1376 58 21 förra
812 1376 108 26 majoritet

87 1404 89 26 yrkade,
192 1404 41 21 kan
249 1404 70 22 lemna
335 1404 49 21 bort
406 1405 250 26 minimibestämningen.
687 1404 162 27 Lagutskottets
865 1404 55 21 bäda

88 1432 79 22 hälfter
194 1432 64 22 hafva
282 1433 6 21 i
314 1433 220 21 öfverensstämmelse
560 1434 48 20 med
633 1434 160 26 propositionen
816 1433 105 21 fasthällit

88 1461 249 27 maximibestämningen
359 1461 39 21 och
422 1462 60 21 detta
497 1464 24 19 är
536 1462 34 21 väl
586 1462 153 21 hufvudsaken.
770 1462 42 21 För
827 1462 43 21 min
887 1462 34 20 del

88 1490 68 21 skulle
170 1490 37 26 jag
221 1490 47 21 icke
284 1490 63 21 hafva
362 1490 56 21 velat
434 1490 88 28 bidraga
538 1491 32 21 till
586 1491 36 21 det
637 1490 80 27 tillägg,
733 1496 45 16 som
794 1490 128 27 Lagutskot-

88 1520 31 19 tet
134 1518 76 27 gjorde
225 1518 35 22 vid
276 1520 12 20 5
304 1519 19 27 8,
346 1525 47 15 men
416 1519 35 21 det
474 1519 39 21 har
528 1519 48 27 gått
591 1520 83 26 igenom
690 1520 7 20 i
712 1521 33 19 tre
760 1518 74 26 Stånd,
850 1519 24 21 sä
890 1521 32 19 att

830 1558 23 17 58
