1106 1736
353 122 134 22 Utskrifning
499 123 23 17 af
532 123 80 17 hästar.
824 117 41 21 567

66 209 121 15 varsamma
209 202 99 22 förluster
330 203 7 21 i
360 203 104 21 arbetstid
481 203 39 21 och
536 203 132 21 arbetskraft
683 203 33 21 för
729 203 164 27 jordbrukaren,

67 238 48 15 men
138 232 36 20 det
196 231 89 22 innebär
304 234 56 18 ännu
375 231 66 27 något
456 238 51 19 mer,
524 232 36 21 det
575 232 90 20 innebär
680 233 32 19 ett
726 231 71 27 tvång,
814 232 80 20 hvilket

67 260 46 22 icke
132 260 41 21 kan
188 266 52 15 vara
254 260 100 27 förenligt
369 260 48 21 med
433 260 40 21 den
488 260 41 21 fria
545 260 39 21 och
596 260 121 21 oberoende
728 260 166 26 medborgarens

67 291 44 19 rätt
126 291 32 19 att
174 289 114 26 disponera
303 288 59 21 öfver
377 289 31 20 sin
424 289 110 26 egendom.
565 288 105 27 Slutligen
686 288 118 22 innehåller
818 288 76 21 försla-

67 319 36 25 get
125 324 26 14 en
174 317 163 26 omständighet,
360 323 46 15 som
429 317 47 21 icke
500 317 66 21 heller
588 317 66 21 borde
677 316 97 22 förbises.
804 317 10 21 I
835 317 12 28 &
867 318 24 20 11

68 346 86 27 stadgas
177 345 143 27 uttryckligen
343 347 32 19 att
398 345 25 22 de
446 346 136 21 kommunala
598 345 176 27 myndigheterna
789 352 39 20 ega
843 348 51 24 taga

67 375 119 26 befattning
212 375 47 20 med
286 374 42 21 alla
351 374 128 21 hithörande
502 375 102 26 uppdrag,
620 380 45 15 som
680 380 76 21 genom
774 374 69 21 denna
858 375 35 26 lag

68 405 37 20 äro
127 403 52 21 eller
201 403 113 20 framdeles
329 403 72 20 kunna
417 403 64 21 blifva
497 403 48 21 dem
562 403 106 21 åhvälfda.
699 403 41 21 Det
756 403 40 20 har
810 403 83 26 troligt-

68 433 31 20 vis
121 432 47 21 icke
190 432 56 20 varit
266 431 121 21 stiftarenes
410 431 23 22 af
452 431 304 27 kommunalförfattningarna
772 432 33 21 för
820 431 74 21 landet

68 460 39 22 och
133 460 33 21 för
191 461 100 20 städerna
318 460 84 27 mening
424 462 33 19 att
480 461 26 20 de
527 460 146 27 medborgare,
689 466 45 15 som
751 460 78 21 hedras
844 461 49 20 med

68 489 166 22 kommunernas
253 489 128 25 förtroende,
405 489 89 21 sålunda
518 489 67 20 skulle
605 488 34 22 för
656 489 72 26 hvarje
744 491 48 24 nytt
806 489 87 21 statsin-

68 521 68 18 tresse
159 518 52 21 eller
230 517 71 26 hvarje
314 516 61 27 gång,
392 517 28 21 då
435 517 65 27 något
515 520 47 24 nytt
577 517 79 27 förslag
672 518 7 20 i
695 524 25 14 en
736 518 78 21 allmän
830 523 63 21 ange-

69 546 99 27 lägenhet
187 546 145 27 uppkommer,
348 545 110 22 åhvälfvas
473 553 41 20 nya
530 546 150 27 förpligtelser,
696 552 44 15 som
756 546 68 21 skulle
840 552 53 21 upp-

69 577 50 25 taga
142 575 61 21 dessa
226 574 183 21 förtroendemäns
432 575 30 20 tid
486 575 38 21 och
543 575 80 25 arbete,
638 577 50 19 utan
704 576 124 25 ersättning,
845 580 48 15 men

69 604 36 20 det
120 603 39 21 har
175 603 104 27 troligtvis
295 603 45 21 icke
356 603 68 21 heller
440 603 56 26 legat
511 604 6 20 i
532 603 146 27 lagstiftarens
694 604 84 26 mening
788 605 32 19 att
831 603 62 21 dessa

68 632 164 21 kommunernas
255 632 173 20 förtroendemän
450 632 96 26 sålunda,
562 638 76 19 genom
660 638 42 20 nya
717 632 175 26 lagstadganden,

68 661 31 21 alt
122 660 54 22 efter
191 660 47 21 litet
254 660 68 21 skulle
338 660 74 21 ställas
428 661 6 20 i
450 663 30 18 ett
496 662 48 25 nytt
559 660 211 27 tjensteförhållande
786 660 32 21 till
835 666 58 20 myn-

69 689 97 27 digheter
190 689 40 21 och
257 688 102 22 nämnder
382 695 28 15 m.
434 696 26 14 m.
491 689 79 26 Många
591 690 67 20 andra
680 689 153 26 invändningar
849 691 44 18 mot

69 718 60 21 detta
144 718 218 26 anmärkningsvärda
376 717 218 27 författningsförslag
610 718 61 20 torde
687 718 34 20 väl
736 718 72 20 kunna
823 719 69 25 göras,

68 752 48 15 men
130 746 36 27 jag
181 749 46 18 tror
242 749 38 23 att,
296 746 65 21 redan
376 746 28 26 på
419 746 69 26 grund
504 746 21 21 af
539 746 55 21 hvad
608 746 36 26 jag
655 746 45 21 haft
711 748 51 19 äran
773 746 119 25 framhålla,

68 781 48 15 man
133 781 41 20 nog
190 775 54 21 skall
259 774 57 22 finna
332 777 32 19 att
380 775 118 21 detsamma
513 776 7 20 i
536 775 47 21 dess
598 775 123 21 nuvarande
732 775 54 21 form
794 775 46 21 icke
851 774 42 21 kan

68 804 23 20 af
104 803 120 21 Ständerna
239 806 95 24 antagas.
365 804 10 20 I
391 804 72 26 hvarje
479 804 101 20 händelse
596 804 66 20 borde
674 810 25 14 en
715 804 84 26 mycket
816 803 79 27 grund-

68 832 28 27 lig
118 832 158 26 undersökning
298 832 22 20 af
341 832 119 21 detsamma
481 832 73 26 föregå
577 832 98 21 beslutet.
706 832 49 21 Men
772 832 36 21 det
823 834 24 18 är
862 834 31 18 att

69 861 73 20 märka
158 862 31 19 att
205 861 59 20 detta
279 860 217 26 författningsförslag
511 860 54 21 först
580 861 40 20 den
639 861 25 20 10
679 861 58 26 April
749 861 110 20 utdelades
871 860 22 21 åt

68 889 119 22 Ständerna
203 889 39 21 och
258 891 32 18 att
306 889 118 21 detsamma
439 889 6 20 i
462 889 47 26 dag,
526 890 40 20 den
584 890 26 20 13
626 889 66 26 April,
708 889 32 20 för
760 889 67 20 första
842 888 51 27 gån-

68 924 40 20 gen
129 918 109 26 upptagits
254 917 28 26 på
297 917 107 22 Ståndens
419 917 230 27 föredragningslistor,
666 920 32 19 att
714 917 82 22 således
812 918 59 20 detta
886 917 7 20 i

68 946 299 27 eganderättsförhållandena
387 945 23 22 så
433 946 61 27 djupt
517 946 124 27 ingripande
657 946 85 27 förslag,
759 947 39 20 och
813 946 81 21 hvilket

68 975 70 21 dertill
160 976 24 19 är
207 975 23 20 så
246 975 137 23 omfattande,
406 977 32 18 att
454 975 36 20 det
506 975 117 21 innehåller
638 976 29 20 44
683 975 31 26 $$,
731 975 53 20 först
800 975 12 20 i
822 975 69 20 landt-

68 1003 80 26 dagens
163 1003 66 27 fjerde
244 1003 76 21 månad
337 1003 150 22 öfverlemnats
502 1004 33 20 till
551 1003 130 22 Ständernas
696 1003 104 27 pröfning.
832 1003 61 20 Huru

68 1031 119 22 Ständerna
209 1039 28 14 nu
260 1032 60 21 skola
341 1032 114 21 medhinna
478 1032 112 26 förslagets
612 1032 136 27 granskning,
762 1034 23 19 är
800 1032 33 21 för
849 1031 44 27 mig

68 1060 138 27 oförklarligt.
239 1061 48 20 Men
310 1061 12 20 å
343 1061 67 20 andra
432 1061 59 20 sidan
510 1063 24 18 är
548 1061 37 26 jag
600 1061 55 21 dock
671 1061 123 26 öfvertygad
810 1067 34 14 om
860 1062 32 19 att

68 1089 35 21 det
117 1089 47 21 icke
177 1089 55 21 varit
242 1089 143 27 Regeringens
396 1090 84 25 mening
491 1091 32 19 att
534 1089 119 22 Ständerna
664 1089 60 21 skola
736 1089 67 21 blindt
813 1091 79 24 antaga

68 1119 124 20 detsamma.
222 1118 48 20 Med
298 1118 98 21 afseende
420 1118 53 21 härä
496 1118 68 21 måste
581 1118 36 27 jag
632 1118 52 27 hysa
700 1118 40 21 den
756 1118 136 27 uppfattning

66 1148 32 18 att
121 1146 159 26 iirägavarande
299 1147 218 26 författningsförslag
532 1147 35 20 vid
583 1147 69 20 denna
668 1147 103 25 landtdag
786 1147 47 19 icke
848 1146 43 20 kan

67 1174 21 21 af
104 1174 120 22 Ständerna
237 1177 96 24 antagas,
350 1181 48 15 men
414 1175 27 21 dä
456 1174 23 22 L.
496 1175 24 21 O.
536 1175 47 21 icke
599 1177 39 24 gör
646 1175 36 21 det
692 1175 82 26 möjligt
783 1176 32 19 att
826 1176 65 24 vägra

67 1204 79 24 remiss,
163 1204 39 19 har
214 1204 37 25 jag
266 1204 7 19 i
288 1204 60 20 detta
363 1203 99 21 afseende
478 1204 46 20 icke
540 1203 65 27 nägot
615 1204 73 20 vidare
699 1204 79 25 förslag
789 1205 33 18 att
832 1205 58 24 göra.

134 1259 57 22 Frih.
214 1267 40 14 von
276 1261 87 20 Born:
386 1260 10 21 I
419 1262 31 19 ett
472 1261 56 25 land,
552 1261 37 20 der
610 1266 49 15 man
682 1260 65 21 redan
766 1260 61 26 länge
844 1259 45 21 haft

66 1289 119 26 värnepligt
207 1289 33 20 för
262 1291 49 18 män
333 1289 39 20 och
393 1289 83 20 säledes
492 1289 67 26 ätagit
574 1289 31 26 sig
621 1291 59 19 stora
695 1289 140 20 immateriela
849 1288 40 21 och

66 1317 110 21 materiela
198 1317 150 27 uppoffringar,
372 1317 66 21 borde
458 1317 23 26 ju
504 1319 31 20 ett
557 1317 122 27 lagförslag,
701 1317 75 21 sädant
792 1323 45 15 som
854 1317 35 20 det

65 1345 143 27 föreliggande
224 1352 33 15 om
274 1346 128 26 utskrifning
417 1345 23 21 af
453 1346 80 26 hästar,
549 1346 158 26 expropriation
720 1345 21 22 af
750 1346 79 26 hästar,
840 1351 49 15 man

65 1374 71 21 kunde
151 1376 51 25 säga
216 1375 120 26 värnepligt
350 1374 34 21 för
399 1375 80 26 hästar,
495 1375 46 20 icke
556 1377 54 24 väga
625 1374 23 21 sä
664 1375 89 26 mycket,
770 1374 54 21 helst
840 1379 48 15 man

62 1402 24 27 ju
108 1402 68 21 mäste
199 1403 94 21 erkänna
314 1405 33 18 att
369 1403 61 21 detta
450 1403 81 26 förslag
551 1403 7 20 i
574 1403 68 26 nägon
659 1403 48 21 män
724 1405 23 18 är
762 1403 79 26 egnadt
857 1404 31 19 att

64 1431 58 21 bilda
145 1433 31 19 ett
198 1434 99 24 surrogat
320 1431 34 21 för
376 1431 62 21 forna
460 1431 67 21 tiders
544 1431 188 26 våldshandlingar
748 1431 67 21 under
832 1431 56 20 brin-

65 1460 68 20 nande
156 1460 54 26 krig,
234 1459 33 26 dä,
291 1460 69 20 såsom
381 1460 93 26 gammal
496 1460 35 26 lag
554 1462 61 24 säger
641 1475 5 9 ,
647 1460 63 26 höga
726 1459 123 21 nödtorften
865 1458 24 22 sä

64 1488 84 26 trängja
169 1488 91 21 kunde".
292 1488 48 21 Men
364 1488 36 20 det
423 1488 89 21 oaktadt
534 1488 41 21 kan
593 1488 37 26 jag
645 1488 47 21 icke
708 1488 56 20 finna
780 1490 66 18 annat
862 1489 27 18 än

64 1518 32 19 att
118 1517 60 20 detta
198 1516 115 27 lagförslag
335 1516 68 21 måste
426 1516 70 21 helsas
512 1517 48 21 med
576 1517 30 20 alt
622 1518 65 19 annat
702 1518 27 19 än
745 1516 144 21 tillfredsstä]-
