1109 1739
264 124 103 21 Byggnad
379 124 32 17 för
423 123 162 22 vetenskapliga
597 123 126 22 föreningar.
841 118 41 21 927

82 205 147 25 annorstädes,
248 205 6 20 i
278 205 81 21 hvilket
374 205 36 21 fall
428 205 39 21 den
484 205 124 22 nuvarande
623 205 85 22 lokalen
725 205 70 21 kunde
812 205 45 21 helt
872 204 38 21 och

82 232 67 21 hället
172 234 107 20 användas
303 234 31 20 till
351 233 111 22 bibliotek.
493 235 34 20 Nu
543 236 24 19 är
582 234 55 21 dock
653 237 32 18 att
701 235 74 20 märka
791 235 32 20 att
838 233 36 21 det
889 235 24 18 är

82 261 35 21 vid
140 261 275 27 Vetenskaps-Societetens
439 263 180 25 sammanträden,
643 269 45 14 som
712 263 78 20 boklån
806 262 33 21 till
855 261 58 22 leda-

83 291 95 20 möterne
201 290 64 21 oftast
288 291 97 26 utgifvas.
418 291 38 21 Väl
480 291 66 21 hålles
561 291 128 21 biblioteket
705 291 122 21 derutöfver
843 290 68 27 någon

82 319 73 20 timme
178 319 6 20 i
207 319 77 21 veckan
308 321 63 24 öppet
394 319 33 21 för
447 319 155 26 allmänheten;
625 326 47 15 men
688 319 21 22 få
725 326 101 20 personer
842 319 71 20 kunna

83 347 63 21 hafva
161 347 52 21 reda
228 347 27 26 på
271 348 66 26 dagen
355 347 39 22 och
410 348 92 26 timmen,
518 349 27 20 då
557 348 126 21 biblioteket
699 350 24 19 är
736 348 126 27 tillgängligt
873 347 39 21 och

83 376 90 21 sålunda
196 376 65 27 draga
284 378 61 25 nytta
365 377 64 20 deraf.
462 377 81 21 Genom
567 378 40 20 den
628 377 23 20 af
665 377 112 21 Utskottet
792 377 121 26 föreslagna

83 404 145 27 anordningen
251 405 69 20 blefve
345 405 160 26 svårigheterna
521 407 57 19 ännu
594 407 75 19 större.
701 406 48 20 Men
765 405 107 21 dessutom
889 406 23 19 är

84 433 35 20 det
142 433 63 26 högst
221 433 92 25 osäkert,
332 433 55 21 huru
403 435 60 25 länge
479 434 264 27 Vetenskaps-Societeten
759 434 41 21 kan
817 433 21 21 få
854 433 59 21 bibe-

83 461 57 21 hålla
164 463 32 20 sin
220 462 121 21 nuvarande
364 462 57 21 lokal
438 463 6 20 i
459 463 184 21 folkbibliotekets
659 463 45 20 hus.
735 463 42 20 Det
793 464 23 19 är
831 462 82 27 möjligt

84 491 39 20 och
140 491 108 20 sannolikt
263 493 32 18 att
311 491 48 20 dess
375 491 57 20 lokal
448 493 59 19 snart
523 491 102 21 behöfves
641 491 34 21 för
690 491 171 21 folkbiblioteket
874 490 39 21 och

84 519 27 20 då
134 519 67 20 måste
227 519 119 21 Societeten
369 519 62 27 flytta
449 520 48 21 bort
513 521 48 20 med
577 521 38 20 sitt
631 522 58 19 stora
705 520 109 21 bibliotek.
846 519 67 21 Dessa

83 547 240 28 bibliotekstlyttningar
345 548 46 21 från
415 549 36 20 det
474 555 39 14 ena
534 548 73 21 stället
622 549 32 20 till
670 549 36 20 det
721 549 66 20 andra
802 548 112 21 framkalla

84 576 107 27 sjelffallet
208 577 83 26 mycket
307 579 58 18 stora
378 577 131 27 svärigheter
521 577 39 21 och
572 577 145 26 olägenheter,
729 577 71 21 hvilka
813 577 18 26 ej
842 577 71 20 kunna

83 605 110 26 undvikas,
204 605 23 20 sä
243 606 60 25 länge
319 605 150 26 föreningarna
482 607 67 20 sakna
565 608 48 24 eget
628 606 45 20 hus.
705 606 10 20 I
730 605 137 26 förbigäenda
878 605 34 21 mä

83 635 89 19 nämnas
195 635 32 19 att
250 633 122 22 Utskottets
395 634 84 27 uppgift
501 641 33 14 om
550 636 33 19 att
599 634 132 21 Societetens
746 634 103 21 bibliotek
865 634 48 21 ärli-

83 668 40 20 gen
140 662 99 21 tillväxer
254 663 47 20 med
318 664 11 18 5
347 664 12 19 å
373 663 42 21 600
431 664 94 26 volymer
541 663 46 21 icke
604 665 23 18 är
643 663 70 27 riktig.
745 663 118 21 Tillväxten
875 662 39 21 har

84 690 80 26 utgjort
179 691 90 26 ungefär
285 692 41 20 900
342 691 39 21 och
397 692 67 20 under
480 694 85 19 senaste
581 692 24 21 är
620 692 56 20 ända
691 692 33 21 till
743 692 58 25 1,020
812 691 100 27 volymer.

84 718 84 28 Oriktig
191 721 24 19 är
238 719 60 21 äfven
321 720 109 26 uppgiften
453 720 13 21 &
490 721 37 20 sid.
553 721 11 20 7
583 722 32 19 att
631 720 162 27 ifrägavarande
809 719 104 27 sällskaps

83 747 104 22 bibliotek
211 754 48 15 vore
281 748 33 21 till
338 749 153 26 öfvervägande
514 749 34 21 del
574 749 87 26 specielt
689 749 159 26 vetenskapliga
874 748 39 21 och

84 778 37 25 att,
132 776 38 21 der
187 777 60 20 lärda
261 777 109 20 samfunds
385 777 159 26 publikationer
560 784 45 14 mer
620 777 51 21 eller
684 777 81 21 mindre
775 777 138 24 förekomma,

84 805 25 20 de
132 805 99 26 vanligen
253 805 64 21 ocksä
333 805 101 22 anträffas
450 807 7 20 i
473 806 163 21 Universitetets
653 806 108 21 bibliotek.
793 806 60 20 Hvad
870 807 43 19 sär-

84 833 65 21 skildt
160 833 81 22 Finska
251 834 266 26 Vetenskaps-Societeten
530 835 108 24 beträffar,
649 834 118 21 innehäller
779 835 47 20 dess
838 834 75 21 biblio-

84 862 36 21 tek
135 862 33 21 till
185 863 154 26 öfvervägande
356 863 33 20 del
405 863 161 27 vetenskapliga
581 863 110 21 samfunds
707 863 85 21 skrifter
808 863 22 20 af
841 863 72 26 mäng-

84 891 64 25 sidigt
162 891 101 26 innehäll,
280 891 71 21 hvilka
367 891 31 21 till
415 893 80 20 största
511 892 61 21 delen
588 892 45 21 icke
647 891 67 22 finnas
729 892 6 20 i
752 891 162 22 Universitetets

85 919 110 21 bibliotek.
226 920 31 21 De
280 920 160 27 vetenskapliga
465 921 38 20 och
527 921 96 20 litterära
639 920 159 27 föreningarnas
815 920 99 21 boksam-

84 948 68 25 lingar
174 948 69 21 skulle
266 949 77 26 derför,
366 955 34 14 om
424 949 25 20 de
470 949 113 21 förenades
604 949 27 26 pä
654 951 31 19 ett
709 949 68 23 ställe,
792 951 76 24 utgöra
883 950 32 19 ett

84 976 115 21 värdefullt
219 977 144 26 komplement
377 977 31 21 till
425 978 65 26 sagda
507 978 110 21 bibliotek.
648 978 42 21 Det
705 978 118 20 förnämsta
838 977 75 24 skälet,

84 1005 88 20 hvarför
194 1005 112 21 Allmänna
330 1007 197 20 Besvärsutskottet
549 1006 46 21 icke
616 1007 58 20 velat
689 1006 86 21 förorda
791 1006 123 26 petitionen,

84 1033 61 21 torde
169 1034 55 21 dock
244 1034 63 21 hafva
329 1035 54 20 varit
399 1035 42 26 det,
457 1037 33 19 att
506 1035 112 21 Utskottet
633 1037 71 18 ansett
719 1034 33 27 sig
768 1035 52 20 böra
835 1034 80 21 beakta

84 1062 62 20 äfven
170 1063 40 19 den
234 1062 110 22 finansiela
367 1063 59 21 sidan
443 1063 23 21 af
480 1063 65 21 saken
562 1065 55 19 samt
633 1063 72 21 dervid
721 1065 49 25 taga
787 1063 79 26 hänsyn
883 1062 32 20 till

85 1090 25 20 de
126 1091 121 26 betydande
271 1092 79 26 anslag,
373 1097 44 15 som
434 1098 28 14 nu
478 1092 33 20 för
527 1092 57 20 olika
599 1092 98 20 ändamål
713 1092 72 20 kunna
801 1091 113 25 erfordras,

85 1119 102 21 särskildt
202 1119 33 21 för
251 1120 35 20 det
302 1126 102 19 museum,
421 1126 45 15 som
483 1120 124 26 ifrägasatts
622 1121 48 20 med
685 1120 114 26 anledning
814 1120 24 20 af
849 1119 66 21 Medi-

84 1148 170 21 cinelicentiaten
277 1149 83 21 Antells
375 1149 188 21 testamentariska
579 1149 131 26 disposition.
744 1149 41 21 Det
807 1148 108 21 förefaller

85 1176 42 26 mig
143 1176 70 25 likväl,
224 1183 44 15 som
285 1184 33 14 om
335 1177 111 21 Utskottet
462 1178 46 20 icke
525 1180 36 23 egt
576 1177 81 21 befatta
673 1178 30 26 sig
719 1178 48 20 med
785 1178 68 20 denna
869 1176 46 21 sida

84 1204 23 21 af
121 1205 76 25 saken;
214 1205 39 21 den
270 1205 67 27 ligger
350 1208 58 18 utom
425 1206 113 21 Allmänna
560 1206 209 20 Besvärsutskottets
783 1206 132 25 kompetens.

84 1232 113 22 Utskottet
219 1234 55 21 hade
300 1234 75 21 endast
397 1236 32 19 att
452 1235 79 20 beakta
553 1234 76 27 sjelfva
651 1234 75 27 frägan
742 1235 6 20 i
765 1234 38 21 och
825 1234 34 20 för
877 1234 37 26 sig,

84 1262 20 20 d.
128 1268 19 14 v.
171 1268 16 14 s.
210 1262 155 26 behöflisgheten
390 1263 39 21 och
449 1263 172 21 önskvärdheten
644 1263 23 21 af
688 1263 40 21 den
745 1263 44 25 sak,
805 1262 110 21 hvarom
901 1258 18 34 i

84 1290 117 26 petitionen
217 1291 107 21 anhällits.
349 1292 61 20 Hvad
426 1294 93 23 utvägen
534 1291 35 21 för
585 1292 48 20 dess
649 1292 142 20 realiserande
807 1290 108 24 beträffar,

84 1318 77 22 ankom
178 1320 37 20 det
230 1320 47 20 icke
292 1320 27 26 pä
335 1320 114 21 Allmänna
465 1320 199 21 Besvärsutskottet
685 1322 31 18 att
731 1320 48 26 ingä
795 1320 6 20 i
817 1319 99 27 pröfning

85 1347 66 25 deraf,
173 1351 52 17 utan
241 1348 98 26 möjligen
363 1349 28 25 pä
414 1348 173 26 Statsutskottet,
603 1348 45 22 ifall
664 1348 89 21 ärendet
768 1348 148 21 remitterades

85 1376 37 24 dit,
146 1376 52 21 eller
221 1377 27 25 pä
266 1377 140 27 Regeringen,
423 1384 33 14 om
473 1377 122 21 Ständerna
610 1377 83 21 beslöte
709 1377 32 26 sig
756 1377 33 21 för
805 1376 89 28 petition
909 1376 8 20 i

84 1405 96 21 ärendet.
211 1405 33 21 Då
260 1405 112 21 Utskottet
387 1406 120 20 emellertid
523 1412 28 14 nu
567 1406 112 20 inblandat
697 1405 62 21 äfven
775 1405 140 26 museifrägan

84 1434 31 20 uti
136 1433 37 21 sitt
192 1433 136 22 betänkande
345 1434 38 21 och
399 1434 70 21 denna
485 1434 60 27 fråga
562 1434 32 21 för
609 1434 134 21 närvarande
759 1436 24 18 är
797 1434 68 20 under
881 1433 36 21 be-

84 1461 101 27 handling
208 1462 7 20 i
238 1462 114 21 Allmänna
373 1462 208 27 Besvärsutskottet,
603 1463 24 21 så
649 1463 80 20 tillåter
749 1462 36 27 jag
799 1463 42 26 mig
858 1462 59 20 hem-

84 1490 69 26 ställa,
177 1490 106 22 huruvida
297 1491 47 21 icke
359 1491 48 21 med
423 1491 203 27 slutbehandlingen
642 1490 23 22 af
679 1492 59 20 detta
754 1491 77 21 ärende
846 1491 71 20 kunde

84 1518 68 24 anstå,
175 1518 34 22 till
230 1520 48 20 dess
300 1521 33 19 att
347 1520 93 21 nämnda
455 1520 102 21 Utskotts
573 1520 134 20 betänkande
723 1519 109 27 angående
847 1520 70 20 denna
