1109 1739
243 118 42 22 536
487 126 24 16 R.
525 130 17 12 o.
555 126 22 16 A.
591 126 57 17 1894.
673 126 12 16 6
698 126 63 21 April.

283 204 156 28 Ridderskapet
455 206 40 21 och
510 206 69 21 Adeln
595 206 101 21 omfattat
711 206 41 21 den
769 205 145 22 betänkandet
930 204 111 28 vidfogade

217 234 165 24 reservationen,

283 262 160 22 Presteständet
465 263 33 21 för
521 262 176 28 omformulering
712 262 169 22 äterremitterat
895 262 146 22 betänkandet

214 290 33 22 till
262 290 218 27 Ekonomiutskottet,
497 294 56 18 samt

283 319 180 27 Borgareständet
479 320 39 21 och
533 320 162 21 Bondeständet
709 320 48 21 med
773 320 181 21 underkännande
969 320 21 21 af
1002 319 40 21 Ut-

214 347 93 21 skottets
323 348 134 22 betänkande
474 349 94 21 beslutat
583 351 33 19 att
631 349 70 21 lemna
715 348 164 28 ifrägavarande
888 349 90 27 petition
988 350 52 19 utan

213 376 105 22 afseende.

283 405 33 21 Dä
331 405 64 27 nödig
411 406 84 27 enighet
510 406 58 21 inom
584 405 26 22 de
626 406 69 21 skilda
711 406 96 21 Ständen
823 406 88 21 sälunda
927 406 45 21 icke
987 406 53 20 kun-

214 435 37 19 nat
274 434 80 26 vinnas,
376 434 67 22 finner
465 434 112 22 Utskottet
596 435 35 21 vid
647 434 76 22 sädant
738 434 134 22 förhällande
887 434 74 27 frägan
978 433 62 22 hafva

214 462 96 25 förfallit,
334 462 87 22 hvarom
445 463 214 21 Ekonomiutskottet
682 463 88 21 härmed
790 464 109 20 vördsamt
917 463 33 21 fär
964 463 76 21 under-

214 492 64 20 rätta.

444 537 18 27 Ä
478 543 224 21 Ekonomiutskottets
717 545 89 24 vägnar:

547 600 27 20 L.
591 600 113 27 Lindelöf.

280 732 68 21 Bland
371 731 100 22 Ständets
487 732 138 21 medlemmar
640 732 54 21 hade
711 732 93 21 utdelats
820 731 39 22 och
874 731 114 22 bordlades
1003 731 33 22 till

213 761 62 20 nästa
291 761 94 26 plenum:

280 817 53 28 Lag-
356 817 39 21 och
417 817 223 22 Ekonomiutskottets
653 817 78 27 förslag
748 817 32 22 till
797 817 203 27 sammanjemkning
1016 817 22 21 af

211 845 106 22 Ständens
340 846 122 27 skiljaktiga
481 847 70 20 beslut
567 846 34 21 vid
618 846 156 27 behandlingen
790 846 23 21 af
827 845 120 22 Utskottets
963 846 73 21 betän-

209 874 72 21 kande
296 875 39 20 N:o
355 875 8 20 1
381 875 6 20 i
403 875 114 26 anledning
533 874 23 21 af
565 875 48 21 näd.
629 881 59 20 prop.
700 875 39 20 N:o
751 875 13 20 2
780 875 109 26 angäende
899 874 103 27 delning
1012 873 28 23 af

207 902 216 28 jordlägenheter
412 898 13 37 ;

279 960 223 21 Ekonomiutskottets
522 961 80 26 förslag
625 960 32 21 till
679 960 204 26 sammanjemkning
899 959 23 21 af
936 960 26 21 de
976 960 59 27 skilj-

210 988 73 27 aktiga
302 989 77 23 beslut,
393 989 7 21 i
416 989 72 21 hvilka
503 989 95 21 Ständen
614 991 86 18 stannat
715 989 7 20 i
737 988 61 27 fräga
814 995 33 14 om
864 988 120 21 Utskottets
1000 988 35 21 be-

209 1017 108 21 tänkande
339 1017 40 21 N:o
403 1019 13 19 4
439 1017 47 22 med
509 1017 114 27 anledning
644 1017 23 20 af
681 1017 47 21 näd.
744 1023 61 21 prop.
821 1017 40 21 N:o
879 1017 32 26 12,
927 1017 108 26 angäende

209 1045 129 22 förändrade
353 1045 160 22 bestämmelser
528 1046 91 21 rörande
630 1046 129 26 utgörandet
769 1045 24 21 af
801 1045 66 22 skatt
876 1045 41 22 för
927 1045 107 26 hundar;

278 1103 223 21 Ekonomiutskottets
517 1103 136 21 betänkande
669 1103 40 21 N:o
725 1103 12 20 7
753 1102 7 21 i
775 1103 114 26 anledning
905 1103 23 20 af
936 1104 31 19 ett
977 1102 57 21 inom

208 1131 161 21 Bondeständet
381 1131 64 21 väckt
455 1131 79 26 förslag
549 1131 33 22 till
592 1131 91 27 petition
694 1137 34 15 om
739 1131 132 21 inrättandet
881 1131 23 21 af
913 1131 122 22 kreaturs-

208 1159 195 27 skötareskolor;
420 1162 55 19 samt

277 1217 114 20 Allmänna
414 1217 210 21 Besvärsutskottets
644 1217 135 20 betänkande
802 1217 39 20 N:o
860 1217 24 20 16
900 1217 6 20 i
921 1216 114 27 anledning

207 1245 24 21 af
243 1246 78 20 tvänne
337 1246 6 20 i
359 1245 180 27 Borgareständet
555 1245 77 21 väckta
647 1245 191 27 petitionsförslag,
862 1245 36 21 det
913 1251 41 15 ena
968 1244 67 28 angä-

207 1274 54 20 ende
284 1274 97 27 privata
403 1274 148 22 samskolors
570 1274 137 22 likställande
723 1274 47 22 med
785 1274 113 26 gosskolor
913 1274 6 20 i
936 1273 98 21 afseende

208 1301 13 21 å
243 1302 188 27 subventionering
450 1309 25 15 ur
489 1302 110 22 allmänna
614 1302 76 26 medel,
707 1303 36 21 det
758 1302 67 21 andra
841 1302 109 27 angående
965 1302 69 21 tillde-

207 1330 74 22 landet
296 1331 23 21 af
332 1332 173 20 statsunderstöd
521 1331 22 21 åt
558 1326 48 26 Åbo
621 1332 84 26 privata
719 1330 113 22 samskola.

276 1427 89 22 Plenum
381 1428 118 22 afslutades
514 1428 29 21 kl.
561 1429 11 20 7
589 1435 17 14 e.
622 1435 27 14 m.

835 1456 22 17 In
869 1456 62 17 fidem:

780 1489 51 22 Clas
846 1497 17 14 v.
881 1490 84 21 Collan.
