1109 1739
271 114 190 22 Handelsregister,
474 114 59 17 firma
544 115 40 16 och
596 114 96 21 prokura.
829 108 40 21 727

144 195 32 21 Hr
191 195 25 21 R.
231 201 40 15 von
288 195 175 22 Haartman:
487 195 32 21 Dä
535 195 71 21 säsom
626 195 67 21 kändt
713 194 148 21 firmanamnet
876 195 24 21 är

72 224 24 21 af
109 225 45 20 stor
170 223 108 27 betydelse
293 224 40 21 och
349 230 25 15 en
390 225 45 21 ofta
449 223 62 27 gjord
526 223 125 27 förändring
666 223 63 21 deraf
737 223 42 21 kan
789 223 110 22 föranleda

74 252 32 21 till
128 252 83 27 obehag
233 252 23 21 af
275 253 146 26 hvarjehanda
443 253 53 26 slag,
514 252 33 21 fär
560 252 37 27 jag
613 252 33 21 för
661 252 43 21 min
720 251 34 22 del
769 251 131 22 understöda

73 281 33 21 Hr
121 281 115 21 Mechelins
251 281 80 27 förslag
347 288 33 15 om
397 281 150 22 utelemnande
563 281 23 21 af
599 281 52 21 sista
666 281 61 20 delen
743 280 24 21 af
782 282 9 19 1
808 286 62 15 mom.

147 367 32 21 Hr
194 367 24 20 E.
234 367 189 27 Furuhjelm:
444 367 41 27 Jag
499 367 70 22 skulle
585 368 34 20 tro
631 368 32 19 att
676 366 36 21 det
723 367 122 26 stadgande,
856 368 45 20 mot

77 395 81 22 hvilket
181 395 32 22 Hr
234 396 103 21 Mechelin
354 396 106 26 anmärkt,
476 396 61 21 äfven
553 395 61 27 ingär
629 395 6 21 i
651 395 40 21 den
704 395 91 21 svenska
810 395 91 22 firmala-

75 430 47 21 gen,
144 437 28 2 —
193 425 48 20 med
263 425 85 20 hvilken
369 425 37 20 det
421 424 140 21 förevarande
576 423 139 28 lagförslaget
729 424 24 21 sä
767 424 52 27 godt
833 431 46 14 som
895 425 6 20 i

76 453 44 21 alla
142 454 87 26 stycken
245 455 76 19 nästan
337 454 115 26 ordagrant
475 454 206 24 öfverensstämmer,
696 465 27 3 —-
738 453 28 27 pä
780 453 41 21 den
833 454 68 26 grund

77 484 33 19 att
132 488 26 15 en
182 482 67 21 sädan
270 482 150 22 bestämmelse
445 482 127 27 exempelvis
593 482 6 20 i
616 481 109 21 Danmark
740 482 54 21 visat
809 482 32 26 sig
855 482 46 21 icke

77 510 68 22 sakna
170 510 96 28 praktisk
283 511 113 27 betydelse.
428 511 44 21 Der
487 511 39 21 har
541 510 107 26 nämligen
663 510 74 24 händt,
753 512 32 19 att
800 517 102 21 personer

76 539 49 21 sökt
146 539 21 21 få
190 540 7 20 i
219 539 190 27 handelsregistret
429 540 69 21 införd
513 540 68 25 firma,
597 545 46 15 som
659 538 68 22 skulle
741 539 57 26 gifva
813 540 89 21 allmän-

78 568 64 21 heten
158 570 32 19 ett
205 568 65 21 falskt
285 568 93 27 begrepp
395 575 34 15 om
445 568 40 21 den
501 569 23 20 af
537 569 48 20 dem
597 567 98 22 bedrifna
702 568 106 21 rörelsens
819 568 84 22 beskaf-

76 596 79 26 fenhet,
181 596 40 22 och
242 597 77 21 sådant
341 597 42 21 kan
409 598 76 20 endast
500 597 87 21 hindras
603 602 75 21 genom
695 602 26 15 en
736 596 57 26 dylik
809 597 93 21 bestäm-

76 625 56 27 ning.
163 625 31 21 Pä
210 626 68 20 denna
293 626 68 26 grund
376 626 68 21 skulle
451 626 36 26 jag
498 626 109 26 tilistyrka
616 624 155 27 godkännande
781 625 23 21 af
814 625 89 22 Utskot-

78 656 42 19 tets
135 654 86 27 förslag.

146 740 32 21 Hr
194 740 24 22 L.
235 740 187 27 Gripenberg:
438 740 41 27 Jag
497 740 38 22 der
553 740 22 22 få
592 741 131 21 understöda
740 740 32 22 Hr
787 740 116 22 Mechelins

80 768 80 27 förslag
183 768 24 22 sä
227 769 84 27 mycket
326 769 74 25 hellre,
417 775 44 15 som
479 769 36 21 det
529 770 6 20 i
551 769 78 27 mänga
644 770 37 20 fall
697 769 54 21 skall
767 769 64 21 blifva
847 768 58 22 svärt

82 799 32 19 att
133 797 81 26 afgöra,
231 797 55 21 hvad
303 804 44 14 som
363 798 55 20 skall
433 804 62 14 anses
511 798 71 21 säsom
598 798 45 21 icke
661 798 103 26 väsentlig
779 798 90 26 ändring
883 797 23 21 af

80 826 40 20 den
135 826 97 21 bedrifna
247 826 102 22 rörelsen.

149 900 31 21 Hr
203 900 24 22 L.
253 900 165 22 Mechelin:
440 901 42 21 Det
505 901 22 21 af
548 901 33 21 Hr
603 901 124 27 Furuhjelm
749 908 48 20 nyss
815 900 90 22 anförda

80 929 146 21 förhällandet
249 936 61 20 synes
333 930 42 26 mig
393 930 46 20 icke
455 929 63 21 träffa
533 930 50 20 mitt
597 930 85 26 förslag,
699 932 50 19 utan
765 932 77 24 utgöra
857 929 49 21 stöd

80 957 32 21 för
128 958 40 20 den
186 958 58 20 förra
259 958 60 21 delen
336 958 23 21 af
373 961 81 18 satsen:
470 958 20 26 ,I
506 958 62 21 firma
578 958 35 21 mä
624 958 18 27 ej
653 958 95 27 angifvas
760 959 88 26 företag,
859 964 46 15 som

80 986 46 22 icke
150 986 46 21 står
211 986 6 21 i
233 987 130 21 förbindelse
379 987 48 21 med
443 987 162 21 innehafvarens
622 988 96 20 rörelse".
749 987 41 27 Jag
805 987 39 21 har
859 987 46 21 icke

80 1015 62 27 yrkat
158 1015 26 27 pä
201 1016 136 21 uteslutande
353 1016 22 20 af
389 1016 69 20 denna
474 1016 40 20 del.

350 1106 291 27 Omröstningsproposition:

134 1204 3 4 =
149 1176 53 26 Den,
229 1182 44 14 som
289 1175 36 21 vill
341 1175 114 27 godkänna
471 1176 12 26 $
501 1176 22 20 11
542 1176 65 26 enligt
622 1175 122 21 Utskottets
759 1175 85 26 förslag,
860 1181 47 15 sva-

81 1210 35 15 rar
129 1210 33 20 ja;

150 1261 42 21 blir
215 1261 33 27 nej
265 1261 162 27 öfvervägande,
444 1261 169 21 äterremitteras
625 1268 81 15 samma
721 1262 11 27 $
748 1262 32 21 till
796 1261 111 22 Utskottet

82 1290 5 20 i
111 1290 36 21 det
170 1289 54 27 syfte
247 1292 33 19 att
303 1290 47 20 frän
376 1290 68 21 första
460 1290 83 27 stycket
558 1290 94 22 utesluta
668 1291 52 21 sista
735 1291 110 25 meningen
860 1290 47 21 frän

82 1318 40 21 och
146 1318 47 21 med
216 1319 65 21 orden
301 1319 32 26 ,ej
350 1318 67 22 heller
432 1318 35 22 mä
482 1318 75 22 firma'*
574 1321 39 19 etc.
630 1319 55 21 ända
701 1319 32 21 till
749 1319 94 27 styckets
858 1319 48 21 slut.

152 1386 75 22 Denna
242 1386 133 28 proposition
390 1387 129 21 besvarades
532 1387 49 21 med
592 1387 153 27 öfvervägande
758 1388 33 26 nej
803 1387 40 21 och
853 1386 55 22 hade

82 1415 25 21 R.
132 1422 18 14 o.
174 1416 25 20 A.
224 1415 71 21 derför
320 1415 87 21 beslutit
426 1418 32 18 att
480 1416 5 26 $
503 1416 23 20 11
544 1416 69 20 skulle
629 1416 7 20 i
651 1416 139 26 ofvanantydt
805 1416 55 26 syfte
875 1415 33 21 till

82 1444 54 26 Lag-
152 1444 40 20 och
208 1444 212 21 Ekonomiutskottet
434 1444 177 22 äterremitteras.

152 1512 24 27 $$
195 1514 82 20 12—15
293 1513 70 21 blefvo
379 1515 51 19 utan
445 1513 141 26 anmärkning
601 1514 83 26 gillade.
