1109 1736
366 121 103 18 Enskilda
479 122 119 21 jernvägar.
827 117 41 20 613

68 203 72 26 priset.
171 202 78 21 Dervid
273 202 72 20 kunna
363 201 104 21 särskilda
482 201 150 21 förhållanden
647 204 62 24 tagas
725 202 7 20 i
748 201 149 25 betraktande,

68 231 174 21 beskaftenheten
258 230 22 21 af
294 231 40 20 den
350 230 67 26 mark,
433 236 76 20 genom
525 230 86 21 hvilken
624 231 115 25 jernvägen
756 230 38 26 går
805 230 39 21 och
858 230 39 20 den

68 260 108 26 svårighet
192 260 39 20 och
247 259 97 26 kostnad,
363 265 46 14 som
425 260 24 19 är
464 258 89 22 förenad
570 259 49 21 med
634 259 105 26 stängsels
755 259 142 27 upprättande

69 288 40 21 och
123 288 174 24 underhållande,
313 293 34 15 om
363 287 36 20 det
415 288 23 19 är
454 293 26 15 en
495 288 95 26 betydlig
598 287 35 21 del
642 287 23 21 af
676 293 85 20 egorna,
774 293 45 15 som
830 288 68 20 stöter

69 317 32 21 till
121 317 122 27 jernvägen,
267 323 26 14 m.
315 322 34 19 m.;
368 315 43 21 alla
421 316 63 21 dessa
499 315 184 27 omständigheter
697 315 72 22 kunna
785 315 113 27 lämpligen

68 347 62 25 tagas
144 346 7 21 i
168 345 141 21 betraktande
323 344 40 21 och
379 344 118 21 bestämma
509 345 244 26 expropriationspriset.
785 345 40 26 Jag
835 350 63 15 anser

68 374 71 21 derför
161 375 33 19 att
216 380 48 15 inan
280 373 46 21 icke
342 373 101 21 behöfver
457 373 63 21 träda
535 373 27 20 de
577 373 99 26 rättsliga
692 373 159 26 synpunkterna
865 372 34 21 för

70 405 39 18 när
123 409 76 20 genom
215 404 33 19 att
263 402 32 21 för
311 401 167 27 tillgodoseende
493 401 24 22 af
530 401 63 22 dessa
609 397 123 36 ömsesidiga
744 402 102 20 intressen
862 401 36 21 be-

70 437 70 21 gagna
154 431 159 26 expropriation
329 430 39 21 och
385 430 72 21 dervid
473 437 25 14 en
514 430 57 27 gäng
585 431 34 20 för
635 430 42 21 alla
693 430 119 21 bestämma
827 429 71 27 belop-

68 462 36 25 pet
129 459 23 21 af
176 459 37 21 det
232 459 98 25 tillskott,
354 465 45 15 som
424 459 130 21 tillkommer
576 459 127 26 jordegaren
725 459 33 20 för
778 459 36 20 det
830 458 67 21 ökade

68 488 200 27 stängselbesväret.
300 488 41 21 För
355 488 43 20 min
415 487 33 21 del
464 494 64 15 anser
545 487 38 27 jag
598 487 72 21 derför
685 489 33 19 att
734 487 110 22 Utskottet
859 487 39 20 har

68 517 81 26 ganska
168 517 56 26 goda
239 517 46 21 skäl
300 516 34 21 för
349 517 38 20 sitt
405 516 86 26 förslag.
523 517 61 20 Hvad
601 516 41 21 den
658 516 67 21 andra
741 516 157 21 reservationen

68 544 109 26 beträffar,
193 545 24 21 sä
232 545 67 21 mäste
313 545 44 27 jag,
373 545 67 21 ehuru
454 545 36 26 jag
505 545 54 21 visst
573 545 47 21 icke
635 545 36 20 vill
687 545 140 21 underkänna
835 544 64 27 syftet

69 574 93 26 dermed,
187 574 82 21 hvilket
292 574 47 20 icke
359 573 23 21 sä
397 574 114 26 väsentligt
527 573 73 27 skiljer
615 574 33 26 sig
663 573 47 21 frän
726 573 35 21 det
776 573 123 21 Utskottets

68 602 79 27 förslag
162 602 126 27 innehäller,
311 602 37 27 för
364 602 37 20 det
415 602 68 21 första
499 602 104 21 anmärka
618 604 33 19 att
664 602 37 26 jag
716 601 67 21 finner
798 601 101 21 formule-

70 631 73 27 ringen
158 630 66 28 nägot
239 631 66 21 oklar.
335 630 205 27 Ofverhufvudtaget
556 630 89 22 innebär
657 630 158 27 expropriation
826 630 73 20 afhän-

70 660 78 20 dandet
163 660 24 20 af
200 666 26 14 en
241 659 102 27 rättighet
359 659 39 21 och
423 659 47 21 icke
492 660 21 20 af
528 666 25 14 en
570 659 128 27 skyldighet.
729 658 112 28 Uttrycket
857 658 41 21 kan

67 688 24 26 ju
106 688 85 26 förstäs,
208 694 47 15 men
271 688 74 26 sjelfva
366 688 166 26 formuleringen
548 690 25 18 är
588 688 46 21 icke
650 688 94 20 korrekt.
773 688 32 21 De
821 687 78 27 svärig-

70 716 67 28 heter,
153 723 45 15 som
215 716 57 22 Frih.
288 723 40 14 von
344 716 57 21 Born
424 717 105 22 anmärkt,
547 716 133 22 förekomma
696 716 66 26 enligt
776 716 43 21 min
835 716 64 21 tanke

69 746 53 20 icke.
152 746 32 20 En
208 745 67 21 sädan
297 745 171 27 lagbestämning
491 752 44 14 som
563 745 40 21 den
618 745 162 27 ifrägavarande
795 745 42 21 kan
853 744 46 22 icke

71 774 63 21 hafva
148 774 118 21 retroaktiv
281 774 86 21 verkan.
397 774 30 20 Ar
442 774 65 20 saken
524 774 82 20 ordnad
623 774 58 21 förut
689 774 132 20 beträffande
830 773 69 27 någon

68 802 82 22 enskild
163 802 171 27 jernvägsegare,
356 802 23 21 sä
401 804 24 19 är
441 802 41 21 den
506 802 81 21 ordnad
607 802 38 22 och
661 802 239 26 författningsförslaget

69 831 61 21 torde
150 831 47 21 icke
220 831 73 21 kunna
315 831 68 21 rubba
398 831 35 21 det
449 831 98 26 rättsliga
563 831 104 25 tillständ,
683 837 46 15 som
744 830 135 27 uppkommit
893 830 7 20 i

69 859 61 27 fråga
150 866 35 14 om
206 860 41 20 den
269 866 39 14 ena
329 860 52 20 eller
397 860 68 20 andra
478 860 123 25 jernvägen.
632 860 39 20 Att
686 860 45 20 låta
746 859 119 21 ordnandet
879 858 23 21 af

68 888 243 27 stängselskyldigheten
334 888 65 21 blifva
421 888 107 21 beroende
549 888 67 21 delvis
636 888 27 26 pä
679 887 220 24 öfverenskommelse,

70 916 66 21 delvis
149 916 27 27 pä
199 917 164 26 expropriation,
386 916 39 21 har
447 917 41 20 den
509 917 149 26 olägenheten,
674 923 62 20 synes
752 917 35 20 det
803 916 49 27 mig,
869 918 32 19 att

69 944 163 22 förhällandena
255 945 83 21 komme
360 948 33 18 att
407 945 94 27 gestalta
515 945 32 26 sig
563 945 56 21 olika
636 945 27 26 pä
679 945 58 21 olika
752 945 59 21 delar
827 945 22 20 af
863 944 37 21 lin-

69 973 43 27 jen,
128 973 81 22 hvilket
225 974 45 21 icke
286 974 42 21 kan
344 974 64 21 lända
423 973 34 22 till
473 974 52 21 reda
541 974 39 21 och
597 974 90 26 ordning
699 975 7 20 i
717 973 59 27 fråga
787 980 34 15 om
832 973 69 21 denna

72 1002 165 27 angelägenhets
259 1003 116 20 ordnande.
405 1002 41 27 Jag
471 1003 97 20 biträder
591 1003 83 20 således
697 1003 6 20 i
729 1003 69 20 denna
814 1002 33 21 del
864 1001 37 22 Ut-

71 1031 92 20 skottets
187 1031 140 25 betänkande,
351 1037 47 15 men
419 1031 36 26 jag
479 1031 80 21 tillåter
583 1031 41 26 mig
647 1031 55 21 dock
722 1031 69 21 uttala
805 1033 32 18 att
853 1030 48 21 hela

71 1059 60 21 detta
146 1059 116 27 lagförslag
277 1060 66 26 enligt
358 1060 42 20 min
417 1059 64 22 tanke
500 1059 46 22 icke
563 1061 24 20 är
602 1060 24 21 sä
641 1059 134 27 synnerligen
790 1059 23 22 af
827 1059 74 21 behof-

71 1089 35 20 vet
126 1088 117 27 päkalladt.
273 1088 41 27 Jag
335 1088 68 21 skulle
426 1088 34 21 för
479 1088 42 21 min
543 1088 33 21 del
593 1088 55 21 varit
663 1088 81 21 beredd
759 1090 32 19 att
806 1087 96 27 afstyrka

71 1117 43 23 det,
137 1123 34 14 om
197 1117 36 21 det
257 1117 46 21 icke
328 1117 81 26 föreläg
432 1123 25 15 en
483 1117 77 26 ätgärd
579 1117 46 21 frän
641 1117 131 21 Ständernas
788 1117 52 25 sida,
856 1122 45 15 som

72 1145 123 21 framkallat
219 1145 72 21 saken.
323 1145 43 26 Mig
391 1145 108 21 förefaller
531 1145 104 27 förslaget
665 1146 7 20 i
702 1145 60 26 fråga
788 1151 34 14 om
852 1145 12 25 $
889 1145 12 20 2

71 1173 100 27 temligen
187 1174 150 26 tvifvelaktigt.
369 1174 28 20 Af
411 1174 53 26 skäl,
486 1180 45 14 som
545 1174 38 26 jag
597 1173 125 26 framhållit,
739 1174 114 20 motsätter
865 1172 37 28 jag

72 1202 43 26 mig
130 1202 54 21 dock
199 1202 47 21 icke
262 1202 249 21 utskottsbetänkandet.

140 1287 57 21 Frih.
213 1287 25 22 R.
262 1288 25 20 A.
307 1287 118 22 Wrede:
456 1287 47 22 Den
527 1287 65 22 ärade
613 1287 74 25 talare,
712 1287 84 22 hvilken
819 1286 84 22 inledde

74 1315 148 22 diskussionen
239 1315 131 22 beträffande
390 1316 141 21 förevarande
546 1316 68 27 fräga,
630 1316 113 21 anmärkte
757 1315 65 22 bland
837 1317 67 19 annat

72 1345 32 20 att
135 1345 5 20 2
174 1351 63 14 mom.
260 1345 7 20 i
291 1345 24 20 11
343 1344 12 27 $
379 1350 76 21 genom
481 1345 41 20 den
545 1345 130 26 förändring,
691 1351 46 14 som
752 1344 152 26 Lagutskottet

73 1373 45 20 deri
141 1372 96 27 vidtagit,
261 1373 85 21 erhällit
368 1379 26 14 en
416 1372 118 27 affattning,
558 1379 45 15 som
625 1375 39 24 gör
679 1373 128 26 stadgandet
821 1372 82 21 mindre

72 1403 98 24 gynsamt
189 1401 34 21 för
244 1401 185 27 jernvägsegaren,
453 1403 28 19 än
504 1402 37 21 det
562 1402 7 20 i
592 1401 33 21 sin
640 1402 122 21 nuvarande
778 1401 79 27 lydelse
873 1402 30 19 är.

73 1429 70 21 Nekas
158 1429 43 21 kan
217 1430 64 21 också
295 1430 54 25 icke,
364 1432 33 18 att
413 1436 25 15 en
454 1430 7 20 i
477 1430 69 26 någon
563 1430 48 21 män
625 1430 57 21 ökad
699 1430 67 21 börda
781 1430 123 25 derigenom

72 1457 68 22 skulle
156 1458 73 26 läggas
252 1458 27 26 pä
300 1458 171 27 jernvägsegare,
494 1458 39 22 och
549 1460 33 19 att
597 1458 83 22 säledes
696 1458 69 22 denna
778 1457 127 27 förändring

72 1486 46 21 icke
132 1486 40 26 gär
187 1487 7 20 i
210 1486 36 22 det
268 1486 60 27 syfte,
351 1492 46 16 som
423 1487 50 21 med
496 1487 159 27 propositionen
679 1486 140 22 öfverhufvud
840 1486 63 21 afses.

73 1514 152 26 Lagutskottet
247 1514 40 22 har
309 1515 55 21 dock
384 1514 75 22 härvid
476 1516 55 21 varit
546 1516 45 20 ledt
606 1515 23 21 af
643 1516 41 20 den
699 1515 72 27 tanke,
786 1517 34 19 att
835 1514 28 22 dä
879 1520 26 16 en
