1106 1739
368 117 10 22 $
392 118 23 17 77
427 118 7 16 i
446 118 169 21 skolordningen.
835 113 42 20 783

77 198 143 26 meningslöst.
244 198 38 20 Att
298 198 48 22 den,
362 204 45 14 som
423 197 75 22 träffas
513 198 23 21 af
550 198 95 26 varning,
662 198 42 20 kan
719 198 71 20 känna
805 198 31 26 sig
847 198 60 21 miss-

77 226 51 26 nöjd
144 226 103 26 deröfver,
264 232 34 15 om
314 226 64 21 också
395 227 39 21 den
458 227 109 20 allmänna
590 227 110 25 meningen
717 228 29 24 är,
764 229 32 18 att
811 227 40 20 han
868 226 38 21 har

76 255 56 26 gjort
148 256 31 25 sig
196 255 61 21 deraf
269 255 94 26 förtjent,
380 257 24 19 är
417 255 24 27 ju
458 255 81 26 möjligt
554 255 40 21 och
610 255 111 26 antagligt,
738 255 67 21 ehuru
814 255 36 26 jag
861 257 45 19 tror

77 284 42 25 mig
142 286 54 22 veta,
219 285 32 19 att
268 284 129 20 åtminstone
412 284 7 20 i
435 284 50 20 flere
500 283 37 21 fall
553 284 161 20 vederbörande
731 284 54 20 varit
800 284 47 20 fullt
863 284 42 20 till-

76 312 129 21 fredsstälda
227 312 22 20 af
263 314 32 18 att
311 312 62 21 deras
389 313 38 20 sak
442 312 41 21 fått
501 318 25 15 en
535 312 23 21 så
568 312 78 27 lindrig
653 313 85 25 utgång.
770 313 48 20 Men
820 308 36 35 att
864 312 42 21 för-

77 340 98 21 troendet
190 340 121 27 derigenom
327 340 70 22 skulle
412 341 91 22 stärkas,
520 343 32 18 att
568 341 72 26 dylika
656 341 136 26 disciplinära
808 341 99 26 åtgärder

78 368 66 22 blefve
162 369 80 26 dragna
257 370 66 20 under
339 370 98 26 pröfning
459 370 55 20 inför
535 369 49 21 flere
601 370 107 20 instanser
724 370 40 20 och
780 376 25 14 en
821 376 85 20 process

78 397 68 21 blefve
168 398 70 20 inledd
261 398 77 20 mellan
371 398 216 26 Skolöfverstyrelsen
614 398 39 21 och
677 398 47 20 dess
740 398 165 26 underlydande,

78 426 85 21 hvilken
179 426 70 21 kunde
265 426 108 27 förlängas
395 426 107 21 måhända
522 427 5 20 i
551 427 76 24 åratal,
644 427 60 21 detta
719 428 24 19 är
758 427 32 21 för
807 427 40 27 mig
858 426 48 21 full-

78 454 89 27 komligt
183 455 99 26 ofattligt.
312 455 111 21 Utskottet
445 456 39 20 har
499 456 71 20 anfört
586 458 32 18 att
634 456 57 20 såväl
708 456 136 26 kyrkolagen,
861 462 45 14 som

79 483 65 27 några
159 490 64 19 nyare
244 484 147 26 förordningar
411 484 100 21 betrakta
526 484 88 26 varning
630 484 69 21 såsom
716 490 26 15 en
758 484 99 26 straffart,
875 484 32 20 öf-

78 518 37 14 ver
129 512 86 21 hvilken
238 512 75 21 besvär
328 512 42 21 kan
386 513 91 25 anföras,
495 513 39 21 och
550 515 32 18 att
594 513 117 21 skollärare
728 513 126 21 härutinnan
870 512 36 21 be-

78 540 57 21 finna
150 541 31 25 sig
196 541 6 21 i
219 547 24 14 en
265 542 226 26 undantagsställning.
523 541 111 21 Utskottet
650 548 61 20 synes
727 542 45 20 icke
789 542 70 20 känna
874 540 32 22 till

79 571 31 19 att
133 570 61 20 äfven
213 570 149 26 förordningar
377 570 74 23 finnas,
468 571 37 20 der
521 572 30 19 ett
567 573 65 17 annat
656 570 173 21 betraktelsesätt
851 570 56 26 gjort

78 599 32 25 sig
124 598 105 26 gällande.
261 598 93 21 Sålunda
369 599 86 26 stadgas
471 599 5 21 i
493 599 77 25 nådiga
585 599 142 26 kungörelsen
743 598 23 21 af
776 599 36 21 den
825 600 10 19 7
849 598 57 21 Mars

80 627 61 25 1893,
158 626 145 22 innefattande
319 627 90 27 ändring
429 628 22 20 af
473 628 105 20 särskilda
594 627 124 27 paragrafer
734 628 6 19 i
756 627 149 21 folkskoleför-

79 656 116 26 ordningen
211 656 23 20 af
248 656 61 24 1866,
326 656 63 20 bland
406 658 71 23 annat,
494 658 32 19 att
542 662 26 14 en
578 656 85 21 felande
674 656 175 20 folkskolelärare
863 656 42 20 kan

78 684 68 21 åtalas
164 685 55 20 inför
235 684 246 24 folkskoledirektionen,
492 685 83 20 hvilken
592 684 54 21 efter
662 684 76 21 sakens
754 688 63 17 natur
832 684 73 21 dömer

80 712 39 22 den
142 713 94 26 skyldige
259 714 99 25 antingen
381 714 32 20 till
437 714 93 26 varning,
547 720 45 14 som
608 715 116 19 antecknas
740 714 5 19 i
762 713 143 21 direktionens

79 742 113 26 protokoll.
221 742 50 20 eller
294 742 30 20 till
353 742 125 26 suspension
498 742 46 20 från
569 742 92 26 tjensten
685 742 26 26 på
734 742 42 20 viss
800 742 29 20 tid
853 742 52 20 eller

80 770 64 21 också
165 771 31 20 till
220 772 32 19 att
275 771 61 20 mista
359 771 97 26 tjensten.
487 771 99 20 Derefter
608 771 60 20 heter
684 771 44 20 det:
744 771 69 26 ,öfver
829 771 76 20 ädömd

79 799 88 26 varning
191 799 35 21 må
251 799 75 20 besvär
348 799 46 21 icke
419 799 106 21 anföras”.
557 800 10 20 I
590 799 67 26 öfriga
672 799 36 21 fall
724 799 72 20 kunna
812 799 95 20 deremot

79 828 77 20 besvär
179 828 58 21 öfver
259 828 142 21 direktionens
425 828 74 27 åtgärd
523 828 85 21 anföras
629 828 38 20 hos
684 827 221 27 Skolöfverstyrelsen.

79 856 26 21 Vi
128 856 104 21 återfinna
254 856 81 21 således
366 857 61 20 äfven
456 857 38 20 bär
524 857 134 25 stadgandet,
686 859 33 18 att
746 856 75 21 besvär
848 857 58 20 öfver

79 885 88 26 varning
182 885 46 21 icke
244 891 49 20 eger
308 891 51 19 rum,
377 885 38 21 och
432 885 35 21 det
490 885 102 27 förtjenar
608 885 122 20 framhållas
746 887 32 18 att
793 888 31 17 ett
839 885 68 26 dylikt

79 914 117 26 stadgande
218 914 45 21 icke
285 913 32 21 får
341 914 110 21 betraktas
474 914 70 21 såsom
568 914 91 21 varande
682 914 75 20 endast
781 913 31 21 till
831 913 75 21 hinder

79 942 51 21 eller
145 949 47 14 men
208 942 33 21 för
257 943 46 24 den,
319 949 45 14 som
381 943 101 20 drabbats
504 943 22 20 af
540 943 94 26 varning,
650 945 52 18 utan
718 942 42 21 lika
777 942 81 27 mycket
873 942 33 20 till

79 970 67 27 skydd
162 971 32 21 för
209 971 84 21 honom.
323 971 30 26 Ty
369 977 34 14 om
426 971 75 21 besvär
523 978 51 14 vore
597 971 89 26 tillåtna,
702 971 24 20 så
741 971 67 20 skulle
822 971 22 26 ju
860 971 46 20 icke

80 1000 54 21 blott
157 1000 40 21 den
221 1000 95 21 sakfälde
342 1002 51 19 utan
419 1000 60 21 äfven
502 1002 121 25 motparten
640 1000 51 21 eller
706 999 113 27 åklagaren
835 999 72 21 kunna

80 1028 95 27 begagna
190 1029 31 25 sig
237 1029 60 20 deraf
313 1029 32 20 för
368 1031 32 18 att
423 1029 98 26 möjligen
544 1029 148 20 åstadkomma
716 1035 24 14 en
757 1028 114 26 skärpning
886 1027 23 21 af

79 1057 87 21 straffet.
197 1057 38 21 Ett
255 1057 71 21 försök
349 1057 6 20 i
379 1057 65 21 sådan
467 1057 95 27 riktning
585 1057 39 21 har
642 1057 5 20 i
664 1057 74 26 sjelfva
753 1057 74 20 verket
842 1056 65 21 redan

79 1085 135 22 förekommit
229 1086 66 21 under
311 1086 39 20 den
367 1085 62 22 korta
445 1087 37 25 tid,
498 1093 45 14 som
565 1086 133 21 sistnämnda
713 1085 124 26 författning
852 1085 55 20 varit

79 1114 103 26 gällande,
198 1115 30 26 ity
243 1117 32 18 att
290 1121 25 14 en
331 1114 101 27 missnöjd
453 1117 47 24 part
522 1115 57 20 velat
595 1115 89 20 besvära
699 1114 32 25 sig
746 1114 58 21 öfver
820 1120 25 15 en
860 1120 47 14 var-

78 1143 56 26 ning,
151 1149 44 15 som
211 1143 22 21 af
247 1143 213 22 folkskoledirektion
483 1144 83 21 ådömts
590 1150 25 14 en
631 1143 167 25 folkskollärare,
815 1142 39 21 och
869 1142 37 26 på-

78 1171 63 27 yrkat
156 1174 31 19 ett
202 1174 109 25 strängare
327 1177 87 19 ansvar;
438 1179 47 14 men
508 1173 27 26 på
556 1172 68 27 grund
648 1171 22 21 af
684 1171 92 21 berörda
791 1171 116 26 stadgande

79 1200 63 21 hafva
155 1200 100 21 besvären
271 1201 47 20 icke
338 1200 82 21 kunnat
435 1201 22 20 af
472 1200 216 27 Skolöfverstyrelsen
702 1203 111 23 upptagas,
821 1199 85 21 hvarför

79 1229 34 20 vid
130 1229 39 20 den
185 1229 23 20 af
221 1229 132 20 direktionen
369 1229 101 27 vidtagna
485 1230 102 26 åtgärden
603 1229 40 21 fått
664 1229 57 20 bero.
752 1229 72 21 Såsom
841 1228 65 21 redan

79 1257 90 27 antydts,
187 1258 67 20 skulle
276 1263 75 21 genom
375 1258 40 20 den
437 1259 21 20 af
477 1259 165 26 petitionärerne
664 1257 40 21 och
727 1257 110 21 Utskottet
851 1256 55 21 före-

79 1286 73 26 slagna
167 1287 116 25 ändringen
299 1286 22 21 af
335 1287 26 20 77
377 1287 33 24 S:n
426 1287 7 20 i
456 1287 108 26 skollagen
580 1287 6 20 i
602 1285 145 27 verkligheten
763 1287 60 25 ingen
839 1285 68 21 fördel

79 1315 125 26 tillskyndas
220 1315 45 24 den,
282 1321 45 14 som
343 1314 83 21 träffats
450 1315 23 21 af
493 1315 93 26 varning,
610 1317 21 24 ty
654 1314 166 27 petitionärerne
835 1314 72 20 kunna

79 1349 51 14 vara
151 1343 116 22 förvissade
290 1343 71 21 derom
385 1345 32 19 att
440 1345 61 20 äfven
520 1350 34 15 om
571 1344 75 20 besvär
661 1343 56 20 varit
732 1343 89 25 tillåtna,
837 1343 69 26 någon

79 1371 89 27 ändring
193 1372 128 21 åtminstone
345 1372 6 20 i
377 1372 26 20 de
421 1373 43 26 fall,
481 1379 44 14 som
542 1373 76 20 hittills
633 1372 141 25 förekommit,
791 1371 18 27 ej
826 1371 81 20 kunnat

78 1401 74 20 vinnas
168 1401 39 21 och
231 1401 48 26 föga
301 1400 108 22 sannolikt
432 1403 23 19 är
485 1403 32 19 att
540 1401 143 21 förhållandet
703 1400 112 21 framdeles
838 1399 68 21 blefve

79 1430 138 20 annorlunda.
248 1430 80 21 Genom
344 1429 136 27 möjligheten
496 1430 22 21 af
532 1430 75 21 besvär
622 1430 69 20 skulle
707 1430 113 25 varningen
831 1428 76 21 endast

79 1458 80 20 erhålla
174 1464 25 15 en
215 1458 74 26 skärpt
305 1457 108 27 betydelse
429 1459 39 21 och
491 1459 87 21 framstå
601 1458 69 21 såsom
687 1459 31 19 ett
733 1458 91 26 verkligt
839 1456 66 26 straff,

78 1486 7 20 i
101 1486 80 21 hvilket
196 1487 37 21 fall
248 1487 75 21 förlust
344 1486 29 26 jaf
401 1489 42 19 rätt
472 1488 32 20 till
527 1486 169 27 löneförhöjning
719 1492 49 14 vore
789 1492 25 15 en
837 1485 69 27 gifven

78 1514 87 27 påföljd.
195 1515 10 21 I
221 1516 25 20 de
262 1520 112 22 personers
395 1518 48 24 eget
458 1516 96 24 intresse,
570 1515 72 21 hvilka
657 1515 72 21 kunna
744 1514 72 22 träffas
833 1514 22 21 af
869 1514 36 26 dy-
