1109 1739
364 121 227 22 Folkskolebudgeten.
825 117 40 20 875

66 201 53 22 hvar
141 201 39 22 och
205 207 25 15 en
246 201 6 21 i
268 201 90 22 Ståndet
373 207 28 15 nu
417 203 24 19 är
456 201 136 27 tillgängligt.
623 201 81 21 Härvid
720 201 38 21 har
771 201 36 28 jag
822 204 73 18 natur-

67 229 71 28 ligtvis
154 230 46 21 icke
216 229 66 22 heller
297 230 82 21 kunnat
395 230 71 27 undgå
481 232 32 19 att
528 230 57 21 fästa
600 230 44 26 mig
659 231 35 20 vid
710 230 55 21 hvad
781 230 31 21 uti
827 229 68 27 tredje

66 258 157 21 reservationen
242 259 95 23 uttalats,
354 259 37 20 der
407 261 58 18 strax
488 259 6 20 i
511 259 75 26 början
602 261 61 24 säges
679 261 32 19 att
726 259 23 20 af
762 259 131 26 handlingar,

66 293 44 14 som
134 287 55 20 varit
211 287 131 26 tillgängliga
366 287 33 20 för
420 287 115 26 Utskottet,
552 287 42 21 kan
611 287 76 26 dragas
704 287 40 21 den
759 288 88 20 slutsats
863 289 32 19 att

66 315 295 27 Ecklesiastikexpeditionen,
377 315 34 21 vid
427 316 99 26 pröfning
541 316 24 21 af
574 316 197 21 landskommuners
782 315 113 22 ansöknin-

66 350 38 20 gar
129 350 33 15 om
190 344 129 27 statsbidrag
342 344 33 21 för
390 345 46 20 sina
451 344 124 25 folkskolor,
592 345 99 26 möjligen
708 345 68 26 någon
792 345 55 26 gång
862 347 33 18 ut-

66 372 82 21 sträckt
164 373 68 20 denna
247 373 98 26 pröfning
360 373 73 26 längre
448 375 27 19 än
491 373 55 20 hvad
563 373 259 27 folkskoleförfattningen
838 373 22 21 af
872 373 24 21 år

67 401 55 22 1866
138 407 62 20 synes
216 401 109 26 medgifva.
349 401 64 21 Detta
429 402 64 21 redan
510 402 122 26 åberopade
647 401 87 27 uttryck
749 401 23 22 af
786 408 110 15 reservan-

67 431 61 19 terna
143 430 115 21 innefattar
271 430 24 26 ju
311 430 5 21 i
333 430 73 26 sjelfva
422 431 74 20 verket
512 437 25 14 en
553 430 136 21 kommentar
704 430 32 21 till
752 431 40 20 den
808 430 88 21 allmänt

67 458 102 21 affattade
192 459 106 26 afdelning
320 459 6 20 i
350 459 247 24 utskottsbetänkandet,
625 459 87 20 hvarom
736 459 39 20 här
790 461 24 18 är
829 459 66 26 fråga.

135 487 41 26 Jag
191 487 62 21 utber
268 488 43 25 mig
326 489 31 19 att
373 487 20 21 få
409 487 132 22 beträffande
549 488 61 21 detta
618 488 79 20 ärende
707 487 188 26 bringa
784 483 10 35 i
804 487 91 26 erinran,

67 517 33 19 att
121 515 72 27 frågor
215 522 34 15 om
270 516 117 26 beviljande
404 516 23 21 af
440 516 180 26 folkskoleanslag
635 517 162 26 ursprungligen
814 516 82 21 tillhört

66 543 104 22 Senatens
192 545 277 26 Ekonomiedepartements
492 545 113 26 kollegiala
625 545 104 26 pröfning,
752 551 47 14 men
820 551 75 20 genom

67 572 151 28 förordningen
233 573 23 21 af
269 573 40 21 den
325 574 27 20 20
369 573 89 27 Augusti
474 574 59 23 1887,
543 579 46 15 som
600 573 119 21 utsträckte
735 573 161 27 Expeditioner-

66 607 39 15 nas
130 601 166 27 afgöranderätt,
322 602 139 21 tillerkändes
484 602 294 27 Ecklesiastikexpeditionen
795 602 101 26 rättighet

67 632 33 19 att
124 630 77 27 bevilja
226 631 74 26 bidrag
324 631 33 20 till
377 631 145 20 folkskolorna
537 631 28 26 på
581 631 78 20 landet.
691 631 31 20 En
739 630 157 27 genomgående

67 658 65 21 tanke
154 659 7 20 i
184 659 59 26 fråga
259 665 33 15 om
306 659 190 26 Expeditionernas
512 659 104 27 rättighet
632 662 32 18 att
680 661 52 19 utan
747 659 150 26 föredragning

67 687 7 20 i
97 687 93 21 Senaten
213 688 53 21 fatta
288 688 70 21 beslut
381 688 39 21 och
444 688 74 27 afgöra
534 688 93 21 ärenden
644 688 45 25 har,
705 688 70 21 såsom
791 694 47 15 man
855 688 41 20 kan

68 715 57 21 finna
150 716 22 21 af
196 716 25 21 de
246 717 27 26 på
295 717 120 20 hvarandra
431 717 92 26 följande
539 717 157 26 författningar,
713 717 71 20 hvilka
800 716 96 27 utvidgat

68 744 190 27 Expeditionernas
281 745 175 27 beslutanderätt,
479 745 55 21 varit
557 745 46 24 den,
627 747 32 18 att
674 745 67 21 under
756 745 139 26 Expeditions

68 772 128 27 befogenhet
215 773 45 21 icke
275 773 69 22 skulle
359 773 101 22 hänföras
476 774 66 21 andra
558 774 93 21 ärenden
668 775 26 19 än
710 774 85 25 sådana,
812 774 37 21 der
864 773 31 21 af-

68 802 104 25 görandet
199 802 99 27 antingen
323 809 38 14 var
387 809 24 14 en
427 803 7 20 i
450 802 120 21 hufvudsak
587 802 54 21 blott
657 802 74 21 formel
747 802 81 26 åtgärd,
845 802 51 21 eller

68 830 62 27 gälde
146 831 168 20 administrativa
330 831 137 26 förfoganden
483 831 23 21 af
519 831 83 20 mindre
618 831 51 26 vigt,
686 837 47 15 men
747 830 149 21 öfverhufvud-

68 861 60 24 taget
143 859 46 21 icke
205 859 98 26 ärenden,
319 859 6 21 i
342 859 73 22 hvilka
429 860 98 26 pröfning
543 859 23 21 af
583 866 25 15 en
621 859 100 26 enskilds,
741 860 80 20 således
832 859 64 21 också

68 887 164 22 kommunernas
254 890 43 19 rätt
319 888 124 26 ifrågakom.
482 888 81 21 Sådant
579 888 69 21 skulle
663 888 6 21 i
685 888 73 27 sjelfva
774 888 73 21 verket
863 890 33 18 ut-

68 917 52 25 göra
136 922 25 15 en
177 916 100 21 afvikelse
293 917 46 20 från
355 917 46 20 vårt
418 917 170 20 administrativa
603 920 85 23 system,
705 923 44 14 som
760 917 7 20 i
778 917 118 26 möjligaste

68 944 68 21 måtto
152 947 87 24 tryggar
251 945 52 21 allas
318 947 43 19 rätt
377 952 75 19 genom
468 945 100 27 kollegial
584 945 105 27 pröfning,
705 945 127 21 åtminstone
848 945 6 21 i
870 945 26 20 de

68 973 112 25 instanser,
205 974 36 20 der
259 975 52 20 sista
326 974 125 26 afgörandet
471 981 50 20 eger
536 980 54 15 rum.
621 974 50 21 Man
687 974 54 21 hade
756 974 89 21 sålunda
859 973 36 27 på-

68 1001 93 27 tagligen
187 1002 62 21 tänkt
275 1003 36 26 sig,
338 1003 27 20 då
389 1003 24 20 år
441 1003 52 21 1887
510 1002 119 27 beviljande
645 1002 23 21 af
681 1003 178 25 folkskoleanslag
874 1002 23 21 åt

69 1030 187 21 landskommuner
280 1031 131 21 förklarades
437 1031 113 21 ankomma
567 1032 12 20 å
595 1031 302 26 Ecklesiastikexpeditionens

69 1058 122 27 afgörande,
208 1061 32 19 att
255 1060 59 21 detta
329 1060 116 26 afgörande
462 1060 44 21 helt
521 1060 73 21 enkelt
609 1059 69 22 skulle
693 1060 50 21 bero
759 1060 28 26 på
802 1062 32 18 att
847 1059 50 21 kon-

69 1089 87 22 statera,
179 1087 104 21 huruvida
300 1089 39 20 den
355 1088 123 21 ansökande
494 1088 129 21 kommunen
639 1088 82 26 uppfylt
737 1088 161 21 föreskrifterna

69 1116 7 20 i
92 1115 255 29 folkskoleförfattningen
373 1117 51 21 eller
451 1116 53 24 icke,
527 1117 40 21 och
591 1119 32 18 att
645 1117 7 20 i
667 1117 58 20 förra
740 1116 59 22 fallet
814 1116 83 26 bevilja,

68 1144 8 21 i
99 1150 75 15 senare
197 1144 59 22 fallet
276 1145 47 21 icke
346 1146 77 25 bevilja
438 1146 102 26 anslaget.
573 1145 61 21 Hvad
649 1145 132 21 vidkommer
796 1145 101 25 bidragen

50 1191 6 4 .
69 1172 33 21 till
125 1173 112 21 städernas
259 1173 202 23 folkskoleväsende,
479 1174 24 21 sä
517 1176 24 18 är
557 1174 125 26 pröfningen
698 1174 23 20 af
735 1174 78 20 sådana
821 1172 76 22 ansök-

70 1201 76 26 ningar
160 1202 132 21 fortfarande
302 1202 131 22 förbehållen
442 1202 297 27 Ekonomiedepartementet,
751 1202 39 21 och
803 1201 95 27 grunden

69 1230 73 20 härtill
157 1232 24 19 är
197 1231 46 25 den,
261 1234 31 18 att
307 1232 106 25 städerna,
430 1231 33 21 till
479 1232 49 20 stöd
544 1231 33 21 för
593 1231 122 21 erhållande
726 1231 23 21 af
760 1231 79 25 bidrag,
851 1230 46 21 icke

68 1258 8 21 i
99 1258 98 26 gällande
220 1260 148 26 författningar
383 1260 63 20 hafva
461 1260 25 20 så
501 1260 82 26 tydliga
599 1260 68 20 vilkor
683 1259 32 21 för
731 1260 32 26 sig
783 1258 114 22 utstakade

68 1292 46 16 som
138 1287 219 22 landskommunerna.
388 1288 41 21 Det
444 1288 43 21 kan
503 1288 71 21 derför
589 1288 105 27 svårligen
711 1288 187 21 öfverensstämma

68 1315 48 21 med
132 1316 70 21 andan
218 1316 39 22 och
273 1318 111 25 meningen
399 1317 8 20 i
422 1316 154 27 författningen
592 1316 23 22 af
629 1317 40 20 den
685 1317 28 20 20
729 1316 89 27 Augusti
836 1316 61 25 1887,

68 1344 64 20 hvars
154 1345 94 21 innehåll
270 1346 46 20 åter
338 1346 108 26 upptagits
462 1346 7 20 i
487 1346 54 20 1892
557 1346 35 20 års
609 1345 124 27 förordning
749 1351 34 15 om
799 1345 98 23 Senaten,

69 1374 39 22 att,
127 1373 28 26 på
170 1375 44 19 sätt
229 1374 38 20 här
282 1374 23 21 af
317 1374 159 21 reservationen
493 1374 100 26 framgår,
610 1374 124 26 pröfningen
751 1374 22 20 af
786 1373 112 21 ansöknin-

69 1407 39 20 gar
127 1407 34 15 om
180 1402 181 27 folkskolebidrag
382 1402 93 22 sträckts
491 1403 74 26 längre
580 1405 27 18 än
623 1402 24 21 så
662 1402 45 21 vidt
722 1402 61 26 gälde
799 1404 32 18 att
847 1402 52 20 kon-

69 1431 88 24 statera,
184 1430 104 22 huruvida
316 1432 53 20 1866
393 1431 35 21 års
449 1430 137 27 författnings
601 1431 139 26 stadganden,
757 1430 38 21 och
811 1436 88 15 numera

70 1457 61 22 äfven
156 1459 55 21 1893
233 1460 34 20 års
283 1459 142 27 författnings,
442 1459 73 21 blifvit
530 1460 118 26 iakttagna.
679 1459 42 21 Det
735 1461 24 19 är
775 1459 65 26 enligt
855 1458 43 21 min

70 1486 141 28 öfvertygelse
238 1488 109 26 betingadt
374 1488 23 20 af
414 1488 122 28 grunderna
551 1488 34 21 för
600 1488 119 20 ärendenas
741 1487 128 26 behandling
891 1486 8 20 i

70 1514 93 22 Senaten
178 1518 38 24 att,
232 1516 45 21 ifall
292 1516 46 22 icke
354 1516 27 27 på
396 1516 69 27 grund
481 1516 23 21 af
518 1512 179 32 Öfverstyrelsens
705 1516 114 26 utredning
827 1514 73 22 enkelt
