1106 1742
239 108 41 21 896
491 114 24 17 R.
528 119 17 11 o.
559 114 21 17 A.
595 114 56 17 1894.
676 115 13 16 4
701 114 47 21 Maj.

209 193 112 22 kännande
345 194 24 20 af
392 194 39 21 den
457 194 136 26 reservation,
619 194 64 21 hvars
708 194 57 21 kläm
789 193 66 21 finnes
871 194 27 27 pä
918 194 38 21 sid.
974 195 25 21 19
1015 193 24 22 af

209 221 152 23 betänkandet.

279 279 30 21 Hr
326 279 208 23 Wallensköld:
564 280 44 21 Min
632 280 55 26 äsigt
708 280 7 21 i
738 280 70 21 denna
824 280 59 26 fräga
899 279 38 27 gär
953 279 61 21 äfven
1029 279 7 21 i

209 314 82 14 samma
307 308 92 27 riktning
415 315 44 15 som
475 309 25 21 de
516 309 127 27 föregäende
660 309 64 21 ärade
741 309 113 21 talarenes.
880 308 93 27 Specielt
989 308 48 21 ville

207 336 38 27 jag
269 337 55 21 dock
346 337 86 21 förorda
453 338 36 20 det
512 338 51 20 sista
579 338 23 20 af
616 338 31 20 Hr
664 337 116 21 Mechelins
796 337 119 25 alternativ,
932 337 105 26 nämligen

209 367 32 19 att
266 365 128 27 gästgifvare
419 366 70 21 kunde
514 366 110 26 fräntagas
650 366 130 26 rättigheten
804 367 33 19 att
852 366 107 20 utskänka
975 366 61 20 malt-

209 394 96 26 drycker,
329 394 44 21 ifall
396 395 126 21 kommunen
546 395 67 21 finner
629 395 60 21 detta
704 395 24 21 af
740 394 163 21 förhållandena
919 394 116 27 päkalladt.

209 422 66 21 Detta
290 422 27 27 på
333 424 39 20 den
388 424 67 25 grund
473 426 31 18 att
515 424 37 26 jag
566 430 62 14 anser
644 426 32 18 att
692 430 25 14 en
733 423 67 21 sådan
816 423 219 25 restriktionsåtgärd,

209 457 45 15 som
277 451 126 27 föreslagits,
419 452 46 21 icke
481 452 65 21 borde
562 452 113 26 företagas,
692 452 64 20 innan
772 452 107 26 verkligen
896 452 66 26 några
977 451 59 21 miss-

209 479 148 22 förhållanden
373 483 51 24 göra
440 481 122 21 densamma
577 481 71 26 nödig.
679 481 41 26 Jag
742 480 32 21 får
798 480 110 21 vördsamt
923 480 114 21 hemställa

208 510 33 19 att
256 508 143 22 betänkandet
414 510 67 20 måtte
504 510 31 20 till
558 510 112 20 Utskottet
692 510 167 20 återremitteras
875 510 6 20 i
897 510 54 26 syfte
967 511 32 19 att
1014 508 22 21 åt

208 537 155 22 kommunerna
379 538 114 26 medgifves
509 538 101 26 rättighet
632 540 34 22 att
686 538 97 26 fråntaga
799 538 130 26 gästgifvare
945 540 43 19 rätt
1004 540 31 18 att

208 566 23 20 åt
247 566 88 22 resande
351 566 89 28 försälja
456 568 149 26 maltdrycker.

278 617 31 21 Hr
317 618 53 21 Axel
379 618 214 27 Björkenheim:
610 618 72 26 Några
694 618 23 21 af
727 619 25 21 de
764 618 39 21 här
814 618 146 27 uppträdande
971 619 64 21 ärade

208 646 95 21 talarene
327 646 62 22 hafva
411 648 53 20 varit
487 654 48 14 ense
559 648 47 20 med
629 651 160 17 reservanterne
806 648 78 24 derom,
901 650 32 18 att
948 648 87 26 gästgif-

209 680 50 15 vare
283 675 64 21 måtte
370 676 88 26 beviljas
479 676 101 27 rättighet
596 678 32 18 att
644 676 75 21 endast
735 676 47 21 med
798 676 161 21 vederbörande
974 676 61 21 kom-

209 709 62 15 muns
294 704 145 26 medgifvande
463 704 93 22 bedrifva
572 705 145 26 ölförsäljning
733 707 55 19 samt
805 705 112 21 motiverat
933 706 31 20 sin
981 704 54 27 åsigt

209 732 86 20 dermed
318 734 32 20 att
365 739 26 15 en
407 733 65 21 sådan
488 734 148 20 bestämmelse
652 734 60 20 stode
728 734 6 20 i
752 734 219 20 öfverensstämmelse
987 734 47 20 med

209 760 40 21 den
266 760 141 28 sjelfstyrelse,
423 768 44 15 som
483 762 7 20 i
505 762 116 21 allmänhet
638 764 23 18 är
676 762 154 21 kommunerna
846 762 125 26 medgifven.
994 762 41 26 Jag

209 788 34 22 för
265 791 41 19 min
323 790 34 21 del
373 793 46 18 tror
434 791 45 21 icke
495 793 31 18 att
542 798 28 13 nu
587 790 161 26 ifrågavarande
764 791 38 21 sak
818 791 42 20 kan
877 791 110 21 betraktas
1003 791 32 21 så-

208 824 46 14 som
283 819 91 20 varande
397 819 22 21 af
441 820 40 20 den
504 819 152 25 beskaffenhet,
680 821 32 19 att
728 820 153 20 kommunerna
896 820 72 20 kunna
983 821 52 25 göra

208 846 94 26 anspråk
325 847 26 26 pä
374 850 32 18 att
421 848 72 20 derom
510 848 62 20 hafva
589 848 69 26 någon
675 848 209 21 bestämmanderätt.
916 848 28 27 Ty
960 848 36 21 det
1011 850 24 18 är

208 874 47 21 icke
278 875 59 26 fråga
359 876 136 21 uteslutande
514 883 34 14 om
564 877 166 20 kommunernas
746 876 144 24 medlemmar,
907 879 50 18 utan
973 876 61 21 äfven

208 909 35 15 om
260 903 40 21 den
316 905 89 20 resande
421 905 147 21 allmänheten.
600 905 41 20 Det
656 911 50 14 vore
722 905 40 25 väl,
779 911 62 14 anser
853 905 44 26 jag,
914 912 25 13 en
954 905 81 26 ganska

207 931 64 26 farlig
286 933 88 26 princip,
391 939 33 15 om
441 940 47 14 man
504 934 68 20 skulle
588 933 53 21 inslå
658 933 39 21 den
715 935 44 25 väg,
771 935 32 19 att
814 934 153 21 kommunerna
979 934 6 20 i
996 934 39 21 all-

208 961 87 21 mänhet
322 961 69 21 skulle
419 962 62 21 hafva
506 964 31 19 ett
558 962 116 26 afgörande
690 963 38 20 ord
746 962 53 26 med,
817 964 37 19 när
869 962 36 21 det
920 962 67 27 gäller
1002 964 33 19 att

208 989 68 21 ordna
298 990 251 27 gästgifverihållningen,
569 991 87 20 hvarför
672 991 37 26 jag
724 991 32 20 för
773 991 41 20 min
831 991 32 21 del
880 991 46 20 icke
942 993 44 18 tror
1002 993 33 18 att

208 1017 36 21 det
266 1017 67 22 blefve
355 1019 68 27 någon
445 1019 76 27 lycklig
537 1019 85 24 reform,
639 1025 33 15 om
689 1019 108 21 desamma
812 1019 68 21 skulle
896 1019 139 21 tillerkännas

208 1047 44 20 rätt
268 1049 32 18 att
316 1047 117 22 bestämma
449 1054 33 15 om
499 1049 20 20 öl
536 1048 26 26 på
577 1048 176 26 gästgifverierna
769 1048 33 21 får
812 1048 98 25 försäljas
921 1048 52 21 eller
981 1048 52 21 icke.

207 1074 42 27 Jag
273 1075 64 26 vågar
361 1076 72 21 derför
456 1077 108 20 vördsamt
586 1076 80 21 föreslå
682 1079 32 18 att
730 1077 24 20 R.
770 1083 18 14 o.
806 1078 23 19 A.
847 1077 45 20 icke
909 1077 54 20 skall
978 1077 57 20 fästa

208 1102 66 27 något
295 1103 99 22 afseende
417 1105 35 20 vid
475 1105 25 21 de
522 1105 7 20 i
550 1105 159 21 reservationen
725 1105 39 21 N:o
784 1106 8 19 1
809 1105 98 21 uttalade
922 1105 113 26 åsigterna.

277 1149 32 21 Hr
332 1156 40 15 von
391 1150 133 27 Wright:
540 1151 10 20 I
566 1152 91 19 motsats
672 1151 33 20 till
722 1151 39 20 den
778 1150 126 27 föregående
921 1151 64 20 ärade
1001 1153 34 18 ta-

207 1177 61 21 laren
283 1178 42 21 kan
342 1178 37 27 jag
393 1179 48 21 icke
455 1179 56 21 finna
528 1179 35 21 det
580 1179 84 26 obilligt
679 1181 33 19 att
727 1179 154 21 kommunerna
897 1179 138 21 tillerkännas

207 1208 32 19 ett
255 1207 96 26 vägande
367 1208 39 20 ord
421 1208 7 20 i
444 1207 59 27 fråga
519 1214 33 15 om
569 1209 119 20 ordnandet
705 1208 22 21 af
742 1208 192 27 ölutskänkningen
942 1207 27 27 på
977 1209 58 25 gäst-

205 1235 134 25 gifverierna.
366 1235 40 28 Jag
422 1236 38 21 ber
475 1236 71 21 derför
562 1238 32 19 att
609 1237 48 20 med
674 1237 123 26 anslutning
812 1237 31 20 till
860 1237 54 20 hvad
932 1237 31 20 Hr
978 1236 57 21 Wal-

207 1263 46 48 5
331 1266 68 25 yttrat
423 1265 22 20 fä
466 1265 74 21 förena
562 1265 43 26 mig
620 1271 34 15 om
671 1265 35 21 det
722 1265 23 20 af
760 1265 76 21 honom
852 1265 125 21 framstälda
992 1265 43 20 för-

205 1294 76 24 slaget.

276 1337 31 21 Hr
329 1338 24 21 L.
377 1338 165 22 Mechelin:
574 1339 10 21 I
602 1339 114 26 anledning
732 1339 23 21 af
769 1339 31 21 Hr
816 1339 161 26 Björkenheims
992 1341 43 25 ytt-

206 1365 68 22 rande
291 1366 37 21 ber
340 1367 37 26 jag
392 1367 22 21 få
429 1367 113 21 framhålla
557 1370 33 19 att
603 1368 36 26 jag
655 1369 32 20 för
703 1368 44 21 min
764 1368 34 21 del
814 1368 45 21 icke
876 1367 65 21 heller
957 1368 78 21 uttalat

206 1394 43 27 mig
265 1394 33 21 för
314 1397 31 18 att
361 1395 24 21 R.
403 1402 18 14 o.
437 1396 25 21 A.
478 1397 67 20 skulle
561 1397 114 25 godkänna
691 1396 40 21 den
748 1397 33 20 del
798 1396 23 21 af
835 1397 152 25 motiveringen
1002 1396 33 21 för

206 1421 69 22 första
291 1424 164 25 reservationen,
471 1431 44 14 som
532 1425 22 20 af
569 1425 31 20 Hr
616 1425 151 26 Björkenheim
779 1425 120 26 äberopats.
922 1425 41 26 Jag
973 1431 63 14 anser

206 1452 33 19 att
262 1457 49 15 man
333 1452 40 21 här
395 1453 42 20 kan
460 1453 70 21 lemna
552 1453 13 21 å
588 1453 45 21 sido
657 1453 69 21 denna
745 1453 144 27 principfråga
905 1453 131 21 beträffande

206 1479 164 27 sjelfstyrelsens
386 1481 140 28 omfattning,
550 1488 46 15 som
620 1482 31 21 Hr
666 1482 152 26 Björkenheim
834 1482 97 24 berörde,
947 1482 19 20 d.
983 1488 18 15 v.
1019 1488 15 15 s.

206 1507 107 22 huruvida
335 1509 36 21 det
394 1509 54 22 skall
470 1510 72 21 kunna
562 1510 116 22 deduceras
693 1517 26 14 ur
734 1511 41 20 den
791 1511 137 20 kommunala
943 1510 92 27 sjelfsty-
