1109 1739
369 128 120 21 Bordlagda
502 128 97 17 ärenden.
831 122 40 21 907

141 207 68 21 Bland
225 207 101 21 Ståndets
341 207 138 22 medlemmar
494 207 55 22 hade
566 207 93 21 utdelats
676 207 39 21 och
731 207 114 21 bordlades

141 265 32 20 till
189 266 62 19 nästa
265 265 94 25 plenum:

141 321 222 27 Jernvägsutskottets
387 321 134 22 betänkande
547 321 41 22 N:o
602 321 13 21 3
630 321 49 21 med
695 321 113 27 anledning
824 321 23 21 af
860 323 44 19 sär-

69 350 73 21 skilda
168 350 32 21 till
223 351 26 20 de
273 350 120 27 Höglofliga
413 349 94 22 Stånden
530 350 121 21 inlemnade
673 349 181 28 petitionsförslag
870 355 34 16 om

75 378 283 27 kanaliseringsarbeten
374 379 6 20 i
397 379 56 20 olika
469 379 59 20 delar
544 378 21 21 af
580 379 81 26 landet;

143 436 163 26 Lagutskottets
328 435 80 27 förslag
430 435 32 22 till
483 435 206 27 sammanjemkning
704 435 23 22 af
741 435 26 21 de
782 435 123 27 skiljaktiga

74 464 77 26 beslut,
174 465 6 20 i
203 464 72 21 hvilka
297 464 93 21 Stånden
413 466 86 19 stannat
521 465 35 20 vid
575 464 156 27 behandlingen
747 464 22 21 af
782 463 122 22 Utskottets

74 493 136 21 betänkande
226 493 39 21 N:o
281 494 14 19 4
309 493 7 21 i
332 493 113 26 anledning
467 493 23 21 af
504 493 48 21 nåd.
569 499 59 20 prop.
644 493 40 21 N:o
701 494 25 20 13
743 493 108 26 angående
867 499 37 14 an-

73 527 50 16 svar
137 521 41 22 för
193 521 191 28 uppenbarande
400 521 27 22 af
441 521 237 28 statshemligheter;

143 578 178 21 Bankutskottets
337 578 79 27 förslag
432 579 32 20 till
480 579 205 26 sammanjemkning
701 579 22 20 af
729 578 106 22 Ståndens
846 578 59 27 skilj-

70 607 78 27 -aktiga
178 607 71 21 beslut
267 607 35 20 vid
326 607 155 26 behandlingen
504 607 22 21 af
547 607 123 21 Utskottets
685 607 136 21 betänkande
836 607 40 21 N:o
892 607 13 20 2

75 636 110 27 angående
198 636 57 27 nytt
269 636 151 27 reglemente
436 636 39 21 och
491 642 26 21 ny
535 639 43 18 stat
593 636 32 21 för
644 635 119 22 Finlands
778 635 84 26 Bank;

144 693 179 22 Bankutskottets
345 693 135 21 betänkande
501 693 39 21 N:o
563 694 12 19 5
599 693 7 21 i
629 693 114 26 anledning
761 693 23 20 af
797 692 110 21 verkstäld

75 722 131 26 granskning
221 721 23 21 af
258 721 117 22 Finlands
391 721 80 22 Banks
487 721 106 27 styrelse
609 721 38 22 och
664 721 97 22 tillstånd
777 722 66 21 under
855 722 51 21 åren

79 750 153 25 1891—1893;

145 807 179 21 Bankutskottets
340 807 135 21 betänkande
488 807 39 21 N:o
544 807 13 21 6
573 807 110 26 angående
696 807 167 26 bemyndigande
874 806 33 21 för

72 835 111 22 -ordinarie
204 835 195 26 Bankfullmäktige
422 838 32 19 att
477 837 96 25 uppgöra
594 836 79 25 förslag
691 835 32 22 till
745 835 125 22 besättande
886 834 23 21 af

76 864 70 26 lediga
158 864 125 28 juridiska
299 864 232 22 direktörsembetet
545 864 10 21 i
571 863 118 23 Finlands
704 864 81 26 Bank;
802 865 55 20 samt

145 921 116 21 Allmänna
281 921 209 21 Besvärsutskottets
514 921 135 21 betänkande
672 921 40 21 N:o
730 922 25 20 17
771 921 6 20 i
793 921 115 26 anledning

72 949 28 21 af
114 951 31 20 ett
164 950 3 20 i
182 949 24 22 R.
231 956 18 15 o.
275 950 23 20 A.
322 949 62 22 väckt
407 949 182 27 petitionsförslag
609 956 34 15 om
667 950 73 26 anslag
761 955 24 15 ur
800 949 108 21 allmänna

77 978 69 21 medel
166 978 34 21 för
219 979 131 26 uppförande
373 979 22 20 af
413 980 31 19 ett
459 980 132 25 gemensamt
606 977 46 22 hus
668 977 41 23 för
723 977 185 28 vetenskapliga

72 1006 52 23 och
139 1006 115 23 litterära
269 1006 142 29 föreningar
426 1007 7 21 i
449 1007 139 26 Helsingfors.

147 1114 70 22 Sedan
233 1115 25 21 R.
276 1122 19 14 o.
311 1116 26 20 A.
354 1116 48 21 med
418 1116 113 26 anledning
547 1115 24 21 af
585 1122 26 14 en
626 1116 49 21 utaf
684 1116 31 21 Hr
726 1116 183 26 Montgomery

73 1143 68 27 gjord
156 1144 100 20 anmälan
279 1150 33 15 om
337 1144 99 21 behofvet
459 1144 24 21 af
501 1144 124 27 ytterligare
650 1146 77 20 tvänne
749 1144 159 27 suppleanter
892 1139 19 37 i

78 1172 159 26 Lagutskottet,
259 1172 27 27 pä
309 1173 32 21 Hr
359 1173 220 21 Landtmarskalkens
594 1172 163 28 framställning,
773 1173 88 21 beslutit
877 1174 32 20 att

79 1202 78 19 tvänne
180 1201 137 26 suppleanter
343 1202 82 20 utöfver
449 1202 25 20 de
493 1202 90 26 tidigare
599 1202 83 20 invalde
697 1202 68 21 skulle
781 1202 31 21 till
829 1201 80 26 Lagut-

78 1229 82 21 skottet
175 1231 66 23 utses,
257 1230 134 26 uppmanade
416 1230 30 21 Hr
464 1230 207 21 Landtmarskalken
688 1230 99 22 Ständets
803 1230 106 22 elektorer

73 1259 37 19 :att
124 1258 109 26 möjligast
245 1260 60 19 snart
321 1258 72 22 skrida
408 1259 33 21 till
456 1258 34 22 val
505 1258 23 22 af
543 1259 62 21 dessa
620 1259 143 27 suppleanter.

148 1400 89 22 Plenum
250 1401 117 21 afslutades
383 1401 28 21 kl.
427 1402 12 20 7
456 1407 17 15 e.
490 1408 27 14 m.

688 1452 20 17 In
721 1452 61 17 fidem:

655 1486 51 21 Clas
721 1494 18 13 v.
757 1486 82 21 Collan.
