1111 1742
206 108 40 21 836
457 114 23 16 R.
494 118 17 12 o.
525 114 22 16 A.
561 114 57 17 1894.
642 115 13 16 2
668 114 47 21 Maj.

175 194 48 21 dast
238 194 6 20 i
261 194 66 20 andra
343 196 90 19 rummet
454 201 25 14 en
503 194 125 21 ekonomisk
644 194 74 21 sådan.
751 194 30 21 En
798 194 141 26 anmärkning
951 194 55 21 tillå-

176 224 32 20 ter
221 222 38 28 jag
274 223 42 26 mig
331 222 54 22 dock
400 224 33 20 att
448 224 53 25 göra
516 224 59 20 emot
590 222 123 22 Utskottets
728 222 81 26 förslag
824 222 40 22 och
875 222 69 22 denna
956 222 50 22 hän-

176 251 33 21 för
225 252 32 26 sig
272 251 32 21 till
320 251 106 21 klämmen
442 252 13 20 å
470 252 38 20 sid.
532 252 33 20 13.
596 252 42 20 Det
654 258 62 19 synes
731 252 42 26 mig
789 251 70 21 såsom
876 251 131 27 konseqven-

176 286 37 14 sen
228 280 23 21 af
272 279 122 22 Utskottets
413 282 151 19 resonnement
579 280 56 21 hade
650 280 56 21 varit
722 280 46 25 den,
783 282 34 19 att
831 279 111 22 Utskottet
958 280 49 21 bort

176 307 85 25 föreslå,
274 310 33 19 att
322 309 39 20 den
378 309 124 26 lagstridiga
519 308 142 27 kungörelsen
676 309 23 20 af
713 309 39 20 den
771 309 25 20 14
811 308 43 21 Juli
873 309 53 20 1892
937 309 70 20 skulle

176 337 134 21 omedelbart
333 337 124 27 upphäfvas.
490 337 111 21 Utskottet
619 337 39 21 har
674 337 54 21 dock
743 337 47 21 icke
805 337 56 26 gjort
877 337 65 25 detta,
955 339 51 19 utan

176 365 39 22 har
237 366 77 21 endast
337 366 110 27 föreslagit
468 368 32 19 att
519 365 120 22 Ständerna
659 365 49 22 ville
724 365 86 22 anhålla
825 363 37 23 om
875 365 131 27 proposition

177 394 32 21 till
233 396 62 20 nästa
317 395 101 26 landtdag
437 394 91 21 rörande
544 394 136 27 tillverkning
696 394 38 21 och
750 393 123 28 försäljning
889 394 23 21 af
925 400 81 20 marga-

178 423 31 20 rin
225 423 52 21 eller
301 423 255 26 margarinblandningar,
579 423 65 21 sedan
666 429 26 14 en
707 423 114 26 utredning
836 423 23 21 af
873 423 64 20 saken
952 423 55 21 först

176 451 128 27 förebragts.
334 451 66 22 Detta
422 453 24 20 är
468 458 29 15 nu
516 452 53 26 godt
585 452 38 21 och
640 452 40 25 väl,
697 451 40 22 och
752 452 7 20 i
775 451 69 21 denna
859 451 100 22 anhållan
975 452 31 20 in-

177 482 101 19 stämmer
299 480 36 27 jag
356 481 32 20 till
410 480 59 26 fullo,
485 487 47 14 men
549 481 66 26 enligt
630 481 60 20 detta
705 480 123 21 Utskottets
843 480 80 26 förslag
938 480 68 21 skulle

177 509 54 21 dock
247 509 141 27 kungörelsen
404 509 22 21 af
440 509 40 22 den
498 510 26 20 14
539 509 43 21 Juli
600 509 54 21 1892
671 509 85 21 komma
772 511 33 19 att
820 508 104 22 fortbestå
939 509 67 21 under

177 539 57 19 ännu
250 544 26 15 en
292 538 186 27 landtdagsperiod
503 538 39 21 och
561 538 36 21 det
612 537 141 25 förhållande,
769 540 33 18 att
817 544 26 14 en
858 538 6 21 i
881 538 52 21 strid
949 539 57 20 emot

177 566 99 26 gällande
291 567 35 26 lag
341 567 99 21 utfärdad
456 567 127 26 kungörelse
599 567 53 20 skall
669 566 63 22 lända
747 567 30 20 till
795 566 148 25 efterrättelse,
954 566 52 21 fort-

177 595 87 21 farande
287 595 91 27 qvarstå.
410 595 42 21 För
474 595 43 21 min
542 595 96 21 enskilda
654 595 34 21 del
703 597 24 19 är
739 595 38 26 jag
792 595 123 26 visserligen
930 595 22 20 af
965 595 41 21 den

177 623 62 27 äsigt,
265 630 45 15 som
330 623 37 28 jag
388 624 62 21 äfven
473 624 57 21 förut
550 624 27 26 pä
601 624 58 21 detta
675 630 45 15 rum
737 624 84 25 uttalat,
838 626 32 19 att
885 630 26 15 en
926 623 58 27 dylik
999 624 7 21 i

177 652 54 21 strid
252 655 57 18 emot
324 653 98 26 gällande
438 653 34 26 lag
488 653 132 20 tillkommen
635 652 127 27 kungörelse
777 653 46 20 icke
839 652 101 21 behöfver
955 652 51 21 eller

176 681 39 21 bör
237 681 24 21 af
274 681 91 21 domstol
386 681 114 27 tillämpas,
517 687 47 15 men
581 681 26 21 dä
621 681 37 26 jag
673 681 12 20 å
701 681 66 21 andra
783 681 60 21 sidan
859 681 39 21 har
913 681 42 26 mig
970 681 36 21 be-

177 709 52 22 kant
253 712 32 19 att
305 710 83 21 landets
412 709 127 22 domarekär
561 710 6 21 i
587 709 61 28 fräga
668 716 34 15 om
725 709 36 22 det
782 709 77 27 nädiga
885 709 121 22 manifestet

177 738 110 27 angäende
311 739 125 26 suspension
461 739 23 20 af
504 738 134 27 strafflagens
660 739 103 20 trädande
781 739 5 20 i
813 739 98 26 gällande
927 738 78 21 kraft
992 734 15 36 i

177 767 35 21 det
228 769 108 20 närmaste
352 767 102 27 enhälligt
469 767 75 21 häfdat
559 773 25 15 en
601 773 69 15 annan
686 767 143 26 uppfattning,
845 767 23 21 sä
879 767 80 26 nödgas
969 767 37 27 jag

178 795 80 22 föreslå
281 797 31 20 ett
331 796 75 27 tillägg
429 797 32 20 till
478 797 69 20 denna
562 796 58 21 kläm
636 796 22 21 af
672 796 36 21 det
723 795 100 26 innehåll,
839 798 33 19 att
887 795 119 22 Ständerna

174 824 79 27 jemväl
269 825 68 20 skulle
353 825 91 25 anhälla,
461 827 31 18 att
508 824 175 28 ifrägavarande
698 824 129 27 kungörelse
837 825 66 20 mätte
916 824 90 21 omedel-

178 852 47 21 bart
241 853 133 27 upphäfvas.
404 853 12 20 I
432 853 100 21 händelse
545 853 48 21 mitt
608 853 80 26 förslag
703 853 74 20 vinner
793 853 101 21 Ständets
902 853 64 25 bifall,
982 853 24 21 sä

177 881 68 21 skulle
268 888 62 14 mom.
354 882 86 20 komma
458 884 32 18 att
506 882 63 20 hafva
583 882 89 25 ungefär
683 881 92 27 följande
791 881 80 26 lydelse
886 883 43 24 ,att
944 881 62 21 Stän-

177 910 65 21 derna
257 916 19 15 0.
299 916 16 15 s.
332 916 18 14 v.
367 910 48 21 ville
431 910 30 21 uti
473 913 71 18 svaret
554 910 13 21 ä
577 910 40 21 den
628 910 48 21 nåd.
688 916 59 20 prop.
764 910 93 26 anhålla,
873 910 36 20 det
924 910 82 21 täcktes

176 938 27 21 H.
225 938 26 22 K.
275 939 28 21 M.
327 939 133 21 omedelbart
482 939 107 26 upphäfva
609 939 65 26 sagda
689 938 127 26 kungörelse
831 941 56 19 samt
902 938 53 21 efter
970 938 36 22 det

176 967 130 27 fullständig,
326 974 76 20 genom
426 968 135 26 sakkunniga
581 973 103 21 personer
705 967 138 21 införskaflad
864 966 112 27 utredning
999 967 7 21 i

176 997 72 19 ämnet
269 996 109 21 erhällits*
395 1002 19 15 o.
431 1002 16 15 s.
461 1002 19 15 v.
496 996 56 21 ända
563 996 32 20 till
611 1002 74 15 mom:s
696 996 47 20 slut.
764 996 61 21 Dock
841 995 65 27 yrkar
914 995 36 27 jag
960 995 46 22 icke

176 1024 28 26 pä
219 1026 32 19 att
265 1024 44 28 just
325 1025 68 21 denna
408 1025 139 26 formulering
562 1024 39 21 här
617 1024 67 21 skulle
700 1024 22 21 af
736 1024 91 21 Ständet
843 1026 94 24 antagas,
953 1026 52 19 utan

176 1052 82 22 tillåter
278 1053 37 27 jag
338 1054 43 26 mig
403 1054 78 20 föreslå
503 1056 33 18 att
557 1052 90 22 Ständet
670 1053 48 21 ville
741 1053 32 21 till
797 1052 112 22 Utskottet
924 1052 80 22 äterre-

175 1082 88 20 mittera
287 1082 89 21 ärendet
398 1082 6 20 i
421 1082 39 21 och
475 1082 33 22 för
524 1082 174 26 omformulering
713 1082 23 20 af
749 1082 61 20 detta
825 1087 64 15 mom.
905 1081 6 21 i
934 1081 36 21 det
984 1080 23 22 af

175 1111 42 26 mig
233 1110 119 27 föreslagna
367 1110 71 28 syftet.

244 1196 33 21 Hr
291 1196 25 21 L.
334 1196 163 23 Mecheiin;
527 1196 11 21 I
559 1196 31 21 alt
621 1196 113 26 väsentligt
757 1202 51 14 ense
830 1195 48 21 med
895 1195 39 21 den
950 1195 54 21 före-

175 1225 80 26 gäende
271 1225 64 21 ärade
358 1225 80 21 talaren
463 1225 93 21 önskade
577 1224 61 22 äfven
651 1224 37 27 jag
704 1224 32 21 för
750 1224 44 21 min
811 1224 34 21 del
861 1224 76 26 betyga
951 1224 53 26 Lag-

175 1253 39 21 och
231 1253 211 21 Ekonomiutskottet
458 1254 43 20 min
517 1254 98 20 erkänsla
634 1254 32 20 för
682 1253 36 21 det
732 1255 50 23 sätt,
799 1252 80 27 hvarpä
895 1252 110 21 Utskottet

175 1281 117 22 behandlat
307 1282 60 21 detta
382 1282 87 26 ärende;
486 1282 39 21 och
541 1282 101 21 särskildt
657 1281 61 21 äfven
734 1282 33 20 för
782 1283 33 19 att
830 1280 112 22 Utskottet
956 1283 48 19 ute-

174 1310 99 22 slutande
288 1310 61 21 hållit
364 1311 32 26 sig
408 1311 32 20 till
456 1311 40 21 den
512 1311 97 26 rättsliga
630 1310 62 21 sidan
707 1310 22 21 af
742 1310 81 26 frågan.
854 1309 34 21 Då
901 1310 39 20 den
955 1309 48 21 nåd.

175 1345 59 21 prop.
251 1339 108 27 angäende
382 1340 74 26 tillägg
478 1339 7 21 i
500 1339 147 27 näringslagen
662 1339 50 21 kom
728 1339 129 25 landtdagen
872 1338 33 21 till
916 1338 40 26 del,
967 1344 38 15 var

174 1368 43 20 min
233 1368 136 26 uppfattning
384 1368 47 26 och,
448 1368 53 21 efter
517 1368 55 21 hvad
585 1368 37 26 jag
638 1370 45 18 tror
698 1368 43 26 mig
755 1370 57 22 veta,
829 1366 78 28 mänga
921 1366 83 28 andras,

175 1396 46 26 den,
248 1399 33 18 att
304 1399 71 18 svaret
400 1396 28 27 pä
452 1396 69 21 denna
543 1396 48 21 näd.
610 1402 60 21 prop.
686 1396 105 26 svärligen
807 1395 70 21 kunde
893 1395 65 21 blifva
973 1397 32 19 ett

174 1426 65 19 annat
255 1426 26 20 än
298 1425 70 21 detta:
399 1425 30 25 ,vi
445 1425 71 21 kunna
532 1425 45 21 icke
592 1425 109 26 samtycka
716 1424 31 21 till
763 1426 34 20 att
811 1424 91 21 försätta
910 1424 94 25 närings-

174 1452 61 27 lagen
251 1453 7 20 i
274 1453 218 26 belägringstillständ
515 1453 39 21 och
577 1453 80 26 nödgas
677 1453 85 21 anhälla
777 1459 34 14 om
827 1452 76 27 ätgärd
919 1452 31 21 till
966 1458 38 15 un-

175 1481 144 27 danrödjande
335 1481 47 22 utaf
397 1482 36 21 det
448 1482 47 21 med
512 1482 34 26 lag
561 1482 46 21 icke
623 1481 231 22 öfverensstämmande
865 1480 139 26 förhällande,

174 1515 45 16 som
235 1510 81 21 inträdt
339 1517 76 20 genom
438 1510 138 21 utfärdandet
597 1510 23 21 af
640 1510 141 27 kungörelsen
805 1509 22 21 af
849 1509 40 21 den
915 1510 24 20 14
960 1509 44 21 Juli
