1109 1742
236 110 42 21 916
493 117 24 17 R.
530 122 18 12 o.
562 118 22 16 A.
598 118 57 16 1894.
679 118 12 17 9
704 118 49 21 Maj.

207 196 97 27 sålunda,
320 198 33 20 att
367 196 76 22 förlust
459 197 23 21 af
488 198 167 26 medborgerligt
670 198 124 22 förtroende
803 198 46 21 icke
857 198 72 27 följde,
943 198 43 27 ,der
998 204 37 15 om-

206 225 174 26 ständigheterna
395 227 36 19 äro
447 226 134 27 synnerligen
597 226 159 26 försvårande",
772 228 51 20 utan
835 227 50 26 ,der
897 226 138 27 handlingens

207 254 146 21 beskaffenhet
369 254 75 21 sådant
455 254 140 22 föranleder”.
620 255 48 21 Med
678 256 69 20 denna
755 255 146 21 modifikation
910 256 23 20 af
939 255 25 21 R.
974 262 17 14 o.
999 256 36 20 A:s

207 285 56 18 samt
278 282 191 27 Borgareståndets
491 283 72 21 beslut
585 286 46 19 tror
651 284 37 26 jag
709 286 33 19 att
765 284 26 21 de
806 284 36 21 två
857 284 94 21 Stånden
966 284 69 21 skulle

207 310 64 21 hafva
286 310 46 27 gått
348 311 23 21 så
386 311 59 27 långt
460 312 31 21 uti
513 312 186 27 tillmötesgående
727 319 44 14 som
795 312 82 27 möjligt
892 314 30 19 är.
953 312 33 21 Då
1000 312 35 21 vid

206 339 61 21 detta
282 339 82 22 tillfälle
379 340 118 21 emellertid
513 341 47 20 icke
576 341 61 21 torde
653 347 51 14 vara
720 341 113 27 anledning
849 341 33 21 för
897 341 91 21 Ståndet
1002 343 33 18 att

206 368 71 21 uttala
292 368 31 27 sig
339 368 33 21 för
387 369 36 21 det
438 375 41 15 ena
493 369 52 21 eller
567 370 68 20 andra
650 370 108 27 förslaget,
774 372 52 19 utan
842 370 26 21 de
883 369 89 22 formela
987 375 47 21 syn-

207 397 98 26 punkter,
321 403 46 15 som
382 398 44 20 tala
441 400 45 19 mot
501 399 132 25 antagandet
644 398 22 21 af
674 398 123 22 Utskottets
810 398 224 27 sammanjemknings-

207 425 80 27 förslag
310 426 61 21 torde
393 433 52 14 vara
467 427 128 26 tillräckliga
617 427 32 21 för
672 429 32 19 att
720 426 90 22 Ståndet
825 427 69 21 skulle
910 427 83 21 besluta
1008 433 26 14 en

206 454 122 21 återremiss
344 455 32 20 till
391 455 117 26 Utskottet,
523 455 24 22 så
570 455 32 21 får
622 455 37 27 jag
677 456 76 21 endast
769 456 120 21 återhemta
904 456 36 21 det
955 455 23 22 af
992 455 42 27 mig

205 483 76 27 gjorda
296 483 107 27 förslaget.

275 540 32 21 Hr
329 541 25 20 E.
377 540 192 27 Furuhjelm:
599 541 10 21 I
632 541 67 21 likhet
725 541 47 22 med
794 541 77 22 Grefve
888 542 145 21 Mannerheim

205 569 40 21 och
260 569 27 26 på
301 569 26 21 de
343 569 23 21 af
373 569 77 22 honom
465 569 89 22 anförda
565 570 46 21 skäl
620 570 80 21 tillåter
711 570 33 27 jag
751 570 43 27 mig
803 571 108 20 vördsamt
919 571 113 26 tillstyrka,

205 599 32 19 att
252 597 25 22 R.
294 604 19 15 o.
329 598 24 21 A.
370 599 48 20 ville
433 599 158 20 återremittera
613 599 318 27 sammanjemkningsförslaget
946 599 31 21 till
994 599 39 22 Ut-

204 627 82 20 skottet
301 627 5 20 i
323 627 54 26 syfte
399 629 33 19 att
447 627 112 22 Utskottet
574 627 49 21 ville
639 627 87 27 inbjuda
745 628 84 21 Preste-
846 628 40 21 och
902 628 131 21 Bondestän-

205 655 41 20 den
261 657 33 19 att
309 655 73 22 förena
397 656 32 26 sig
444 662 33 15 om
494 657 25 20 de
536 656 76 27 beslut,
629 657 6 20 i
654 656 72 21 hvilka
741 656 24 21 R.
783 663 18 14 o.
817 657 24 20 A.
857 659 56 19 samt
928 657 104 26 Borgare-

203 684 86 21 ständet
304 686 87 19 stannat
406 685 33 20 vid
456 685 155 26 behandlingen
627 685 23 21 af
664 685 122 21 Utskottets
802 685 134 21 betänkande
946 686 6 21 i
964 685 68 22 denna

203 712 67 27 fräga,
288 713 47 20 med
350 713 67 20 andra
433 713 37 21 ord
485 715 32 19 att
533 713 25 21 R.
575 720 18 14 o.
610 714 24 21 A.
651 714 69 21 skulle
735 713 101 22 vidblifva
851 714 38 21 sitt
904 714 58 21 förut
976 715 8 20 i
999 720 33 15 sa-

203 741 41 21 ken
260 741 81 21 fattade
357 741 70 22 beslut
443 744 50 19 utan
509 742 68 27 nägra
592 742 176 21 modifikationer.

272 798 33 21 Hr
319 798 24 21 V.
359 805 40 15 von
416 799 133 21 Hellens:
581 799 40 27 Jag
642 799 36 21 vill
694 799 46 22 icke
755 800 70 21 uttala
840 800 43 26 mig
898 800 79 25 derom,
993 800 38 21 hu-

204 827 75 21 ruvida
294 827 151 26 Lagutskottet
461 828 101 26 uppgjort
577 828 38 21 sitt
638 828 297 27 sammanjemkningsförslag
949 829 28 26 pä
990 829 40 20 rik-

202 856 45 26 tiga
262 856 93 26 grunder
378 857 51 20 eller
453 856 25 26 ej,
500 857 73 20 derom
597 857 71 20 kunna
689 857 24 26 ju
729 857 138 26 meningarna
883 863 51 15 vara
949 857 81 21 delade.

201 884 50 20 Men
273 884 27 21 dä
318 884 37 26 jag
378 885 71 24 redan,
474 886 38 20 när
535 886 90 20 ärendet
646 888 72 18 senast
733 892 38 14 var
786 886 45 20 före
847 886 33 20 till
896 886 134 26 behandling,

201 912 86 27 yttrade
309 913 42 26 mig
374 916 57 18 emot
453 913 36 21 det
511 915 50 24 sätt,
583 914 110 26 hvaruppä
716 913 168 27 straffpäföljden
905 930 5 8 ,
911 914 83 25 förlust
1009 914 23 21 af

200 941 168 27 medborgerligt
388 942 133 21 förtroende*
544 942 66 26 enligt
631 942 162 27 Lagutskottets
809 943 135 21 betänkande
963 943 67 21 skulle

201 970 86 21 komma
309 970 32 21 till
362 971 140 26 användning,
525 971 49 21 ville
588 971 37 27 jag
641 972 68 20 uttala
724 972 43 20 min
783 971 185 21 tillfredsställelse
984 972 46 20 der-

199 998 66 26 öfver,
282 1000 31 20 att
328 998 153 28 Lagutskottet
495 1006 28 14 nu
539 1000 98 26 upptagit
653 1000 69 20 denna
737 1000 141 27 straffpäföljd
893 1000 7 21 i
911 1000 119 21 förordnin-

200 1034 40 20 gen
264 1028 7 20 i
293 1027 219 22 öfverensstämmelse
534 1029 48 20 med
606 1028 55 21 hvad
680 1028 37 27 jag
739 1028 66 28 ansåg
827 1035 52 14 vara
895 1029 35 21 det
946 1028 83 26 riktiga.

200 1056 115 21 Likaledes
342 1056 44 21 höll
408 1057 37 26 jag
470 1057 38 21 sist
532 1056 54 25 före,
609 1060 33 18 att
661 1058 7 20 i
686 1059 8 19 1
713 1064 62 14 mom.
792 1057 23 21 af
831 1059 8 19 1
858 1057 12 27 $
893 1056 137 22 straffmättet

198 1084 72 21 kunde
287 1084 128 22 bestämmas
429 1085 33 21 till
477 1085 89 21 tukthus
582 1086 46 20 från
644 1086 13 20 2
673 1088 14 18 t.
705 1092 17 14 o.
740 1092 27 15 m.
783 1087 12 19 6
812 1086 23 20 år
843 1086 52 20 eller
905 1086 123 25 detsamma,

200 1119 46 15 som
262 1113 151 26 Lagutskottet
429 1120 28 14 nu
472 1114 115 26 föreslagit.
618 1114 33 21 Dä
664 1114 37 27 jag
716 1114 118 21 emellertid
850 1120 63 16 anser
928 1115 36 21 det
979 1120 51 15 vara

199 1141 24 21 af
237 1141 51 27 vigt,
303 1144 33 18 att
352 1148 25 15 en
393 1142 35 27 lag
443 1143 7 20 i
471 1142 69 21 denna
561 1142 61 27 fräga
636 1142 32 22 fäs
684 1143 33 21 till
733 1143 70 23 ständ,
819 1149 47 15 men
882 1144 36 20 det
934 1143 96 21 deremot

199 1176 52 14 vara
267 1170 22 21 af
303 1170 82 22 mindre
401 1172 44 26 vigt
460 1173 32 19 att
507 1173 84 25 strängt
607 1171 58 21 hälla
679 1172 36 20 vid
730 1172 40 20 den
786 1172 85 26 mening
886 1172 52 20 hvar
953 1172 39 20 och
1003 1178 25 15 en

198 1199 7 20 i
220 1198 75 27 frägan
309 1199 54 24 haft,
379 1200 23 20 sä
417 1200 39 20 ber
468 1200 37 26 jag
520 1200 65 21 ocksä
601 1200 33 20 för
649 1200 43 21 min
708 1200 34 21 del
757 1200 20 21 fä
793 1200 130 21 understöda
939 1200 35 21 det
985 1200 44 21 för-

199 1227 52 27 slag,
275 1234 44 14 som
343 1228 32 21 Hr
398 1228 146 27 Montgomery
567 1228 56 27 gjort
639 1235 34 15 om
689 1229 100 21 ärendets
803 1230 124 20 äterremiss
943 1228 31 21 till
991 1228 37 22 Ut-

199 1256 88 26 skottet,
311 1256 39 21 och
371 1257 37 27 jag
430 1259 39 25 gör
490 1257 59 21 detta
572 1257 7 21 i
595 1257 56 27 hopp
667 1264 33 14 om
717 1260 33 18 att
766 1257 111 21 Utskottet
892 1258 27 20 dä
935 1257 54 27 ville,
1005 1257 23 21 sä

198 1284 45 21 vidt
259 1284 88 28 möjligt,
363 1286 27 26 gä
405 1292 25 14 en
454 1286 110 26 medelväg
580 1286 90 21 emellan
687 1286 26 21 de
728 1286 76 26 beslut,
820 1286 7 21 i
843 1286 72 21 hvilka
930 1286 26 21 de
971 1286 57 21 olika

197 1312 95 22 Ständen
307 1315 92 20 stannat.
431 1314 73 27 Någon
520 1314 127 27 författning
663 1315 6 20 i
685 1316 72 20 ämnet
772 1315 41 20 kan
826 1314 25 27 ju
866 1314 47 22 icke
929 1314 98 25 erhållas,

196 1342 7 20 i
219 1342 37 20 fall
272 1342 43 21 alla
330 1342 125 27 obetingadt
469 1342 102 22 vidblifva
585 1343 46 21 sina
646 1343 91 27 tidigare
752 1344 116 26 meningar.

454 1433 316 27 Omröstningspropositioner:

267 1491 39 19 1:0.
337 1490 54 27 Den,
405 1497 47 15 som
467 1491 36 20 vill
519 1491 32 21 till
567 1491 211 27 kontraproposition
793 1493 58 20 emot
866 1491 78 21 sakens
954 1491 72 22 vidare

195 1517 132 28 behandling
343 1521 78 24 antaga
437 1520 35 21 det
487 1519 23 22 af
523 1519 79 22 Grefve
618 1519 145 22 Mannerheim
779 1519 127 22 framstälda
923 1519 103 28 förslaget

194 1545 33 22 till
242 1547 131 27 äterremiss,
389 1554 74 15 svarar
475 1548 34 27 ja;
