1109 1739
238 111 41 21 668
489 116 25 17 R.
527 121 18 12 o.
558 116 23 17 A.
594 116 57 18 1894.
674 117 23 16 21
709 116 62 21 April.

278 197 32 21 till
325 196 127 22 ledamöter:

211 265 56 21 Från
289 265 190 27 Borgareständet:
503 265 44 21 Hrr
570 264 99 27 Idman,
687 264 14 22 F
710 264 115 22 orselius
841 264 38 21 och
895 264 140 26 Alopeus;

233 350 10 10 n»
270 327 10 38 =
289 334 168 21 Bondeständet:
481 334 43 20 Hrr
546 334 119 26 Avellan,
688 332 169 27 Lagerstedt
881 332 39 21 och
940 331 96 21 Pitkä-

290 368 61 20 nen;
367 365 54 18 samt

279 431 31 21 till
327 432 146 26 suppleanter:

211 499 57 21 Frän
283 500 191 26 Borgareständet:
491 500 44 20 Hrr
551 499 88 21 Lindh
655 499 39 21 och
710 498 111 26 Genetz;

235 584 9 10 »
284 568 168 21 —Bondeständet:
471 568 43 21 Hrr
529 568 167 21 Tuomikoski
710 568 39 20 och
766 567 139 27 Häyrinen.

542 739 169 29 Militärhudgeten.

281 808 122 27 Föredrogs
420 809 177 20 Statsutskottets
613 809 32 20 till
661 809 59 21 detta
736 809 85 26 plenum
837 808 118 27 bordlagda
965 808 73 21 betän-

213 837 69 21 kande
304 837 39 21 N:o
368 840 13 18 4
405 837 6 21 i
434 837 114 26 anledning
564 837 21 20 af
601 837 48 21 näd.
666 844 59 20 prop.
741 837 39 21 N:o
798 839 25 20 19
840 844 33 14 om
889 837 113 21 anvisande
1018 836 23 21 af

214 865 69 22 medel
306 866 32 21 till
361 866 137 21 bestridande
521 866 23 20 af
562 866 145 21 kostnaderna
719 866 33 21 för
767 866 68 21 finska
851 865 106 22 militären
972 865 66 21 under

213 894 51 21 åren
279 895 145 20 1895—1897.

280 963 134 20 Diskussion:

283 1025 56 21 Frih.
363 1025 24 21 R.
411 1026 24 21 A.
459 1025 112 22 Wrede:
587 1026 40 21 Vid
643 1025 169 27 genomgäendet
828 1026 22 20 af
864 1025 174 21 Statsutskottets

210 1054 144 21 förevarande
370 1054 135 21 betänkande
521 1055 63 20 torde
600 1054 79 21 enhvar
695 1055 89 20 medlem
798 1054 22 21 af
837 1053 89 22 Ständet
938 1053 48 21 med
997 1053 42 21 till-

212 1082 154 21 fredsställelse
382 1083 63 21 hafva
461 1083 141 26 konstaterat,
618 1083 115 20 huruledes
749 1083 36 20 det
801 1083 81 26 lyckats
898 1082 141 21 Statsutskot-

212 1113 33 19 tet
261 1113 31 18 att
307 1111 118 27 nedbringa
440 1112 117 26 utgifterna
571 1111 33 21 för
619 1111 183 22 militärväsendet
818 1111 47 21 med
881 1113 32 19 ett
928 1111 46 21 icke
988 1111 52 20 obe-

213 1139 79 28 tydligt
310 1139 83 27 belopp.
423 1140 102 21 Deremot
540 1142 24 19 är
580 1140 36 21 det
632 1146 25 15 en
673 1147 68 14 annan
759 1139 163 27 omständighet,
938 1145 33 15 om
988 1139 52 21 hvil-

212 1168 42 21 ken
277 1175 48 14 man
348 1169 79 20 saknar
448 1169 28 20 all
492 1169 115 26 utredning
622 1169 31 20 uti
669 1169 60 20 detta
743 1168 141 21 betänkande.
915 1168 29 21 Af
958 1167 83 22 Militie-

213 1197 159 26 expeditionens
395 1197 32 21 till
451 1197 120 21 Ständerna
591 1203 50 20 nyss
656 1197 99 21 utdelade
772 1197 115 21 berättelse
901 1196 93 27 framgär
1010 1199 32 18 att

211 1227 127 19 numerären
355 1225 22 21 af
392 1226 25 20 de
433 1226 72 20 aktiva
520 1225 69 21 finska
605 1228 116 30 trupperna
736 1226 68 20 under
817 1227 26 20 de
857 1227 72 19 senast
939 1225 101 21 förflutna

212 1256 76 19 trenne
312 1254 50 21 åren
384 1254 39 21 har
441 1254 138 22 öfverskridit
595 1255 35 20 det
649 1255 7 21 i
672 1254 34 26 lag
722 1255 111 21 bestämda
848 1255 120 21 maximum.
999 1254 41 21 En-

213 1282 39 26 ligt
276 1283 37 21 121
339 1282 10 27 8
365 1283 6 20 i
387 1284 193 26 värnepligtslagen
601 1283 108 21 äfvensom
726 1283 113 27 kejserliga
854 1283 150 25 förordningen
1020 1283 23 21 af

213 1311 41 21 den
279 1312 24 20 11
320 1311 103 21 Februari
446 1312 53 21 1889
515 1312 120 26 uppställer
650 1311 206 22 Storfurstendömet
869 1311 90 21 Finland
974 1312 68 21 under

211 1339 92 21 fredstid
327 1346 24 14 en
375 1340 59 20 aktiv
457 1340 140 27 truppstyrka
619 1340 23 20 af
656 1340 55 21 ända
727 1340 32 21 till
776 1340 62 25 5,600
854 1346 49 15 man
917 1340 124 21 underbefäl

213 1368 42 20 och
278 1368 109 26 manskap.
419 1368 65 22 Detta
505 1369 59 21 antal
581 1369 38 20 har
635 1368 70 22 säsom
721 1369 62 26 sagdt
799 1370 67 20 under
881 1369 26 20 de
924 1368 51 21 sista
990 1368 51 22 ären

211 1396 8 21 i
243 1396 146 27 verkligheten
413 1397 152 21 öfverskridits.
595 1397 42 27 Jag
657 1397 36 21 vill
713 1404 67 20 gerna
802 1400 33 18 tro
851 1399 32 19 att
899 1397 60 21 detta
974 1396 67 22 öfver-

213 1424 117 22 skridande
352 1425 46 21 icke
422 1425 39 21 har
483 1426 58 20 skett
563 1425 110 27 afsigtligt,
695 1428 51 19 utan
769 1428 32 18 att
817 1426 36 20 det
868 1426 72 20 berott
955 1425 27 27 pä
997 1426 44 20 bri-

214 1453 76 21 stande
313 1454 196 26 uppmärksamhet.
540 1454 41 26 Jag
604 1454 36 21 vill
663 1454 46 22 icke
731 1454 68 21 heller
821 1454 88 21 förneka
925 1456 32 18 att
972 1453 69 22 hithö-

215 1482 67 21 rande
307 1482 133 26 stadganden
465 1483 72 21 kunde
562 1483 43 21 lida
631 1482 22 22 af
678 1482 182 27 bristfälligheter,
883 1482 72 21 hvilka
978 1482 63 22 tilläf-

215 1513 87 24 ventyrs
325 1510 92 22 medfört
440 1510 69 28 nägon
533 1511 109 27 svärighet
665 1512 34 20 vid
723 1513 32 19 att
770 1511 58 21 hälla
842 1513 127 19 numerären
984 1512 56 20 inom
