1106 1736
277 116 208 22 Näringsbevillning
497 116 32 17 för
541 116 141 20 utländingar.
816 110 39 21 581

70 196 207 27 näringsbevillning,
301 196 58 26 utgå,
381 196 88 21 emedan
492 196 202 26 näringsbevillning
708 196 44 27 just
767 198 81 19 ansetts
864 197 31 19 ut-

70 227 52 25 göra
145 227 30 19 ett
198 224 119 28 eqvivalent
332 225 33 21 för
381 225 41 21 den
438 224 58 22 skatt
512 225 82 21 landets
610 231 55 20 egna
680 224 128 22 innevånare
820 230 75 21 genom

70 254 234 26 inkomstbevillningen
321 255 82 25 utgöra.

139 322 58 21 Frih.
222 328 40 15 von
285 321 98 22 Troil:
409 321 64 21 Emot
494 321 248 27 Bevillningsutskottets
765 328 28 14 nu
812 321 83 27 förelig-

74 351 68 26 gande
168 350 134 21 betänkande
325 350 39 21 har
386 350 57 21 inom
467 350 59 21 detta
547 350 66 21 Ständ
636 350 68 27 gjorts
727 350 169 27 anmärkningar,

72 379 99 21 konträrt
194 381 101 19 motsatta
318 379 127 23 hvarandra,
467 379 39 20 och
530 379 76 20 sädant
629 378 39 21 har
691 379 61 20 äfven
767 379 57 20 skett
840 379 55 20 inom

73 407 118 25 Utskottet,
215 408 36 20 der
273 408 6 20 i
303 407 25 21 de
351 407 60 21 flesta
435 407 36 21 fall
487 408 40 20 den
543 407 121 26 förseglade
680 407 72 21 sedeln
767 407 41 21 fått
823 407 74 27 afgöru

72 437 54 20 hvad
142 443 44 14 som
202 436 69 21 blifvit
287 435 122 22 Utskottets
425 435 76 22 beslut.
532 436 95 21 Sälunda
643 436 39 21 har
697 436 23 21 af
734 436 43 21 Hrr
793 436 102 21 Mechelin

74 465 40 21 och
128 465 92 26 Ramsay
236 465 117 25 anmärkts,
369 465 46 20 dels
430 467 33 18 att
478 465 247 26 Bevillningsutskottets
737 465 116 26 beräkning
864 467 33 18 rö-

75 494 65 21 rande
163 494 100 26 beloppet
283 493 24 20 af
321 493 55 21 hvad
392 493 41 21 den
449 499 28 14 nu
492 493 127 26 föreslagna,
636 493 24 21 sä
676 493 84 21 kallade
774 493 122 26 näringsbe-

73 522 113 27 villningen
203 523 68 20 skulle
287 522 102 27 inbringa,
406 521 121 28 pätagligen
544 524 23 18 är
583 522 64 21 altför
662 522 41 26 låg,
720 522 44 21 dels
778 523 54 23 att,
827 517 13 37 i
846 522 51 20 hän-

76 551 57 21 delse
158 551 141 25 beräkningen
321 556 50 15 vore
394 551 71 25 riktig.
481 551 89 20 ärendet
585 551 66 20 borde
668 551 32 20 till
715 550 111 21 Utskottet
841 551 56 20 äter-

76 579 120 21 remitteras
218 580 33 20 för
273 579 160 20 framställande
450 579 22 20 af
486 579 79 25 förslag
581 579 90 20 rörande
687 579 25 20 de
728 578 39 21 här
783 579 115 20 omordade

76 607 177 27 bevillningarnas
275 607 98 26 höjande.
405 607 61 21 Hvad
489 607 100 26 beloppet
615 607 46 21 utaf
682 607 40 21 den
738 607 99 25 inkomst,
853 613 44 15 som

75 642 75 21 genom
167 637 68 20 denna
251 636 116 26 bevillning
382 635 68 21 skulle
466 635 78 27 inflyta,
562 635 108 26 beträffar,
682 636 23 20 så
716 637 23 19 är
750 636 77 25 20,000
837 636 60 21 mark

75 665 33 20 för
123 665 141 20 instundande
279 664 143 27 finansperiod
446 665 112 20 resultatet
580 664 23 21 af
617 671 25 14 en
658 665 148 26 kompromiss,
822 665 28 26 ity
867 666 32 19 att

77 700 25 14 en
118 693 75 26 mängd
211 693 136 21 medlemmar
363 693 6 20 i
384 693 111 21 Utskottet
509 693 81 27 yrkade
606 695 32 19 att
654 693 40 21 den
710 693 67 20 skulle
793 693 105 21 beräknas

76 721 32 22 till
131 722 75 21 endast
221 722 62 25 5,000
299 721 61 22 mark
377 721 80 27 årligen
473 722 51 21 eller
539 722 33 21 för
588 721 169 27 treärsperioden
774 721 31 21 till
824 722 74 24 15,000

76 751 66 20 mark.
173 750 32 21 Hr
220 750 103 21 Mechelin
339 750 40 21 har
394 750 109 26 föreslagit
519 753 32 18 att
570 750 2 21 i
588 750 19 21 R.
630 757 18 14 o.
665 751 37 20 A:s
718 750 71 27 kalkyl
803 757 95 14 summan

76 779 69 21 skulle
165 781 104 25 upptagas
285 779 31 20 till
332 779 78 24 30,000
426 779 66 20 mark.
523 779 42 21 För
580 779 42 20 min
639 779 33 20 del
688 779 39 20 har
740 779 36 26 jag
792 779 107 26 ingenting

76 808 101 21 deremot.
209 808 78 25 Hvarje
310 807 117 26 beräkning
446 807 27 27 pä
489 808 89 21 förhand
595 809 23 19 är
634 808 160 26 approximativ,
812 807 37 22 och
865 813 34 15 om

77 835 111 22 Utskottet
210 836 120 27 kalkylerat
348 836 120 21 inkomsten
484 836 33 21 för
533 837 39 26 läg,
589 836 24 21 sä
628 836 54 21 skall
698 837 36 20 det
749 836 72 21 säkert
836 836 64 21 blifva

78 867 112 24 angenämt
211 865 33 20 för
269 865 122 20 Utskottets
414 865 137 20 medlemmar
575 867 32 18 att
628 865 5 19 i
650 870 25 15 en
692 865 85 20 framtid
794 865 21 20 fä
830 865 70 21 erfara

77 893 37 21 det
136 893 119 21 inkomsten
279 893 6 20 i
307 893 74 26 sjelfva
403 893 74 21 verket
495 893 67 21 blifvit
577 895 75 21 större,
669 895 26 19 än
712 893 110 21 Utskottet
837 893 64 26 vägat

76 921 101 23 beräkna.
207 922 32 20 Hr
261 922 91 26 Ramsay
375 922 39 20 har
434 922 110 26 föreslagit
560 922 156 20 betänkandets
732 922 120 20 återremiss
868 922 31 21 till

78 950 111 21 Utskottet
205 950 32 21 för
253 953 32 17 att
299 956 76 20 genom
391 950 70 21 denna
476 950 114 27 bevilining
606 950 102 21 förskaffa
723 950 64 27 högre
803 950 98 22 inkomst.

77 979 43 20 Hrr
142 978 103 22 Mechelin
270 979 38 21 och
331 979 70 21 Antell
427 979 94 21 deremot
537 979 63 21 hafva
616 981 47 25 sagt
675 981 32 19 att
722 979 45 21 skäl
783 979 46 21 icke
847 980 54 20 före-

80 1008 95 20 kommer
190 1010 32 17 att
237 1008 96 25 uppsöka
349 1014 40 19 nya
405 1008 238 25 beskattningsföremä]l
659 1008 33 20 för
704 1008 127 20 ändamålet.
861 1008 40 24 Jag

79 1038 35 18 vet
129 1042 29 14 nu
173 1036 45 21 icke
234 1036 134 21 hvilketdera
383 1036 68 20 skulle
466 1042 51 15 vara
533 1036 77 21 bättre.
643 1036 34 21 Uti
690 1037 70 20 denna
770 1035 59 27 fräga
841 1036 60 21 torde

79 1064 36 21 det
136 1065 69 25 gamla
220 1064 127 27 ordspråket
363 1067 64 24 ,gvot
443 1065 75 26 capita,
535 1067 32 18 tot
582 1065 86 20 census"
685 1065 92 20 besanna
792 1065 32 26 sig
860 1065 42 20 För

81 1093 42 20 min
140 1093 32 21 del
189 1093 66 21 mäste
270 1093 41 26 jag,
326 1093 66 26 jemte
407 1093 111 21 uttalande
534 1093 23 21 af
570 1094 42 20 min
628 1093 112 26 förväning
756 1093 58 21 öfver
828 1096 33 18 att
876 1099 25 15 en

79 1121 92 22 ledamot
194 1122 7 20 i
224 1121 111 22 Utskottet
350 1122 103 26 uppträdt
469 1122 46 21 med
531 1122 166 26 anmärkningar
712 1124 44 19 mot
772 1122 40 21 den
828 1122 21 21 af
863 1121 39 22 Ut-

80 1150 82 20 skottet
184 1150 114 26 borttagna
318 1154 32 17 tre
373 1151 76 25 dagars
466 1151 91 25 fritiden,
575 1154 50 17 utan
642 1153 32 18 att
688 1157 108 14 reservera
811 1151 31 25 sig
858 1153 44 17 mot

78 1178 122 21 Utskottets
223 1178 134 22 betänkande
375 1178 135 26 härutinnan,
527 1180 75 20 endast
618 1179 106 26 tillstyrka
740 1181 31 18 att
786 1178 115 21 betänkan-

80 1207 36 21 det
131 1207 65 21 måtte
212 1208 11 25 $
239 1207 33 21 för
287 1208 12 25 &
316 1207 121 21 diskuteras
453 1207 40 21 och
509 1208 89 20 rörande
612 1208 26 20 de
649 1207 171 27 anmärkningar,
831 1207 71 21 hvilka

81 1236 72 20 dervid
169 1236 136 26 framställas,
321 1236 105 21 successiv
442 1236 131 26 omröstning
589 1242 39 21 ega
642 1242 54 14 rum.

148 1304 99 21 Härefter
270 1304 107 26 öfvergick
398 1304 90 21 Ständet
511 1304 32 21 till
567 1304 197 26 detaljeranskning
782 1304 23 21 af
818 1304 84 21 författ-

79 1332 167 27 ningsförsiaget,
263 1332 87 22 hvarvid
367 1333 6 20 i
388 1332 115 27 anledning
519 1332 23 22 af
556 1333 11 27 $
586 1334 8 19 1
613 1333 93 26 uppstod
721 1333 93 27 följande

147 1395 134 21 Diskussion:

147 1451 32 22 Hr
204 1452 23 21 A.
251 1452 132 27 Ramsay:
413 1451 41 22 Till
477 1451 54 22 först
554 1452 38 20 ber
614 1452 38 26 jag
674 1454 33 19 att
729 1452 21 21 fä
772 1451 131 22 understöda

80 1481 36 20 det
132 1480 22 21 af
167 1481 32 20 Hr
215 1480 104 22 Mechelin
328 1480 75 26 gjorda
419 1480 109 26 förslaget,
544 1483 32 18 att
586 1486 108 20 personer,
706 1487 44 14 som
762 1480 56 21 hälla
829 1479 74 22 offent-

80 1508 43 26 liga
144 1508 104 28 föredrag,
270 1508 47 22 icke
337 1508 69 21 skulle
433 1509 2 20 i
458 1508 13 21 2
493 1514 62 15 mom.
579 1511 112 24 upptagas.
721 1508 42 22 För
785 1509 37 21 det
837 1508 66 22 andra
