1106 1739
395 113 153 21 Lagutskottet.
812 108 40 21 911

56 193 125 28 ytterligare
204 195 76 19 tvänne
307 193 136 27 suppleanter
466 194 6 21 i
495 193 152 27 Lagutskottet
670 193 40 22 och
728 193 74 21 härtill
818 194 66 20 utsett

57 222 43 21 Hrr
123 222 46 21 Uno
192 221 217 28 Wasastjerna
432 222 39 21 och
493 222 23 21 af
537 222 118 26 Hellen,
672 222 106 21 hvardera
793 222 48 21 med
857 222 26 21 19

58 252 76 20 röster.

282 393 145 28 Uppenbarande
443 393 21 23 af
479 393 181 28 statshemligheter.

128 461 119 27 Föredrogs
272 461 162 27 Lagutskottets
457 461 81 26 förslag
554 461 32 21 till
602 461 205 27 sammanjemkning
822 460 23 21 af
859 461 25 20 de

59 489 124 28 skiljaktiga
205 490 76 25 beslut,
303 491 7 20 i
332 490 73 21 hvilka
430 490 94 21 Ständen
540 492 86 19 stannat
642 490 34 21 vid
694 489 154 26 behandlingen
864 489 22 20 af

60 518 121 21 Utskottets
205 519 134 20 betänkande
361 519 41 20 N:o
425 519 13 20 4
460 519 7 20 i
491 519 113 26 anledning
627 518 23 21 af
664 519 47 20 nåd.
726 525 60 20 prop.
803 518 39 21 N:o
861 518 24 20 13

60 547 109 27 angående
185 553 76 16 ansvar
276 547 32 21 för
324 547 166 27 uppenbarande
506 547 22 21 af
542 547 203 27 statshemligheter.

130 616 136 21 Diskussion:

130 678 76 21 Grefve
222 679 205 20 Mannerheim:
448 679 119 20 Anblicken
582 678 22 21 af
620 679 36 20 det
671 678 146 27 föreliggande
832 683 55 16 sam-

61 707 272 26 manjemkningsförslaget
347 707 40 21 har
403 707 120 27 säkerligen
538 707 55 21 varit
608 707 33 21 för
657 707 90 26 mängen
763 707 94 21 ledamot
865 706 22 21 af

62 735 35 22 det
118 736 120 26 Höglofliga
261 735 90 22 Ständet
367 736 172 21 öfverraskande.
571 736 41 21 Det
627 736 62 21 torde
705 736 31 20 uti
751 735 52 22 våra
817 735 69 21 landt-

62 764 77 26 dagars
162 764 91 21 historia
275 765 18 26 ej
316 764 44 21 ofta
376 765 63 20 hafva
454 765 142 24 förekommit,
614 766 32 19 att
661 771 26 14 en
703 765 34 20 del
752 764 23 21 af
788 764 99 21 medlem-

63 799 73 14 marne
159 793 6 20 i
188 795 31 19 ett
234 793 89 21 Utskott
338 793 69 21 funnit
423 796 30 18 ett
469 793 22 21 af
504 793 113 21 Utskottet
632 793 116 26 uppgjordt
763 793 79 26 förslag
857 792 33 21 till

62 821 203 27 sammanjemkning
288 821 22 21 af
333 822 106 21 Ständens
455 822 122 26 skiljaktiga
592 821 70 22 beslut
678 828 51 14 vara
745 821 64 27 bygdt
824 821 27 26 pä
867 821 24 20 sä

63 850 94 27 oriktiga
172 851 99 26 grunder,
288 852 31 19 att
335 851 26 20 de
377 850 61 21 deraf
452 850 122 21 föranlätits
589 852 32 19 att
637 850 32 21 till
685 850 101 26 förslaget
802 850 47 26 foga
865 855 26 16 en

63 879 138 21 reservation.
232 879 73 21 Säsom
328 879 71 26 praxis
414 879 34 20 vid
464 879 51 21 vära
531 879 128 26 landtdagar
674 879 108 21 utvecklat
798 880 37 25 sig,
852 878 39 21 har

63 908 148 26 uppgörandet
233 908 22 20 af
273 908 296 27 sammanjemkningsförslag
588 907 7 21 i
612 907 90 22 Utskott
718 907 71 21 städse
805 907 85 21 betrak-

63 938 44 19 tats
123 936 70 21 såsom
209 943 25 14 en
250 937 89 26 uppgift,
355 937 33 20 vid
406 937 63 20 hvars
485 937 83 26 lösning
581 937 68 20 säviät
662 936 82 27 möjligt
755 936 135 21 uteslutande

63 965 89 21 formela
174 965 131 26 synpunkter
328 965 66 20 borde
417 965 86 21 komma
525 966 7 20 i
548 965 126 21 beaktande.
707 965 79 20 Härvid
803 965 44 24 har,
865 964 26 21 dä

64 993 73 26 frägan
164 994 55 21 varit
244 1000 34 15 om
305 996 31 19 ett
357 993 123 27 lagförslag,
497 994 117 26 iakttagits,
630 996 33 18 att
679 994 25 20 de
721 993 77 21 Ständs
815 993 76 25 beslut,

64 1022 72 21 bvilka
152 1025 53 18 mest
220 1024 83 19 närmat
319 1023 30 25 sig
365 1022 58 21 förut
438 1023 98 26 gällande
552 1023 40 26 lag,
608 1023 56 26 lagts
675 1022 31 21 till
718 1023 67 25 grund
794 1021 33 22 för
835 1027 55 15 sam-

64 1051 280 27 manjemkuingsförslaget.
375 1051 40 20 Att
438 1051 130 21 Ständernas
591 1051 130 26 Lagutskott
737 1051 67 20 skulle
820 1050 70 21 afvika

63 1079 47 21 frän
134 1080 69 20 denna
218 1082 52 18 utan
286 1079 71 21 tvifvel
374 1079 48 21 fullt
438 1080 78 25 riktiga
531 1080 79 26 praxis,
626 1079 55 21 hade
698 1085 48 15 man
761 1080 34 20 väl
811 1079 18 25 ej
846 1079 45 20 haft

64 1108 113 26 anledning
200 1110 32 18 att
255 1110 69 19 vänta.
360 1108 33 20 Dä
416 1108 118 21 emellertid
551 1108 23 20 sä
590 1108 63 26 skett,
670 1110 46 18 tror
728 1108 37 26 jag
781 1108 42 26 mig
838 1107 53 21 böra

64 1137 66 26 något
153 1138 98 20 närmare
275 1137 72 27 belysa
370 1137 59 20 detta
445 1137 164 26 Lagutskottets
625 1136 105 26 märkliga
745 1136 83 26 förslag.
858 1136 33 20 De

65 1166 139 20 medlemmar
227 1166 21 20 af
268 1166 117 24 Utskottet,
409 1165 82 21 hvilkas
507 1165 55 27 äsigt
578 1172 75 20 genom
670 1165 96 26 slumpen
780 1165 41 21 fätt
835 1164 58 26 gälla

68 1194 68 20 såsom
161 1194 168 26 Lagutskottets,
346 1194 63 20 hafva
424 1194 106 21 förklarat
545 1194 32 26 sig
592 1200 52 14 vara
659 1194 49 20 fullt
724 1200 49 15 ense
789 1200 34 14 om
839 1199 52 19 upp-

64 1223 126 26 fattningen,
213 1225 32 19 att
261 1225 31 19 ett
307 1222 296 27 sammanjemkningsförslag
618 1223 7 20 i
641 1222 60 27 fräga
717 1228 33 15 om
766 1222 90 26 ändring
871 1221 23 21 af

65 1252 34 25 lag
115 1251 39 21 bör
169 1251 80 27 byggas
264 1252 27 25 pä
307 1252 40 20 den
363 1252 40 26 lag,
420 1258 45 14 som
482 1252 32 20 för
529 1252 59 20 tiden
604 1252 73 26 gäller.
694 1251 48 20 Men
758 1251 63 21 dessa
835 1250 57 20 med-

65 1280 89 20 lemmar
176 1280 64 20 hafva
261 1280 26 26 pä
309 1286 81 14 samma
411 1280 56 26 gäng
483 1280 79 20 uttalat
578 1280 40 21 den
634 1280 91 26 mening,
741 1282 31 18 att
788 1280 40 20 den
843 1278 49 21 näd.

65 1314 59 21 prop.
150 1315 33 14 om
208 1315 75 15 ansvar
299 1309 32 21 för
345 1309 98 26 yppande
459 1309 24 21 af
496 1308 196 27 statshemligheter
714 1308 55 21 afser
785 1308 107 26 regleran-

66 1338 35 20 det
124 1337 22 21 af
167 1337 154 26 förhällanden,
337 1337 71 21 hvilka
424 1337 77 21 hittills
516 1338 47 20 icke
579 1338 55 20 varit
649 1343 76 21 genom
741 1338 34 25 lag
792 1336 100 22 ordnade.

64 1365 34 21 Dä
126 1366 82 20 säledes
235 1365 238 27 författningsförslaget
498 1366 103 20 innebure
627 1372 25 14 en
668 1365 44 21 helt
729 1366 39 20 och
783 1365 66 21 hället
865 1370 26 20 ny

64 1394 103 27 lagfräga,
192 1395 65 21 borde
279 1407 27 2 —
325 1394 24 21 sä
365 1394 62 21 hafva
444 1394 61 21 dessa
520 1394 234 21 utskottsmedlemmar
768 1395 125 19 resonnerat

65 1436 27 2 —
109 1423 32 21 till
156 1423 69 26 grund
241 1423 32 21 för
288 1423 231 26 sammanjemkningen
531 1424 73 25 läggas
614 1423 26 21 de
649 1422 77 22 Ständs
735 1422 76 26 beslut,
821 1422 72 21 hvilka

65 1453 54 19 mest
135 1453 74 19 närma
225 1452 31 26 sig
271 1452 40 20 den
327 1452 47 21 nåd.
391 1458 60 20 prop.
478 1452 31 20 På
525 1452 62 20 dessa
604 1452 45 20 skäl
665 1451 127 21 framträder
807 1457 29 14 nu
851 1449 40 22 Ut-

65 1480 92 21 skottets
180 1480 79 26 förslag
281 1481 7 20 i
304 1486 25 15 en
349 1480 61 24 form,
427 1486 52 18 som,
496 1480 48 21 med
560 1486 25 15 en
601 1480 82 20 mindre
699 1479 153 25 modifikation,
868 1480 25 18 är

64 1508 131 27 fullkomligt
211 1508 230 22 öfverensstämmande
457 1510 47 20 med
520 1509 83 21 Preste-
619 1508 39 22 och
670 1508 174 21 Bondeständens
856 1507 37 21 be-
