1109 1736
376 114 45 20 Lag
433 118 32 12 om
478 114 128 20 aktiebolag.
837 107 42 21 03

79 195 41 27 Jag
138 195 38 21 ber
191 194 32 21 för
239 194 64 27 öfrigt
318 193 21 22 få
355 194 88 26 tillägga
458 196 33 19 ett
506 194 54 24 skäl,
576 194 85 21 utöfver
678 193 54 21 hvad
745 194 38 28 jag
798 193 57 21 förut
870 198 39 15 an-

80 223 44 22 fört
147 224 58 20 emot
227 222 104 27 förslaget
352 222 21 21 af
395 225 31 19 ett
441 222 69 27 dylikt
525 222 122 26 alternativ,
664 222 105 27 nämligen
785 224 32 18 att
833 228 33 14 om
882 227 27 15 en

80 252 56 26 gång
156 251 157 27 granskningen
334 250 23 22 af
379 251 134 26 aktiebolags
535 251 71 26 tegler
629 251 46 21 icke
699 251 73 21 vidare
787 250 56 21 skall
858 256 51 14 vara

80 280 133 22 förbehällen
236 279 99 26 Senaten,
352 281 51 19 utan
419 280 112 21 stiftarene
546 280 23 20 af
582 279 123 27 aktiebolag
720 279 99 21 hänvisas
835 278 32 21 till
883 284 26 15 en

80 308 150 21 underordnad
253 308 131 27 myndighet,
408 308 23 21 sä
454 308 39 21 bör
516 308 47 21 icke
581 308 74 21 vidare
670 308 60 21 detta
745 307 127 27 tillgörande
888 306 23 21 af

81 337 41 22 den
144 337 163 20 underordnade
330 337 150 26 myndigheten
499 337 116 20 betecknas
631 343 45 14 som
693 343 26 14 en
735 336 128 27 befogenhet
878 337 32 19 att

82 365 105 22 stadfästa
207 365 52 21 eller
281 365 78 27 bevilja
379 366 132 25 koncession,
532 367 52 19 utan
601 365 26 21 dä
642 365 40 21 har
697 371 49 15 man
761 364 46 22 frän
823 364 87 21 konces-

83 395 160 26 sionssystemet
257 394 90 21 kommit
362 393 31 22 till
409 394 282 27 inregistreringssystemet.

152 451 31 21 Hr
206 451 25 21 V.
255 457 39 14 von
317 451 182 21 Haartman:
522 451 41 26 Jag
578 451 79 21 förstär
671 451 47 21 icke
734 451 74 26 riktigt
824 451 31 20 Hr
869 455 42 16 von

84 480 119 27 Knorrings
219 481 84 20 senaste
319 480 106 26 yttrande.
456 479 37 22 Uti
509 480 37 21 sitt
562 480 128 26 föregående
705 479 111 22 uttalande
831 479 80 26 yrkade

84 508 42 22 han
148 508 28 27 på
197 510 31 19 ett
251 509 73 26 tillägg
344 508 33 21 till
392 508 11 27 $
421 509 18 25 1,
455 508 80 21 hvilket
551 509 74 26 tillägg
641 509 74 25 skulle,
732 507 54 22 efter
799 507 54 21 hvad
869 507 42 21 han

84 537 116 26 föreslagit,
223 537 85 21 komma
328 537 54 21 efter
397 537 26 20 de
440 537 51 21 sista
507 537 67 21 orden
591 537 6 21 i
613 537 11 27 $
640 537 39 21 hos
695 537 116 24 ,,Senatens
827 537 85 19 Ekono-

84 566 202 25 miedepartement*
310 565 40 21 och
366 566 59 25 lyda:
449 565 62 26 ,eller
527 572 70 14 annan
614 565 22 21 af
650 565 89 26 Kejserl.
757 565 91 20 Senaten
865 565 46 20 der-

84 594 33 21 till
133 593 116 22 förordnad
265 593 144 27 myndighet*,
426 593 18 21 d.
461 599 18 15 v.
496 600 15 14 s.
530 594 31 21 Hr
575 600 39 15 von
631 594 106 26 Knorring
753 593 38 21 har
801 592 111 27 uttryckli-

84 629 40 20 gen
139 623 116 26 föreslagit,
271 625 32 18 att
318 622 89 27 Kejserl.
425 622 92 21 Senaten
533 623 71 20 kunde
620 623 101 20 förordna
737 629 25 14 en
773 628 69 15 annan
855 627 58 21 myn-

86 651 70 27 dighet
180 653 33 19 att
235 651 117 21 verkställa
375 651 40 21 den
438 651 163 26 ifrågavarande
617 651 132 26 pröfningen.
780 651 40 21 Vid
837 650 76 21 sådant

85 679 134 22 förhällande
241 679 68 22 mäste
331 679 37 27 jag
383 679 132 22 fortfarande
531 687 52 14 vara
599 686 49 15 ense
664 680 48 21 med
729 679 56 21 Frih.
800 685 40 15 von
855 679 58 20 Troil

86 708 40 21 och
141 709 114 20 instämma
270 709 5 20 i
291 708 53 21 hans
359 709 107 26 yttrande.

154 765 32 22 Hr
201 765 25 21 A.
243 765 23 21 L.
282 771 41 15 von
339 765 156 26 Knorring:
515 765 107 21 Eftersom
639 765 40 21 den
695 765 22 20 af
732 765 41 26 mig
789 764 126 22 framstälda

87 794 164 27 formuleringen
264 793 64 22 väckt
343 794 23 21 sä
382 794 88 27 mycken
480 794 191 26 uppmärksamhet
686 793 39 22 och
739 794 36 26 jag
791 794 46 21 icke
852 793 63 27 hyser

87 823 69 26 nägon
172 822 92 22 särskild
281 822 87 26 önskan,
385 825 32 18 att
433 823 40 20 den
489 822 54 21 skall
561 822 66 21 blifva
641 823 106 26 gällande,
761 822 26 21 dä
803 829 26 14 en
844 828 71 14 annan

86 851 139 26 formulering
247 851 100 26 möjligen
371 851 68 21 blifvit
455 851 120 26 föreslagen
591 851 6 21 i
614 851 65 27 något
694 851 23 21 af
730 851 25 21 de
771 852 66 20 andra
853 850 62 21 Stän-

88 880 46 27 den,
157 879 23 21 sä
201 880 38 20 ber
257 880 36 26 jag
309 881 32 19 att
356 878 21 22 fä
392 879 97 27 ätertaga
505 880 104 25 förslaget
623 880 33 20 till
672 879 138 27 formulering
826 880 39 20 och
881 885 35 15 en-

88 908 48 21 dast
150 908 54 27 yrka
219 908 28 26 pä
261 908 123 21 äterremiss
399 908 7 20 i
422 908 36 21 det
473 908 23 21 af
510 908 43 27 mig
568 908 114 21 förordade
698 908 60 26 syfte.

359 994 292 27 Omröstningsproposition:

158 1051 53 26 Den,
228 1057 45 15 som
288 1051 123 26 godkänner
427 1051 11 27 $
455 1053 9 19 1
483 1051 66 26 enligt
565 1051 123 21 Utskottets
703 1051 85 27 förslag,
805 1053 70 19 röstar
883 1051 34 27 ja;

158 1107 42 22 blir
222 1108 34 26 nej
279 1107 162 28 öfvervägande,
458 1107 169 22 äterremitteras
643 1108 33 27 $:n
693 1108 32 21 till
740 1107 111 22 Utskottet
865 1108 6 21 i
888 1107 30 22 af-

90 1136 78 21 seende
191 1137 12 20 ä
221 1137 110 20 införande
347 1137 45 20 deri
408 1137 22 20 af
444 1138 31 19 ett
491 1137 75 26 tillägg
580 1137 7 20 i
603 1136 36 21 det
655 1137 53 26 syfte
724 1137 32 21 Hr
771 1137 148 26 Montgomery

90 1164 117 27 föreslagit.

161 1222 34 21 Då
211 1222 159 26 omröstningen
383 1222 62 21 utföll
460 1222 49 21 med
525 1222 27 22 39
566 1222 23 27 ja
604 1222 40 21 och
660 1222 25 21 31
702 1222 41 27 nej,
759 1222 54 22 hade
828 1222 25 21 R.
865 1228 18 14 o.
895 1222 24 20 A.

91 1250 89 22 sälunda
194 1251 97 27 godkänt
306 1252 10 24 $
333 1252 9 20 1
361 1251 66 25 enligt
442 1250 123 22 Utskottets
579 1250 88 28 förslag.

160 1308 26 26 $$
202 1308 56 21 2—4
272 1308 90 26 gillades
378 1309 50 19 utan
445 1307 147 27 anmärkning.

161 1364 114 27 Angående
293 1365 13 26 8
321 1365 13 21 5
350 1365 85 27 yttrade

162 1422 32 21 Hr
208 1422 25 21 R.
249 1428 41 15 von
305 1422 178 21 Haartman:
500 1422 37 21 Uti
553 1422 70 21 denna
638 1422 11 27 $
665 1424 24 19 är
705 1422 36 21 det
752 1422 169 27 aktiekapitalet,

94 1457 45 15 som
162 1450 135 26 bestämmer,
316 1457 35 14 om
367 1450 58 21 aktie
440 1451 33 21 får
488 1451 125 26 understiga
630 1451 41 20 100
686 1451 68 20 mark.
784 1451 33 21 Då
833 1451 38 20 hos
887 1456 35 15 oss

93 1479 66 21 redan
180 1478 67 21 finnes
271 1478 78 27 mänga
371 1479 70 26 bolag,
463 1481 14 18 t.
495 1485 30 14 ex.
541 1479 139 26 mejeribolag
695 1479 27 26 pä
737 1479 80 26 landet,
833 1479 37 21 der
886 1479 37 20 det

93 1511 23 17 är
135 1507 23 21 af
172 1507 44 26 vigt
231 1508 32 20 att
278 1507 110 21 aktiernas
404 1507 77 27 belopp
497 1506 33 22 fär
545 1514 52 14 vara
612 1507 24 21 sä
651 1508 60 26 ringa
727 1513 44 16 som
787 1507 88 27 möjligt,
892 1506 31 22 äf-
