1109 1742
236 110 40 21 780
477 116 25 16 R.
516 120 17 12 o.
545 116 23 16 A.
581 116 58 17 1894.
664 116 27 16 24
703 115 63 22 April.

476 224 282 27 Omröstningsproposition
766 230 5 14 :

273 298 53 26 Den,
350 305 44 15 som
417 298 35 22 vill
475 298 115 27 godkänna
609 298 123 22 Utskottets
754 298 111 22 uttalande
886 298 6 21 i
908 298 68 21 denna
992 297 40 26 del,

205 326 76 22 sädant
296 327 36 21 det
346 327 120 27 föreligger,
483 333 74 15 svarar
571 327 32 27 ja;

274 401 40 21 blir
329 402 33 26 nej
379 401 162 27 öfvervägande,
557 401 41 21 bör
612 402 7 20 i
634 401 154 27 sammanhang
800 402 48 20 med
856 402 59 20 detta
922 401 111 21 uttalande

204 430 123 21 framhållas
357 430 147 26 önskligheten
528 429 62 21 deraf
612 432 32 19 att
667 430 86 27 uppköp
777 430 23 22 af
814 430 218 27 kronoskogsmarker

204 459 32 21 för
252 459 93 21 kronans
360 459 90 27 räkning
466 459 46 21 äter
527 460 112 25 upptages.

273 533 33 21 Dä
330 534 69 20 denna
424 540 60 20 prop.
512 533 127 21 besvarades
665 532 47 22 med
736 532 155 27 öfvervägande
913 532 40 27 nej,
977 532 54 22 hade

203 562 24 20 R.
243 568 18 14 o.
279 563 23 19 A.
319 562 88 21 beslutit
422 564 32 19 att
469 562 6 21 i
491 562 121 21 uttalandet
628 568 34 14 om
678 561 28 21 de
721 561 7 21 i
744 562 66 20 slutet
824 560 24 22 af
855 561 175 21 Statsutskottets

203 590 133 22 betänkande
359 591 92 21 berörda
473 590 69 27 öfriga
564 590 76 22 fonder
658 590 68 21 skulle
744 592 64 24 göras
824 592 31 19 ett
870 590 73 27 tillägg
958 590 7 20 i
980 596 50 21 nyss

204 618 136 22 omförmäldt
355 619 107 21 afseende.

272 693 9 21 I
297 693 135 22 äterstäende
455 693 59 21 delar
536 693 70 21 blefvo
628 693 178 21 Statsutskottets
821 694 123 20 uttalanden
962 693 70 22 äfven-

204 728 43 15 som
264 722 230 27 resolutionsförslaget
509 722 27 26 pä
552 722 38 21 sid.
604 722 26 21 58
643 724 53 19 utan
712 722 140 26 anmärkning
866 722 85 27 gillade.

272 802 80 22 Härom
368 803 66 21 borde
457 803 165 22 Statsutskottet
642 804 55 20 samt
712 802 140 22 Medständen
868 808 75 21 genom
959 803 72 25 proto-

202 830 133 28 kollsutdrag
351 832 142 20 underrättas.

429 1003 146 28 Uppenbarande
591 1003 20 23 af
625 1003 182 28 statshemligheter.

271 1077 41 21 Till
328 1077 59 22 detta
403 1078 83 26 plenum
503 1078 54 21 hade
574 1077 110 28 bordlagts
700 1078 39 21 och
753 1078 111 26 föredrogs

271 1152 163 26 Lagutskottets
456 1152 133 21 betänkande
611 1151 39 22 N:o
672 1153 13 20 4
709 1152 5 21 i
738 1151 113 26 anledning
871 1151 23 21 af
908 1151 47 20 näd.
971 1157 59 20 prop.

202 1180 39 21 N:o
259 1181 32 21 13,
308 1181 109 26 angående
432 1187 76 14 ansvar
524 1181 32 20 för
572 1181 166 26 uppenbarande
753 1179 24 22 af
790 1179 200 27 statshemligheter.

272 1254 29 21 På
316 1254 100 21 anhållan
439 1254 23 21 af
481 1254 57 21 Frih.
562 1261 39 14 von
618 1255 75 20 Born
709 1256 56 19 samt
780 1254 43 21 Hrr
838 1254 23 21 L.
878 1253 152 22 Mechelin

201 1282 40 21 och
257 1282 24 21 V.
297 1289 41 15 von
364 1283 163 21 Haartman
550 1283 80 21 beslöts
652 1285 33 19 att
700 1283 124 26 ytterligare
839 1282 117 27 bordlägga
971 1282 59 21 detta

202 1311 134 21 betänkande
352 1312 32 21 till
400 1313 61 19 nästa
476 1312 92 26 plenum.
