1106 1739
243 120 93 21 Qvinnas
348 122 43 16 rätt
403 121 32 16 att
447 119 80 19 erhålla
538 120 164 21 läraretjenster.
811 114 41 21 535

132 200 58 22 Frih.
211 200 25 22 R.
260 200 25 21 A.
306 200 104 21 Wrede:
434 200 34 21 Då
487 200 37 22 det
539 200 73 21 försök
627 200 32 22 till
675 206 27 21 ny
717 200 139 26 formulering
869 198 24 22 af

64 228 26 22 R.
113 236 19 15 o.
154 229 39 21 A:s
208 228 76 28 beslut,
302 234 45 16 som
362 228 40 21 här
415 228 69 28 gjorts
499 229 23 21 af
535 228 57 22 Frih.
608 235 41 15 von
661 228 140 27 Willebrand,
817 228 75 22 vunnit

64 258 125 25 understöd,
212 257 24 21 sä
256 257 38 22 ber
307 257 37 27 jag
358 256 22 22 få
395 259 103 19 motsätta
513 258 42 26 mig
571 258 125 20 detsamma.
725 257 42 27 Jag
781 263 63 15 anser
859 258 32 20 att

65 286 37 22 det
116 292 51 16 vore
182 286 81 21 mindre
278 285 125 23 välbetänkt
417 285 22 22 af
454 286 25 21 R.
496 292 18 15 o.
532 286 23 21 A.
571 288 33 19 att
619 292 28 15 nu
657 286 67 21 binda
734 286 32 27 sig
779 286 34 21 vid
822 286 69 21 denna

64 314 146 28 formulering,
233 320 45 16 som
300 316 24 20 är
346 314 131 22 tillkommen
500 314 7 22 i
529 314 44 22 lika
591 316 46 20 stor
651 314 50 22 hast
715 321 46 15 som
777 314 57 22 Frih.
850 320 41 16 von

65 343 133 22 Willebrand
220 342 66 28 ansäg
306 343 41 21 den
362 342 139 28 formulering
515 349 58 19 vara,
589 349 35 15 om
636 343 86 21 hvilken
734 344 25 20 R.
774 350 19 14 o.
811 343 25 21 A.
852 343 41 21 sist

65 372 102 22 förenade
190 372 38 26 sig,
248 372 39 20 och
302 378 63 15 anser
377 372 36 26 jag
429 372 36 21 det
481 372 71 21 derför
567 378 52 14 vara
635 372 48 21 vida
698 372 71 21 bättre
786 378 34 15 om
835 372 56 21 äter-

65 401 103 49 romissen
188 400 34 21 får
244 406 26 15 en
292 406 58 16 mera
372 400 79 22 allmän
473 400 61 25 form,
556 400 71 22 såsom
647 400 36 27 jag
702 406 49 22 nyss
767 400 55 22 hade
837 402 52 20 äran

76 436 75 15 Oresiä.

335 514 282 27 Omröstningsproposition
624 522 5 14 ;

136 572 54 26 Den,
202 578 45 15 som
262 571 123 27 godkänner
400 571 121 21 Utskottets
537 571 302 27 sammanjemkningsförslag,
857 572 36 20 rö-

68 602 44 20 star
122 600 34 27 ja;

137 658 47 25 den,
200 658 37 20 det
251 657 47 21 icke
311 659 47 25 gör,
374 658 69 20 röstar
458 657 45 26 nej;

137 714 41 22 blir
198 714 34 27 nej
248 714 159 26 öfvervägande,
423 714 168 21 äterremitteras
607 714 88 22 ärendet
710 714 32 21 till
758 714 111 22 Utskottet
884 714 7 21 i

68 743 100 22 afseende
190 744 13 21 å
221 743 137 28 uppgörande
374 743 22 22 af
409 745 47 25 nytt
471 743 295 27 sammanjemkningsförslag
780 742 29 28 pä
823 742 69 28 grund

68 771 24 22 af
111 773 25 20 R.
156 778 19 15 o.
192 772 37 21 A:s
244 772 57 21 förut
316 771 6 22 i
337 772 65 21 saken
417 772 83 21 fattade
515 772 70 21 beslut
601 772 47 21 med
662 771 98 28 möjligen
775 772 66 27 nödig
856 777 37 16 an-

68 801 52 22 sedd
136 801 162 26 omredigering.

137 857 163 26 Propositionen
321 857 128 21 besvarades
472 858 47 21 med
543 857 154 27 öfvervägande
720 857 33 28 nej
777 857 40 22 och
836 857 55 22 hade

68 886 26 21 R.
110 892 19 15 o.
144 886 25 21 A.
187 885 82 22 säledes
284 885 88 22 beslutit
387 886 6 20 i
409 892 48 20 nyss
473 886 138 21 omförmäldt
624 886 99 21 afseende
735 886 159 22 äterremittera

68 914 162 27 ifrägavarande
246 915 77 20 ärende
339 914 32 21 till
387 914 113 21 Allmänna
515 915 202 21 Besvärsutskottet.

138 943 80 21 Härom
234 943 67 21 skulle
317 943 91 21 nämnda
423 942 89 22 Utskott
527 943 40 21 och
582 943 140 22 Medständen
737 943 28 28 pä
779 943 60 27 öfligt
851 945 44 19 sätt

69 972 143 21 underrättas.

329 1115 110 28 Flyttnings-
455 1114 34 23 och
506 1115 133 28 arbetsbetyg.

138 1171 56 21 Från
217 1171 210 22 Ekonomiutskottet
449 1171 54 22 hade
522 1172 111 21 inkommit
649 1178 26 15 en
691 1171 110 22 skrifvelse
817 1171 24 21 af
854 1171 40 21 föl-

68 1200 64 27 jande
145 1200 105 21 innehåll:

236 1285 41 22 Till
292 1285 119 27 Höglofliga
425 1285 157 27 Ridderskapet
597 1285 40 22 och
653 1285 75 22 Adeln.

138 1342 30 21 Af
181 1343 211 21 Ekonomiutskottet
408 1343 182 21 tillhandakomna
603 1343 196 27 protokollsutdrag
809 1343 48 21 från
868 1343 27 20 de

70 1371 69 21 skilda
154 1371 95 22 Stånden
265 1371 39 21 har
319 1371 110 22 Utskottet
444 1371 111 26 inhemtat,
566 1373 32 19 att
609 1371 34 21 vid
654 1371 156 27 behandlingen
821 1371 23 21 af
853 1371 41 21 Ut-

71 1400 91 22 skottets
178 1400 135 22 betänkande
328 1400 40 21 N:o
384 1400 12 21 3
412 1400 48 21 med
475 1400 114 26 anledning
604 1399 23 22 af
641 1402 31 19 ett
687 1400 57 22 inom
759 1399 134 23 Prestestån-

71 1429 36 21 det
129 1429 62 21 väckt
213 1428 79 27 förslag
314 1428 32 22 till
362 1429 95 26 petition,
474 1428 91 22 rörande
580 1429 57 20 vissa
651 1428 148 27 förändringar
815 1429 6 21 i
837 1428 27 28 $$
881 1430 10 19 1

71 1457 40 21 och
126 1458 12 20 2
154 1457 23 21 af
190 1457 84 27 Nådiga
288 1458 146 25 Kungörelsen
451 1457 22 21 af
487 1457 40 21 den
545 1458 25 20 17
583 1457 58 21 Mars
654 1458 54 20 1879
719 1457 108 27 angående
836 1457 58 26 flytt-

70 1486 50 26 ning
143 1485 47 21 från
213 1492 25 15 en
261 1486 123 27 församling
399 1486 32 20 till
447 1492 70 14 annan
533 1488 55 18 samt
604 1492 34 14 om
654 1486 167 21 arbetssökande
835 1486 58 20 inom

71 1514 39 21 och
126 1516 59 19 utom
200 1514 96 26 Finland,
