<?xml version="1.0" encoding="UTF-8"?>
<alto xmlns="http://www.loc.gov/standards/alto/ns-v3#" xmlns:xlink="http://www.w3.org/1999/xlink" xmlns:xsi="http://www.w3.org/2001/XMLSchema-instance" xsi:schemaLocation="http://www.loc.gov/standards/alto/ns-v3# http://www.loc.gov/alto/v3/alto-3-0.xsd">
	<Description>
		<MeasurementUnit>pixel</MeasurementUnit>
		<sourceImageInformation>
			<fileName>/tmp/tess_pevakm8b_input.PNG</fileName>
		</sourceImageInformation>
		<OCRProcessing ID="OCR_0">
			<ocrProcessingStep>
				<processingSoftware>
					<softwareName>tesseract 5.3.4</softwareName>
				</processingSoftware>
			</ocrProcessingStep>
		</OCRProcessing>
	</Description>
	<Layout>
		<Page WIDTH="1109" HEIGHT="1739" PHYSICAL_IMG_NR="0" ID="page_0">
			<PrintSpace HPOS="0" VPOS="0" WIDTH="1109" HEIGHT="1739">
				<ComposedBlock ID="cblock_0" HPOS="405" VPOS="109" WIDTH="481" HEIGHT="33">
					<TextBlock ID="block_0" HPOS="405" VPOS="109" WIDTH="481" HEIGHT="33">
						<TextLine ID="line_0" HPOS="405" VPOS="109" WIDTH="481" HEIGHT="33">
							<String ID="string_0" HPOS="405" VPOS="109" WIDTH="202" HEIGHT="33" WC="0.90" CONTENT="Finansrelationen."/><SP WIDTH="239" VPOS="109" HPOS="607"/>
							<String ID="string_1" HPOS="846" VPOS="111" WIDTH="40" HEIGHT="20" WC="0.94" CONTENT="749"/>
						</TextLine>
					</TextBlock>
				</ComposedBlock>
				<GraphicalElement ID="cblock_1" HPOS="91" VPOS="150" WIDTH="820" HEIGHT="5"></GraphicalElement >
				<ComposedBlock ID="cblock_2" HPOS="86" VPOS="196" WIDTH="831" HEIGHT="457">
					<TextBlock ID="block_1" HPOS="86" VPOS="196" WIDTH="831" HEIGHT="457">
						<TextLine ID="line_1" HPOS="87" VPOS="196" WIDTH="829" HEIGHT="27">
							<String ID="string_2" HPOS="87" VPOS="196" WIDTH="100" HEIGHT="21" WC="0.96" CONTENT="ändamål"/><SP WIDTH="16" VPOS="196" HPOS="187"/>
							<String ID="string_3" HPOS="203" VPOS="196" WIDTH="101" HEIGHT="21" WC="0.95" CONTENT="anskaffa."/><SP WIDTH="30" VPOS="196" HPOS="304"/>
							<String ID="string_4" HPOS="334" VPOS="196" WIDTH="95" HEIGHT="21" WC="0.95" CONTENT="Sålunda"/><SP WIDTH="16" VPOS="196" HPOS="429"/>
							<String ID="string_5" HPOS="445" VPOS="196" WIDTH="40" HEIGHT="21" WC="0.96" CONTENT="har"/><SP WIDTH="15" VPOS="196" HPOS="485"/>
							<String ID="string_6" HPOS="500" VPOS="198" WIDTH="70" HEIGHT="19" WC="0.96" CONTENT="staten"/><SP WIDTH="15" VPOS="198" HPOS="570"/>
							<String ID="string_7" HPOS="585" VPOS="196" WIDTH="33" HEIGHT="21" WC="0.96" CONTENT="för"/><SP WIDTH="16" VPOS="196" HPOS="618"/>
							<String ID="string_8" HPOS="634" VPOS="196" WIDTH="70" HEIGHT="21" WC="0.96" CONTENT="denna"/><SP WIDTH="15" VPOS="196" HPOS="704"/>
							<String ID="string_9" HPOS="719" VPOS="197" WIDTH="61" HEIGHT="26" WC="0.96" CONTENT="ringa"/><SP WIDTH="15" VPOS="197" HPOS="780"/>
							<String ID="string_10" HPOS="795" VPOS="196" WIDTH="121" HEIGHT="27" WC="0.96" CONTENT="uppoffring"/>
						</TextLine>
						<TextLine ID="line_2" HPOS="87" VPOS="224" WIDTH="829" HEIGHT="28">
							<String ID="string_11" HPOS="87" VPOS="226" WIDTH="83" HEIGHT="20" WC="0.96" CONTENT="kunnat"/><SP WIDTH="22" VPOS="226" HPOS="170"/>
							<String ID="string_12" HPOS="192" VPOS="225" WIDTH="84" HEIGHT="27" WC="0.96" CONTENT="grunda"/><SP WIDTH="22" VPOS="225" HPOS="276"/>
							<String ID="string_13" HPOS="298" VPOS="231" WIDTH="26" HEIGHT="15" WC="0.95" CONTENT="en"/><SP WIDTH="23" VPOS="231" HPOS="324"/>
							<String ID="string_14" HPOS="347" VPOS="224" WIDTH="70" HEIGHT="22" WC="0.93" CONTENT="direkt"/><SP WIDTH="23" VPOS="224" HPOS="417"/>
							<String ID="string_15" HPOS="440" VPOS="224" WIDTH="148" HEIGHT="27" WC="0.91" CONTENT="ångbåtslinie,"/><SP WIDTH="22" VPOS="224" HPOS="588"/>
							<String ID="string_16" HPOS="610" VPOS="225" WIDTH="63" HEIGHT="21" WC="0.96" CONTENT="hvars"/><SP WIDTH="23" VPOS="225" HPOS="673"/>
							<String ID="string_17" HPOS="696" VPOS="225" WIDTH="109" HEIGHT="27" WC="0.96" CONTENT="betydelse"/><SP WIDTH="15" VPOS="225" HPOS="805"/>
							<String ID="string_18" HPOS="820" VPOS="224" WIDTH="34" HEIGHT="22" WC="0.96" CONTENT="för"/><SP WIDTH="15" VPOS="224" HPOS="854"/>
							<String ID="string_19" HPOS="869" VPOS="224" WIDTH="47" HEIGHT="21" WC="0.96" CONTENT="vårt"/>
						</TextLine>
						<TextLine ID="line_3" HPOS="88" VPOS="253" WIDTH="828" HEIGHT="27">
							<String ID="string_20" HPOS="88" VPOS="254" WIDTH="62" HEIGHT="21" WC="0.96" CONTENT="lands"/><SP WIDTH="22" VPOS="254" HPOS="150"/>
							<String ID="string_21" HPOS="172" VPOS="254" WIDTH="77" HEIGHT="20" WC="0.95" CONTENT="handel"/><SP WIDTH="24" VPOS="254" HPOS="249"/>
							<String ID="string_22" HPOS="273" VPOS="256" WIDTH="98" HEIGHT="23" WC="0.95" CONTENT="nogsamt"/><SP WIDTH="21" VPOS="256" HPOS="371"/>
							<String ID="string_23" HPOS="392" VPOS="254" WIDTH="54" HEIGHT="20" WC="0.96" CONTENT="skall"/><SP WIDTH="20" VPOS="254" HPOS="446"/>
							<String ID="string_24" HPOS="466" VPOS="255" WIDTH="52" HEIGHT="25" WC="0.96" CONTENT="göra"/><SP WIDTH="22" VPOS="255" HPOS="518"/>
							<String ID="string_25" HPOS="540" VPOS="254" WIDTH="32" HEIGHT="26" WC="0.96" CONTENT="sig"/><SP WIDTH="22" VPOS="254" HPOS="572"/>
							<String ID="string_26" HPOS="594" VPOS="254" WIDTH="106" HEIGHT="26" WC="0.95" CONTENT="gällande."/><SP WIDTH="31" VPOS="254" HPOS="700"/>
							<String ID="string_27" HPOS="731" VPOS="253" WIDTH="75" HEIGHT="21" WC="0.72" CONTENT="Såsom"/><SP WIDTH="17" VPOS="253" HPOS="806"/>
							<String ID="string_28" HPOS="823" VPOS="260" WIDTH="24" HEIGHT="14" WC="0.96" CONTENT="en"/><SP WIDTH="17" VPOS="260" HPOS="847"/>
							<String ID="string_29" HPOS="864" VPOS="254" WIDTH="52" HEIGHT="20" WC="0.96" CONTENT="liten"/>
						</TextLine>
						<TextLine ID="line_4" HPOS="89" VPOS="282" WIDTH="827" HEIGHT="27">
							<String ID="string_30" HPOS="89" VPOS="282" WIDTH="111" HEIGHT="27" WC="0.96" CONTENT="belysning"/><SP WIDTH="16" VPOS="282" HPOS="200"/>
							<String ID="string_31" HPOS="216" VPOS="282" WIDTH="67" HEIGHT="27" WC="0.96" CONTENT="deraf,"/><SP WIDTH="15" VPOS="282" HPOS="283"/>
							<String ID="string_32" HPOS="298" VPOS="282" WIDTH="55" HEIGHT="21" WC="0.96" CONTENT="huru"/><SP WIDTH="16" VPOS="282" HPOS="353"/>
							<String ID="string_33" HPOS="369" VPOS="282" WIDTH="57" HEIGHT="21" WC="0.96" CONTENT="olika"/><SP WIDTH="16" VPOS="282" HPOS="426"/>
							<String ID="string_34" HPOS="442" VPOS="282" WIDTH="121" HEIGHT="26" WC="0.96" CONTENT="anspråken"/><SP WIDTH="11" VPOS="282" HPOS="563"/>
							<String ID="string_35" HPOS="574" VPOS="282" WIDTH="72" HEIGHT="21" WC="0.96" CONTENT="kunna"/><SP WIDTH="15" VPOS="282" HPOS="646"/>
							<String ID="string_36" HPOS="661" VPOS="289" WIDTH="52" HEIGHT="14" WC="0.96" CONTENT="vara"/><SP WIDTH="15" VPOS="289" HPOS="713"/>
							<String ID="string_37" HPOS="728" VPOS="282" WIDTH="27" HEIGHT="26" WC="0.93" CONTENT="på"/><SP WIDTH="11" VPOS="282" HPOS="755"/>
							<String ID="string_38" HPOS="766" VPOS="282" WIDTH="150" HEIGHT="21" WC="0.91" CONTENT="subventione-"/>
						</TextLine>
						<TextLine ID="line_5" HPOS="87" VPOS="310" WIDTH="829" HEIGHT="27">
							<String ID="string_39" HPOS="87" VPOS="311" WIDTH="47" HEIGHT="26" WC="0.96" CONTENT="ring"/><SP WIDTH="15" VPOS="311" HPOS="134"/>
							<String ID="string_40" HPOS="149" VPOS="310" WIDTH="34" HEIGHT="22" WC="0.96" CONTENT="för"/><SP WIDTH="17" VPOS="310" HPOS="183"/>
							<String ID="string_41" HPOS="200" VPOS="311" WIDTH="72" HEIGHT="26" WC="0.96" CONTENT="dylika"/><SP WIDTH="14" VPOS="311" HPOS="272"/>
							<String ID="string_42" HPOS="286" VPOS="310" WIDTH="91" HEIGHT="27" WC="0.95" CONTENT="företag,"/><SP WIDTH="11" VPOS="310" HPOS="377"/>
							<String ID="string_43" HPOS="388" VPOS="310" WIDTH="34" HEIGHT="21" WC="0.96" CONTENT="må"/><SP WIDTH="12" VPOS="310" HPOS="422"/>
							<String ID="string_44" HPOS="434" VPOS="311" WIDTH="38" HEIGHT="26" WC="0.96" CONTENT="jag"/><SP WIDTH="16" VPOS="311" HPOS="472"/>
							<String ID="string_45" HPOS="488" VPOS="310" WIDTH="80" HEIGHT="24" WC="0.96" CONTENT="anföra,"/><SP WIDTH="16" VPOS="310" HPOS="568"/>
							<String ID="string_46" HPOS="584" VPOS="313" WIDTH="32" HEIGHT="19" WC="0.96" CONTENT="att"/><SP WIDTH="16" VPOS="313" HPOS="616"/>
							<String ID="string_47" HPOS="632" VPOS="311" WIDTH="138" HEIGHT="21" WC="0.96" CONTENT="medlemmar"/><SP WIDTH="16" VPOS="311" HPOS="770"/>
							<String ID="string_48" HPOS="786" VPOS="311" WIDTH="22" HEIGHT="21" WC="0.93" CONTENT="af"/><SP WIDTH="8" VPOS="311" HPOS="808"/>
							<String ID="string_49" HPOS="816" VPOS="311" WIDTH="100" HEIGHT="26" WC="0.91" CONTENT="Regerin-"/>
						</TextLine>
						<TextLine ID="line_6" HPOS="86" VPOS="339" WIDTH="830" HEIGHT="27">
							<String ID="string_50" HPOS="86" VPOS="346" WIDTH="42" HEIGHT="20" WC="0.96" CONTENT="gen"/><SP WIDTH="15" VPOS="346" HPOS="128"/>
							<String ID="string_51" HPOS="143" VPOS="340" WIDTH="7" HEIGHT="20" WC="0.92" CONTENT="i"/><SP WIDTH="17" VPOS="340" HPOS="150"/>
							<String ID="string_52" HPOS="167" VPOS="339" WIDTH="162" HEIGHT="27" WC="0.90" CONTENT="kejsaredömet,"/><SP WIDTH="20" VPOS="339" HPOS="329"/>
							<String ID="string_53" HPOS="349" VPOS="339" WIDTH="73" HEIGHT="21" WC="0.96" CONTENT="hvilka"/><SP WIDTH="15" VPOS="339" HPOS="422"/>
							<String ID="string_54" HPOS="437" VPOS="340" WIDTH="143" HEIGHT="20" WC="0.83" CONTENT="intresserade"/><SP WIDTH="15" VPOS="340" HPOS="580"/>
							<String ID="string_55" HPOS="595" VPOS="340" WIDTH="32" HEIGHT="26" WC="0.96" CONTENT="sig"/><SP WIDTH="15" VPOS="340" HPOS="627"/>
							<String ID="string_56" HPOS="642" VPOS="340" WIDTH="34" HEIGHT="20" WC="0.96" CONTENT="för"/><SP WIDTH="15" VPOS="340" HPOS="676"/>
							<String ID="string_57" HPOS="691" VPOS="340" WIDTH="148" HEIGHT="21" WC="0.95" CONTENT="etablerandet"/><SP WIDTH="15" VPOS="340" HPOS="839"/>
							<String ID="string_58" HPOS="854" VPOS="339" WIDTH="23" HEIGHT="21" WC="0.96" CONTENT="af"/><SP WIDTH="13" VPOS="339" HPOS="877"/>
							<String ID="string_59" HPOS="890" VPOS="345" WIDTH="26" HEIGHT="15" WC="0.96" CONTENT="en"/>
						</TextLine>
						<TextLine ID="line_7" HPOS="87" VPOS="368" WIDTH="829" HEIGHT="26">
							<String ID="string_60" HPOS="87" VPOS="368" WIDTH="67" HEIGHT="21" WC="0.96" CONTENT="sådan"/><SP WIDTH="24" VPOS="368" HPOS="154"/>
							<String ID="string_61" HPOS="178" VPOS="368" WIDTH="70" HEIGHT="21" WC="0.93" CONTENT="direkt"/><SP WIDTH="25" VPOS="368" HPOS="248"/>
							<String ID="string_62" HPOS="273" VPOS="368" WIDTH="221" HEIGHT="26" WC="0.89" CONTENT="ångbåtsförbindelse"/><SP WIDTH="22" VPOS="368" HPOS="494"/>
							<String ID="string_63" HPOS="516" VPOS="368" WIDTH="40" HEIGHT="21" WC="0.96" CONTENT="och"/><SP WIDTH="20" VPOS="368" HPOS="556"/>
							<String ID="string_64" HPOS="576" VPOS="368" WIDTH="75" HEIGHT="26" WC="0.96" CONTENT="gjorde"/><SP WIDTH="16" VPOS="368" HPOS="651"/>
							<String ID="string_65" HPOS="667" VPOS="368" WIDTH="31" HEIGHT="26" WC="0.96" CONTENT="sig"/><SP WIDTH="15" VPOS="368" HPOS="698"/>
							<String ID="string_66" HPOS="713" VPOS="368" WIDTH="153" HEIGHT="21" WC="0.96" CONTENT="underrättade"/><SP WIDTH="16" VPOS="368" HPOS="866"/>
							<String ID="string_67" HPOS="882" VPOS="374" WIDTH="34" HEIGHT="14" WC="0.96" CONTENT="om"/>
						</TextLine>
						<TextLine ID="line_8" HPOS="86" VPOS="396" WIDTH="829" HEIGHT="28">
							<String ID="string_68" HPOS="86" VPOS="397" WIDTH="43" HEIGHT="21" WC="0.96" CONTENT="den"/><SP WIDTH="23" VPOS="397" HPOS="129"/>
							<String ID="string_69" HPOS="152" VPOS="396" WIDTH="120" HEIGHT="28" WC="0.96" CONTENT="uppoffring"/><SP WIDTH="22" VPOS="396" HPOS="272"/>
							<String ID="string_70" HPOS="294" VPOS="396" WIDTH="60" HEIGHT="22" WC="0.96" CONTENT="detta"/><SP WIDTH="18" VPOS="396" HPOS="354"/>
							<String ID="string_71" HPOS="372" VPOS="396" WIDTH="33" HEIGHT="22" WC="0.96" CONTENT="för"/><SP WIDTH="15" VPOS="396" HPOS="405"/>
							<String ID="string_72" HPOS="420" VPOS="396" WIDTH="68" HEIGHT="22" WC="0.96" CONTENT="finska"/><SP WIDTH="16" VPOS="396" HPOS="488"/>
							<String ID="string_73" HPOS="504" VPOS="397" WIDTH="133" HEIGHT="21" WC="0.96" CONTENT="statskassan"/><SP WIDTH="17" VPOS="397" HPOS="637"/>
							<String ID="string_74" HPOS="654" VPOS="396" WIDTH="116" HEIGHT="26" WC="0.96" CONTENT="medförde,"/><SP WIDTH="16" VPOS="396" HPOS="770"/>
							<String ID="string_75" HPOS="786" VPOS="397" WIDTH="54" HEIGHT="21" WC="0.96" CONTENT="hade"/><SP WIDTH="16" VPOS="397" HPOS="840"/>
							<String ID="string_76" HPOS="856" VPOS="396" WIDTH="59" HEIGHT="21" WC="0.96" CONTENT="svårt"/>
						</TextLine>
						<TextLine ID="line_9" HPOS="86" VPOS="425" WIDTH="831" HEIGHT="27">
							<String ID="string_77" HPOS="86" VPOS="427" WIDTH="35" HEIGHT="19" WC="0.96" CONTENT="att"/><SP WIDTH="22" VPOS="427" HPOS="121"/>
							<String ID="string_78" HPOS="143" VPOS="425" WIDTH="60" HEIGHT="26" WC="0.96" CONTENT="fatta,"/><SP WIDTH="23" VPOS="425" HPOS="203"/>
							<String ID="string_79" HPOS="226" VPOS="426" WIDTH="56" HEIGHT="20" WC="0.96" CONTENT="huru"/><SP WIDTH="22" VPOS="426" HPOS="282"/>
							<String ID="string_80" HPOS="304" VPOS="432" WIDTH="48" HEIGHT="14" WC="0.94" CONTENT="man"/><SP WIDTH="19" VPOS="432" HPOS="352"/>
							<String ID="string_81" HPOS="371" VPOS="425" WIDTH="48" HEIGHT="21" WC="0.96" CONTENT="med"/><SP WIDTH="17" VPOS="425" HPOS="419"/>
							<String ID="string_82" HPOS="436" VPOS="425" WIDTH="24" HEIGHT="21" WC="0.96" CONTENT="så"/><SP WIDTH="15" VPOS="425" HPOS="460"/>
							<String ID="string_83" HPOS="475" VPOS="426" WIDTH="61" HEIGHT="26" WC="0.96" CONTENT="ringa"/><SP WIDTH="15" VPOS="426" HPOS="536"/>
							<String ID="string_84" HPOS="551" VPOS="426" WIDTH="121" HEIGHT="26" WC="0.95" CONTENT="uppoffring"/><SP WIDTH="14" VPOS="426" HPOS="672"/>
							<String ID="string_85" HPOS="686" VPOS="432" WIDTH="46" HEIGHT="14" WC="0.93" CONTENT="som"/><SP WIDTH="18" VPOS="432" HPOS="732"/>
							<String ID="string_86" HPOS="750" VPOS="426" WIDTH="90" HEIGHT="26" WC="0.92" CONTENT="100,000"/><SP WIDTH="16" VPOS="426" HPOS="840"/>
							<String ID="string_87" HPOS="856" VPOS="425" WIDTH="61" HEIGHT="21" WC="0.96" CONTENT="mark"/>
						</TextLine>
						<TextLine ID="line_10" HPOS="88" VPOS="454" WIDTH="828" HEIGHT="27">
							<String ID="string_88" HPOS="88" VPOS="454" WIDTH="7" HEIGHT="21" WC="0.96" CONTENT="i"/><SP WIDTH="23" VPOS="454" HPOS="95"/>
							<String ID="string_89" HPOS="118" VPOS="456" WIDTH="32" HEIGHT="19" WC="0.96" CONTENT="ett"/><SP WIDTH="21" VPOS="456" HPOS="150"/>
							<String ID="string_90" HPOS="171" VPOS="454" WIDTH="35" HEIGHT="21" WC="0.96" CONTENT="för"/><SP WIDTH="22" VPOS="454" HPOS="206"/>
							<String ID="string_91" HPOS="228" VPOS="455" WIDTH="30" HEIGHT="20" WC="0.96" CONTENT="alt"/><SP WIDTH="23" VPOS="455" HPOS="258"/>
							<String ID="string_92" HPOS="281" VPOS="460" WIDTH="37" HEIGHT="21" WC="0.96" CONTENT="per"/><SP WIDTH="22" VPOS="460" HPOS="318"/>
							<String ID="string_93" HPOS="340" VPOS="454" WIDTH="80" HEIGHT="26" WC="0.96" CONTENT="ångbåt"/><SP WIDTH="23" VPOS="454" HPOS="420"/>
							<String ID="string_94" HPOS="443" VPOS="454" WIDTH="71" HEIGHT="21" WC="0.96" CONTENT="kunde"/><SP WIDTH="20" VPOS="454" HPOS="514"/>
							<String ID="string_95" HPOS="534" VPOS="454" WIDTH="149" HEIGHT="21" WC="0.96" CONTENT="åstadkomma"/><SP WIDTH="15" VPOS="454" HPOS="683"/>
							<String ID="string_96" HPOS="698" VPOS="456" WIDTH="32" HEIGHT="19" WC="0.96" CONTENT="ett"/><SP WIDTH="15" VPOS="456" HPOS="730"/>
							<String ID="string_97" HPOS="745" VPOS="454" WIDTH="23" HEIGHT="20" WC="0.96" CONTENT="så"/><SP WIDTH="16" VPOS="454" HPOS="768"/>
							<String ID="string_98" HPOS="784" VPOS="454" WIDTH="132" HEIGHT="21" WC="0.96" CONTENT="omfattande"/>
						</TextLine>
						<TextLine ID="line_11" HPOS="87" VPOS="482" WIDTH="830" HEIGHT="28">
							<String ID="string_99" HPOS="87" VPOS="483" WIDTH="91" HEIGHT="27" WC="0.96" CONTENT="företag,"/><SP WIDTH="23" VPOS="483" HPOS="178"/>
							<String ID="string_100" HPOS="201" VPOS="483" WIDTH="27" HEIGHT="21" WC="0.96" CONTENT="då"/><SP WIDTH="16" VPOS="483" HPOS="228"/>
							<String ID="string_101" HPOS="244" VPOS="484" WIDTH="31" HEIGHT="20" WC="0.96" CONTENT="ett"/><SP WIDTH="15" VPOS="484" HPOS="275"/>
							<String ID="string_102" HPOS="290" VPOS="483" WIDTH="60" HEIGHT="26" WC="0.96" CONTENT="ryskt"/><SP WIDTH="16" VPOS="483" HPOS="350"/>
							<String ID="string_103" HPOS="366" VPOS="483" WIDTH="63" HEIGHT="26" WC="0.96" CONTENT="bolag"/><SP WIDTH="15" VPOS="483" HPOS="429"/>
							<String ID="string_104" HPOS="444" VPOS="482" WIDTH="55" HEIGHT="22" WC="0.95" CONTENT="hade"/><SP WIDTH="15" VPOS="482" HPOS="499"/>
							<String ID="string_105" HPOS="514" VPOS="483" WIDTH="76" HEIGHT="26" WC="0.96" CONTENT="begärt"/><SP WIDTH="16" VPOS="483" HPOS="590"/>
							<String ID="string_106" HPOS="606" VPOS="489" WIDTH="26" HEIGHT="15" WC="0.96" CONTENT="en"/><SP WIDTH="16" VPOS="489" HPOS="632"/>
							<String ID="string_107" HPOS="648" VPOS="482" WIDTH="125" HEIGHT="22" WC="0.96" CONTENT="subvention"/><SP WIDTH="16" VPOS="482" HPOS="773"/>
							<String ID="string_108" HPOS="789" VPOS="483" WIDTH="23" HEIGHT="21" WC="0.91" CONTENT="af"/><SP WIDTH="15" VPOS="483" HPOS="812"/>
							<String ID="string_109" HPOS="827" VPOS="482" WIDTH="90" HEIGHT="26" WC="0.90" CONTENT="150,000"/>
						</TextLine>
						<TextLine ID="line_12" HPOS="88" VPOS="511" WIDTH="828" HEIGHT="27">
							<String ID="string_110" HPOS="88" VPOS="512" WIDTH="62" HEIGHT="20" WC="0.95" CONTENT="rubel"/><SP WIDTH="21" VPOS="512" HPOS="150"/>
							<String ID="string_111" HPOS="171" VPOS="518" WIDTH="35" HEIGHT="15" WC="0.95" CONTENT="om"/><SP WIDTH="22" VPOS="518" HPOS="206"/>
							<String ID="string_112" HPOS="228" VPOS="512" WIDTH="46" HEIGHT="20" WC="0.96" CONTENT="året"/><SP WIDTH="22" VPOS="512" HPOS="274"/>
							<String ID="string_113" HPOS="296" VPOS="511" WIDTH="34" HEIGHT="21" WC="0.96" CONTENT="för"/><SP WIDTH="22" VPOS="511" HPOS="330"/>
							<String ID="string_114" HPOS="352" VPOS="513" WIDTH="33" HEIGHT="19" WC="0.96" CONTENT="att"/><SP WIDTH="22" VPOS="513" HPOS="385"/>
							<String ID="string_115" HPOS="407" VPOS="511" WIDTH="96" HEIGHT="21" WC="0.96" CONTENT="etablera"/><SP WIDTH="23" VPOS="511" HPOS="503"/>
							<String ID="string_116" HPOS="526" VPOS="512" WIDTH="70" HEIGHT="20" WC="0.92" CONTENT="direkt"/><SP WIDTH="15" VPOS="512" HPOS="596"/>
							<String ID="string_117" HPOS="611" VPOS="511" WIDTH="221" HEIGHT="27" WC="0.90" CONTENT="ångbåtsförbindelse"/><SP WIDTH="16" VPOS="511" HPOS="832"/>
							<String ID="string_118" HPOS="848" VPOS="511" WIDTH="27" HEIGHT="27" WC="0.96" CONTENT="på"/><SP WIDTH="16" VPOS="511" HPOS="875"/>
							<String ID="string_119" HPOS="891" VPOS="517" WIDTH="25" HEIGHT="15" WC="0.95" CONTENT="en"/>
						</TextLine>
						<TextLine ID="line_13" HPOS="88" VPOS="540" WIDTH="828" HEIGHT="27">
							<String ID="string_120" HPOS="88" VPOS="540" WIDTH="51" HEIGHT="27" WC="0.96" CONTENT="linje"/><SP WIDTH="21" VPOS="540" HPOS="139"/>
							<String ID="string_121" HPOS="160" VPOS="540" WIDTH="90" HEIGHT="27" WC="0.93" CONTENT="ungefär"/><SP WIDTH="21" VPOS="540" HPOS="250"/>
							<String ID="string_122" HPOS="271" VPOS="540" WIDTH="129" HEIGHT="26" WC="0.91" CONTENT="fjerdedelen"/><SP WIDTH="22" VPOS="540" HPOS="400"/>
							<String ID="string_123" HPOS="422" VPOS="540" WIDTH="23" HEIGHT="20" WC="0.96" CONTENT="så"/><SP WIDTH="22" VPOS="540" HPOS="445"/>
							<String ID="string_124" HPOS="467" VPOS="540" WIDTH="50" HEIGHT="26" WC="0.96" CONTENT="lång"/><SP WIDTH="23" VPOS="540" HPOS="517"/>
							<String ID="string_125" HPOS="540" VPOS="546" WIDTH="45" HEIGHT="15" WC="0.96" CONTENT="som"/><SP WIDTH="23" VPOS="546" HPOS="585"/>
							<String ID="string_126" HPOS="608" VPOS="540" WIDTH="41" HEIGHT="21" WC="0.96" CONTENT="den"/><SP WIDTH="16" VPOS="540" HPOS="649"/>
							<String ID="string_127" HPOS="665" VPOS="540" WIDTH="90" HEIGHT="21" WC="0.95" CONTENT="emellan"/><SP WIDTH="16" VPOS="540" HPOS="755"/>
							<String ID="string_128" HPOS="771" VPOS="540" WIDTH="90" HEIGHT="21" WC="0.96" CONTENT="Finland"/><SP WIDTH="16" VPOS="540" HPOS="861"/>
							<String ID="string_129" HPOS="877" VPOS="540" WIDTH="39" HEIGHT="20" WC="0.96" CONTENT="och"/>
						</TextLine>
						<TextLine ID="line_14" HPOS="89" VPOS="568" WIDTH="828" HEIGHT="28">
							<String ID="string_130" HPOS="89" VPOS="568" WIDTH="100" HEIGHT="28" WC="0.88" CONTENT="Spanien."/><SP WIDTH="30" VPOS="568" HPOS="189"/>
							<String ID="string_131" HPOS="219" VPOS="569" WIDTH="42" HEIGHT="27" WC="0.95" CONTENT="Jag"/><SP WIDTH="15" VPOS="569" HPOS="261"/>
							<String ID="string_132" HPOS="276" VPOS="571" WIDTH="45" HEIGHT="19" WC="0.96" CONTENT="tror"/><SP WIDTH="15" VPOS="571" HPOS="321"/>
							<String ID="string_133" HPOS="336" VPOS="568" WIDTH="73" HEIGHT="22" WC="0.96" CONTENT="derför"/><SP WIDTH="16" VPOS="568" HPOS="409"/>
							<String ID="string_134" HPOS="425" VPOS="571" WIDTH="33" HEIGHT="19" WC="0.96" CONTENT="att"/><SP WIDTH="15" VPOS="571" HPOS="458"/>
							<String ID="string_135" HPOS="473" VPOS="569" WIDTH="61" HEIGHT="21" WC="0.96" CONTENT="äfven"/><SP WIDTH="16" VPOS="569" HPOS="534"/>
							<String ID="string_136" HPOS="550" VPOS="569" WIDTH="32" HEIGHT="21" WC="0.96" CONTENT="Hr"/><SP WIDTH="15" VPOS="569" HPOS="582"/>
							<String ID="string_137" HPOS="597" VPOS="569" WIDTH="73" HEIGHT="21" WC="0.96" CONTENT="Taube"/><SP WIDTH="17" VPOS="569" HPOS="670"/>
							<String ID="string_138" HPOS="687" VPOS="569" WIDTH="55" HEIGHT="21" WC="0.96" CONTENT="skall"/><SP WIDTH="15" VPOS="569" HPOS="742"/>
							<String ID="string_139" HPOS="757" VPOS="568" WIDTH="57" HEIGHT="22" WC="0.96" CONTENT="finna"/><SP WIDTH="15" VPOS="568" HPOS="814"/>
							<String ID="string_140" HPOS="829" VPOS="571" WIDTH="33" HEIGHT="18" WC="0.96" CONTENT="att"/><SP WIDTH="15" VPOS="571" HPOS="862"/>
							<String ID="string_141" HPOS="877" VPOS="568" WIDTH="40" HEIGHT="21" WC="0.96" CONTENT="den"/>
						</TextLine>
						<TextLine ID="line_15" HPOS="89" VPOS="597" WIDTH="827" HEIGHT="27">
							<String ID="string_142" HPOS="89" VPOS="597" WIDTH="134" HEIGHT="26" WC="0.95" CONTENT="subvention,"/><SP WIDTH="16" VPOS="597" HPOS="223"/>
							<String ID="string_143" HPOS="239" VPOS="598" WIDTH="42" HEIGHT="20" WC="0.96" CONTENT="han"/><SP WIDTH="24" VPOS="598" HPOS="281"/>
							<String ID="string_144" HPOS="305" VPOS="598" WIDTH="99" HEIGHT="26" WC="0.96" CONTENT="påpekat,"/><SP WIDTH="24" VPOS="598" HPOS="404"/>
							<String ID="string_145" HPOS="428" VPOS="597" WIDTH="47" HEIGHT="21" WC="0.96" CONTENT="icke"/><SP WIDTH="22" VPOS="597" HPOS="475"/>
							<String ID="string_146" HPOS="497" VPOS="598" WIDTH="95" HEIGHT="26" WC="0.95" CONTENT="rimligen"/><SP WIDTH="16" VPOS="598" HPOS="592"/>
							<String ID="string_147" HPOS="608" VPOS="598" WIDTH="72" HEIGHT="21" WC="0.96" CONTENT="kunde"/><SP WIDTH="15" VPOS="598" HPOS="680"/>
							<String ID="string_148" HPOS="695" VPOS="598" WIDTH="87" HEIGHT="26" WC="0.96" CONTENT="påkalla"/><SP WIDTH="15" VPOS="598" HPOS="782"/>
							<String ID="string_149" HPOS="797" VPOS="598" WIDTH="69" HEIGHT="26" WC="0.93" CONTENT="någon"/><SP WIDTH="15" VPOS="598" HPOS="866"/>
							<String ID="string_150" HPOS="881" VPOS="603" WIDTH="35" HEIGHT="15" WC="0.89" CONTENT="an-"/>
						</TextLine>
						<TextLine ID="line_16" HPOS="88" VPOS="626" WIDTH="436" HEIGHT="27">
							<String ID="string_151" HPOS="88" VPOS="626" WIDTH="113" HEIGHT="27" WC="0.89" CONTENT="märkning"/><SP WIDTH="15" VPOS="626" HPOS="201"/>
							<String ID="string_152" HPOS="216" VPOS="626" WIDTH="47" HEIGHT="22" WC="0.91" CONTENT="från"/><SP WIDTH="16" VPOS="626" HPOS="263"/>
							<String ID="string_153" HPOS="279" VPOS="626" WIDTH="176" HEIGHT="22" WC="0.92" CONTENT="Statsutskottets"/><SP WIDTH="15" VPOS="626" HPOS="455"/>
							<String ID="string_154" HPOS="470" VPOS="626" WIDTH="54" HEIGHT="21" WC="0.96" CONTENT="sida."/>
						</TextLine>
					</TextBlock>
				</ComposedBlock>
				<ComposedBlock ID="cblock_3" HPOS="88" VPOS="711" WIDTH="833" HEIGHT="829">
					<TextBlock ID="block_2" HPOS="88" VPOS="711" WIDTH="833" HEIGHT="829">
						<TextLine ID="line_17" HPOS="160" VPOS="711" WIDTH="756" HEIGHT="27">
							<String ID="string_155" HPOS="160" VPOS="712" WIDTH="57" HEIGHT="20" WC="0.76" CONTENT="Frih."/><SP WIDTH="48" VPOS="712" HPOS="217"/>
							<String ID="string_156" HPOS="265" VPOS="712" WIDTH="142" HEIGHT="20" WC="0.93" CONTENT="Molander:"/><SP WIDTH="31" VPOS="712" HPOS="407"/>
							<String ID="string_157" HPOS="438" VPOS="711" WIDTH="167" HEIGHT="21" WC="0.96" CONTENT="Statsutskottet"/><SP WIDTH="21" VPOS="711" HPOS="605"/>
							<String ID="string_158" HPOS="626" VPOS="712" WIDTH="92" HEIGHT="21" WC="0.96" CONTENT="föreslår"/><SP WIDTH="19" VPOS="712" HPOS="718"/>
							<String ID="string_159" HPOS="737" VPOS="711" WIDTH="27" HEIGHT="27" WC="0.93" CONTENT="pä"/><SP WIDTH="16" VPOS="711" HPOS="764"/>
							<String ID="string_160" HPOS="780" VPOS="718" WIDTH="47" HEIGHT="20" WC="0.91" CONTENT="pag."/><SP WIDTH="17" VPOS="718" HPOS="827"/>
							<String ID="string_161" HPOS="844" VPOS="712" WIDTH="11" HEIGHT="20" WC="0.94" CONTENT="7"/><SP WIDTH="23" VPOS="712" HPOS="855"/>
							<String ID="string_162" HPOS="878" VPOS="712" WIDTH="38" HEIGHT="24" WC="0.96" CONTENT="att,"/>
						</TextLine>
						<TextLine ID="line_18" HPOS="89" VPOS="740" WIDTH="829" HEIGHT="27">
							<String ID="string_163" HPOS="89" VPOS="741" WIDTH="67" HEIGHT="21" WC="0.96" CONTENT="sedan"/><SP WIDTH="16" VPOS="741" HPOS="156"/>
							<String ID="string_164" HPOS="172" VPOS="747" WIDTH="26" HEIGHT="15" WC="0.93" CONTENT="en"/><SP WIDTH="15" VPOS="747" HPOS="198"/>
							<String ID="string_165" HPOS="213" VPOS="740" WIDTH="227" HEIGHT="27" WC="0.92" CONTENT="Landtbruksstyrelse"/><SP WIDTH="17" VPOS="740" HPOS="440"/>
							<String ID="string_166" HPOS="457" VPOS="740" WIDTH="68" HEIGHT="21" WC="0.91" CONTENT="blifvit"/><SP WIDTH="15" VPOS="740" HPOS="525"/>
							<String ID="string_167" HPOS="540" VPOS="740" WIDTH="100" HEIGHT="26" WC="0.91" CONTENT="inrättad,"/><SP WIDTH="17" VPOS="740" HPOS="640"/>
							<String ID="string_168" HPOS="657" VPOS="740" WIDTH="71" HEIGHT="21" WC="0.96" CONTENT="kunde"/><SP WIDTH="16" VPOS="740" HPOS="728"/>
							<String ID="string_169" HPOS="744" VPOS="740" WIDTH="34" HEIGHT="21" WC="0.93" CONTENT="vid"/><SP WIDTH="11" VPOS="740" HPOS="778"/>
							<String ID="string_170" HPOS="789" VPOS="740" WIDTH="77" HEIGHT="21" WC="0.92" CONTENT="sädant"/><SP WIDTH="9" VPOS="740" HPOS="866"/>
							<String ID="string_171" HPOS="875" VPOS="740" WIDTH="43" HEIGHT="20" WC="0.88" CONTENT="för-"/>
						</TextLine>
						<TextLine ID="line_19" HPOS="90" VPOS="769" WIDTH="828" HEIGHT="26">
							<String ID="string_172" HPOS="90" VPOS="769" WIDTH="106" HEIGHT="26" WC="0.92" CONTENT="hällande,"/><SP WIDTH="21" VPOS="769" HPOS="196"/>
							<String ID="string_173" HPOS="217" VPOS="769" WIDTH="66" HEIGHT="26" WC="0.93" CONTENT="enligt"/><SP WIDTH="15" VPOS="769" HPOS="283"/>
							<String ID="string_174" HPOS="298" VPOS="769" WIDTH="123" HEIGHT="21" WC="0.92" CONTENT="Utskottets"/><SP WIDTH="15" VPOS="769" HPOS="421"/>
							<String ID="string_175" HPOS="436" VPOS="769" WIDTH="72" HEIGHT="25" WC="0.93" CONTENT="tanke,"/><SP WIDTH="7" VPOS="769" HPOS="508"/>
							<String ID="string_176" HPOS="515" VPOS="769" WIDTH="225" HEIGHT="26" WC="0.92" CONTENT="jordbruksärendena"/><SP WIDTH="15" VPOS="769" HPOS="740"/>
							<String ID="string_177" HPOS="755" VPOS="772" WIDTH="52" HEIGHT="18" WC="0.96" CONTENT="utan"/><SP WIDTH="15" VPOS="772" HPOS="807"/>
							<String ID="string_178" HPOS="822" VPOS="775" WIDTH="48" HEIGHT="15" WC="0.96" CONTENT="men"/><SP WIDTH="15" VPOS="775" HPOS="870"/>
							<String ID="string_179" HPOS="885" VPOS="769" WIDTH="33" HEIGHT="21" WC="0.96" CONTENT="för"/>
						</TextLine>
						<TextLine ID="line_20" HPOS="88" VPOS="797" WIDTH="829" HEIGHT="27">
							<String ID="string_180" HPOS="88" VPOS="798" WIDTH="110" HEIGHT="21" WC="0.96" CONTENT="desamma"/><SP WIDTH="23" VPOS="798" HPOS="198"/>
							<String ID="string_181" HPOS="221" VPOS="798" WIDTH="98" HEIGHT="21" WC="0.96" CONTENT="hänföras"/><SP WIDTH="16" VPOS="798" HPOS="319"/>
							<String ID="string_182" HPOS="335" VPOS="798" WIDTH="32" HEIGHT="21" WC="0.93" CONTENT="till"/><SP WIDTH="16" VPOS="798" HPOS="367"/>
							<String ID="string_183" HPOS="383" VPOS="798" WIDTH="105" HEIGHT="21" WC="0.92" CONTENT="Handels-"/><SP WIDTH="15" VPOS="798" HPOS="488"/>
							<String ID="string_184" HPOS="503" VPOS="798" WIDTH="39" HEIGHT="21" WC="0.93" CONTENT="och"/><SP WIDTH="16" VPOS="798" HPOS="542"/>
							<String ID="string_185" HPOS="558" VPOS="798" WIDTH="250" HEIGHT="26" WC="0.89" CONTENT="Industriexpeditionen."/><SP WIDTH="31" VPOS="798" HPOS="808"/>
							<String ID="string_186" HPOS="839" VPOS="797" WIDTH="78" HEIGHT="22" WC="0.96" CONTENT="Vidare"/>
						</TextLine>
						<TextLine ID="line_21" HPOS="90" VPOS="826" WIDTH="828" HEIGHT="27">
							<String ID="string_187" HPOS="90" VPOS="827" WIDTH="82" HEIGHT="21" WC="0.91" CONTENT="uttalar"/><SP WIDTH="23" VPOS="827" HPOS="172"/>
							<String ID="string_188" HPOS="195" VPOS="827" WIDTH="31" HEIGHT="26" WC="0.93" CONTENT="sig"/><SP WIDTH="22" VPOS="827" HPOS="226"/>
							<String ID="string_189" HPOS="248" VPOS="826" WIDTH="112" HEIGHT="21" WC="0.92" CONTENT="Utskottet"/><SP WIDTH="22" VPOS="826" HPOS="360"/>
							<String ID="string_190" HPOS="382" VPOS="827" WIDTH="28" HEIGHT="26" WC="0.93" CONTENT="pä"/><SP WIDTH="22" VPOS="827" HPOS="410"/>
							<String ID="string_191" HPOS="432" VPOS="832" WIDTH="48" HEIGHT="21" WC="0.91" CONTENT="pag."/><SP WIDTH="18" VPOS="832" HPOS="480"/>
							<String ID="string_192" HPOS="498" VPOS="827" WIDTH="25" HEIGHT="21" WC="0.93" CONTENT="13"/><SP WIDTH="15" VPOS="827" HPOS="523"/>
							<String ID="string_193" HPOS="538" VPOS="827" WIDTH="91" HEIGHT="20" WC="0.92" CONTENT="rörande"/><SP WIDTH="15" VPOS="827" HPOS="629"/>
							<String ID="string_194" HPOS="644" VPOS="827" WIDTH="136" HEIGHT="21" WC="0.92" CONTENT="vedermälen"/><SP WIDTH="16" VPOS="827" HPOS="780"/>
							<String ID="string_195" HPOS="796" VPOS="827" WIDTH="23" HEIGHT="20" WC="0.93" CONTENT="af"/><SP WIDTH="13" VPOS="827" HPOS="819"/>
							<String ID="string_196" HPOS="832" VPOS="826" WIDTH="86" HEIGHT="21" WC="0.93" CONTENT="Monar-"/>
						</TextLine>
						<TextLine ID="line_22" HPOS="90" VPOS="855" WIDTH="828" HEIGHT="27">
							<String ID="string_197" HPOS="90" VPOS="855" WIDTH="52" HEIGHT="21" WC="0.90" CONTENT="kens"/><SP WIDTH="16" VPOS="855" HPOS="142"/>
							<String ID="string_198" HPOS="158" VPOS="855" WIDTH="42" HEIGHT="21" WC="0.92" CONTENT="näd"/><SP WIDTH="16" VPOS="855" HPOS="200"/>
							<String ID="string_199" HPOS="216" VPOS="855" WIDTH="40" HEIGHT="22" WC="0.96" CONTENT="och"/><SP WIDTH="14" VPOS="855" HPOS="256"/>
							<String ID="string_200" HPOS="270" VPOS="855" WIDTH="28" HEIGHT="26" WC="0.92" CONTENT="pä"/><SP WIDTH="14" VPOS="855" HPOS="298"/>
							<String ID="string_201" HPOS="312" VPOS="861" WIDTH="48" HEIGHT="21" WC="0.92" CONTENT="pag."/><SP WIDTH="18" VPOS="861" HPOS="360"/>
							<String ID="string_202" HPOS="378" VPOS="856" WIDTH="24" HEIGHT="20" WC="0.96" CONTENT="15"/><SP WIDTH="17" VPOS="856" HPOS="402"/>
							<String ID="string_203" HPOS="419" VPOS="855" WIDTH="132" HEIGHT="21" WC="0.92" CONTENT="beträffande"/><SP WIDTH="16" VPOS="855" HPOS="551"/>
							<String ID="string_204" HPOS="567" VPOS="855" WIDTH="126" HEIGHT="22" WC="0.92" CONTENT="afträdande"/><SP WIDTH="16" VPOS="855" HPOS="693"/>
							<String ID="string_205" HPOS="709" VPOS="855" WIDTH="209" HEIGHT="27" WC="0.91" CONTENT="regeringsmedlem-"/>
						</TextLine>
						<TextLine ID="line_23" HPOS="90" VPOS="883" WIDTH="829" HEIGHT="27">
							<String ID="string_206" HPOS="90" VPOS="890" WIDTH="52" HEIGHT="20" WC="0.95" CONTENT="mar,"/><SP WIDTH="17" VPOS="890" HPOS="142"/>
							<String ID="string_207" HPOS="159" VPOS="884" WIDTH="23" HEIGHT="21" WC="0.93" CONTENT="ät"/><SP WIDTH="15" VPOS="884" HPOS="182"/>
							<String ID="string_208" HPOS="197" VPOS="884" WIDTH="71" HEIGHT="21" WC="0.92" CONTENT="hvilka"/><SP WIDTH="16" VPOS="884" HPOS="268"/>
							<String ID="string_209" HPOS="284" VPOS="884" WIDTH="36" HEIGHT="21" WC="0.93" CONTENT="det"/><SP WIDTH="15" VPOS="884" HPOS="320"/>
							<String ID="string_210" HPOS="335" VPOS="885" WIDTH="58" HEIGHT="25" WC="0.92" CONTENT="synts"/><SP WIDTH="15" VPOS="885" HPOS="393"/>
							<String ID="string_211" HPOS="408" VPOS="883" WIDTH="113" HEIGHT="22" WC="0.92" CONTENT="Utskottet"/><SP WIDTH="15" VPOS="883" HPOS="521"/>
							<String ID="string_212" HPOS="536" VPOS="884" WIDTH="100" HEIGHT="26" WC="0.92" CONTENT="önskligt,"/><SP WIDTH="18" VPOS="884" HPOS="636"/>
							<String ID="string_213" HPOS="654" VPOS="886" WIDTH="32" HEIGHT="19" WC="0.96" CONTENT="att"/><SP WIDTH="15" VPOS="886" HPOS="686"/>
							<String ID="string_214" HPOS="701" VPOS="883" WIDTH="33" HEIGHT="22" WC="0.93" CONTENT="för"/><SP WIDTH="16" VPOS="883" HPOS="734"/>
							<String ID="string_215" HPOS="750" VPOS="884" WIDTH="70" HEIGHT="21" WC="0.92" CONTENT="sävidt"/><SP WIDTH="14" VPOS="884" HPOS="820"/>
							<String ID="string_216" HPOS="834" VPOS="883" WIDTH="85" HEIGHT="21" WC="0.92" CONTENT="tillfälle"/>
						</TextLine>
						<TextLine ID="line_24" HPOS="89" VPOS="911" WIDTH="830" HEIGHT="28">
							<String ID="string_217" HPOS="89" VPOS="913" WIDTH="73" HEIGHT="21" WC="0.93" CONTENT="dertill"/><SP WIDTH="22" VPOS="913" HPOS="162"/>
							<String ID="string_218" HPOS="184" VPOS="913" WIDTH="35" HEIGHT="20" WC="0.96" CONTENT="vid"/><SP WIDTH="15" VPOS="913" HPOS="219"/>
							<String ID="string_219" HPOS="234" VPOS="913" WIDTH="59" HEIGHT="21" WC="0.96" CONTENT="tiden"/><SP WIDTH="16" VPOS="913" HPOS="293"/>
							<String ID="string_220" HPOS="309" VPOS="913" WIDTH="32" HEIGHT="20" WC="0.93" CONTENT="för"/><SP WIDTH="15" VPOS="913" HPOS="341"/>
							<String ID="string_221" HPOS="356" VPOS="912" WIDTH="189" HEIGHT="27" WC="0.92" CONTENT="afskedstagandet"/><SP WIDTH="16" VPOS="912" HPOS="545"/>
							<String ID="string_222" HPOS="561" VPOS="913" WIDTH="52" HEIGHT="21" WC="0.96" CONTENT="eller"/><SP WIDTH="15" VPOS="913" HPOS="613"/>
							<String ID="string_223" HPOS="628" VPOS="913" WIDTH="57" HEIGHT="21" WC="0.93" CONTENT="inom"/><SP WIDTH="11" VPOS="913" HPOS="685"/>
							<String ID="string_224" HPOS="696" VPOS="913" WIDTH="69" HEIGHT="26" WC="0.93" CONTENT="skälig"/><SP WIDTH="15" VPOS="913" HPOS="765"/>
							<String ID="string_225" HPOS="780" VPOS="913" WIDTH="32" HEIGHT="20" WC="0.93" CONTENT="tid"/><SP WIDTH="16" VPOS="913" HPOS="812"/>
							<String ID="string_226" HPOS="828" VPOS="911" WIDTH="91" HEIGHT="22" WC="0.91" CONTENT="derefter"/>
						</TextLine>
						<TextLine ID="line_25" HPOS="89" VPOS="941" WIDTH="829" HEIGHT="27">
							<String ID="string_227" HPOS="89" VPOS="941" WIDTH="73" HEIGHT="26" WC="0.92" CONTENT="gifves,"/><SP WIDTH="16" VPOS="941" HPOS="162"/>
							<String ID="string_228" HPOS="178" VPOS="941" WIDTH="66" HEIGHT="21" WC="0.93" CONTENT="borde"/><SP WIDTH="16" VPOS="941" HPOS="244"/>
							<String ID="string_229" HPOS="260" VPOS="941" WIDTH="100" HEIGHT="26" WC="0.92" CONTENT="erbjudas"/><SP WIDTH="15" VPOS="941" HPOS="360"/>
							<String ID="string_230" HPOS="375" VPOS="943" WIDTH="65" HEIGHT="19" WC="0.96" CONTENT="annat"/><SP WIDTH="16" VPOS="943" HPOS="440"/>
							<String ID="string_231" HPOS="456" VPOS="941" WIDTH="96" HEIGHT="27" WC="0.96" CONTENT="lämpligt"/><SP WIDTH="7" VPOS="941" HPOS="552"/>
							<String ID="string_232" HPOS="559" VPOS="941" WIDTH="65" HEIGHT="26" WC="0.93" CONTENT="högre"/><SP WIDTH="17" VPOS="941" HPOS="624"/>
							<String ID="string_233" HPOS="641" VPOS="941" WIDTH="83" HEIGHT="21" WC="0.92" CONTENT="embete"/><SP WIDTH="16" VPOS="941" HPOS="724"/>
							<String ID="string_234" HPOS="740" VPOS="941" WIDTH="51" HEIGHT="21" WC="0.93" CONTENT="elier"/><SP WIDTH="13" VPOS="941" HPOS="791"/>
							<String ID="string_235" HPOS="804" VPOS="941" WIDTH="114" HEIGHT="21" WC="0.92" CONTENT="bestäende"/>
						</TextLine>
						<TextLine ID="line_26" HPOS="90" VPOS="970" WIDTH="829" HEIGHT="27">
							<String ID="string_236" HPOS="90" VPOS="970" WIDTH="102" HEIGHT="27" WC="0.90" CONTENT="uppdrag."/><SP WIDTH="32" VPOS="970" HPOS="192"/>
							<String ID="string_237" HPOS="224" VPOS="970" WIDTH="34" HEIGHT="21" WC="0.91" CONTENT="Dä"/><SP WIDTH="22" VPOS="970" HPOS="258"/>
							<String ID="string_238" HPOS="280" VPOS="971" WIDTH="62" HEIGHT="20" WC="0.96" CONTENT="dessa"/><SP WIDTH="21" VPOS="971" HPOS="342"/>
							<String ID="string_239" HPOS="363" VPOS="971" WIDTH="32" HEIGHT="20" WC="0.93" CONTENT="tre"/><SP WIDTH="19" VPOS="971" HPOS="395"/>
							<String ID="string_240" HPOS="414" VPOS="970" WIDTH="72" HEIGHT="26" WC="0.92" CONTENT="frägor"/><SP WIDTH="16" VPOS="970" HPOS="486"/>
							<String ID="string_241" HPOS="502" VPOS="970" WIDTH="46" HEIGHT="21" WC="0.87" CONTENT="icke"/><SP WIDTH="17" VPOS="970" HPOS="548"/>
							<String ID="string_242" HPOS="565" VPOS="970" WIDTH="89" HEIGHT="21" WC="0.91" CONTENT="hänföra"/><SP WIDTH="16" VPOS="970" HPOS="654"/>
							<String ID="string_243" HPOS="670" VPOS="971" WIDTH="32" HEIGHT="26" WC="0.97" CONTENT="sig"/><SP WIDTH="15" VPOS="971" HPOS="702"/>
							<String ID="string_244" HPOS="717" VPOS="970" WIDTH="31" HEIGHT="21" WC="0.96" CONTENT="till"/><SP WIDTH="16" VPOS="970" HPOS="748"/>
							<String ID="string_245" HPOS="764" VPOS="970" WIDTH="155" HEIGHT="26" WC="0.96" CONTENT="förvaltningen"/>
						</TextLine>
						<TextLine ID="line_27" HPOS="91" VPOS="998" WIDTH="829" HEIGHT="22">
							<String ID="string_246" HPOS="91" VPOS="998" WIDTH="23" HEIGHT="21" WC="0.93" CONTENT="af"/><SP WIDTH="14" VPOS="998" HPOS="114"/>
							<String ID="string_247" HPOS="128" VPOS="998" WIDTH="139" HEIGHT="22" WC="0.92" CONTENT="statsmedlen"/><SP WIDTH="15" VPOS="998" HPOS="267"/>
							<String ID="string_248" HPOS="282" VPOS="998" WIDTH="40" HEIGHT="21" WC="0.96" CONTENT="och"/><SP WIDTH="15" VPOS="998" HPOS="322"/>
							<String ID="string_249" HPOS="337" VPOS="999" WIDTH="60" HEIGHT="20" WC="0.93" CONTENT="detta"/><SP WIDTH="21" VPOS="999" HPOS="397"/>
							<String ID="string_250" HPOS="418" VPOS="999" WIDTH="134" HEIGHT="20" WC="0.92" CONTENT="betänkande"/><SP WIDTH="16" VPOS="999" HPOS="552"/>
							<String ID="string_251" HPOS="568" VPOS="999" WIDTH="7" HEIGHT="21" WC="0.96" CONTENT="i"/><SP WIDTH="15" VPOS="999" HPOS="575"/>
							<String ID="string_252" HPOS="590" VPOS="999" WIDTH="44" HEIGHT="20" WC="0.93" CONTENT="alla"/><SP WIDTH="15" VPOS="999" HPOS="634"/>
							<String ID="string_253" HPOS="649" VPOS="999" WIDTH="113" HEIGHT="21" WC="0.92" CONTENT="händelser"/><SP WIDTH="15" VPOS="999" HPOS="762"/>
							<String ID="string_254" HPOS="777" VPOS="999" WIDTH="95" HEIGHT="20" WC="0.96" CONTENT="kommer"/><SP WIDTH="16" VPOS="999" HPOS="872"/>
							<String ID="string_255" HPOS="888" VPOS="1000" WIDTH="32" HEIGHT="19" WC="0.96" CONTENT="att"/>
						</TextLine>
						<TextLine ID="line_28" HPOS="90" VPOS="1027" WIDTH="830" HEIGHT="27">
							<String ID="string_256" HPOS="90" VPOS="1027" WIDTH="33" HEIGHT="20" WC="0.96" CONTENT="till"/><SP WIDTH="23" VPOS="1027" HPOS="123"/>
							<String ID="string_257" HPOS="146" VPOS="1027" WIDTH="58" HEIGHT="21" WC="0.93" CONTENT="Hans"/><SP WIDTH="25" VPOS="1027" HPOS="204"/>
							<String ID="string_258" HPOS="229" VPOS="1027" WIDTH="102" HEIGHT="27" WC="0.91" CONTENT="Majestät"/><SP WIDTH="22" VPOS="1027" HPOS="331"/>
							<String ID="string_259" HPOS="353" VPOS="1027" WIDTH="107" HEIGHT="26" WC="0.89" CONTENT="insändas,"/><SP WIDTH="24" VPOS="1027" HPOS="460"/>
							<String ID="string_260" HPOS="484" VPOS="1027" WIDTH="22" HEIGHT="21" WC="0.96" CONTENT="sä"/><SP WIDTH="20" VPOS="1027" HPOS="506"/>
							<String ID="string_261" HPOS="526" VPOS="1033" WIDTH="64" HEIGHT="16" WC="0.96" CONTENT="anser"/><SP WIDTH="13" VPOS="1033" HPOS="590"/>
							<String ID="string_262" HPOS="603" VPOS="1027" WIDTH="37" HEIGHT="27" WC="0.96" CONTENT="jag"/><SP WIDTH="16" VPOS="1027" HPOS="640"/>
							<String ID="string_263" HPOS="656" VPOS="1028" WIDTH="42" HEIGHT="26" WC="0.93" CONTENT="mig"/><SP WIDTH="16" VPOS="1028" HPOS="698"/>
							<String ID="string_264" HPOS="714" VPOS="1028" WIDTH="52" HEIGHT="20" WC="0.92" CONTENT="böra"/><SP WIDTH="16" VPOS="1028" HPOS="766"/>
							<String ID="string_265" HPOS="782" VPOS="1027" WIDTH="80" HEIGHT="21" WC="0.92" CONTENT="afhälla"/><SP WIDTH="16" VPOS="1027" HPOS="862"/>
							<String ID="string_266" HPOS="878" VPOS="1027" WIDTH="42" HEIGHT="26" WC="0.96" CONTENT="mig"/>
						</TextLine>
						<TextLine ID="line_29" HPOS="91" VPOS="1055" WIDTH="827" HEIGHT="28">
							<String ID="string_267" HPOS="91" VPOS="1055" WIDTH="46" HEIGHT="22" WC="0.96" CONTENT="från"/><SP WIDTH="24" VPOS="1055" HPOS="137"/>
							<String ID="string_268" HPOS="161" VPOS="1058" WIDTH="31" HEIGHT="18" WC="0.96" CONTENT="ett"/><SP WIDTH="23" VPOS="1058" HPOS="192"/>
							<String ID="string_269" HPOS="215" VPOS="1056" WIDTH="110" HEIGHT="21" WC="0.61" CONTENT="uttalande"/><SP WIDTH="15" VPOS="1056" HPOS="325"/>
							<String ID="string_270" HPOS="340" VPOS="1056" WIDTH="8" HEIGHT="20" WC="0.61" CONTENT="i"/><SP WIDTH="16" VPOS="1056" HPOS="348"/>
							<String ID="string_271" HPOS="364" VPOS="1056" WIDTH="62" HEIGHT="21" WC="0.93" CONTENT="dessa"/><SP WIDTH="15" VPOS="1056" HPOS="426"/>
							<String ID="string_272" HPOS="441" VPOS="1055" WIDTH="78" HEIGHT="28" WC="0.96" CONTENT="frågor."/><SP WIDTH="29" VPOS="1055" HPOS="519"/>
							<String ID="string_273" HPOS="548" VPOS="1056" WIDTH="42" HEIGHT="27" WC="0.93" CONTENT="Jag"/><SP WIDTH="16" VPOS="1056" HPOS="590"/>
							<String ID="string_274" HPOS="606" VPOS="1056" WIDTH="97" HEIGHT="26" WC="0.91" CONTENT="öfvergär"/><SP WIDTH="16" VPOS="1056" HPOS="703"/>
							<String ID="string_275" HPOS="719" VPOS="1056" WIDTH="71" HEIGHT="21" WC="0.96" CONTENT="derför"/><SP WIDTH="16" VPOS="1056" HPOS="790"/>
							<String ID="string_276" HPOS="806" VPOS="1056" WIDTH="31" HEIGHT="21" WC="0.93" CONTENT="till"/><SP WIDTH="17" VPOS="1056" HPOS="837"/>
							<String ID="string_277" HPOS="854" VPOS="1055" WIDTH="64" HEIGHT="26" WC="0.96" CONTENT="några"/>
						</TextLine>
						<TextLine ID="line_30" HPOS="90" VPOS="1084" WIDTH="829" HEIGHT="27">
							<String ID="string_278" HPOS="90" VPOS="1084" WIDTH="132" HEIGHT="26" WC="0.91" CONTENT="uttalanden,"/><SP WIDTH="8" VPOS="1084" HPOS="222"/>
							<String ID="string_279" HPOS="230" VPOS="1090" WIDTH="45" HEIGHT="15" WC="0.93" CONTENT="som"/><SP WIDTH="10" VPOS="1090" HPOS="275"/>
							<String ID="string_280" HPOS="285" VPOS="1084" WIDTH="68" HEIGHT="21" WC="0.92" CONTENT="blifvit"/><SP WIDTH="15" VPOS="1084" HPOS="353"/>
							<String ID="string_281" HPOS="368" VPOS="1085" WIDTH="82" HEIGHT="26" WC="0.92" CONTENT="gjorda,"/><SP WIDTH="17" VPOS="1085" HPOS="450"/>
							<String ID="string_282" HPOS="467" VPOS="1085" WIDTH="38" HEIGHT="20" WC="0.96" CONTENT="och"/><SP WIDTH="17" VPOS="1085" HPOS="505"/>
							<String ID="string_283" HPOS="522" VPOS="1091" WIDTH="44" HEIGHT="14" WC="0.96" CONTENT="som"/><SP WIDTH="18" VPOS="1091" HPOS="566"/>
							<String ID="string_284" HPOS="584" VPOS="1086" WIDTH="94" HEIGHT="19" WC="0.93" CONTENT="närmast"/><SP WIDTH="11" VPOS="1086" HPOS="678"/>
							<String ID="string_285" HPOS="689" VPOS="1085" WIDTH="90" HEIGHT="20" WC="0.92" CONTENT="hänföra"/><SP WIDTH="11" VPOS="1085" HPOS="779"/>
							<String ID="string_286" HPOS="790" VPOS="1085" WIDTH="31" HEIGHT="26" WC="0.97" CONTENT="sig"/><SP WIDTH="12" VPOS="1085" HPOS="821"/>
							<String ID="string_287" HPOS="833" VPOS="1085" WIDTH="32" HEIGHT="20" WC="0.93" CONTENT="till"/><SP WIDTH="11" VPOS="1085" HPOS="865"/>
							<String ID="string_288" HPOS="876" VPOS="1084" WIDTH="43" HEIGHT="21" WC="0.92" CONTENT="för-"/>
						</TextLine>
						<TextLine ID="line_31" HPOS="90" VPOS="1112" WIDTH="829" HEIGHT="28">
							<String ID="string_289" HPOS="90" VPOS="1113" WIDTH="121" HEIGHT="26" WC="0.91" CONTENT="valtningen"/><SP WIDTH="21" VPOS="1113" HPOS="211"/>
							<String ID="string_290" HPOS="232" VPOS="1113" WIDTH="23" HEIGHT="20" WC="0.93" CONTENT="af"/><SP WIDTH="20" VPOS="1113" HPOS="255"/>
							<String ID="string_291" HPOS="275" VPOS="1113" WIDTH="145" HEIGHT="21" WC="0.91" CONTENT="statsmedlen."/><SP WIDTH="31" VPOS="1113" HPOS="420"/>
							<String ID="string_292" HPOS="451" VPOS="1113" WIDTH="30" HEIGHT="21" WC="0.88" CONTENT="Pä"/><SP WIDTH="22" VPOS="1113" HPOS="481"/>
							<String ID="string_293" HPOS="503" VPOS="1119" WIDTH="47" HEIGHT="21" WC="0.91" CONTENT="pag."/><SP WIDTH="18" VPOS="1119" HPOS="550"/>
							<String ID="string_294" HPOS="568" VPOS="1114" WIDTH="12" HEIGHT="21" WC="0.93" CONTENT="3"/><SP WIDTH="15" VPOS="1114" HPOS="580"/>
							<String ID="string_295" HPOS="595" VPOS="1113" WIDTH="82" HEIGHT="21" WC="0.90" CONTENT="uttalar"/><SP WIDTH="15" VPOS="1113" HPOS="677"/>
							<String ID="string_296" HPOS="692" VPOS="1113" WIDTH="118" HEIGHT="26" WC="0.93" CONTENT="Utskottet,"/><SP WIDTH="16" VPOS="1113" HPOS="810"/>
							<String ID="string_297" HPOS="826" VPOS="1115" WIDTH="32" HEIGHT="18" WC="0.93" CONTENT="att"/><SP WIDTH="16" VPOS="1115" HPOS="858"/>
							<String ID="string_298" HPOS="874" VPOS="1112" WIDTH="45" HEIGHT="27" WC="0.92" CONTENT="säg-"/>
						</TextLine>
						<TextLine ID="line_32" HPOS="89" VPOS="1141" WIDTH="830" HEIGHT="28">
							<String ID="string_299" HPOS="89" VPOS="1141" WIDTH="159" HEIGHT="27" WC="0.90" CONTENT="ningsafgiften,"/><SP WIDTH="24" VPOS="1141" HPOS="248"/>
							<String ID="string_300" HPOS="272" VPOS="1142" WIDTH="66" HEIGHT="21" WC="0.92" CONTENT="ehuru"/><SP WIDTH="22" VPOS="1142" HPOS="338"/>
							<String ID="string_301" HPOS="360" VPOS="1142" WIDTH="40" HEIGHT="21" WC="0.93" CONTENT="den"/><SP WIDTH="23" VPOS="1142" HPOS="400"/>
							<String ID="string_302" HPOS="423" VPOS="1142" WIDTH="107" HEIGHT="26" WC="0.91" CONTENT="uppbäres"/><SP WIDTH="24" VPOS="1142" HPOS="530"/>
							<String ID="string_303" HPOS="554" VPOS="1148" WIDTH="76" HEIGHT="21" WC="0.93" CONTENT="genom"/><SP WIDTH="24" VPOS="1148" HPOS="630"/>
							<String ID="string_304" HPOS="654" VPOS="1142" WIDTH="122" HEIGHT="26" WC="0.92" CONTENT="tullverket,"/><SP WIDTH="16" VPOS="1142" HPOS="776"/>
							<String ID="string_305" HPOS="792" VPOS="1141" WIDTH="46" HEIGHT="22" WC="0.92" CONTENT="icke"/><SP WIDTH="16" VPOS="1141" HPOS="838"/>
							<String ID="string_306" HPOS="854" VPOS="1143" WIDTH="24" HEIGHT="19" WC="0.96" CONTENT="är"/><SP WIDTH="16" VPOS="1143" HPOS="878"/>
							<String ID="string_307" HPOS="894" VPOS="1147" WIDTH="25" HEIGHT="15" WC="0.97" CONTENT="en"/>
						</TextLine>
						<TextLine ID="line_33" HPOS="89" VPOS="1169" WIDTH="831" HEIGHT="28">
							<String ID="string_308" HPOS="89" VPOS="1170" WIDTH="104" HEIGHT="27" WC="0.92" CONTENT="tullafgift"/><SP WIDTH="23" VPOS="1170" HPOS="193"/>
							<String ID="string_309" HPOS="216" VPOS="1171" WIDTH="7" HEIGHT="20" WC="0.93" CONTENT="i"/><SP WIDTH="17" VPOS="1171" HPOS="223"/>
							<String ID="string_310" HPOS="240" VPOS="1170" WIDTH="91" HEIGHT="26" WC="0.92" CONTENT="egentlig"/><SP WIDTH="15" VPOS="1170" HPOS="331"/>
							<String ID="string_311" HPOS="346" VPOS="1171" WIDTH="84" HEIGHT="26" WC="0.96" CONTENT="mening"/><SP WIDTH="17" VPOS="1171" HPOS="430"/>
							<String ID="string_312" HPOS="447" VPOS="1171" WIDTH="39" HEIGHT="20" WC="0.93" CONTENT="och"/><SP WIDTH="16" VPOS="1171" HPOS="486"/>
							<String ID="string_313" HPOS="502" VPOS="1171" WIDTH="71" HEIGHT="20" WC="0.91" CONTENT="derför"/><SP WIDTH="16" VPOS="1171" HPOS="573"/>
							<String ID="string_314" HPOS="589" VPOS="1171" WIDTH="67" HEIGHT="20" WC="0.92" CONTENT="borde"/><SP WIDTH="16" VPOS="1171" HPOS="656"/>
							<String ID="string_315" HPOS="672" VPOS="1173" WIDTH="104" HEIGHT="24" WC="0.92" CONTENT="upptagas"/><SP WIDTH="16" VPOS="1173" HPOS="776"/>
							<String ID="string_316" HPOS="792" VPOS="1170" WIDTH="66" HEIGHT="21" WC="0.90" CONTENT="skildt"/><SP WIDTH="14" VPOS="1170" HPOS="858"/>
							<String ID="string_317" HPOS="872" VPOS="1169" WIDTH="48" HEIGHT="21" WC="0.92" CONTENT="frän"/>
						</TextLine>
						<TextLine ID="line_34" HPOS="89" VPOS="1198" WIDTH="832" HEIGHT="27">
							<String ID="string_318" HPOS="89" VPOS="1198" WIDTH="137" HEIGHT="22" WC="0.81" CONTENT="tullmedlen."/><SP WIDTH="31" VPOS="1198" HPOS="226"/>
							<String ID="string_319" HPOS="257" VPOS="1199" WIDTH="66" HEIGHT="21" WC="0.93" CONTENT="Detta"/><SP WIDTH="21" VPOS="1199" HPOS="323"/>
							<String ID="string_320" HPOS="344" VPOS="1198" WIDTH="68" HEIGHT="22" WC="0.96" CONTENT="finner"/><SP WIDTH="20" VPOS="1198" HPOS="412"/>
							<String ID="string_321" HPOS="432" VPOS="1199" WIDTH="37" HEIGHT="26" WC="0.93" CONTENT="jag"/><SP WIDTH="21" VPOS="1199" HPOS="469"/>
							<String ID="string_322" HPOS="490" VPOS="1199" WIDTH="65" HEIGHT="22" WC="0.96" CONTENT="också"/><SP WIDTH="21" VPOS="1199" HPOS="555"/>
							<String ID="string_323" HPOS="576" VPOS="1206" WIDTH="50" HEIGHT="14" WC="0.93" CONTENT="vara"/><SP WIDTH="22" VPOS="1206" HPOS="626"/>
							<String ID="string_324" HPOS="648" VPOS="1200" WIDTH="102" HEIGHT="21" WC="0.92" CONTENT="rationelt"/><SP WIDTH="21" VPOS="1200" HPOS="750"/>
							<String ID="string_325" HPOS="771" VPOS="1201" WIDTH="56" HEIGHT="19" WC="0.95" CONTENT="samt"/><SP WIDTH="22" VPOS="1201" HPOS="827"/>
							<String ID="string_326" HPOS="849" VPOS="1198" WIDTH="72" HEIGHT="21" WC="0.96" CONTENT="kunna"/>
						</TextLine>
						<TextLine ID="line_35" HPOS="89" VPOS="1227" WIDTH="831" HEIGHT="28">
							<String ID="string_327" HPOS="89" VPOS="1227" WIDTH="44" HEIGHT="21" WC="0.91" CONTENT="ske."/><SP WIDTH="31" VPOS="1227" HPOS="133"/>
							<String ID="string_328" HPOS="164" VPOS="1227" WIDTH="34" HEIGHT="21" WC="0.89" CONTENT="Pä"/><SP WIDTH="16" VPOS="1227" HPOS="198"/>
							<String ID="string_329" HPOS="214" VPOS="1233" WIDTH="48" HEIGHT="21" WC="0.89" CONTENT="pag."/><SP WIDTH="16" VPOS="1233" HPOS="262"/>
							<String ID="string_330" HPOS="278" VPOS="1229" WIDTH="12" HEIGHT="20" WC="0.93" CONTENT="9"/><SP WIDTH="16" VPOS="1229" HPOS="290"/>
							<String ID="string_331" HPOS="306" VPOS="1230" WIDTH="68" HEIGHT="25" WC="0.89" CONTENT="yttrar"/><SP WIDTH="18" VPOS="1230" HPOS="374"/>
							<String ID="string_332" HPOS="392" VPOS="1228" WIDTH="118" HEIGHT="21" WC="0.89" CONTENT="Utskottet."/><SP WIDTH="16" VPOS="1228" HPOS="510"/>
							<String ID="string_333" HPOS="526" VPOS="1230" WIDTH="33" HEIGHT="19" WC="0.93" CONTENT="att"/><SP WIDTH="15" VPOS="1230" HPOS="559"/>
							<String ID="string_334" HPOS="574" VPOS="1228" WIDTH="112" HEIGHT="21" WC="0.93" CONTENT="Utskottet"/><SP WIDTH="14" VPOS="1228" HPOS="686"/>
							<String ID="string_335" HPOS="700" VPOS="1228" WIDTH="43" HEIGHT="21" WC="0.92" CONTENT="fäst"/><SP WIDTH="15" VPOS="1228" HPOS="743"/>
							<String ID="string_336" HPOS="758" VPOS="1228" WIDTH="32" HEIGHT="21" WC="0.93" CONTENT="sin"/><SP WIDTH="15" VPOS="1228" HPOS="790"/>
							<String ID="string_337" HPOS="805" VPOS="1227" WIDTH="115" HEIGHT="27" WC="0.92" CONTENT="uppmärk-"/>
						</TextLine>
						<TextLine ID="line_36" HPOS="89" VPOS="1256" WIDTH="831" HEIGHT="28">
							<String ID="string_338" HPOS="89" VPOS="1256" WIDTH="85" HEIGHT="21" WC="0.91" CONTENT="samhet"/><SP WIDTH="15" VPOS="1256" HPOS="174"/>
							<String ID="string_339" HPOS="189" VPOS="1256" WIDTH="42" HEIGHT="27" WC="0.96" CONTENT="vid,"/><SP WIDTH="17" VPOS="1256" HPOS="231"/>
							<String ID="string_340" HPOS="248" VPOS="1258" WIDTH="32" HEIGHT="19" WC="0.96" CONTENT="att"/><SP WIDTH="15" VPOS="1258" HPOS="280"/>
							<String ID="string_341" HPOS="295" VPOS="1263" WIDTH="25" HEIGHT="14" WC="0.93" CONTENT="en"/><SP WIDTH="16" VPOS="1263" HPOS="320"/>
							<String ID="string_342" HPOS="336" VPOS="1256" WIDTH="95" HEIGHT="27" WC="0.92" CONTENT="betydlig"/><SP WIDTH="16" VPOS="1256" HPOS="431"/>
							<String ID="string_343" HPOS="447" VPOS="1257" WIDTH="94" HEIGHT="27" WC="0.92" CONTENT="stegring"/><SP WIDTH="15" VPOS="1257" HPOS="541"/>
							<String ID="string_344" HPOS="556" VPOS="1257" WIDTH="8" HEIGHT="20" WC="0.93" CONTENT="i"/><SP WIDTH="14" VPOS="1257" HPOS="564"/>
							<String ID="string_345" HPOS="578" VPOS="1257" WIDTH="117" HEIGHT="26" WC="0.92" CONTENT="utgifterna"/><SP WIDTH="16" VPOS="1257" HPOS="695"/>
							<String ID="string_346" HPOS="711" VPOS="1257" WIDTH="33" HEIGHT="21" WC="0.92" CONTENT="för"/><SP WIDTH="16" VPOS="1257" HPOS="744"/>
							<String ID="string_347" HPOS="760" VPOS="1256" WIDTH="114" HEIGHT="21" WC="0.89" CONTENT="tullverket"/><SP WIDTH="11" VPOS="1256" HPOS="874"/>
							<String ID="string_348" HPOS="885" VPOS="1258" WIDTH="35" HEIGHT="23" WC="0.92" CONTENT="egt"/>
						</TextLine>
						<TextLine ID="line_37" HPOS="90" VPOS="1284" WIDTH="830" HEIGHT="28">
							<String ID="string_349" HPOS="90" VPOS="1291" WIDTH="46" HEIGHT="14" WC="0.96" CONTENT="rum"/><SP WIDTH="14" VPOS="1291" HPOS="136"/>
							<String ID="string_350" HPOS="150" VPOS="1286" WIDTH="67" HEIGHT="19" WC="0.96" CONTENT="under"/><SP WIDTH="16" VPOS="1286" HPOS="217"/>
							<String ID="string_351" HPOS="233" VPOS="1285" WIDTH="40" HEIGHT="20" WC="0.96" CONTENT="den"/><SP WIDTH="16" VPOS="1285" HPOS="273"/>
							<String ID="string_352" HPOS="289" VPOS="1285" WIDTH="73" HEIGHT="26" WC="0.93" CONTENT="period"/><SP WIDTH="18" VPOS="1285" HPOS="362"/>
							<String ID="string_353" HPOS="380" VPOS="1285" WIDTH="144" HEIGHT="21" WC="0.92" CONTENT="betänkandet"/><SP WIDTH="16" VPOS="1285" HPOS="524"/>
							<String ID="string_354" HPOS="540" VPOS="1285" WIDTH="107" HEIGHT="21" WC="0.95" CONTENT="omfattar."/><SP WIDTH="31" VPOS="1285" HPOS="647"/>
							<String ID="string_355" HPOS="678" VPOS="1286" WIDTH="41" HEIGHT="26" WC="0.96" CONTENT="Jag"/><SP WIDTH="15" VPOS="1286" HPOS="719"/>
							<String ID="string_356" HPOS="734" VPOS="1285" WIDTH="38" HEIGHT="21" WC="0.96" CONTENT="ber"/><SP WIDTH="15" VPOS="1285" HPOS="772"/>
							<String ID="string_357" HPOS="787" VPOS="1286" WIDTH="48" HEIGHT="20" WC="0.93" CONTENT="med"/><SP WIDTH="12" VPOS="1286" HPOS="835"/>
							<String ID="string_358" HPOS="847" VPOS="1284" WIDTH="73" HEIGHT="21" WC="0.91" CONTENT="anled-"/>
						</TextLine>
						<TextLine ID="line_38" HPOS="89" VPOS="1313" WIDTH="831" HEIGHT="28">
							<String ID="string_359" HPOS="89" VPOS="1313" WIDTH="52" HEIGHT="26" WC="0.93" CONTENT="ning"/><SP WIDTH="27" VPOS="1313" HPOS="141"/>
							<String ID="string_360" HPOS="168" VPOS="1313" WIDTH="60" HEIGHT="22" WC="0.90" CONTENT="deraf"/><SP WIDTH="21" VPOS="1313" HPOS="228"/>
							<String ID="string_361" HPOS="249" VPOS="1313" WIDTH="21" HEIGHT="21" WC="0.93" CONTENT="fä"/><SP WIDTH="23" VPOS="1313" HPOS="270"/>
							<String ID="string_362" HPOS="293" VPOS="1313" WIDTH="104" HEIGHT="26" WC="0.92" CONTENT="meddela,"/><SP WIDTH="23" VPOS="1313" HPOS="397"/>
							<String ID="string_363" HPOS="420" VPOS="1316" WIDTH="33" HEIGHT="18" WC="0.96" CONTENT="att"/><SP WIDTH="23" VPOS="1316" HPOS="453"/>
							<String ID="string_364" HPOS="476" VPOS="1314" WIDTH="40" HEIGHT="21" WC="0.93" CONTENT="den"/><SP WIDTH="24" VPOS="1314" HPOS="516"/>
							<String ID="string_365" HPOS="540" VPOS="1314" WIDTH="68" HEIGHT="21" WC="0.92" CONTENT="ökade"/><SP WIDTH="20" VPOS="1314" HPOS="608"/>
							<String ID="string_366" HPOS="628" VPOS="1314" WIDTH="74" HEIGHT="27" WC="0.91" CONTENT="sjöfart"/><SP WIDTH="16" VPOS="1314" HPOS="702"/>
							<String ID="string_367" HPOS="718" VPOS="1315" WIDTH="40" HEIGHT="20" WC="0.96" CONTENT="och"/><SP WIDTH="16" VPOS="1315" HPOS="758"/>
							<String ID="string_368" HPOS="774" VPOS="1313" WIDTH="84" HEIGHT="26" WC="0.96" CONTENT="handel,"/><SP WIDTH="16" VPOS="1313" HPOS="858"/>
							<String ID="string_369" HPOS="874" VPOS="1319" WIDTH="46" HEIGHT="15" WC="0.96" CONTENT="som"/>
						</TextLine>
						<TextLine ID="line_39" HPOS="88" VPOS="1341" WIDTH="831" HEIGHT="28">
							<String ID="string_370" HPOS="88" VPOS="1341" WIDTH="138" HEIGHT="22" WC="0.95" CONTENT="förekommit"/><SP WIDTH="23" VPOS="1341" HPOS="226"/>
							<String ID="string_371" HPOS="249" VPOS="1342" WIDTH="6" HEIGHT="21" WC="0.93" CONTENT="i"/><SP WIDTH="24" VPOS="1342" HPOS="255"/>
							<String ID="string_372" HPOS="279" VPOS="1342" WIDTH="108" HEIGHT="27" WC="0.94" CONTENT="åtskilliga"/><SP WIDTH="21" VPOS="1342" HPOS="387"/>
							<String ID="string_373" HPOS="408" VPOS="1342" WIDTH="22" HEIGHT="21" WC="0.93" CONTENT="af"/><SP WIDTH="15" VPOS="1342" HPOS="430"/>
							<String ID="string_374" HPOS="445" VPOS="1342" WIDTH="83" HEIGHT="21" WC="0.93" CONTENT="landets"/><SP WIDTH="15" VPOS="1342" HPOS="528"/>
							<String ID="string_375" HPOS="543" VPOS="1343" WIDTH="131" HEIGHT="24" WC="0.93" CONTENT="kuststäder,"/><SP WIDTH="17" VPOS="1343" HPOS="674"/>
							<String ID="string_376" HPOS="691" VPOS="1343" WIDTH="39" HEIGHT="21" WC="0.96" CONTENT="har"/><SP WIDTH="14" VPOS="1343" HPOS="730"/>
							<String ID="string_377" HPOS="744" VPOS="1343" WIDTH="57" HEIGHT="26" WC="0.96" CONTENT="gjort"/><SP WIDTH="16" VPOS="1343" HPOS="801"/>
							<String ID="string_378" HPOS="817" VPOS="1343" WIDTH="36" HEIGHT="20" WC="0.93" CONTENT="det"/><SP WIDTH="15" VPOS="1343" HPOS="853"/>
							<String ID="string_379" HPOS="868" VPOS="1341" WIDTH="51" HEIGHT="21" WC="0.93" CONTENT="nöd-"/>
						</TextLine>
						<TextLine ID="line_40" HPOS="90" VPOS="1370" WIDTH="830" HEIGHT="27">
							<String ID="string_380" HPOS="90" VPOS="1371" WIDTH="88" HEIGHT="26" WC="0.93" CONTENT="vändigt"/><SP WIDTH="14" VPOS="1371" HPOS="178"/>
							<String ID="string_381" HPOS="192" VPOS="1371" WIDTH="34" HEIGHT="20" WC="0.93" CONTENT="för"/><SP WIDTH="22" VPOS="1371" HPOS="226"/>
							<String ID="string_382" HPOS="248" VPOS="1370" WIDTH="108" HEIGHT="27" WC="0.93" CONTENT="Styrelsen"/><SP WIDTH="16" VPOS="1370" HPOS="356"/>
							<String ID="string_383" HPOS="372" VPOS="1373" WIDTH="33" HEIGHT="18" WC="0.93" CONTENT="att"/><SP WIDTH="15" VPOS="1373" HPOS="405"/>
							<String ID="string_384" HPOS="420" VPOS="1371" WIDTH="108" HEIGHT="21" WC="0.92" CONTENT="förstärka"/><SP WIDTH="16" VPOS="1371" HPOS="528"/>
							<String ID="string_385" HPOS="544" VPOS="1371" WIDTH="183" HEIGHT="22" WC="0.92" CONTENT="arbetskrafterna"/><SP WIDTH="17" VPOS="1371" HPOS="727"/>
							<String ID="string_386" HPOS="744" VPOS="1372" WIDTH="34" HEIGHT="20" WC="0.93" CONTENT="vid"/><SP WIDTH="22" VPOS="1372" HPOS="778"/>
							<String ID="string_387" HPOS="800" VPOS="1370" WIDTH="120" HEIGHT="22" WC="0.92" CONTENT="tullverket."/>
						</TextLine>
						<TextLine ID="line_41" HPOS="89" VPOS="1398" WIDTH="831" HEIGHT="28">
							<String ID="string_388" HPOS="89" VPOS="1398" WIDTH="113" HEIGHT="22" WC="0.92" CONTENT="Utskottet"/><SP WIDTH="21" VPOS="1398" HPOS="202"/>
							<String ID="string_389" HPOS="223" VPOS="1398" WIDTH="131" HEIGHT="28" WC="0.90" CONTENT="framhäller,"/><SP WIDTH="22" VPOS="1398" HPOS="354"/>
							<String ID="string_390" HPOS="376" VPOS="1401" WIDTH="34" HEIGHT="20" WC="0.93" CONTENT="att"/><SP WIDTH="19" VPOS="1401" HPOS="410"/>
							<String ID="string_391" HPOS="429" VPOS="1399" WIDTH="146" HEIGHT="27" WC="0.92" CONTENT="aflöningarna"/><SP WIDTH="13" VPOS="1399" HPOS="575"/>
							<String ID="string_392" HPOS="588" VPOS="1400" WIDTH="52" HEIGHT="21" WC="0.96" CONTENT="eller"/><SP WIDTH="16" VPOS="1400" HPOS="640"/>
							<String ID="string_393" HPOS="656" VPOS="1402" WIDTH="69" HEIGHT="19" WC="0.97" CONTENT="staten"/><SP WIDTH="16" VPOS="1402" HPOS="725"/>
							<String ID="string_394" HPOS="741" VPOS="1400" WIDTH="33" HEIGHT="21" WC="0.93" CONTENT="för"/><SP WIDTH="16" VPOS="1400" HPOS="774"/>
							<String ID="string_395" HPOS="790" VPOS="1400" WIDTH="66" HEIGHT="26" WC="0.92" CONTENT="nägra"/><SP WIDTH="15" VPOS="1400" HPOS="856"/>
							<String ID="string_396" HPOS="871" VPOS="1399" WIDTH="49" HEIGHT="21" WC="0.92" CONTENT="tull-"/>
						</TextLine>
						<TextLine ID="line_42" HPOS="89" VPOS="1427" WIDTH="831" HEIGHT="29">
							<String ID="string_397" HPOS="89" VPOS="1427" WIDTH="94" HEIGHT="27" WC="0.95" CONTENT="kamrar,"/><SP WIDTH="17" VPOS="1427" HPOS="183"/>
							<String ID="string_398" HPOS="200" VPOS="1428" WIDTH="127" HEIGHT="26" WC="0.96" CONTENT="exempelvis"/><SP WIDTH="16" VPOS="1428" HPOS="327"/>
							<String ID="string_399" HPOS="343" VPOS="1428" WIDTH="85" HEIGHT="26" WC="0.96" CONTENT="Nyslott"/><SP WIDTH="15" VPOS="1428" HPOS="428"/>
							<String ID="string_400" HPOS="443" VPOS="1428" WIDTH="39" HEIGHT="21" WC="0.96" CONTENT="och"/><SP WIDTH="23" VPOS="1428" HPOS="482"/>
							<String ID="string_401" HPOS="505" VPOS="1429" WIDTH="130" HEIGHT="27" WC="0.93" CONTENT="Nykarleby,"/><SP WIDTH="17" VPOS="1429" HPOS="635"/>
							<String ID="string_402" HPOS="652" VPOS="1431" WIDTH="36" HEIGHT="19" WC="0.96" CONTENT="äro"/><SP WIDTH="17" VPOS="1431" HPOS="688"/>
							<String ID="string_403" HPOS="705" VPOS="1429" WIDTH="33" HEIGHT="21" WC="0.96" CONTENT="för"/><SP WIDTH="15" VPOS="1429" HPOS="738"/>
							<String ID="string_404" HPOS="753" VPOS="1429" WIDTH="62" HEIGHT="26" WC="0.80" CONTENT="höga,"/><SP WIDTH="17" VPOS="1429" HPOS="815"/>
							<String ID="string_405" HPOS="832" VPOS="1428" WIDTH="38" HEIGHT="21" WC="0.96" CONTENT="och"/><SP WIDTH="13" VPOS="1428" HPOS="870"/>
							<String ID="string_406" HPOS="883" VPOS="1428" WIDTH="37" HEIGHT="26" WC="0.96" CONTENT="jag"/>
						</TextLine>
						<TextLine ID="line_43" HPOS="90" VPOS="1456" WIDTH="830" HEIGHT="27">
							<String ID="string_407" HPOS="90" VPOS="1456" WIDTH="36" HEIGHT="20" WC="0.93" CONTENT="vill"/><SP WIDTH="17" VPOS="1456" HPOS="126"/>
							<String ID="string_408" HPOS="143" VPOS="1456" WIDTH="111" HEIGHT="26" WC="0.92" CONTENT="medgifva,"/><SP WIDTH="17" VPOS="1456" HPOS="254"/>
							<String ID="string_409" HPOS="271" VPOS="1459" WIDTH="32" HEIGHT="18" WC="0.95" CONTENT="att"/><SP WIDTH="15" VPOS="1459" HPOS="303"/>
							<String ID="string_410" HPOS="318" VPOS="1458" WIDTH="47" HEIGHT="20" WC="0.93" CONTENT="med"/><SP WIDTH="17" VPOS="1458" HPOS="365"/>
							<String ID="string_411" HPOS="382" VPOS="1456" WIDTH="100" HEIGHT="22" WC="0.91" CONTENT="afseende"/><SP WIDTH="15" VPOS="1456" HPOS="482"/>
							<String ID="string_412" HPOS="497" VPOS="1457" WIDTH="13" HEIGHT="21" WC="0.90" CONTENT="&amp;"/><SP WIDTH="15" VPOS="1457" HPOS="510"/>
							<String ID="string_413" HPOS="525" VPOS="1458" WIDTH="41" HEIGHT="20" WC="0.92" CONTENT="den"/><SP WIDTH="15" VPOS="1458" HPOS="566"/>
							<String ID="string_414" HPOS="581" VPOS="1458" WIDTH="70" HEIGHT="25" WC="0.92" CONTENT="trafik,"/><SP WIDTH="13" VPOS="1458" HPOS="651"/>
							<String ID="string_415" HPOS="664" VPOS="1464" WIDTH="44" HEIGHT="14" WC="0.96" CONTENT="som"/><SP WIDTH="14" VPOS="1464" HPOS="708"/>
							<String ID="string_416" HPOS="722" VPOS="1458" WIDTH="38" HEIGHT="20" WC="0.93" CONTENT="der"/><SP WIDTH="10" VPOS="1458" HPOS="760"/>
							<String ID="string_417" HPOS="770" VPOS="1457" WIDTH="150" HEIGHT="23" WC="0.92" CONTENT="förekommer,"/>
						</TextLine>
						<TextLine ID="line_44" HPOS="90" VPOS="1484" WIDTH="829" HEIGHT="28">
							<String ID="string_418" HPOS="90" VPOS="1484" WIDTH="63" HEIGHT="21" WC="0.78" CONTENT="dessa"/><SP WIDTH="21" VPOS="1484" HPOS="153"/>
							<String ID="string_419" HPOS="174" VPOS="1485" WIDTH="128" HEIGHT="21" WC="0.78" CONTENT="tullkamrar"/><SP WIDTH="22" VPOS="1485" HPOS="302"/>
							<String ID="string_420" HPOS="324" VPOS="1485" WIDTH="70" HEIGHT="21" WC="0.96" CONTENT="blifvit"/><SP WIDTH="22" VPOS="1485" HPOS="394"/>
							<String ID="string_421" HPOS="416" VPOS="1485" WIDTH="132" HEIGHT="27" WC="0.96" CONTENT="uppflyttade"/><SP WIDTH="22" VPOS="1485" HPOS="548"/>
							<String ID="string_422" HPOS="570" VPOS="1486" WIDTH="32" HEIGHT="20" WC="0.93" CONTENT="till"/><SP WIDTH="22" VPOS="1486" HPOS="602"/>
							<String ID="string_423" HPOS="624" VPOS="1486" WIDTH="65" HEIGHT="26" WC="0.96" CONTENT="något"/><SP WIDTH="22" VPOS="1486" HPOS="689"/>
							<String ID="string_424" HPOS="711" VPOS="1486" WIDTH="33" HEIGHT="21" WC="0.96" CONTENT="för"/><SP WIDTH="16" VPOS="1486" HPOS="744"/>
							<String ID="string_425" HPOS="760" VPOS="1486" WIDTH="56" HEIGHT="26" WC="0.93" CONTENT="höga"/><SP WIDTH="15" VPOS="1486" HPOS="816"/>
							<String ID="string_426" HPOS="831" VPOS="1485" WIDTH="88" HEIGHT="21" WC="0.95" CONTENT="klasser."/>
						</TextLine>
						<TextLine ID="line_45" HPOS="92" VPOS="1512" WIDTH="828" HEIGHT="28">
							<String ID="string_427" HPOS="92" VPOS="1512" WIDTH="41" HEIGHT="22" WC="0.96" CONTENT="Vid"/><SP WIDTH="17" VPOS="1512" HPOS="133"/>
							<String ID="string_428" HPOS="150" VPOS="1520" WIDTH="25" HEIGHT="14" WC="0.93" CONTENT="en"/><SP WIDTH="16" VPOS="1520" HPOS="175"/>
							<String ID="string_429" HPOS="191" VPOS="1514" WIDTH="93" HEIGHT="21" WC="0.91" CONTENT="skeende"/><SP WIDTH="22" VPOS="1514" HPOS="284"/>
							<String ID="string_430" HPOS="306" VPOS="1514" WIDTH="124" HEIGHT="26" WC="0.92" CONTENT="förändring"/><SP WIDTH="23" VPOS="1514" HPOS="430"/>
							<String ID="string_431" HPOS="453" VPOS="1515" WIDTH="31" HEIGHT="20" WC="0.92" CONTENT="uti"/><SP WIDTH="22" VPOS="1515" HPOS="484"/>
							<String ID="string_432" HPOS="506" VPOS="1516" WIDTH="71" HEIGHT="20" WC="0.96" CONTENT="staten"/><SP WIDTH="18" VPOS="1516" HPOS="577"/>
							<String ID="string_433" HPOS="595" VPOS="1514" WIDTH="33" HEIGHT="22" WC="0.93" CONTENT="för"/><SP WIDTH="16" VPOS="1514" HPOS="628"/>
							<String ID="string_434" HPOS="644" VPOS="1514" WIDTH="115" HEIGHT="22" WC="0.92" CONTENT="tullverket"/><SP WIDTH="15" VPOS="1514" HPOS="759"/>
							<String ID="string_435" HPOS="774" VPOS="1515" WIDTH="96" HEIGHT="21" WC="0.96" CONTENT="kommer"/><SP WIDTH="16" VPOS="1515" HPOS="870"/>
							<String ID="string_436" HPOS="886" VPOS="1514" WIDTH="34" HEIGHT="21" WC="0.96" CONTENT="väl"/>
						</TextLine>
					</TextBlock>
				</ComposedBlock>
			</PrintSpace>
		</Page>
	</Layout>
</alto>
