1109 1739
379 103 224 32 Folkskolebudgeten.
844 105 40 20 887

86 192 96 26 anslaget
197 191 32 20 till
245 191 167 26 folkhögskolor,
430 192 22 25 ty
468 191 36 21 det
520 193 24 18 är
558 191 24 20 sä
598 191 40 20 lätt
654 197 28 14 nu
690 191 32 20 för
731 191 57 20 tiden
796 190 33 21 för
842 191 72 20 veder-

86 219 95 22 börande
197 221 32 19 att
244 220 30 20 uti
290 219 74 26 allting
380 219 62 26 spära
463 219 151 27 demagogiska
629 219 139 27 stämplingar
784 219 40 21 och
839 219 76 26 farliga

86 249 102 26 politiska
210 249 67 20 lärors
300 248 138 21 meddelande
462 249 6 20 i
491 248 43 21 alla
549 248 78 21 skolor.
659 247 85 28 Mycket
763 248 64 21 beror
843 247 72 28 derpä,

87 277 54 20 huru
157 277 47 25 den,
221 283 44 14 som
281 277 39 20 har
336 279 32 19 att
383 277 40 20 till-
440 277 52 20 eller
508 277 96 26 afstyrka
619 277 96 26 anslaget
730 277 32 20 till
778 276 138 27 folkhögsko-

86 305 68 26 lorna,
180 305 110 26 uppfattar
310 306 72 21 saken.
412 305 43 21 För
474 305 136 22 märvarande
632 308 46 18 tror
698 305 37 26 jag
756 305 47 21 icke
819 307 32 18 att
866 311 49 15 man

86 334 40 21 har
148 336 32 19 att
196 333 73 22 befara
284 334 65 27 nägot
364 334 88 27 menligt
467 334 115 27 inflytande
598 333 47 22 frän
661 334 40 21 den
717 334 66 26 sidan,
800 334 27 21 dä
843 333 36 22 det
892 333 24 26 ju

86 362 68 21 finnes
170 369 26 14 en
211 362 149 26 folkhögskola
375 363 62 20 äfven
452 362 7 21 i
475 363 128 26 Kangasala.

358 459 281 28 Omröstningsproposition
646 467 4 14 :

157 533 53 27 Den,
234 540 44 15 som
301 534 124 27 godkänner
445 534 162 27 ifrägavarande
623 534 57 21 kläm
696 534 6 21 i
718 534 64 21 slutet
797 533 23 22 af
834 533 38 22 sid.
890 534 24 21 17

87 562 41 21 och
144 562 75 27 början
234 562 23 21 af
271 563 38 21 sid.
328 564 24 20 18
368 563 136 27 oförändrad,
521 569 74 15 svarar
608 563 32 26 ja;

157 631 42 21 blir
217 631 33 26 nej
267 631 161 27 öfvervägande,
453 631 77 21 ändras
553 631 107 22 klämmen
675 632 6 21 i
698 630 218 22 öfverensstämmelse

88 660 47 20 med
152 660 36 20 det
203 660 23 21 af
239 659 57 22 Frih.
320 660 25 21 K.
368 666 40 15 von
430 660 87 21 Alfthan
533 660 126 21 framstälda
673 660 102 27 förslaget
790 662 56 19 samt
861 659 55 22 äter-

88 688 121 21 remitteras
225 689 32 20 till
272 688 112 22 Utskottet
399 689 33 20 för
448 691 32 18 att
495 689 7 21 i
517 689 75 26 antydt
608 689 54 26 syfte
678 689 168 21 omformuleras.

157 756 82 21 Genom
258 757 68 21 denna
342 757 142 26 propositions
500 757 132 22 besvarande
648 757 48 21 med
713 757 154 27 öfvervägande
882 756 34 27 nej

88 785 55 21 hade
159 785 24 21 R.
208 791 18 15 o.
247 786 23 20 A.
295 785 87 22 beslutit
404 786 32 21 till
462 786 166 21 Statsutskottet
653 786 156 21 äterremittera
834 785 82 22 föreva-

89 813 66 22 rande
178 814 208 27 resolutionsförslag
409 815 7 20 i
439 814 36 21 det
491 814 23 21 af
528 815 57 20 Frih.
602 815 26 21 K.
644 821 40 14 von
701 814 86 22 Alfthan
803 814 113 21 förordade

88 842 61 27 syfte.

158 905 39 21 Om
214 905 61 22 dessa
290 905 24 21 R.
331 911 19 15 o.
366 906 37 21 A:s
419 905 71 22 beslut
512 906 66 21 borde
594 905 59 22 såväl
668 905 139 22 Medständen
820 912 46 15 som
877 906 40 21 ock

88 933 166 22 Statsutskottet
268 940 76 21 genom
360 935 77 26 utdrag
452 941 26 14 ur
493 935 130 26 protokollet
635 935 143 21 underrättas.

396 1105 89 23 Enskilda
499 1106 108 28 jernvägar.

158 1172 120 27 Föredrogs
301 1173 163 27 Lagutskottets
486 1174 81 27 förslag
589 1174 32 21 till
636 1174 203 27 sammanjemkning
854 1173 24 22 af
892 1174 26 21 de

89 1201 124 27 skiljaktiga
236 1201 76 25 beslut,
335 1202 6 20 i
365 1202 71 21 hvilka
457 1202 95 22 Ständen
572 1205 88 19 stannat
675 1203 35 21 vid
726 1203 155 26 behandlingen
896 1202 24 21 af

90 1230 48 21 nåd.
161 1236 61 20 prop.
245 1230 39 21 N:o
310 1232 25 20 14
357 1237 34 15 om
414 1232 82 20 ändrad
519 1232 80 26 lydelse
615 1232 23 20 af
652 1232 24 26 $$
692 1232 13 20 2
721 1232 39 21 och
777 1232 21 21 1]
818 1232 6 20 i
840 1231 78 26 nådiga

87 1258 158 26 förordningen,
268 1259 109 26 angäende
400 1260 97 21 enskilda
514 1260 116 27 jernvägar
644 1260 34 21 för
692 1260 79 21 allmän
786 1260 132 26 samfärdsel,

86 1287 24 21 af
123 1287 40 21 den
182 1288 24 20 15
223 1288 59 26 April
300 1288 61 21 1889.

156 1354 70 22 Sedan
249 1355 40 21 här
311 1356 125 21 antecknats
459 1359 33 18 att
512 1356 67 21 under
594 1356 85 27 plenum
696 1356 86 22 anländt
798 1356 39 22 och
853 1356 65 21 bland

89 1382 101 23 Ständets
214 1384 140 21 medlemmar
379 1385 93 21 utdelats
498 1387 32 19 ett
555 1385 139 21 rättelseblad
720 1386 32 20 till
769 1385 149 27 ifrägakomna

88 1412 303 28 sammanjemkningsförslag,
408 1413 67 21 utbad
491 1414 31 26 sig

157 1474 31 22 Hr
204 1475 23 21 L.
244 1474 152 22 Mechelin
420 1476 62 20 ordet
504 1476 40 21 och
566 1476 96 26 yttrade:
693 1476 42 21 Det
756 1478 23 19 är
794 1476 125 26 visserligen

88 1503 84 26 mycket
186 1504 82 26 vanligt
282 1506 33 18 att
337 1504 297 27 sammanjemkningsförslag
658 1506 106 25 uppgöras
779 1505 54 21 efter
848 1504 24 21 sä
887 1506 33 20 att
