<?xml version="1.0" encoding="UTF-8"?>
<alto xmlns="http://www.loc.gov/standards/alto/ns-v3#" xmlns:xlink="http://www.w3.org/1999/xlink" xmlns:xsi="http://www.w3.org/2001/XMLSchema-instance" xsi:schemaLocation="http://www.loc.gov/standards/alto/ns-v3# http://www.loc.gov/alto/v3/alto-3-0.xsd">
	<Description>
		<MeasurementUnit>pixel</MeasurementUnit>
		<sourceImageInformation>
			<fileName>/tmp/tess_hjnmni2r_input.PNG</fileName>
		</sourceImageInformation>
		<OCRProcessing ID="OCR_0">
			<ocrProcessingStep>
				<processingSoftware>
					<softwareName>tesseract 5.3.4</softwareName>
				</processingSoftware>
			</ocrProcessingStep>
		</OCRProcessing>
	</Description>
	<Layout>
		<Page WIDTH="1109" HEIGHT="1742" PHYSICAL_IMG_NR="0" ID="page_0">
			<PrintSpace HPOS="0" VPOS="0" WIDTH="1109" HEIGHT="1742">
				<ComposedBlock ID="cblock_0" HPOS="247" VPOS="110" WIDTH="533" HEIGHT="28">
					<TextBlock ID="block_0" HPOS="247" VPOS="110" WIDTH="533" HEIGHT="28">
						<TextLine ID="line_0" HPOS="247" VPOS="110" WIDTH="533" HEIGHT="28">
							<String ID="string_0" HPOS="247" VPOS="110" WIDTH="42" HEIGHT="22" WC="0.96" CONTENT="708"/><SP WIDTH="207" VPOS="110" HPOS="289"/>
							<String ID="string_1" HPOS="496" VPOS="117" WIDTH="25" HEIGHT="17" WC="0.95" CONTENT="R."/><SP WIDTH="13" VPOS="117" HPOS="521"/>
							<String ID="string_2" HPOS="534" VPOS="121" WIDTH="16" HEIGHT="13" WC="0.76" CONTENT="o."/><SP WIDTH="14" VPOS="121" HPOS="550"/>
							<String ID="string_3" HPOS="564" VPOS="118" WIDTH="22" HEIGHT="16" WC="0.95" CONTENT="A."/><SP WIDTH="15" VPOS="118" HPOS="586"/>
							<String ID="string_4" HPOS="601" VPOS="118" WIDTH="58" HEIGHT="16" WC="0.96" CONTENT="1894."/><SP WIDTH="24" VPOS="118" HPOS="659"/>
							<String ID="string_5" HPOS="683" VPOS="118" WIDTH="22" HEIGHT="16" WC="0.96" CONTENT="21"/><SP WIDTH="13" VPOS="118" HPOS="705"/>
							<String ID="string_6" HPOS="718" VPOS="117" WIDTH="62" HEIGHT="21" WC="0.93" CONTENT="April."/>
						</TextLine>
					</TextBlock>
				</ComposedBlock>
				<GraphicalElement ID="cblock_1" HPOS="217" VPOS="147" WIDTH="829" HEIGHT="8"></GraphicalElement >
				<ComposedBlock ID="cblock_2" HPOS="216" VPOS="196" WIDTH="832" HEIGHT="423">
					<TextBlock ID="block_1" HPOS="216" VPOS="196" WIDTH="832" HEIGHT="422">
						<TextLine ID="line_1" HPOS="288" VPOS="196" WIDTH="759" HEIGHT="28">
							<String ID="string_7" HPOS="288" VPOS="196" WIDTH="31" HEIGHT="22" WC="0.93" CONTENT="Hr"/><SP WIDTH="15" VPOS="196" HPOS="319"/>
							<String ID="string_8" HPOS="334" VPOS="196" WIDTH="24" HEIGHT="21" WC="0.92" CONTENT="V."/><SP WIDTH="17" VPOS="196" HPOS="358"/>
							<String ID="string_9" HPOS="375" VPOS="203" WIDTH="39" HEIGHT="15" WC="0.92" CONTENT="von"/><SP WIDTH="16" VPOS="203" HPOS="414"/>
							<String ID="string_10" HPOS="430" VPOS="197" WIDTH="140" HEIGHT="21" WC="0.90" CONTENT="Hellens:"/><SP WIDTH="25" VPOS="197" HPOS="570"/>
							<String ID="string_11" HPOS="595" VPOS="197" WIDTH="57" HEIGHT="21" WC="0.91" CONTENT="Frih."/><SP WIDTH="17" VPOS="197" HPOS="652"/>
							<String ID="string_12" HPOS="669" VPOS="197" WIDTH="155" HEIGHT="27" WC="0.96" CONTENT="Langenskiöld"/><SP WIDTH="16" VPOS="197" HPOS="824"/>
							<String ID="string_13" HPOS="840" VPOS="197" WIDTH="40" HEIGHT="21" WC="0.93" CONTENT="har"/><SP WIDTH="14" VPOS="197" HPOS="880"/>
							<String ID="string_14" HPOS="894" VPOS="196" WIDTH="64" HEIGHT="28" WC="0.93" CONTENT="yrkat"/><SP WIDTH="14" VPOS="196" HPOS="958"/>
							<String ID="string_15" HPOS="972" VPOS="196" WIDTH="28" HEIGHT="27" WC="0.96" CONTENT="pä"/><SP WIDTH="15" VPOS="196" HPOS="1000"/>
							<String ID="string_16" HPOS="1015" VPOS="196" WIDTH="32" HEIGHT="20" WC="0.96" CONTENT="ett"/>
						</TextLine>
						<TextLine ID="line_2" HPOS="218" VPOS="225" WIDTH="829" HEIGHT="27">
							<String ID="string_17" HPOS="218" VPOS="225" WIDTH="75" HEIGHT="27" WC="0.96" CONTENT="tillägg"/><SP WIDTH="14" VPOS="225" HPOS="293"/>
							<String ID="string_18" HPOS="307" VPOS="225" WIDTH="32" HEIGHT="21" WC="0.96" CONTENT="till"/><SP WIDTH="18" VPOS="225" HPOS="339"/>
							<String ID="string_19" HPOS="357" VPOS="227" WIDTH="22" HEIGHT="19" WC="0.93" CONTENT="11"/><SP WIDTH="19" VPOS="227" HPOS="379"/>
							<String ID="string_20" HPOS="398" VPOS="226" WIDTH="20" HEIGHT="26" WC="0.85" CONTENT="$,"/><SP WIDTH="16" VPOS="226" HPOS="418"/>
							<String ID="string_21" HPOS="434" VPOS="232" WIDTH="48" HEIGHT="14" WC="0.96" CONTENT="men"/><SP WIDTH="16" VPOS="232" HPOS="482"/>
							<String ID="string_22" HPOS="498" VPOS="226" WIDTH="32" HEIGHT="20" WC="0.96" CONTENT="för"/><SP WIDTH="16" VPOS="226" HPOS="530"/>
							<String ID="string_23" HPOS="546" VPOS="226" WIDTH="43" HEIGHT="20" WC="0.96" CONTENT="min"/><SP WIDTH="17" VPOS="226" HPOS="589"/>
							<String ID="string_24" HPOS="606" VPOS="226" WIDTH="34" HEIGHT="21" WC="0.96" CONTENT="del"/><SP WIDTH="15" VPOS="226" HPOS="640"/>
							<String ID="string_25" HPOS="655" VPOS="226" WIDTH="42" HEIGHT="21" WC="0.96" CONTENT="kan"/><SP WIDTH="14" VPOS="226" HPOS="697"/>
							<String ID="string_26" HPOS="711" VPOS="226" WIDTH="36" HEIGHT="26" WC="0.93" CONTENT="jag"/><SP WIDTH="15" VPOS="226" HPOS="747"/>
							<String ID="string_27" HPOS="762" VPOS="226" WIDTH="46" HEIGHT="21" WC="0.96" CONTENT="icke"/><SP WIDTH="15" VPOS="226" HPOS="808"/>
							<String ID="string_28" HPOS="823" VPOS="228" WIDTH="65" HEIGHT="18" WC="0.96" CONTENT="annat"/><SP WIDTH="12" VPOS="228" HPOS="888"/>
							<String ID="string_29" HPOS="900" VPOS="225" WIDTH="56" HEIGHT="21" WC="0.96" CONTENT="finna"/><SP WIDTH="16" VPOS="225" HPOS="956"/>
							<String ID="string_30" HPOS="972" VPOS="227" WIDTH="26" HEIGHT="19" WC="0.96" CONTENT="än"/><SP WIDTH="16" VPOS="227" HPOS="998"/>
							<String ID="string_31" HPOS="1014" VPOS="225" WIDTH="33" HEIGHT="20" WC="0.96" CONTENT="att"/>
						</TextLine>
						<TextLine ID="line_3" HPOS="218" VPOS="254" WIDTH="828" HEIGHT="27">
							<String ID="string_32" HPOS="218" VPOS="254" WIDTH="116" HEIGHT="21" WC="0.96" CONTENT="innehållet"/><SP WIDTH="16" VPOS="254" HPOS="334"/>
							<String ID="string_33" HPOS="350" VPOS="254" WIDTH="22" HEIGHT="21" WC="0.96" CONTENT="af"/><SP WIDTH="14" VPOS="254" HPOS="372"/>
							<String ID="string_34" HPOS="386" VPOS="254" WIDTH="58" HEIGHT="21" WC="0.93" CONTENT="detta"/><SP WIDTH="16" VPOS="254" HPOS="444"/>
							<String ID="string_35" HPOS="460" VPOS="254" WIDTH="74" HEIGHT="27" WC="0.95" CONTENT="tillägg"/><SP WIDTH="15" VPOS="254" HPOS="534"/>
							<String ID="string_36" HPOS="549" VPOS="255" WIDTH="66" HEIGHT="20" WC="0.93" CONTENT="redan"/><SP WIDTH="17" VPOS="255" HPOS="615"/>
							<String ID="string_37" HPOS="632" VPOS="254" WIDTH="111" HEIGHT="22" WC="0.91" CONTENT="innebäres"/><SP WIDTH="15" VPOS="254" HPOS="743"/>
							<String ID="string_38" HPOS="758" VPOS="255" WIDTH="7" HEIGHT="20" WC="0.95" CONTENT="i"/><SP WIDTH="16" VPOS="255" HPOS="765"/>
							<String ID="string_39" HPOS="781" VPOS="255" WIDTH="25" HEIGHT="21" WC="0.93" CONTENT="14"/><SP WIDTH="11" VPOS="255" HPOS="806"/>
							<String ID="string_40" HPOS="817" VPOS="254" WIDTH="18" HEIGHT="27" WC="0.92" CONTENT="$,"/><SP WIDTH="12" VPOS="254" HPOS="835"/>
							<String ID="string_41" HPOS="847" VPOS="254" WIDTH="37" HEIGHT="21" WC="0.96" CONTENT="der"/><SP WIDTH="12" VPOS="254" HPOS="884"/>
							<String ID="string_42" HPOS="896" VPOS="254" WIDTH="35" HEIGHT="21" WC="0.96" CONTENT="det"/><SP WIDTH="15" VPOS="254" HPOS="931"/>
							<String ID="string_43" HPOS="946" VPOS="254" WIDTH="1" HEIGHT="20" WC="0.83" CONTENT="i"/><SP WIDTH="20" VPOS="254" HPOS="947"/>
							<String ID="string_44" HPOS="967" VPOS="254" WIDTH="5" HEIGHT="20" WC="0.83" CONTENT="2"/><SP WIDTH="10" VPOS="254" HPOS="972"/>
							<String ID="string_45" HPOS="982" VPOS="259" WIDTH="64" HEIGHT="15" WC="0.95" CONTENT="mom."/>
						</TextLine>
						<TextLine ID="line_4" HPOS="218" VPOS="282" WIDTH="829" HEIGHT="28">
							<String ID="string_46" HPOS="218" VPOS="282" WIDTH="72" HEIGHT="21" WC="0.92" CONTENT="heter:"/><SP WIDTH="17" VPOS="282" HPOS="290"/>
							<String ID="string_47" HPOS="307" VPOS="282" WIDTH="74" HEIGHT="27" WC="0.69" CONTENT=",ingär"/><SP WIDTH="24" VPOS="282" HPOS="381"/>
							<String ID="string_48" HPOS="405" VPOS="283" WIDTH="69" HEIGHT="27" WC="0.95" CONTENT="någon"/><SP WIDTH="27" VPOS="283" HPOS="474"/>
							<String ID="string_49" HPOS="501" VPOS="283" WIDTH="44" HEIGHT="21" WC="0.93" CONTENT="före"/><SP WIDTH="25" VPOS="283" HPOS="545"/>
							<String ID="string_50" HPOS="570" VPOS="283" WIDTH="96" HEIGHT="27" WC="0.92" CONTENT="bolagets"/><SP WIDTH="22" VPOS="283" HPOS="666"/>
							<String ID="string_51" HPOS="688" VPOS="283" WIDTH="127" HEIGHT="27" WC="0.92" CONTENT="inskrifning"/><SP WIDTH="17" VPOS="283" HPOS="815"/>
							<String ID="string_52" HPOS="832" VPOS="282" WIDTH="129" HEIGHT="22" WC="0.96" CONTENT="förbindelse"/><SP WIDTH="15" VPOS="282" HPOS="961"/>
							<String ID="string_53" HPOS="976" VPOS="282" WIDTH="6" HEIGHT="20" WC="0.96" CONTENT="i"/><SP WIDTH="17" VPOS="282" HPOS="982"/>
							<String ID="string_54" HPOS="999" VPOS="282" WIDTH="48" HEIGHT="21" WC="0.96" CONTENT="dess"/>
						</TextLine>
						<TextLine ID="line_5" HPOS="218" VPOS="310" WIDTH="828" HEIGHT="28">
							<String ID="string_55" HPOS="218" VPOS="317" WIDTH="72" HEIGHT="18" WC="0.93" CONTENT="namn,"/><SP WIDTH="15" VPOS="317" HPOS="290"/>
							<String ID="string_56" HPOS="305" VPOS="318" WIDTH="61" HEIGHT="14" WC="0.92" CONTENT="svare"/><SP WIDTH="14" VPOS="318" HPOS="366"/>
							<String ID="string_57" HPOS="380" VPOS="312" WIDTH="33" HEIGHT="20" WC="0.96" CONTENT="för"/><SP WIDTH="16" VPOS="312" HPOS="413"/>
							<String ID="string_58" HPOS="429" VPOS="312" WIDTH="40" HEIGHT="20" WC="0.93" CONTENT="den"/><SP WIDTH="15" VPOS="312" HPOS="469"/>
							<String ID="string_59" HPOS="484" VPOS="312" WIDTH="129" HEIGHT="21" WC="0.91" CONTENT="förbindelse"/><SP WIDTH="15" VPOS="312" HPOS="613"/>
							<String ID="string_60" HPOS="628" VPOS="312" WIDTH="70" HEIGHT="21" WC="0.91" CONTENT="säsom"/><SP WIDTH="16" VPOS="312" HPOS="698"/>
							<String ID="string_61" HPOS="714" VPOS="312" WIDTH="33" HEIGHT="21" WC="0.97" CONTENT="för"/><SP WIDTH="15" VPOS="312" HPOS="747"/>
							<String ID="string_62" HPOS="762" VPOS="318" WIDTH="51" HEIGHT="20" WC="0.96" CONTENT="egen"/><SP WIDTH="11" VPOS="318" HPOS="813"/>
							<String ID="string_63" HPOS="824" VPOS="312" WIDTH="72" HEIGHT="25" WC="0.92" CONTENT="skuld;"/><SP WIDTH="12" VPOS="312" HPOS="896"/>
							<String ID="string_64" HPOS="908" VPOS="314" WIDTH="36" HEIGHT="18" WC="0.92" CONTENT="äro"/><SP WIDTH="12" VPOS="314" HPOS="944"/>
							<String ID="string_65" HPOS="956" VPOS="311" WIDTH="25" HEIGHT="21" WC="0.93" CONTENT="de"/><SP WIDTH="8" VPOS="311" HPOS="981"/>
							<String ID="string_66" HPOS="989" VPOS="310" WIDTH="57" HEIGHT="26" WC="0.90" CONTENT="flere,"/>
						</TextLine>
						<TextLine ID="line_6" HPOS="218" VPOS="339" WIDTH="829" HEIGHT="27">
							<String ID="string_67" HPOS="218" VPOS="346" WIDTH="61" HEIGHT="14" WC="0.92" CONTENT="svare"/><SP WIDTH="20" VPOS="346" HPOS="279"/>
							<String ID="string_68" HPOS="299" VPOS="340" WIDTH="25" HEIGHT="21" WC="0.93" CONTENT="de"/><SP WIDTH="16" VPOS="340" HPOS="324"/>
							<String ID="string_69" HPOS="340" VPOS="340" WIDTH="70" HEIGHT="21" WC="0.96" CONTENT="derför"/><SP WIDTH="15" VPOS="340" HPOS="410"/>
							<String ID="string_70" HPOS="425" VPOS="347" WIDTH="25" HEIGHT="14" WC="0.96" CONTENT="en"/><SP WIDTH="16" VPOS="347" HPOS="450"/>
							<String ID="string_71" HPOS="466" VPOS="340" WIDTH="33" HEIGHT="21" WC="0.96" CONTENT="för"/><SP WIDTH="15" VPOS="340" HPOS="499"/>
							<String ID="string_72" HPOS="514" VPOS="341" WIDTH="43" HEIGHT="20" WC="0.96" CONTENT="alla"/><SP WIDTH="15" VPOS="341" HPOS="557"/>
							<String ID="string_73" HPOS="572" VPOS="340" WIDTH="39" HEIGHT="22" WC="0.96" CONTENT="och"/><SP WIDTH="17" VPOS="340" HPOS="611"/>
							<String ID="string_74" HPOS="628" VPOS="340" WIDTH="42" HEIGHT="22" WC="0.97" CONTENT="alla"/><SP WIDTH="14" VPOS="340" HPOS="670"/>
							<String ID="string_75" HPOS="684" VPOS="340" WIDTH="34" HEIGHT="22" WC="0.93" CONTENT="för"/><SP WIDTH="15" VPOS="340" HPOS="718"/>
							<String ID="string_76" HPOS="733" VPOS="341" WIDTH="42" HEIGHT="21" WC="0.72" CONTENT="en”."/><SP WIDTH="33" VPOS="341" HPOS="775"/>
							<String ID="string_77" HPOS="808" VPOS="340" WIDTH="104" HEIGHT="21" WC="0.82" CONTENT="Inbetalas"/><SP WIDTH="15" VPOS="340" HPOS="912"/>
							<String ID="string_78" HPOS="927" VPOS="340" WIDTH="70" HEIGHT="26" WC="0.96" CONTENT="någon"/><SP WIDTH="16" VPOS="340" HPOS="997"/>
							<String ID="string_79" HPOS="1013" VPOS="339" WIDTH="34" HEIGHT="21" WC="0.96" CONTENT="del"/>
						</TextLine>
						<TextLine ID="line_7" HPOS="216" VPOS="368" WIDTH="832" HEIGHT="28">
							<String ID="string_80" HPOS="216" VPOS="368" WIDTH="26" HEIGHT="25" WC="0.92" CONTENT="af"/><SP WIDTH="22" VPOS="368" HPOS="242"/>
							<String ID="string_81" HPOS="264" VPOS="368" WIDTH="82" HEIGHT="22" WC="0.91" CONTENT="aktiens"/><SP WIDTH="22" VPOS="368" HPOS="346"/>
							<String ID="string_82" HPOS="368" VPOS="369" WIDTH="82" HEIGHT="27" WC="0.92" CONTENT="belopp,"/><SP WIDTH="17" VPOS="369" HPOS="450"/>
							<String ID="string_83" HPOS="467" VPOS="370" WIDTH="64" HEIGHT="20" WC="0.92" CONTENT="innan"/><SP WIDTH="15" VPOS="370" HPOS="531"/>
							<String ID="string_84" HPOS="546" VPOS="369" WIDTH="128" HEIGHT="27" WC="0.92" CONTENT="inskrifning"/><SP WIDTH="14" VPOS="369" HPOS="674"/>
							<String ID="string_85" HPOS="688" VPOS="370" WIDTH="7" HEIGHT="20" WC="0.93" CONTENT="i"/><SP WIDTH="16" VPOS="370" HPOS="695"/>
							<String ID="string_86" HPOS="711" VPOS="369" WIDTH="178" HEIGHT="26" WC="0.92" CONTENT="handelsregister"/><SP WIDTH="15" VPOS="369" HPOS="889"/>
							<String ID="string_87" HPOS="904" VPOS="371" WIDTH="36" HEIGHT="24" WC="0.92" CONTENT="egt"/><SP WIDTH="15" VPOS="371" HPOS="940"/>
							<String ID="string_88" HPOS="955" VPOS="374" WIDTH="52" HEIGHT="19" WC="0.96" CONTENT="rum,"/><SP WIDTH="17" VPOS="374" HPOS="1007"/>
							<String ID="string_89" HPOS="1024" VPOS="368" WIDTH="24" HEIGHT="21" WC="0.96" CONTENT="sä"/>
						</TextLine>
						<TextLine ID="line_8" HPOS="218" VPOS="396" WIDTH="828" HEIGHT="28">
							<String ID="string_90" HPOS="218" VPOS="396" WIDTH="105" HEIGHT="22" WC="0.93" CONTENT="inbetalas"/><SP WIDTH="17" VPOS="396" HPOS="323"/>
							<String ID="string_91" HPOS="340" VPOS="398" WIDTH="35" HEIGHT="20" WC="0.93" CONTENT="det"/><SP WIDTH="16" VPOS="398" HPOS="375"/>
							<String ID="string_92" HPOS="391" VPOS="398" WIDTH="134" HEIGHT="26" WC="0.92" CONTENT="naturligtvis"/><SP WIDTH="16" VPOS="398" HPOS="525"/>
							<String ID="string_93" HPOS="541" VPOS="398" WIDTH="23" HEIGHT="21" WC="0.96" CONTENT="ät"/><SP WIDTH="10" VPOS="398" HPOS="564"/>
							<String ID="string_94" HPOS="574" VPOS="398" WIDTH="54" HEIGHT="24" WC="0.96" CONTENT="dem,"/><SP WIDTH="12" VPOS="398" HPOS="628"/>
							<String ID="string_95" HPOS="640" VPOS="404" WIDTH="45" HEIGHT="15" WC="0.93" CONTENT="som"/><SP WIDTH="12" VPOS="404" HPOS="685"/>
							<String ID="string_96" HPOS="697" VPOS="398" WIDTH="94" HEIGHT="21" WC="0.93" CONTENT="utfärdat"/><SP WIDTH="12" VPOS="398" HPOS="791"/>
							<String ID="string_97" HPOS="803" VPOS="397" WIDTH="158" HEIGHT="27" WC="0.92" CONTENT="inbjudningen,"/><SP WIDTH="13" VPOS="397" HPOS="961"/>
							<String ID="string_98" HPOS="974" VPOS="397" WIDTH="20" HEIGHT="21" WC="0.92" CONTENT="d."/><SP WIDTH="9" VPOS="397" HPOS="994"/>
							<String ID="string_99" HPOS="1003" VPOS="402" WIDTH="19" HEIGHT="15" WC="0.93" CONTENT="v."/><SP WIDTH="9" VPOS="402" HPOS="1022"/>
							<String ID="string_100" HPOS="1031" VPOS="402" WIDTH="15" HEIGHT="15" WC="0.93" CONTENT="s."/>
						</TextLine>
						<TextLine ID="line_9" HPOS="218" VPOS="425" WIDTH="829" HEIGHT="28">
							<String ID="string_101" HPOS="218" VPOS="425" WIDTH="117" HEIGHT="26" WC="0.91" CONTENT="stiftarene,"/><SP WIDTH="23" VPOS="425" HPOS="335"/>
							<String ID="string_102" HPOS="358" VPOS="426" WIDTH="40" HEIGHT="21" WC="0.93" CONTENT="och"/><SP WIDTH="16" VPOS="426" HPOS="398"/>
							<String ID="string_103" HPOS="414" VPOS="426" WIDTH="27" HEIGHT="22" WC="0.93" CONTENT="då"/><SP WIDTH="15" VPOS="426" HPOS="441"/>
							<String ID="string_104" HPOS="456" VPOS="426" WIDTH="110" HEIGHT="22" WC="0.92" CONTENT="stiftarene"/><SP WIDTH="16" VPOS="426" HPOS="566"/>
							<String ID="string_105" HPOS="582" VPOS="429" WIDTH="108" HEIGHT="24" WC="0.92" CONTENT="emottaga"/><SP WIDTH="16" VPOS="429" HPOS="690"/>
							<String ID="string_106" HPOS="706" VPOS="427" WIDTH="67" HEIGHT="21" WC="0.93" CONTENT="denna"/><SP WIDTH="15" VPOS="427" HPOS="773"/>
							<String ID="string_107" HPOS="788" VPOS="426" WIDTH="194" HEIGHT="27" WC="0.92" CONTENT="penningesumma,"/><SP WIDTH="16" VPOS="426" HPOS="982"/>
							<String ID="string_108" HPOS="998" VPOS="425" WIDTH="49" HEIGHT="27" WC="0.96" CONTENT="ingå"/>
						</TextLine>
						<TextLine ID="line_10" HPOS="219" VPOS="454" WIDTH="828" HEIGHT="28">
							<String ID="string_109" HPOS="219" VPOS="454" WIDTH="27" HEIGHT="21" WC="0.86" CONTENT="de"/><SP WIDTH="22" VPOS="454" HPOS="246"/>
							<String ID="string_110" HPOS="268" VPOS="455" WIDTH="134" HEIGHT="26" WC="0.93" CONTENT="naturligtvis"/><SP WIDTH="24" VPOS="455" HPOS="402"/>
							<String ID="string_111" HPOS="426" VPOS="456" WIDTH="121" HEIGHT="26" WC="0.92" CONTENT="derigenom"/><SP WIDTH="25" VPOS="456" HPOS="547"/>
							<String ID="string_112" HPOS="572" VPOS="462" WIDTH="26" HEIGHT="14" WC="0.91" CONTENT="en"/><SP WIDTH="21" VPOS="462" HPOS="598"/>
							<String ID="string_113" HPOS="619" VPOS="455" WIDTH="129" HEIGHT="21" WC="0.95" CONTENT="förbindelse"/><SP WIDTH="22" VPOS="455" HPOS="748"/>
							<String ID="string_114" HPOS="770" VPOS="455" WIDTH="32" HEIGHT="21" WC="0.96" CONTENT="till"/><SP WIDTH="20" VPOS="455" HPOS="802"/>
							<String ID="string_115" HPOS="822" VPOS="456" WIDTH="54" HEIGHT="24" WC="0.96" CONTENT="dem,"/><SP WIDTH="17" VPOS="456" HPOS="876"/>
							<String ID="string_116" HPOS="893" VPOS="455" WIDTH="23" HEIGHT="21" WC="0.92" CONTENT="af"/><SP WIDTH="13" VPOS="455" HPOS="916"/>
							<String ID="string_117" HPOS="929" VPOS="454" WIDTH="72" HEIGHT="21" WC="0.96" CONTENT="hvilka"/><SP WIDTH="20" VPOS="454" HPOS="1001"/>
							<String ID="string_118" HPOS="1021" VPOS="454" WIDTH="26" HEIGHT="21" WC="0.96" CONTENT="de"/>
						</TextLine>
						<TextLine ID="line_11" HPOS="219" VPOS="483" WIDTH="828" HEIGHT="27">
							<String ID="string_119" HPOS="219" VPOS="483" WIDTH="113" HEIGHT="26" WC="0.90" CONTENT="emottagit"/><SP WIDTH="20" VPOS="483" HPOS="332"/>
							<String ID="string_120" HPOS="352" VPOS="490" WIDTH="102" HEIGHT="15" WC="0.92" CONTENT="summan."/><SP WIDTH="31" VPOS="490" HPOS="454"/>
							<String ID="string_121" HPOS="485" VPOS="484" WIDTH="33" HEIGHT="21" WC="0.96" CONTENT="Då"/><SP WIDTH="22" VPOS="484" HPOS="518"/>
							<String ID="string_122" HPOS="540" VPOS="486" WIDTH="38" HEIGHT="19" WC="0.96" CONTENT="äro"/><SP WIDTH="23" VPOS="486" HPOS="578"/>
							<String ID="string_123" HPOS="601" VPOS="484" WIDTH="103" HEIGHT="26" WC="0.93" CONTENT="naturligt"/><SP WIDTH="20" VPOS="484" HPOS="704"/>
							<String ID="string_124" HPOS="724" VPOS="484" WIDTH="111" HEIGHT="21" WC="0.92" CONTENT="stiftarene"/><SP WIDTH="20" VPOS="484" HPOS="835"/>
							<String ID="string_125" HPOS="855" VPOS="483" WIDTH="85" HEIGHT="27" WC="0.92" CONTENT="jemlikt"/><SP WIDTH="22" VPOS="483" HPOS="940"/>
							<String ID="string_126" HPOS="962" VPOS="484" WIDTH="5" HEIGHT="20" WC="0.96" CONTENT="2"/><SP WIDTH="16" VPOS="484" HPOS="967"/>
							<String ID="string_127" HPOS="983" VPOS="489" WIDTH="64" HEIGHT="15" WC="0.96" CONTENT="mom."/>
						</TextLine>
						<TextLine ID="line_12" HPOS="222" VPOS="512" WIDTH="826" HEIGHT="26">
							<String ID="string_128" HPOS="222" VPOS="513" WIDTH="25" HEIGHT="19" WC="0.96" CONTENT="14"/><SP WIDTH="24" VPOS="513" HPOS="247"/>
							<String ID="string_129" HPOS="271" VPOS="512" WIDTH="13" HEIGHT="26" WC="0.87" CONTENT="$"/><SP WIDTH="16" VPOS="512" HPOS="284"/>
							<String ID="string_130" HPOS="300" VPOS="512" WIDTH="119" HEIGHT="22" WC="0.95" CONTENT="förbundna"/><SP WIDTH="15" VPOS="512" HPOS="419"/>
							<String ID="string_131" HPOS="434" VPOS="514" WIDTH="32" HEIGHT="20" WC="0.93" CONTENT="att"/><SP WIDTH="16" VPOS="514" HPOS="466"/>
							<String ID="string_132" HPOS="482" VPOS="513" WIDTH="124" HEIGHT="21" WC="0.96" CONTENT="solidariskt"/><SP WIDTH="15" VPOS="513" HPOS="606"/>
							<String ID="string_133" HPOS="621" VPOS="519" WIDTH="90" HEIGHT="15" WC="0.96" CONTENT="ansvara"/><SP WIDTH="15" VPOS="519" HPOS="711"/>
							<String ID="string_134" HPOS="726" VPOS="513" WIDTH="33" HEIGHT="21" WC="0.93" CONTENT="för"/><SP WIDTH="15" VPOS="513" HPOS="759"/>
							<String ID="string_135" HPOS="774" VPOS="512" WIDTH="160" HEIGHT="22" WC="0.92" CONTENT="äterbetalande"/><SP WIDTH="16" VPOS="512" HPOS="934"/>
							<String ID="string_136" HPOS="950" VPOS="512" WIDTH="22" HEIGHT="21" WC="0.96" CONTENT="af"/><SP WIDTH="14" VPOS="512" HPOS="972"/>
							<String ID="string_137" HPOS="986" VPOS="512" WIDTH="62" HEIGHT="20" WC="0.96" CONTENT="dessa"/>
						</TextLine>
						<TextLine ID="line_13" HPOS="219" VPOS="540" WIDTH="829" HEIGHT="28">
							<String ID="string_138" HPOS="219" VPOS="540" WIDTH="69" HEIGHT="21" WC="0.95" CONTENT="medel"/><SP WIDTH="23" VPOS="540" HPOS="288"/>
							<String ID="string_139" HPOS="311" VPOS="541" WIDTH="6" HEIGHT="20" WC="0.93" CONTENT="i"/><SP WIDTH="16" VPOS="541" HPOS="317"/>
							<String ID="string_140" HPOS="333" VPOS="540" WIDTH="100" HEIGHT="22" WC="0.92" CONTENT="händelse"/><SP WIDTH="16" VPOS="540" HPOS="433"/>
							<String ID="string_141" HPOS="449" VPOS="542" WIDTH="85" HEIGHT="26" WC="0.92" CONTENT="bolaget"/><SP WIDTH="15" VPOS="542" HPOS="534"/>
							<String ID="string_142" HPOS="549" VPOS="542" WIDTH="47" HEIGHT="21" WC="0.93" CONTENT="icke"/><SP WIDTH="16" VPOS="542" HPOS="596"/>
							<String ID="string_143" HPOS="612" VPOS="541" WIDTH="68" HEIGHT="21" WC="0.96" CONTENT="skulle"/><SP WIDTH="15" VPOS="541" HPOS="680"/>
							<String ID="string_144" HPOS="695" VPOS="541" WIDTH="85" HEIGHT="21" WC="0.96" CONTENT="komma"/><SP WIDTH="15" VPOS="541" HPOS="780"/>
							<String ID="string_145" HPOS="795" VPOS="542" WIDTH="32" HEIGHT="20" WC="0.93" CONTENT="till"/><SP WIDTH="11" VPOS="542" HPOS="827"/>
							<String ID="string_146" HPOS="838" VPOS="541" WIDTH="68" HEIGHT="21" WC="0.93" CONTENT="ständ."/><SP WIDTH="22" VPOS="541" HPOS="906"/>
							<String ID="string_147" HPOS="928" VPOS="540" WIDTH="41" HEIGHT="27" WC="0.96" CONTENT="Jag"/><SP WIDTH="10" VPOS="540" HPOS="969"/>
							<String ID="string_148" HPOS="979" VPOS="540" WIDTH="69" HEIGHT="21" WC="0.97" CONTENT="skulle"/>
						</TextLine>
						<TextLine ID="line_14" HPOS="219" VPOS="569" WIDTH="829" HEIGHT="49">
							<String ID="string_149" HPOS="219" VPOS="569" WIDTH="73" HEIGHT="49" WC="0.44" CONTENT="vd"/><SP WIDTH="26" VPOS="569" HPOS="292"/>
							<String ID="string_150" HPOS="318" VPOS="570" WIDTH="108" HEIGHT="21" WC="0.90" CONTENT="vördsamt"/><SP WIDTH="26" VPOS="570" HPOS="426"/>
							<String ID="string_151" HPOS="452" VPOS="570" WIDTH="95" HEIGHT="27" WC="0.89" CONTENT="afstyrka"/><SP WIDTH="23" VPOS="570" HPOS="547"/>
							<String ID="string_152" HPOS="570" VPOS="570" WIDTH="121" HEIGHT="21" WC="0.91" CONTENT="införandet"/><SP WIDTH="22" VPOS="570" HPOS="691"/>
							<String ID="string_153" HPOS="713" VPOS="570" WIDTH="23" HEIGHT="22" WC="0.93" CONTENT="af"/><SP WIDTH="20" VPOS="570" HPOS="736"/>
							<String ID="string_154" HPOS="756" VPOS="570" WIDTH="65" HEIGHT="27" WC="0.93" CONTENT="nägot"/><SP WIDTH="22" VPOS="570" HPOS="821"/>
							<String ID="string_155" HPOS="843" VPOS="570" WIDTH="65" HEIGHT="21" WC="0.92" CONTENT="skildt"/><SP WIDTH="22" VPOS="570" HPOS="908"/>
							<String ID="string_156" HPOS="930" VPOS="569" WIDTH="118" HEIGHT="27" WC="0.92" CONTENT="stadgande"/>
						</TextLine>
					</TextBlock>
					<TextBlock ID="block_2" HPOS="235" VPOS="604" WIDTH="66" HEIGHT="15">
						<TextLine ID="line_15" HPOS="235" VPOS="604" WIDTH="66" HEIGHT="15">
							<String ID="string_157" HPOS="235" VPOS="604" WIDTH="66" HEIGHT="15" WC="0.63" CONTENT="ärom."/>
						</TextLine>
					</TextBlock>
				</ComposedBlock>
				<ComposedBlock ID="cblock_3" HPOS="220" VPOS="655" WIDTH="831" HEIGHT="342">
					<TextBlock ID="block_3" HPOS="220" VPOS="655" WIDTH="831" HEIGHT="342">
						<TextLine ID="line_16" HPOS="290" VPOS="655" WIDTH="757" HEIGHT="28">
							<String ID="string_158" HPOS="290" VPOS="655" WIDTH="57" HEIGHT="21" WC="0.33" CONTENT="Frih."/><SP WIDTH="24" VPOS="655" HPOS="347"/>
							<String ID="string_159" HPOS="371" VPOS="656" WIDTH="247" HEIGHT="26" WC="0.96" CONTENT="Langenskiöld:"/><SP WIDTH="30" VPOS="656" HPOS="618"/>
							<String ID="string_160" HPOS="648" VPOS="656" WIDTH="40" HEIGHT="27" WC="0.92" CONTENT="Jag"/><SP WIDTH="23" VPOS="656" HPOS="688"/>
							<String ID="string_161" HPOS="711" VPOS="656" WIDTH="67" HEIGHT="21" WC="0.95" CONTENT="finner"/><SP WIDTH="21" VPOS="656" HPOS="778"/>
							<String ID="string_162" HPOS="799" VPOS="656" WIDTH="33" HEIGHT="21" WC="0.96" CONTENT="för"/><SP WIDTH="15" VPOS="656" HPOS="832"/>
							<String ID="string_163" HPOS="847" VPOS="656" WIDTH="43" HEIGHT="20" WC="0.96" CONTENT="min"/><SP WIDTH="16" VPOS="656" HPOS="890"/>
							<String ID="string_164" HPOS="906" VPOS="656" WIDTH="33" HEIGHT="20" WC="0.96" CONTENT="del"/><SP WIDTH="16" VPOS="656" HPOS="939"/>
							<String ID="string_165" HPOS="955" VPOS="656" WIDTH="13" HEIGHT="20" WC="0.96" CONTENT="2"/><SP WIDTH="16" VPOS="656" HPOS="968"/>
							<String ID="string_166" HPOS="984" VPOS="661" WIDTH="63" HEIGHT="15" WC="0.96" CONTENT="mom."/>
						</TextLine>
						<TextLine ID="line_17" HPOS="222" VPOS="684" WIDTH="826" HEIGHT="28">
							<String ID="string_167" HPOS="222" VPOS="684" WIDTH="26" HEIGHT="20" WC="0.96" CONTENT="14"/><SP WIDTH="23" VPOS="684" HPOS="248"/>
							<String ID="string_168" HPOS="271" VPOS="684" WIDTH="11" HEIGHT="26" WC="0.91" CONTENT="$"/><SP WIDTH="24" VPOS="684" HPOS="282"/>
							<String ID="string_169" HPOS="306" VPOS="684" WIDTH="76" HEIGHT="27" WC="0.93" CONTENT="tydligt"/><SP WIDTH="24" VPOS="684" HPOS="382"/>
							<String ID="string_170" HPOS="406" VPOS="684" WIDTH="133" HEIGHT="25" WC="0.92" CONTENT="derutinnan,"/><SP WIDTH="24" VPOS="684" HPOS="539"/>
							<String ID="string_171" HPOS="563" VPOS="687" WIDTH="31" HEIGHT="18" WC="0.96" CONTENT="att"/><SP WIDTH="16" VPOS="687" HPOS="594"/>
							<String ID="string_172" HPOS="610" VPOS="685" WIDTH="36" HEIGHT="21" WC="0.93" CONTENT="det"/><SP WIDTH="15" VPOS="685" HPOS="646"/>
							<String ID="string_173" HPOS="661" VPOS="685" WIDTH="65" HEIGHT="27" WC="0.96" CONTENT="angår"/><SP WIDTH="16" VPOS="685" HPOS="726"/>
							<String ID="string_174" HPOS="742" VPOS="686" WIDTH="76" HEIGHT="20" WC="0.93" CONTENT="endast"/><SP WIDTH="14" VPOS="686" HPOS="818"/>
							<String ID="string_175" HPOS="832" VPOS="684" WIDTH="122" HEIGHT="22" WC="0.93" CONTENT="stiftarenes"/><SP WIDTH="15" VPOS="684" HPOS="954"/>
							<String ID="string_176" HPOS="969" VPOS="684" WIDTH="79" HEIGHT="20" WC="0.93" CONTENT="förhäl-"/>
						</TextLine>
						<TextLine ID="line_18" HPOS="220" VPOS="712" WIDTH="829" HEIGHT="28">
							<String ID="string_177" HPOS="220" VPOS="712" WIDTH="63" HEIGHT="21" WC="0.89" CONTENT="lande"/><SP WIDTH="23" VPOS="712" HPOS="283"/>
							<String ID="string_178" HPOS="306" VPOS="713" WIDTH="32" HEIGHT="21" WC="0.93" CONTENT="till"/><SP WIDTH="22" VPOS="713" HPOS="338"/>
							<String ID="string_179" HPOS="360" VPOS="713" WIDTH="68" HEIGHT="27" WC="0.92" CONTENT="tredje"/><SP WIDTH="22" VPOS="713" HPOS="428"/>
							<String ID="string_180" HPOS="450" VPOS="720" WIDTH="54" HEIGHT="17" WC="0.96" CONTENT="man,"/><SP WIDTH="17" VPOS="720" HPOS="504"/>
							<String ID="string_181" HPOS="521" VPOS="713" WIDTH="40" HEIGHT="21" WC="0.93" CONTENT="och"/><SP WIDTH="15" VPOS="713" HPOS="561"/>
							<String ID="string_182" HPOS="576" VPOS="713" WIDTH="47" HEIGHT="22" WC="0.92" CONTENT="icke"/><SP WIDTH="16" VPOS="713" HPOS="623"/>
							<String ID="string_183" HPOS="639" VPOS="714" WIDTH="41" HEIGHT="20" WC="0.96" CONTENT="kan"/><SP WIDTH="16" VPOS="714" HPOS="680"/>
							<String ID="string_184" HPOS="696" VPOS="714" WIDTH="85" HEIGHT="21" WC="0.95" CONTENT="komma"/><SP WIDTH="15" VPOS="714" HPOS="781"/>
							<String ID="string_185" HPOS="796" VPOS="716" WIDTH="32" HEIGHT="18" WC="0.96" CONTENT="att"/><SP WIDTH="16" VPOS="716" HPOS="828"/>
							<String ID="string_186" HPOS="844" VPOS="713" WIDTH="112" HEIGHT="27" WC="0.96" CONTENT="tillämpas,"/><SP WIDTH="15" VPOS="713" HPOS="956"/>
							<String ID="string_187" HPOS="971" VPOS="712" WIDTH="27" HEIGHT="21" WC="0.96" CONTENT="dä"/><SP WIDTH="15" VPOS="712" HPOS="998"/>
							<String ID="string_188" HPOS="1013" VPOS="712" WIDTH="36" HEIGHT="22" WC="0.96" CONTENT="det"/>
						</TextLine>
						<TextLine ID="line_19" HPOS="220" VPOS="740" WIDTH="831" HEIGHT="29">
							<String ID="string_189" HPOS="220" VPOS="740" WIDTH="68" HEIGHT="27" WC="0.93" CONTENT="gäller"/><SP WIDTH="15" VPOS="740" HPOS="288"/>
							<String ID="string_190" HPOS="303" VPOS="741" WIDTH="121" HEIGHT="22" WC="0.92" CONTENT="stiftarenes"/><SP WIDTH="16" VPOS="741" HPOS="424"/>
							<String ID="string_191" HPOS="440" VPOS="742" WIDTH="135" HEIGHT="27" WC="0.92" CONTENT="ansvarighet"/><SP WIDTH="15" VPOS="742" HPOS="575"/>
							<String ID="string_192" HPOS="590" VPOS="744" WIDTH="110" HEIGHT="24" WC="0.93" CONTENT="gentemot"/><SP WIDTH="14" VPOS="744" HPOS="700"/>
							<String ID="string_193" HPOS="714" VPOS="743" WIDTH="133" HEIGHT="21" WC="0.92" CONTENT="tecknarene."/><SP WIDTH="32" VPOS="743" HPOS="847"/>
							<String ID="string_194" HPOS="879" VPOS="742" WIDTH="10" HEIGHT="21" WC="0.93" CONTENT="I"/><SP WIDTH="15" VPOS="742" HPOS="889"/>
							<String ID="string_195" HPOS="904" VPOS="741" WIDTH="114" HEIGHT="27" WC="0.95" CONTENT="anledning"/><SP WIDTH="10" VPOS="741" HPOS="1018"/>
							<String ID="string_196" HPOS="1028" VPOS="740" WIDTH="23" HEIGHT="22" WC="0.96" CONTENT="af"/>
						</TextLine>
						<TextLine ID="line_20" HPOS="221" VPOS="769" WIDTH="829" HEIGHT="29">
							<String ID="string_197" HPOS="221" VPOS="769" WIDTH="56" HEIGHT="21" WC="0.89" CONTENT="Frih."/><SP WIDTH="17" VPOS="769" HPOS="277"/>
							<String ID="string_198" HPOS="294" VPOS="776" WIDTH="41" HEIGHT="15" WC="0.93" CONTENT="von"/><SP WIDTH="16" VPOS="776" HPOS="335"/>
							<String ID="string_199" HPOS="351" VPOS="770" WIDTH="69" HEIGHT="22" WC="0.91" CONTENT="Troils"/><SP WIDTH="15" VPOS="770" HPOS="420"/>
							<String ID="string_200" HPOS="435" VPOS="770" WIDTH="140" HEIGHT="28" WC="0.95" CONTENT="anmärkning"/><SP WIDTH="23" VPOS="770" HPOS="575"/>
							<String ID="string_201" HPOS="598" VPOS="771" WIDTH="35" HEIGHT="21" WC="0.96" CONTENT="vill"/><SP WIDTH="13" VPOS="771" HPOS="633"/>
							<String ID="string_202" HPOS="646" VPOS="771" WIDTH="37" HEIGHT="27" WC="0.93" CONTENT="jag"/><SP WIDTH="15" VPOS="771" HPOS="683"/>
							<String ID="string_203" HPOS="698" VPOS="771" WIDTH="61" HEIGHT="21" WC="0.96" CONTENT="äfven"/><SP WIDTH="16" VPOS="771" HPOS="759"/>
							<String ID="string_204" HPOS="775" VPOS="770" WIDTH="118" HEIGHT="25" WC="0.96" CONTENT="framhålla,"/><SP WIDTH="16" VPOS="770" HPOS="893"/>
							<String ID="string_205" HPOS="909" VPOS="772" WIDTH="32" HEIGHT="20" WC="0.96" CONTENT="att"/><SP WIDTH="15" VPOS="772" HPOS="941"/>
							<String ID="string_206" HPOS="956" VPOS="770" WIDTH="37" HEIGHT="21" WC="0.96" CONTENT="det"/><SP WIDTH="14" VPOS="770" HPOS="993"/>
							<String ID="string_207" HPOS="1007" VPOS="776" WIDTH="43" HEIGHT="20" WC="0.96" CONTENT="nog"/>
						</TextLine>
						<TextLine ID="line_21" HPOS="221" VPOS="798" WIDTH="828" HEIGHT="28">
							<String ID="string_208" HPOS="221" VPOS="798" WIDTH="39" HEIGHT="20" WC="0.92" CONTENT="bör"/><SP WIDTH="22" VPOS="798" HPOS="260"/>
							<String ID="string_209" HPOS="282" VPOS="805" WIDTH="60" HEIGHT="15" WC="0.93" CONTENT="anses"/><SP WIDTH="20" VPOS="805" HPOS="342"/>
							<String ID="string_210" HPOS="362" VPOS="800" WIDTH="108" HEIGHT="26" WC="0.96" CONTENT="naturligt,"/><SP WIDTH="17" VPOS="800" HPOS="470"/>
							<String ID="string_211" HPOS="487" VPOS="801" WIDTH="32" HEIGHT="19" WC="0.93" CONTENT="att"/><SP WIDTH="15" VPOS="801" HPOS="519"/>
							<String ID="string_212" HPOS="534" VPOS="800" WIDTH="101" HEIGHT="20" WC="0.96" CONTENT="tecknare"/><SP WIDTH="15" VPOS="800" HPOS="635"/>
							<String ID="string_213" HPOS="650" VPOS="800" WIDTH="54" HEIGHT="20" WC="0.93" CONTENT="skall"/><SP WIDTH="16" VPOS="800" HPOS="704"/>
							<String ID="string_214" HPOS="720" VPOS="800" WIDTH="62" HEIGHT="21" WC="0.96" CONTENT="hafva"/><SP WIDTH="15" VPOS="800" HPOS="782"/>
							<String ID="string_215" HPOS="797" VPOS="801" WIDTH="43" HEIGHT="19" WC="0.96" CONTENT="rätt"/><SP WIDTH="16" VPOS="801" HPOS="840"/>
							<String ID="string_216" HPOS="856" VPOS="801" WIDTH="32" HEIGHT="19" WC="0.96" CONTENT="att"/><SP WIDTH="15" VPOS="801" HPOS="888"/>
							<String ID="string_217" HPOS="903" VPOS="799" WIDTH="23" HEIGHT="21" WC="0.93" CONTENT="af"/><SP WIDTH="13" VPOS="799" HPOS="926"/>
							<String ID="string_218" HPOS="939" VPOS="799" WIDTH="110" HEIGHT="21" WC="0.93" CONTENT="stiftarene"/>
						</TextLine>
						<TextLine ID="line_22" HPOS="221" VPOS="826" WIDTH="828" HEIGHT="29">
							<String ID="string_219" HPOS="221" VPOS="826" WIDTH="100" HEIGHT="22" WC="0.69" CONTENT="ätersöka"/><SP WIDTH="15" VPOS="826" HPOS="321"/>
							<String ID="string_220" HPOS="336" VPOS="828" WIDTH="104" HEIGHT="21" WC="0.93" CONTENT="inbetaldt"/><SP WIDTH="16" VPOS="828" HPOS="440"/>
							<String ID="string_221" HPOS="456" VPOS="828" WIDTH="146" HEIGHT="26" WC="0.96" CONTENT="aktiekapital,"/><SP WIDTH="16" VPOS="828" HPOS="602"/>
							<String ID="string_222" HPOS="618" VPOS="828" WIDTH="45" HEIGHT="21" WC="0.96" CONTENT="ifall"/><SP WIDTH="16" VPOS="828" HPOS="663"/>
							<String ID="string_223" HPOS="679" VPOS="828" WIDTH="85" HEIGHT="27" WC="0.96" CONTENT="bolaget"/><SP WIDTH="10" VPOS="828" HPOS="764"/>
							<String ID="string_224" HPOS="774" VPOS="828" WIDTH="46" HEIGHT="22" WC="0.95" CONTENT="icke"/><SP WIDTH="13" VPOS="828" HPOS="820"/>
							<String ID="string_225" HPOS="833" VPOS="830" WIDTH="94" HEIGHT="19" WC="0.96" CONTENT="kommer"/><SP WIDTH="10" VPOS="830" HPOS="927"/>
							<String ID="string_226" HPOS="937" VPOS="827" WIDTH="33" HEIGHT="21" WC="0.93" CONTENT="till"/><SP WIDTH="11" VPOS="827" HPOS="970"/>
							<String ID="string_227" HPOS="981" VPOS="827" WIDTH="68" HEIGHT="24" WC="0.96" CONTENT="stånd,"/>
						</TextLine>
						<TextLine ID="line_23" HPOS="221" VPOS="856" WIDTH="829" HEIGHT="28">
							<String ID="string_228" HPOS="221" VPOS="861" WIDTH="48" HEIGHT="15" WC="0.96" CONTENT="men"/><SP WIDTH="23" VPOS="861" HPOS="269"/>
							<String ID="string_229" HPOS="292" VPOS="857" WIDTH="33" HEIGHT="20" WC="0.96" CONTENT="att"/><SP WIDTH="18" VPOS="857" HPOS="325"/>
							<String ID="string_230" HPOS="343" VPOS="856" WIDTH="36" HEIGHT="22" WC="0.96" CONTENT="det"/><SP WIDTH="15" VPOS="856" HPOS="379"/>
							<String ID="string_231" HPOS="394" VPOS="857" WIDTH="114" HEIGHT="27" WC="0.96" CONTENT="ingalunda"/><SP WIDTH="15" VPOS="857" HPOS="508"/>
							<String ID="string_232" HPOS="523" VPOS="859" WIDTH="24" HEIGHT="19" WC="0.96" CONTENT="är"/><SP WIDTH="16" VPOS="859" HPOS="547"/>
							<String ID="string_233" HPOS="563" VPOS="857" WIDTH="23" HEIGHT="21" WC="0.96" CONTENT="så"/><SP WIDTH="15" VPOS="857" HPOS="586"/>
							<String ID="string_234" HPOS="601" VPOS="857" WIDTH="63" HEIGHT="25" WC="0.95" CONTENT="klart,"/><SP WIDTH="16" VPOS="857" HPOS="664"/>
							<String ID="string_235" HPOS="680" VPOS="859" WIDTH="33" HEIGHT="19" WC="0.93" CONTENT="att"/><SP WIDTH="15" VPOS="859" HPOS="713"/>
							<String ID="string_236" HPOS="728" VPOS="857" WIDTH="110" HEIGHT="21" WC="0.92" CONTENT="stiftarene"/><SP WIDTH="15" VPOS="857" HPOS="838"/>
							<String ID="string_237" HPOS="853" VPOS="857" WIDTH="6" HEIGHT="20" WC="0.96" CONTENT="i"/><SP WIDTH="17" VPOS="857" HPOS="859"/>
							<String ID="string_238" HPOS="876" VPOS="857" WIDTH="59" HEIGHT="20" WC="0.96" CONTENT="detta"/><SP WIDTH="15" VPOS="857" HPOS="935"/>
							<String ID="string_239" HPOS="950" VPOS="856" WIDTH="100" HEIGHT="21" WC="0.96" CONTENT="afseende"/>
						</TextLine>
						<TextLine ID="line_24" HPOS="221" VPOS="884" WIDTH="829" HEIGHT="29">
							<String ID="string_240" HPOS="221" VPOS="884" WIDTH="61" HEIGHT="21" WC="0.96" CONTENT="skola"/><SP WIDTH="16" VPOS="884" HPOS="282"/>
							<String ID="string_241" HPOS="298" VPOS="891" WIDTH="51" HEIGHT="15" WC="0.95" CONTENT="vara"/><SP WIDTH="15" VPOS="891" HPOS="349"/>
							<String ID="string_242" HPOS="364" VPOS="885" WIDTH="122" HEIGHT="22" WC="0.96" CONTENT="solidariskt"/><SP WIDTH="15" VPOS="885" HPOS="486"/>
							<String ID="string_243" HPOS="501" VPOS="886" WIDTH="117" HEIGHT="27" WC="0.95" CONTENT="ansvarige."/><SP WIDTH="26" VPOS="886" HPOS="618"/>
							<String ID="string_244" HPOS="644" VPOS="886" WIDTH="100" HEIGHT="21" WC="0.96" CONTENT="Tvärtom"/><SP WIDTH="16" VPOS="886" HPOS="744"/>
							<String ID="string_245" HPOS="760" VPOS="888" WIDTH="45" HEIGHT="19" WC="0.96" CONTENT="tror"/><SP WIDTH="13" VPOS="888" HPOS="805"/>
							<String ID="string_246" HPOS="818" VPOS="886" WIDTH="36" HEIGHT="26" WC="0.96" CONTENT="jag"/><SP WIDTH="12" VPOS="886" HPOS="854"/>
							<String ID="string_247" HPOS="866" VPOS="892" WIDTH="48" HEIGHT="15" WC="0.96" CONTENT="man"/><SP WIDTH="10" VPOS="892" HPOS="914"/>
							<String ID="string_248" HPOS="924" VPOS="885" WIDTH="47" HEIGHT="21" WC="0.96" CONTENT="icke"/><SP WIDTH="11" VPOS="885" HPOS="971"/>
							<String ID="string_249" HPOS="982" VPOS="885" WIDTH="68" HEIGHT="21" WC="0.95" CONTENT="skulle"/>
						</TextLine>
						<TextLine ID="line_25" HPOS="221" VPOS="913" WIDTH="828" HEIGHT="28">
							<String ID="string_250" HPOS="221" VPOS="913" WIDTH="73" HEIGHT="21" WC="0.96" CONTENT="kunna"/><SP WIDTH="16" VPOS="913" HPOS="294"/>
							<String ID="string_251" HPOS="310" VPOS="914" WIDTH="75" HEIGHT="26" WC="0.95" CONTENT="ålägga"/><SP WIDTH="15" VPOS="914" HPOS="385"/>
							<String ID="string_252" HPOS="400" VPOS="915" WIDTH="48" HEIGHT="20" WC="0.96" CONTENT="dem"/><SP WIDTH="16" VPOS="915" HPOS="448"/>
							<String ID="string_253" HPOS="464" VPOS="919" WIDTH="25" HEIGHT="18" WC="0.93" CONTENT="en"/><SP WIDTH="15" VPOS="919" HPOS="489"/>
							<String ID="string_254" HPOS="504" VPOS="915" WIDTH="67" HEIGHT="20" WC="0.92" CONTENT="sådan"/><SP WIDTH="17" VPOS="915" HPOS="571"/>
							<String ID="string_255" HPOS="588" VPOS="915" WIDTH="141" HEIGHT="26" WC="0.91" CONTENT="ansvarighet,"/><SP WIDTH="16" VPOS="915" HPOS="729"/>
							<String ID="string_256" HPOS="745" VPOS="921" WIDTH="34" HEIGHT="14" WC="0.96" CONTENT="om"/><SP WIDTH="16" VPOS="921" HPOS="779"/>
							<String ID="string_257" HPOS="795" VPOS="915" WIDTH="36" HEIGHT="20" WC="0.96" CONTENT="det"/><SP WIDTH="15" VPOS="915" HPOS="831"/>
							<String ID="string_258" HPOS="846" VPOS="915" WIDTH="46" HEIGHT="20" WC="0.96" CONTENT="icke"/><SP WIDTH="16" VPOS="915" HPOS="892"/>
							<String ID="string_259" HPOS="908" VPOS="913" WIDTH="141" HEIGHT="27" WC="0.96" CONTENT="uttryckligen"/>
						</TextLine>
						<TextLine ID="line_26" HPOS="221" VPOS="942" WIDTH="829" HEIGHT="28">
							<String ID="string_260" HPOS="221" VPOS="942" WIDTH="115" HEIGHT="27" WC="0.95" CONTENT="stadgades"/><SP WIDTH="16" VPOS="942" HPOS="336"/>
							<String ID="string_261" HPOS="352" VPOS="943" WIDTH="80" HEIGHT="25" WC="0.96" CONTENT="derom,"/><SP WIDTH="16" VPOS="943" HPOS="432"/>
							<String ID="string_262" HPOS="448" VPOS="943" WIDTH="38" HEIGHT="21" WC="0.96" CONTENT="och"/><SP WIDTH="16" VPOS="943" HPOS="486"/>
							<String ID="string_263" HPOS="502" VPOS="943" WIDTH="49" HEIGHT="21" WC="0.96" CONTENT="mitt"/><SP WIDTH="16" VPOS="943" HPOS="551"/>
							<String ID="string_264" HPOS="567" VPOS="943" WIDTH="79" HEIGHT="27" WC="0.96" CONTENT="förslag"/><SP WIDTH="15" VPOS="943" HPOS="646"/>
							<String ID="string_265" HPOS="661" VPOS="943" WIDTH="49" HEIGHT="27" WC="0.96" CONTENT="gick"/><SP WIDTH="12" VPOS="943" HPOS="710"/>
							<String ID="string_266" HPOS="722" VPOS="943" WIDTH="45" HEIGHT="27" WC="0.96" CONTENT="just"/><SP WIDTH="16" VPOS="943" HPOS="767"/>
							<String ID="string_267" HPOS="783" VPOS="945" WIDTH="23" HEIGHT="19" WC="0.96" CONTENT="ut"/><SP WIDTH="15" VPOS="945" HPOS="806"/>
							<String ID="string_268" HPOS="821" VPOS="943" WIDTH="27" HEIGHT="27" WC="0.96" CONTENT="på"/><SP WIDTH="16" VPOS="943" HPOS="848"/>
							<String ID="string_269" HPOS="864" VPOS="943" WIDTH="57" HEIGHT="26" WC="0.96" CONTENT="dylik"/><SP WIDTH="15" VPOS="943" HPOS="921"/>
							<String ID="string_270" HPOS="936" VPOS="942" WIDTH="114" HEIGHT="21" WC="0.96" CONTENT="solidarisk"/>
						</TextLine>
						<TextLine ID="line_27" HPOS="221" VPOS="971" WIDTH="143" HEIGHT="26">
							<String ID="string_271" HPOS="221" VPOS="971" WIDTH="143" HEIGHT="26" WC="0.91" CONTENT="ansvarighet."/>
						</TextLine>
					</TextBlock>
				</ComposedBlock>
				<ComposedBlock ID="cblock_4" HPOS="222" VPOS="1028" WIDTH="829" HEIGHT="113">
					<TextBlock ID="block_4" HPOS="222" VPOS="1028" WIDTH="829" HEIGHT="113">
						<TextLine ID="line_28" HPOS="292" VPOS="1028" WIDTH="758" HEIGHT="27">
							<String ID="string_272" HPOS="292" VPOS="1028" WIDTH="32" HEIGHT="21" WC="0.93" CONTENT="Hr"/><SP WIDTH="21" VPOS="1028" HPOS="324"/>
							<String ID="string_273" HPOS="345" VPOS="1028" WIDTH="25" HEIGHT="21" WC="0.92" CONTENT="V."/><SP WIDTH="23" VPOS="1028" HPOS="370"/>
							<String ID="string_274" HPOS="393" VPOS="1035" WIDTH="41" HEIGHT="14" WC="0.93" CONTENT="von"/><SP WIDTH="24" VPOS="1035" HPOS="434"/>
							<String ID="string_275" HPOS="458" VPOS="1028" WIDTH="140" HEIGHT="22" WC="0.91" CONTENT="Hellens:"/><SP WIDTH="30" VPOS="1028" HPOS="598"/>
							<String ID="string_276" HPOS="628" VPOS="1029" WIDTH="64" HEIGHT="21" WC="0.91" CONTENT="Emot"/><SP WIDTH="23" VPOS="1029" HPOS="692"/>
							<String ID="string_277" HPOS="715" VPOS="1029" WIDTH="58" HEIGHT="21" WC="0.87" CONTENT="Frih."/><SP WIDTH="19" VPOS="1029" HPOS="773"/>
							<String ID="string_278" HPOS="792" VPOS="1029" WIDTH="156" HEIGHT="26" WC="0.92" CONTENT="Langenskiöld"/><SP WIDTH="16" VPOS="1029" HPOS="948"/>
							<String ID="string_279" HPOS="964" VPOS="1028" WIDTH="36" HEIGHT="21" WC="0.95" CONTENT="vill"/><SP WIDTH="13" VPOS="1028" HPOS="1000"/>
							<String ID="string_280" HPOS="1013" VPOS="1028" WIDTH="37" HEIGHT="27" WC="0.96" CONTENT="jag"/>
						</TextLine>
						<TextLine ID="line_29" HPOS="222" VPOS="1056" WIDTH="828" HEIGHT="28">
							<String ID="string_281" HPOS="222" VPOS="1056" WIDTH="109" HEIGHT="25" WC="0.96" CONTENT="anmärka,"/><SP WIDTH="17" VPOS="1056" HPOS="331"/>
							<String ID="string_282" HPOS="348" VPOS="1059" WIDTH="32" HEIGHT="19" WC="0.96" CONTENT="att"/><SP WIDTH="18" VPOS="1059" HPOS="380"/>
							<String ID="string_283" HPOS="398" VPOS="1058" WIDTH="24" HEIGHT="20" WC="0.93" CONTENT="14"/><SP WIDTH="17" VPOS="1058" HPOS="422"/>
							<String ID="string_284" HPOS="439" VPOS="1057" WIDTH="11" HEIGHT="27" WC="0.27" CONTENT="$"/><SP WIDTH="16" VPOS="1057" HPOS="450"/>
							<String ID="string_285" HPOS="466" VPOS="1057" WIDTH="46" HEIGHT="21" WC="0.96" CONTENT="icke"/><SP WIDTH="16" VPOS="1057" HPOS="512"/>
							<String ID="string_286" HPOS="528" VPOS="1057" WIDTH="118" HEIGHT="22" WC="0.96" CONTENT="innehåller"/><SP WIDTH="15" VPOS="1057" HPOS="646"/>
							<String ID="string_287" HPOS="661" VPOS="1058" WIDTH="39" HEIGHT="21" WC="0.96" CONTENT="den"/><SP WIDTH="16" VPOS="1058" HPOS="700"/>
							<String ID="string_288" HPOS="716" VPOS="1057" WIDTH="160" HEIGHT="26" WC="0.96" CONTENT="inskränkning,"/><SP WIDTH="16" VPOS="1057" HPOS="876"/>
							<String ID="string_289" HPOS="892" VPOS="1059" WIDTH="32" HEIGHT="19" WC="0.93" CONTENT="att"/><SP WIDTH="15" VPOS="1059" HPOS="924"/>
							<String ID="string_290" HPOS="939" VPOS="1057" WIDTH="111" HEIGHT="21" WC="0.92" CONTENT="stiftarene"/>
						</TextLine>
						<TextLine ID="line_30" HPOS="222" VPOS="1084" WIDTH="829" HEIGHT="29">
							<String ID="string_291" HPOS="222" VPOS="1084" WIDTH="77" HEIGHT="27" WC="0.91" CONTENT="ålagda"/><SP WIDTH="21" VPOS="1084" HPOS="299"/>
							<String ID="string_292" HPOS="320" VPOS="1085" WIDTH="144" HEIGHT="27" WC="0.91" CONTENT="förpligtelser"/><SP WIDTH="21" VPOS="1085" HPOS="464"/>
							<String ID="string_293" HPOS="485" VPOS="1085" WIDTH="68" HEIGHT="22" WC="0.96" CONTENT="skulle"/><SP WIDTH="23" VPOS="1085" HPOS="553"/>
							<String ID="string_294" HPOS="576" VPOS="1086" WIDTH="56" HEIGHT="27" WC="0.93" CONTENT="gälla"/><SP WIDTH="22" VPOS="1086" HPOS="632"/>
							<String ID="string_295" HPOS="654" VPOS="1086" WIDTH="90" HEIGHT="21" WC="0.93" CONTENT="allenast"/><SP WIDTH="16" VPOS="1086" HPOS="744"/>
							<String ID="string_296" HPOS="760" VPOS="1086" WIDTH="67" HEIGHT="27" WC="0.96" CONTENT="tredje"/><SP WIDTH="15" VPOS="1086" HPOS="827"/>
							<String ID="string_297" HPOS="842" VPOS="1091" WIDTH="84" HEIGHT="21" WC="0.96" CONTENT="person."/><SP WIDTH="33" VPOS="1091" HPOS="926"/>
							<String ID="string_298" HPOS="959" VPOS="1087" WIDTH="25" HEIGHT="20" WC="0.91" CONTENT="14"/><SP WIDTH="16" VPOS="1087" HPOS="984"/>
							<String ID="string_299" HPOS="1000" VPOS="1085" WIDTH="11" HEIGHT="27" WC="0.78" CONTENT="&amp;"/><SP WIDTH="16" VPOS="1085" HPOS="1011"/>
							<String ID="string_300" HPOS="1027" VPOS="1087" WIDTH="24" HEIGHT="20" WC="0.96" CONTENT="är"/>
						</TextLine>
						<TextLine ID="line_31" HPOS="222" VPOS="1113" WIDTH="674" HEIGHT="28">
							<String ID="string_301" HPOS="222" VPOS="1113" WIDTH="88" HEIGHT="22" WC="0.96" CONTENT="alldeles"/><SP WIDTH="16" VPOS="1113" HPOS="310"/>
							<String ID="string_302" HPOS="326" VPOS="1114" WIDTH="88" HEIGHT="21" WC="0.96" CONTENT="allmänt"/><SP WIDTH="15" VPOS="1114" HPOS="414"/>
							<String ID="string_303" HPOS="429" VPOS="1114" WIDTH="69" HEIGHT="21" WC="0.96" CONTENT="hållen"/><SP WIDTH="16" VPOS="1114" HPOS="498"/>
							<String ID="string_304" HPOS="514" VPOS="1115" WIDTH="39" HEIGHT="20" WC="0.96" CONTENT="och"/><SP WIDTH="17" VPOS="1115" HPOS="553"/>
							<String ID="string_305" HPOS="570" VPOS="1115" WIDTH="66" HEIGHT="26" WC="0.96" CONTENT="gäller"/><SP WIDTH="16" VPOS="1115" HPOS="636"/>
							<String ID="string_306" HPOS="652" VPOS="1115" WIDTH="82" HEIGHT="21" WC="0.96" CONTENT="således"/><SP WIDTH="15" VPOS="1115" HPOS="734"/>
							<String ID="string_307" HPOS="749" VPOS="1114" WIDTH="33" HEIGHT="21" WC="0.96" CONTENT="för"/><SP WIDTH="14" VPOS="1114" HPOS="782"/>
							<String ID="string_308" HPOS="796" VPOS="1115" WIDTH="43" HEIGHT="20" WC="0.95" CONTENT="alla"/><SP WIDTH="15" VPOS="1115" HPOS="839"/>
							<String ID="string_309" HPOS="854" VPOS="1115" WIDTH="42" HEIGHT="20" WC="0.94" CONTENT="fall."/>
						</TextLine>
					</TextBlock>
				</ComposedBlock>
				<ComposedBlock ID="cblock_5" HPOS="494" VPOS="1183" WIDTH="290" HEIGHT="27">
					<TextBlock ID="block_5" HPOS="494" VPOS="1183" WIDTH="290" HEIGHT="27">
						<TextLine ID="line_32" HPOS="494" VPOS="1183" WIDTH="290" HEIGHT="27">
							<String ID="string_310" HPOS="494" VPOS="1183" WIDTH="290" HEIGHT="27" WC="0.89" CONTENT="Omröstningsproposition:"/>
						</TextLine>
					</TextBlock>
				</ComposedBlock>
				<ComposedBlock ID="cblock_6" HPOS="291" VPOS="1239" WIDTH="759" HEIGHT="29">
					<TextBlock ID="block_6" HPOS="291" VPOS="1239" WIDTH="759" HEIGHT="29">
						<TextLine ID="line_33" HPOS="291" VPOS="1239" WIDTH="759" HEIGHT="29">
							<String ID="string_311" HPOS="291" VPOS="1239" WIDTH="53" HEIGHT="26" WC="0.96" CONTENT="Den,"/><SP WIDTH="17" VPOS="1239" HPOS="344"/>
							<String ID="string_312" HPOS="361" VPOS="1246" WIDTH="45" HEIGHT="15" WC="0.96" CONTENT="som"/><SP WIDTH="16" VPOS="1246" HPOS="406"/>
							<String ID="string_313" HPOS="422" VPOS="1240" WIDTH="123" HEIGHT="27" WC="0.93" CONTENT="godkänner"/><SP WIDTH="17" VPOS="1240" HPOS="545"/>
							<String ID="string_314" HPOS="562" VPOS="1240" WIDTH="12" HEIGHT="28" WC="0.84" CONTENT="$"/><SP WIDTH="18" VPOS="1240" HPOS="574"/>
							<String ID="string_315" HPOS="592" VPOS="1242" WIDTH="24" HEIGHT="19" WC="0.96" CONTENT="11"/><SP WIDTH="15" VPOS="1242" HPOS="616"/>
							<String ID="string_316" HPOS="631" VPOS="1241" WIDTH="65" HEIGHT="26" WC="0.95" CONTENT="enligt"/><SP WIDTH="11" VPOS="1241" HPOS="696"/>
							<String ID="string_317" HPOS="707" VPOS="1240" WIDTH="121" HEIGHT="22" WC="0.96" CONTENT="Utskottets"/><SP WIDTH="11" VPOS="1240" HPOS="828"/>
							<String ID="string_318" HPOS="839" VPOS="1240" WIDTH="85" HEIGHT="27" WC="0.95" CONTENT="förslag,"/><SP WIDTH="12" VPOS="1240" HPOS="924"/>
							<String ID="string_319" HPOS="936" VPOS="1246" WIDTH="73" HEIGHT="15" WC="0.96" CONTENT="svarar"/><SP WIDTH="7" VPOS="1246" HPOS="1009"/>
							<String ID="string_320" HPOS="1016" VPOS="1240" WIDTH="34" HEIGHT="27" WC="0.96" CONTENT="ja;"/>
						</TextLine>
					</TextBlock>
				</ComposedBlock>
				<ComposedBlock ID="cblock_7" HPOS="222" VPOS="1291" WIDTH="831" HEIGHT="142">
					<TextBlock ID="block_7" HPOS="222" VPOS="1291" WIDTH="831" HEIGHT="142">
						<TextLine ID="line_34" HPOS="292" VPOS="1291" WIDTH="760" HEIGHT="27">
							<String ID="string_321" HPOS="292" VPOS="1291" WIDTH="42" HEIGHT="20" WC="0.96" CONTENT="blir"/><SP WIDTH="15" VPOS="1291" HPOS="334"/>
							<String ID="string_322" HPOS="349" VPOS="1291" WIDTH="33" HEIGHT="26" WC="0.92" CONTENT="nej"/><SP WIDTH="17" VPOS="1291" HPOS="382"/>
							<String ID="string_323" HPOS="399" VPOS="1291" WIDTH="161" HEIGHT="27" WC="0.92" CONTENT="öfvervägande,"/><SP WIDTH="17" VPOS="1291" HPOS="560"/>
							<String ID="string_324" HPOS="577" VPOS="1292" WIDTH="167" HEIGHT="21" WC="0.91" CONTENT="återremitteras"/><SP WIDTH="16" VPOS="1292" HPOS="744"/>
							<String ID="string_325" HPOS="760" VPOS="1291" WIDTH="146" HEIGHT="22" WC="0.96" CONTENT="betänkandet"/><SP WIDTH="14" VPOS="1291" HPOS="906"/>
							<String ID="string_326" HPOS="920" VPOS="1291" WIDTH="33" HEIGHT="21" WC="0.93" CONTENT="till"/><SP WIDTH="14" VPOS="1291" HPOS="953"/>
							<String ID="string_327" HPOS="967" VPOS="1291" WIDTH="85" HEIGHT="22" WC="0.92" CONTENT="Utskot-"/>
						</TextLine>
						<TextLine ID="line_35" HPOS="222" VPOS="1319" WIDTH="830" HEIGHT="28">
							<String ID="string_328" HPOS="222" VPOS="1320" WIDTH="32" HEIGHT="19" WC="0.96" CONTENT="tet"/><SP WIDTH="20" VPOS="1320" HPOS="254"/>
							<String ID="string_329" HPOS="274" VPOS="1319" WIDTH="48" HEIGHT="21" WC="0.96" CONTENT="med"/><SP WIDTH="21" VPOS="1319" HPOS="322"/>
							<String ID="string_330" HPOS="343" VPOS="1320" WIDTH="106" HEIGHT="21" WC="0.96" CONTENT="anmodan"/><SP WIDTH="23" VPOS="1320" HPOS="449"/>
							<String ID="string_331" HPOS="472" VPOS="1322" WIDTH="32" HEIGHT="19" WC="0.96" CONTENT="att"/><SP WIDTH="22" VPOS="1322" HPOS="504"/>
							<String ID="string_332" HPOS="526" VPOS="1320" WIDTH="28" HEIGHT="27" WC="0.96" CONTENT="på"/><SP WIDTH="20" VPOS="1320" HPOS="554"/>
							<String ID="string_333" HPOS="574" VPOS="1321" WIDTH="97" HEIGHT="26" WC="0.96" CONTENT="lämpligt"/><SP WIDTH="15" VPOS="1321" HPOS="671"/>
							<String ID="string_334" HPOS="686" VPOS="1320" WIDTH="61" HEIGHT="21" WC="0.96" CONTENT="ställe"/><SP WIDTH="15" VPOS="1320" HPOS="747"/>
							<String ID="string_335" HPOS="762" VPOS="1320" WIDTH="7" HEIGHT="21" WC="0.97" CONTENT="i"/><SP WIDTH="15" VPOS="1320" HPOS="769"/>
							<String ID="string_336" HPOS="784" VPOS="1320" WIDTH="138" HEIGHT="27" WC="0.96" CONTENT="lagförslaget"/><SP WIDTH="15" VPOS="1320" HPOS="922"/>
							<String ID="string_337" HPOS="937" VPOS="1320" WIDTH="69" HEIGHT="21" WC="0.96" CONTENT="införa"/><SP WIDTH="15" VPOS="1320" HPOS="1006"/>
							<String ID="string_338" HPOS="1021" VPOS="1322" WIDTH="31" HEIGHT="19" WC="0.96" CONTENT="ett"/>
						</TextLine>
						<TextLine ID="line_36" HPOS="222" VPOS="1347" WIDTH="831" HEIGHT="29">
							<String ID="string_339" HPOS="222" VPOS="1347" WIDTH="118" HEIGHT="28" WC="0.96" CONTENT="stadgande"/><SP WIDTH="14" VPOS="1347" HPOS="340"/>
							<String ID="string_340" HPOS="354" VPOS="1348" WIDTH="72" HEIGHT="21" WC="0.95" CONTENT="derom"/><SP WIDTH="16" VPOS="1348" HPOS="426"/>
							<String ID="string_341" HPOS="442" VPOS="1350" WIDTH="32" HEIGHT="19" WC="0.93" CONTENT="att"/><SP WIDTH="16" VPOS="1350" HPOS="474"/>
							<String ID="string_342" HPOS="490" VPOS="1349" WIDTH="83" HEIGHT="21" WC="0.92" CONTENT="stiftare"/><SP WIDTH="15" VPOS="1349" HPOS="573"/>
							<String ID="string_343" HPOS="588" VPOS="1349" WIDTH="23" HEIGHT="21" WC="0.96" CONTENT="af"/><SP WIDTH="14" VPOS="1349" HPOS="611"/>
							<String ID="string_344" HPOS="625" VPOS="1349" WIDTH="69" HEIGHT="27" WC="0.96" CONTENT="bolag,"/><SP WIDTH="10" VPOS="1349" HPOS="694"/>
							<String ID="string_345" HPOS="704" VPOS="1349" WIDTH="32" HEIGHT="21" WC="0.95" CONTENT="för"/><SP WIDTH="16" VPOS="1349" HPOS="736"/>
							<String ID="string_346" HPOS="752" VPOS="1349" WIDTH="39" HEIGHT="21" WC="0.96" CONTENT="den"/><SP WIDTH="16" VPOS="1349" HPOS="791"/>
							<String ID="string_347" HPOS="807" VPOS="1349" WIDTH="101" HEIGHT="21" WC="0.96" CONTENT="händelse"/><SP WIDTH="16" VPOS="1349" HPOS="908"/>
							<String ID="string_348" HPOS="924" VPOS="1351" WIDTH="32" HEIGHT="19" WC="0.96" CONTENT="att"/><SP WIDTH="11" VPOS="1351" HPOS="956"/>
							<String ID="string_349" HPOS="967" VPOS="1349" WIDTH="86" HEIGHT="26" WC="0.96" CONTENT="bolaget"/>
						</TextLine>
						<TextLine ID="line_37" HPOS="222" VPOS="1376" WIDTH="830" HEIGHT="28">
							<String ID="string_350" HPOS="222" VPOS="1376" WIDTH="48" HEIGHT="21" WC="0.96" CONTENT="icke"/><SP WIDTH="23" VPOS="1376" HPOS="270"/>
							<String ID="string_351" HPOS="293" VPOS="1377" WIDTH="95" HEIGHT="21" WC="0.95" CONTENT="kommer"/><SP WIDTH="23" VPOS="1377" HPOS="388"/>
							<String ID="string_352" HPOS="411" VPOS="1377" WIDTH="32" HEIGHT="21" WC="0.95" CONTENT="till"/><SP WIDTH="21" VPOS="1377" HPOS="443"/>
							<String ID="string_353" HPOS="464" VPOS="1377" WIDTH="68" HEIGHT="24" WC="0.93" CONTENT="stånd,"/><SP WIDTH="18" VPOS="1377" HPOS="532"/>
							<String ID="string_354" HPOS="550" VPOS="1384" WIDTH="39" HEIGHT="20" WC="0.92" CONTENT="ega"/><SP WIDTH="22" VPOS="1384" HPOS="589"/>
							<String ID="string_355" HPOS="611" VPOS="1379" WIDTH="109" HEIGHT="25" WC="0.93" CONTENT="gentemot"/><SP WIDTH="15" VPOS="1379" HPOS="720"/>
							<String ID="string_356" HPOS="735" VPOS="1377" WIDTH="127" HEIGHT="22" WC="0.92" CONTENT="tecknarene"/><SP WIDTH="16" VPOS="1377" HPOS="862"/>
							<String ID="string_357" HPOS="878" VPOS="1377" WIDTH="124" HEIGHT="22" WC="0.93" CONTENT="solidariskt"/><SP WIDTH="14" VPOS="1377" HPOS="1002"/>
							<String ID="string_358" HPOS="1016" VPOS="1383" WIDTH="36" HEIGHT="15" WC="0.90" CONTENT="an-"/>
						</TextLine>
						<TextLine ID="line_38" HPOS="223" VPOS="1405" WIDTH="829" HEIGHT="28">
							<String ID="string_359" HPOS="223" VPOS="1410" WIDTH="63" HEIGHT="15" WC="0.96" CONTENT="svara"/><SP WIDTH="15" VPOS="1410" HPOS="286"/>
							<String ID="string_360" HPOS="301" VPOS="1405" WIDTH="34" HEIGHT="21" WC="0.96" CONTENT="för"/><SP WIDTH="15" VPOS="1405" HPOS="335"/>
							<String ID="string_361" HPOS="350" VPOS="1405" WIDTH="56" HEIGHT="22" WC="0.91" CONTENT="hvad"/><SP WIDTH="16" VPOS="1405" HPOS="406"/>
							<String ID="string_362" HPOS="422" VPOS="1407" WIDTH="60" HEIGHT="20" WC="0.91" CONTENT="desse"/><SP WIDTH="16" VPOS="1407" HPOS="482"/>
							<String ID="string_363" HPOS="498" VPOS="1406" WIDTH="12" HEIGHT="21" WC="0.92" CONTENT="å"/><SP WIDTH="16" VPOS="1406" HPOS="510"/>
							<String ID="string_364" HPOS="526" VPOS="1406" WIDTH="26" HEIGHT="21" WC="0.96" CONTENT="de"/><SP WIDTH="16" VPOS="1406" HPOS="552"/>
							<String ID="string_365" HPOS="568" VPOS="1406" WIDTH="103" HEIGHT="21" WC="0.96" CONTENT="tecknade"/><SP WIDTH="16" VPOS="1406" HPOS="671"/>
							<String ID="string_366" HPOS="687" VPOS="1406" WIDTH="97" HEIGHT="21" WC="0.93" CONTENT="aktierna"/><SP WIDTH="15" VPOS="1406" HPOS="784"/>
							<String ID="string_367" HPOS="799" VPOS="1406" WIDTH="142" HEIGHT="27" WC="0.91" CONTENT="tilläfventyrs"/><SP WIDTH="15" VPOS="1406" HPOS="941"/>
							<String ID="string_368" HPOS="956" VPOS="1406" WIDTH="96" HEIGHT="21" WC="0.92" CONTENT="inbetalt."/>
						</TextLine>
					</TextBlock>
				</ComposedBlock>
				<ComposedBlock ID="cblock_8" HPOS="223" VPOS="1457" WIDTH="831" HEIGHT="84">
					<TextBlock ID="block_8" HPOS="223" VPOS="1457" WIDTH="831" HEIGHT="84">
						<TextLine ID="line_39" HPOS="257" VPOS="1457" WIDTH="797" HEIGHT="31">
							<String ID="string_369" HPOS="257" VPOS="1484" WIDTH="3" HEIGHT="4" WC="0.40" CONTENT="="/><SP WIDTH="33" VPOS="1484" HPOS="260"/>
							<String ID="string_370" HPOS="293" VPOS="1457" WIDTH="76" HEIGHT="21" WC="0.96" CONTENT="Denna"/><SP WIDTH="21" VPOS="1457" HPOS="369"/>
							<String ID="string_371" HPOS="390" VPOS="1457" WIDTH="132" HEIGHT="27" WC="0.96" CONTENT="proposition"/><SP WIDTH="20" VPOS="1457" HPOS="522"/>
							<String ID="string_372" HPOS="542" VPOS="1457" WIDTH="46" HEIGHT="21" WC="0.96" CONTENT="blef"/><SP WIDTH="21" VPOS="1457" HPOS="588"/>
							<String ID="string_373" HPOS="609" VPOS="1458" WIDTH="103" HEIGHT="21" WC="0.96" CONTENT="besvarad"/><SP WIDTH="22" VPOS="1458" HPOS="712"/>
							<String ID="string_374" HPOS="734" VPOS="1458" WIDTH="49" HEIGHT="21" WC="0.96" CONTENT="med"/><SP WIDTH="24" VPOS="1458" HPOS="783"/>
							<String ID="string_375" HPOS="807" VPOS="1458" WIDTH="26" HEIGHT="20" WC="0.96" CONTENT="17"/><SP WIDTH="20" VPOS="1458" HPOS="833"/>
							<String ID="string_376" HPOS="853" VPOS="1457" WIDTH="24" HEIGHT="27" WC="0.96" CONTENT="ja"/><SP WIDTH="15" VPOS="1457" HPOS="877"/>
							<String ID="string_377" HPOS="892" VPOS="1457" WIDTH="39" HEIGHT="21" WC="0.96" CONTENT="och"/><SP WIDTH="17" VPOS="1457" HPOS="931"/>
							<String ID="string_378" HPOS="948" VPOS="1458" WIDTH="26" HEIGHT="20" WC="0.96" CONTENT="39"/><SP WIDTH="16" VPOS="1458" HPOS="974"/>
							<String ID="string_379" HPOS="990" VPOS="1457" WIDTH="64" HEIGHT="26" WC="0.96" CONTENT="nej,"/><SP WIDTH="-12" VPOS="1457" HPOS="1054"/>
							<String ID="string_380" HPOS="1042" VPOS="1453" WIDTH="16" HEIGHT="39" WC="0.96" CONTENT="i"/>
						</TextLine>
						<TextLine ID="line_40" HPOS="223" VPOS="1484" WIDTH="831" HEIGHT="29">
							<String ID="string_381" HPOS="223" VPOS="1484" WIDTH="53" HEIGHT="27" WC="0.96" CONTENT="följd"/><SP WIDTH="23" VPOS="1484" HPOS="276"/>
							<String ID="string_382" HPOS="299" VPOS="1485" WIDTH="77" HEIGHT="21" WC="0.93" CONTENT="hvaraf"/><SP WIDTH="21" VPOS="1485" HPOS="376"/>
							<String ID="string_383" HPOS="397" VPOS="1486" WIDTH="24" HEIGHT="21" WC="0.90" CONTENT="R."/><SP WIDTH="23" VPOS="1486" HPOS="421"/>
							<String ID="string_384" HPOS="444" VPOS="1492" WIDTH="19" HEIGHT="15" WC="0.89" CONTENT="o."/><SP WIDTH="24" VPOS="1492" HPOS="463"/>
							<String ID="string_385" HPOS="487" VPOS="1486" WIDTH="24" HEIGHT="21" WC="0.87" CONTENT="A."/><SP WIDTH="23" VPOS="1486" HPOS="511"/>
							<String ID="string_386" HPOS="534" VPOS="1486" WIDTH="56" HEIGHT="21" WC="0.93" CONTENT="hade"/><SP WIDTH="23" VPOS="1486" HPOS="590"/>
							<String ID="string_387" HPOS="613" VPOS="1486" WIDTH="89" HEIGHT="21" WC="0.92" CONTENT="beslutit"/><SP WIDTH="14" VPOS="1486" HPOS="702"/>
							<String ID="string_388" HPOS="716" VPOS="1488" WIDTH="33" HEIGHT="19" WC="0.96" CONTENT="att"/><SP WIDTH="14" VPOS="1488" HPOS="749"/>
							<String ID="string_389" HPOS="763" VPOS="1487" WIDTH="7" HEIGHT="20" WC="0.92" CONTENT="i"/><SP WIDTH="16" VPOS="1487" HPOS="770"/>
							<String ID="string_390" HPOS="786" VPOS="1486" WIDTH="200" HEIGHT="21" WC="0.92" CONTENT="ofvanomförmäldt"/><SP WIDTH="13" VPOS="1486" HPOS="986"/>
							<String ID="string_391" HPOS="999" VPOS="1485" WIDTH="55" HEIGHT="28" WC="0.96" CONTENT="syfte"/>
						</TextLine>
						<TextLine ID="line_41" HPOS="223" VPOS="1513" WIDTH="407" HEIGHT="28">
							<String ID="string_392" HPOS="223" VPOS="1513" WIDTH="158" HEIGHT="22" WC="0.96" CONTENT="återremittera"/><SP WIDTH="15" VPOS="1513" HPOS="381"/>
							<String ID="string_393" HPOS="396" VPOS="1515" WIDTH="12" HEIGHT="26" WC="0.70" CONTENT="$"/><SP WIDTH="17" VPOS="1515" HPOS="408"/>
							<String ID="string_394" HPOS="425" VPOS="1515" WIDTH="23" HEIGHT="20" WC="0.96" CONTENT="11"/><SP WIDTH="18" VPOS="1515" HPOS="448"/>
							<String ID="string_395" HPOS="466" VPOS="1515" WIDTH="33" HEIGHT="20" WC="0.96" CONTENT="till"/><SP WIDTH="17" VPOS="1515" HPOS="499"/>
							<String ID="string_396" HPOS="516" VPOS="1515" WIDTH="114" HEIGHT="21" WC="0.96" CONTENT="Utskottet."/>
						</TextLine>
					</TextBlock>
				</ComposedBlock>
			</PrintSpace>
		</Page>
	</Layout>
</alto>
