1109 1739
239 106 42 20 612
493 112 25 18 R.
531 118 18 12 o.
562 114 23 16 A.
599 114 58 17 1894.
681 114 21 16 17
714 114 64 21 April.

210 192 23 21 af
257 194 42 24 mig
323 198 49 21 nyss
399 193 101 27 upplästa
524 194 92 20 raderna
641 196 25 19 är
691 194 40 21 den
750 194 67 21 bästa.
849 194 43 27 Mig
907 200 62 21 synes
985 194 54 22 att
1029 188 15 37 i

209 220 90 22 främsta
321 224 91 18 rummet
435 222 54 21 hade
510 222 49 21 bort
574 222 75 22 ställas
665 223 164 21 eventualiteten
845 222 23 22 af
881 225 33 19 att
930 223 60 21 detta
1004 223 36 21 be-

209 250 49 20 svär
274 249 139 27 öfverflyttats
435 257 77 20 genom
527 251 167 27 expropriation,
711 252 39 20 och
766 252 6 20 i
788 251 67 21 andra
870 255 92 17 rummet
977 258 62 14 even-

209 278 112 20 tualiteten
345 279 22 21 af
387 286 25 14 en
428 280 78 26 speciel
521 280 215 21 öfverenskommelse
752 280 47 21 med
813 280 134 26 jordegaren.
978 280 63 21 Dess-

210 308 59 18 utom
286 306 69 22 kunde
371 307 106 21 mähända
493 308 114 21 anmärkas
622 311 33 18 att
670 308 147 22 förstnämnda
833 308 140 22 eventualitet
988 308 53 21 hän-

210 334 33 22 för
270 334 31 27 sig
325 335 32 21 till
382 338 31 19 ett
438 336 101 26 förflutet,
566 339 31 19 ett
619 338 66 20 redan
702 344 26 14 en
743 338 56 26 gäng
814 336 33 22 för
863 337 41 21 alla
920 337 120 21 etableradt

210 362 92 27 faktum,
327 364 39 21 och
389 365 36 21 det
447 365 89 21 sålunda
551 365 67 21 borde
634 366 50 21 heta
701 366 171 26 ,öfverflyttats*,
889 366 110 21 hvaremot
1014 372 26 14 en

211 391 216 23 Ofverenskommelse
451 394 48 21 med
517 394 130 26 jordegaren
664 394 41 22 kan
721 396 40 20 när
776 401 44 14 som
837 394 56 21 helst
908 395 84 21 komma
1008 394 32 21 till

210 420 69 25 stånd,
297 422 79 26 brytas,
400 422 53 27 ånyo
475 423 66 25 ingås,
563 429 18 15 o.
599 429 16 15 s.
632 429 17 15 v.
681 424 40 26 Jag
737 424 68 20 skulle
821 423 70 21 derför
907 423 63 21 hafva
986 424 55 20 varit

211 456 58 14 mera
296 450 90 21 tillfreds
411 452 48 20 med
484 458 25 14 en
535 451 68 21 sådan
619 451 120 27 affattning:
761 458 77 20 ,egare
853 452 22 20 af
887 452 88 26 jernväg
991 458 50 14 vare

211 478 75 26 pligtig
307 481 39 23 att,
373 480 38 20 der
433 480 18 26 ej
471 480 52 20 hans
539 480 122 27 skyldighet
675 486 76 20 genom
768 481 157 26 expropriation
942 480 27 27 pä
982 480 58 27 jord-

211 513 77 19 egaren
306 507 139 28 öfvertlyttats
469 509 51 21 eller
535 509 135 21 annorlunda
686 509 128 21 härutinnan
831 509 209 21 öfverenskommes*.

210 535 58 21 Utan
293 538 32 19 att
349 539 53 23 göra
425 537 69 21 denna
518 537 140 27 formulering
682 538 99 26 gällande
805 538 68 20 säsom
889 540 32 19 ett
937 538 105 21 definitivt

211 564 86 26 förslag,
323 566 96 20 anhäller
441 566 36 26 jag
501 566 81 26 endast,
607 566 28 21 dä
655 566 37 27 jag
708 566 97 21 fömodar
819 569 32 18 att
867 566 174 27 Lagutskottet
1027 560 16 37 i

211 592 73 28 hvarje
308 594 99 21 händelse
429 595 66 21 mäste
516 594 64 22 hafva
597 597 43 19 rätt
655 597 32 19 att
706 595 56 27 gifva
777 596 36 20 det
829 595 80 27 sakliga
925 595 117 21 innehället

211 621 24 21 af
249 622 66 21 andra
331 623 158 21 reservationen
505 624 39 20 den
569 624 135 26 lämpligaste
720 624 147 26 formulering,
883 626 32 18 att
930 624 21 20 få
967 624 75 21 förena

211 650 43 26 mig
269 657 34 15 om
319 651 146 28 hufvudsyftet
484 652 6 20 i
507 652 68 21 denna
597 653 138 21 reservation.

281 719 31 21 Hr
333 720 24 20 V.
380 727 39 14 von
442 721 179 20 Haartman:
653 721 41 26 Jag
716 721 54 20 skall
794 721 75 20 endast
889 727 101 20 upprepa,
1009 723 33 19 att

209 748 37 26 jag
265 748 7 21 i
288 749 99 20 afseende
403 749 12 21 å
431 750 12 20 2
459 756 62 14 mom.
541 750 6 20 i
564 756 28 14 nu
608 749 141 22 förevarande
765 750 12 26 &
793 749 85 21 förenar
894 750 42 25 mig
952 756 33 14 om
1002 750 40 20 den

211 777 68 26 tredje
294 778 157 21 reservationen
468 779 39 20 och
523 780 30 19 att
561 778 36 27 jag
606 778 131 21 beträffande
749 779 12 20 3
773 778 39 21 och
824 779 12 20 4
848 785 84 14 momm.
944 779 6 20 i
961 785 81 14 samma

212 805 12 26 $
241 807 23 19 är
280 811 49 15 ense
349 807 47 20 med
417 807 39 20 den
475 807 67 20 andra
562 808 165 20 reservationen.
757 807 42 26 Jag
813 807 35 20 vill
865 807 75 20 endast
955 807 88 26 tillägga

212 836 32 18 att
264 834 37 26 jag
321 835 7 20 i
344 835 50 26 följd
411 835 62 21 häraf
487 836 64 26 yrkar
568 835 27 26 pä
611 836 99 21 ärendets
726 835 123 22 äterremiss
865 835 31 21 till
912 835 129 26 Lagutskot-

212 865 31 18 tet
258 863 33 20 för
307 863 172 27 omformulering
495 864 22 21 af
531 865 62 20 dessa
610 871 84 14 momm.
704 864 6 21 i
720 864 149 26 hufvudsaklig
879 864 162 21 öfverensstäm-

211 891 66 21 melse
293 892 47 21 med
357 892 54 21 hvad
428 893 91 20 nämnda
537 893 157 21 reservationer
709 893 6 20 i
731 893 63 20 dessa
809 893 60 20 delar
884 892 112 22 innehälla.

281 966 31 20 Hr
328 966 218 27 Montgomery:
577 967 40 26 Jag
634 967 37 20 ber
687 967 20 20 få
722 967 72 20 erinra
809 967 73 20 derom
897 968 33 19 att
943 966 36 27 jag
994 966 46 21 icke

212 995 88 26 deltagit
323 995 6 20 i
353 995 141 26 beredningen
516 996 23 20 af
559 996 69 20 denna
649 995 48 20 nåd.
714 1001 67 20 prop.,
798 1001 45 14 som
857 995 56 20 fallit
928 995 56 20 inom
1000 994 41 21 den

211 1023 68 20 andra
301 1024 145 26 afdelningens
469 1024 22 21 af
512 1024 152 27 Lagutskottet
689 1023 92 22 område.
813 1023 60 21 Hvad
897 1022 101 22 beträffar
1015 1024 24 19 11

211 1052 18 26 8,
246 1058 49 15 vore
309 1052 37 27 jag
361 1052 33 21 för
414 1053 41 20 min
473 1053 33 20 del
522 1053 96 25 benägen
633 1055 34 18 att
682 1052 131 21 understöda
827 1051 214 22 utskottsbetänkan-

212 1081 41 20 det.
284 1081 41 26 Jag
340 1083 24 18 är
380 1087 48 15 ense
445 1081 47 21 med
508 1081 25 20 de
549 1081 65 20 ärade
631 1084 162 18 reservanterne
809 1081 44 20 deri
869 1083 33 18 att
917 1080 55 21 ratio
989 1080 53 25 legis

211 1109 6 20 i
233 1108 61 27 fräga
309 1116 34 14 om
362 1110 149 26 förordningen
535 1116 34 15 om
594 1110 85 26 egofred
695 1109 23 21 af
732 1109 24 21 är
774 1109 54 21 1864
844 1109 46 21 icke
906 1109 41 20 kan
963 1109 77 20 tilläm-

211 1143 38 20 pas
264 1137 27 27 pä
307 1138 162 21 förhällandena
484 1139 89 20 emellan
590 1145 62 20 egare
669 1139 22 20 af
703 1138 90 26 jernväg
808 1137 39 21 och
863 1143 62 21 egare
941 1137 23 21 af
978 1137 63 21 krea-

211 1169 41 18 tur.
284 1167 41 20 Det
341 1169 24 18 är
381 1167 119 26 uppenbart
515 1170 33 18 att
564 1167 251 26 egofredsförordningen
831 1166 80 27 äsyftar
928 1166 54 21 blott
997 1165 44 21 för-

211 1194 128 22 hällandena
361 1197 90 20 emellan
469 1202 98 20 grannar,
585 1195 23 21 sä
624 1198 31 18 att
671 1195 28 27 pä
714 1195 70 21 denna
799 1195 68 26 grund
885 1195 42 20 kan
943 1201 47 14 man
1007 1194 34 21 väl

211 1223 46 21 icke
283 1225 119 25 egentligen
426 1225 105 26 uppställa
554 1224 69 26 någon
639 1225 82 25 princip
737 1223 34 21 för
786 1223 86 27 frågans
888 1223 88 26 lösning,
992 1229 48 14 men

211 1252 36 20 det
263 1258 62 20 synes
348 1253 42 26 mig
413 1253 128 21 åtminstone
565 1256 32 17 att
621 1253 36 21 det
680 1253 85 25 förslag,
783 1258 44 15 som
843 1258 29 14 nu
887 1253 63 25 göres
966 1251 22 21 af
1003 1250 36 22 Ut-

211 1280 87 26 skottet,
315 1282 40 20 kan
373 1283 114 19 motiveras
503 1282 92 25 dermed,
613 1285 32 17 att
660 1282 6 20 i
683 1282 74 26 sjelfva
773 1281 73 21 verket
862 1280 58 21 såväl
931 1281 109 20 kreaturs-

211 1315 69 20 egare,
297 1316 44 14 som
358 1310 64 21 ocksä
437 1316 63 20 egare
515 1310 22 21 af
549 1310 194 26 jernvägsomräde,
761 1309 64 21 hafva
841 1311 30 19 ett
887 1309 107 21 bestämdt
1009 1309 32 20 in-

211 1340 67 19 tresse
302 1338 23 21 af
345 1339 166 26 inhägnaderna,
534 1343 32 17 ett
587 1339 89 21 intresse
698 1338 54 21 hvad
778 1344 62 20 egare
863 1338 23 20 af
900 1338 88 20 kreatur
1004 1337 36 21 be-

211 1366 74 21 träffar
300 1368 33 19 att
348 1367 82 27 skydda
445 1368 62 20 dessa
524 1367 39 21 och
580 1367 54 21 hvad
651 1374 62 20 egare
729 1367 23 21 af
763 1367 114 26 jernvägar
894 1366 101 21 beträffar
1008 1368 34 18 att

210 1395 83 26 skydda
315 1396 38 20 sitt
377 1396 86 21 omräde
486 1396 39 21 och
547 1397 32 19 sin
598 1397 103 25 materiel,
718 1396 23 20 sä
757 1398 34 18 att
806 1396 25 20 de
846 1395 47 21 icke
908 1395 43 21 lida
966 1394 74 25 skada,

209 1424 29 25 pä
253 1430 82 14 samma
350 1424 57 26 gäng
422 1431 45 15 som
483 1425 114 20 kreaturen
614 1424 95 27 tillfogas
724 1424 85 21 skador.
841 1423 67 21 Deraf
922 1423 68 21 skulle
1004 1422 37 27 jag

210 1452 67 26 draga
293 1453 40 20 den
349 1453 88 21 slutsats
452 1456 33 18 att
500 1454 63 20 dessa
579 1453 126 26 ömsesidiga
721 1454 104 19 intressen
843 1452 26 27 pä
885 1452 97 26 lämpligt
998 1453 43 19 sätt

209 1480 73 21 kunna
299 1484 43 18 mot
358 1481 119 21 hvarandra
493 1482 87 26 afvägas
596 1482 39 20 och
652 1482 55 20 lösas
721 1482 34 20 vid
767 1481 74 26 sjelfva
854 1480 186 27 expropriationen

210 1509 39 21 och
267 1509 64 21 blifva
348 1510 159 22 bestämmande
523 1510 62 21 äfven
601 1510 34 21 vid
651 1510 160 21 fastställandet
826 1510 23 20 af
858 1509 181 27 expropriations-
