1109 1742
236 121 41 21 522
493 128 24 17 R.
530 132 18 13 o.
561 128 23 17 A.
596 128 58 17 1894.
678 128 12 17 3
702 128 63 22 April.

204 206 58 22 Frän
277 206 172 23 Bondeständet:
480 208 166 27 suppleanterne
666 208 7 22 i
702 208 112 23 Utskottet
836 209 44 21 Hrr
903 208 131 22 Hirvelä

290 235 39 22 och
344 236 157 26 Pullinen;
532 236 110 23 äfvensom

276 292 33 22 till
324 293 137 27 suppleanter
468 300 5 14 :

205 348 57 22 Frän
278 349 170 23 Presteständet:
479 350 43 22 Hrr
544 350 26 22 E.
592 350 176 22 Bonsdorff
786 351 39 21 och
840 351 27 21 K.
883 351 23 21 F.
923 350 111 22 Durch-

290 384 75 20 man;

229 452 11 8 n
285 435 191 27 —Borgareständet:
506 436 44 22 Hrr
579 436 150 24 Kullhem,
760 436 202 28 Heimberger
993 436 40 22 och

290 464 142 26 Erenius;
448 466 57 20 samt

228 538 9 10 n
281 520 169 23 Bondeständet:
480 521 44 22 Hrr
544 521 168 27 Poutanen,
734 522 124 27 Zitting,
876 522 156 21 Ehrström

290 550 39 21 och
344 550 134 22 Starcke.

514 710 207 24 Jordbruksskolorna.

274 768 120 26 Föredrogs
416 768 223 21 Ekonomiutskottets
669 767 32 21 till
724 768 60 21 detta
805 767 86 27 plenum
914 767 118 27 bordlagda

205 796 134 22 betänkande
354 796 40 22 N:o
410 796 13 22 5
446 797 7 20 i
475 796 115 27 anledning
604 796 24 22 af
640 796 51 21 flere
706 796 58 22 inom
779 796 161 22 Bondeständet
954 796 77 21 väckta

204 824 80 28 förslag
306 824 32 22 till
361 825 121 26 petitioner,
505 824 112 28 äsyftande
638 825 132 21 inrättandet
794 825 22 21 af
836 826 32 20 ett
887 826 69 20 större
971 825 59 21 antal

200 853 192 28 jordbruksskolor
407 854 30 20 uti
453 853 106 21 särskilda
575 854 60 21 delar
650 853 23 21 af
687 854 79 20 landet.

272 922 137 21 Diskussion:

272 979 32 21 Hr
320 979 24 21 O.
360 979 32 21 W.
408 979 129 22 Schildt:
568 979 69 21 Bland
653 979 41 21 den
710 979 78 27 mängd
803 979 120 26 petitioner,
938 985 46 15 som
995 979 35 21 vid

202 1007 62 22 detta
278 1008 144 21 ständermöte
445 1007 119 27 inlemnats,
588 1009 37 20 äro
648 1007 139 27 ovilkorligen
806 1008 32 25 de,
852 1013 46 16 som
914 1009 50 19 röra
979 1007 51 21 flere

200 1036 200 27 jordbruksskolors
424 1037 121 20 inrättande
567 1036 7 21 i
595 1036 80 27 landet,
698 1036 22 21 af
735 1037 80 20 största
830 1036 115 27 betydelse.
975 1035 54 22 Värt

200 1065 106 26 jordbruk
322 1065 39 20 har
376 1067 33 19 att
430 1065 79 27 kämpa
524 1065 46 21 icke
590 1065 74 21 endast
679 1065 48 21 med
740 1066 32 19 ett
787 1064 59 21 svärt
860 1065 75 20 klimat
950 1064 39 21 och
1003 1071 26 14 en

202 1093 54 26 karg
270 1095 71 24 natur,
362 1095 52 19 utan
437 1093 37 21 det
491 1093 40 21 har
546 1093 41 21 ock
602 1095 33 20 att
650 1093 60 21 bestä
726 1099 26 16 en
768 1093 48 21 svär
832 1093 133 21 konkurrens
981 1093 48 21 med

201 1122 73 21 bättre
289 1122 81 21 lottade
385 1122 79 21 länder.
496 1122 38 21 Att
550 1122 37 21 det
607 1122 67 21 under
690 1122 63 21 dessa
768 1121 148 22 förhällanden
932 1123 24 19 är
970 1121 60 21 svärt

202 1156 42 21 nog
259 1151 33 20 för
304 1150 158 27 jordbrukaren
484 1152 34 19 att
538 1151 53 20 reda
608 1151 38 26 sig,
669 1152 33 19 att
724 1150 85 26 deltaga
824 1150 7 21 i
846 1150 59 21 såväl
921 1150 109 21 allmänna

202 1185 46 15 som
264 1179 137 21 kommunala
424 1179 81 26 besvär,
522 1181 46 19 tror
588 1179 36 26 jag
649 1179 54 22 skall
719 1179 112 21 erkännas.
862 1179 41 20 Det
918 1180 24 19 är
958 1179 72 20 derför

202 1207 132 27 nödvändigt
355 1209 33 19 att
408 1207 31 22 alt
462 1207 62 26 hvad,
540 1213 46 16 som
602 1207 46 22 stär
663 1207 32 22 till
711 1207 60 25 buds,
788 1209 62 24 göres
866 1207 33 21 för
914 1209 32 19 att
962 1207 68 21 skaffa

201 1236 80 21 honom
296 1236 84 21 tillfälle
396 1238 32 19 att
443 1236 94 21 inhemta
552 1236 64 27 insigt
631 1237 7 20 i
654 1236 37 21 sitt
706 1235 56 24 fack,
778 1236 96 26 kunskap
890 1237 32 20 att
937 1235 23 22 af
970 1235 59 27 jord-

201 1265 79 21 bruket
295 1265 107 26 tilltvinga
417 1265 31 26 sig
462 1265 24 20 sä
502 1267 44 18 stor
562 1265 65 21 skörd
643 1271 45 14 som
703 1265 89 26 möjligt.
823 1265 65 20 Detta
903 1266 24 19 är
938 1270 25 15 en
976 1264 54 21 nöd-

201 1293 123 26 vändighet,
339 1293 47 22 icke
402 1293 75 21 endast
491 1293 33 21 för
538 1293 164 27 jordbrukaren,
712 1295 51 19 utan
772 1293 61 21 äfven
848 1293 34 20 för
892 1293 48 20 hela
950 1292 79 21 landet.

201 1322 40 21 Ett
256 1322 55 21 enda
326 1322 74 25 nödär,
420 1322 23 27 ja
465 1328 26 15 en
510 1322 56 21 enda
581 1322 101 21 frostnatt
704 1321 77 22 verkar
796 1321 47 21 icke
859 1321 55 21 blott
929 1321 28 26 pä
969 1321 61 26 jord-

201 1350 116 25 brukaren,
333 1353 51 18 utan
407 1351 61 20 äfven
489 1351 27 26 pä
532 1351 74 20 landet
621 1351 6 20 i
643 1351 32 20 sin
690 1350 79 21 helhet.
800 1350 42 21 Det
857 1351 24 20 är
897 1349 71 22 derför
983 1349 47 21 icke

201 1379 58 21 blott
279 1379 47 21 frän
346 1379 168 27 jordbrukarens
537 1379 133 26 ständpunkt
690 1379 38 26 jag
748 1378 68 21 skulle
830 1378 50 27 vilja
895 1378 87 21 förorda
997 1380 33 18 att

201 1407 52 22 flere
268 1407 151 22 läroanstalter
441 1407 33 21 för
494 1407 144 27 jordbrukare
660 1407 118 22 inrättades
793 1407 7 20 i
815 1407 79 21 landet.
924 1406 103 21 Jordbru-

201 1435 68 22 karne
285 1435 75 27 sjelfva
375 1436 63 21 hafva
452 1435 70 22 funnit
544 1438 33 19 att
597 1436 36 21 det
648 1437 24 20 är
687 1436 87 21 absolut
788 1435 131 26 nödvändigt
933 1434 34 22 för
982 1435 49 21 dem

202 1466 33 19 att
250 1464 52 27 följa
317 1465 48 21 med
380 1465 32 21 sin
428 1465 37 26 tid;
488 1465 60 20 detta
563 1464 94 27 framgär
669 1464 24 21 af
706 1465 125 26 petitioners
846 1463 134 22 inlemnande
994 1463 36 21 vid

200 1493 92 27 tidigare
312 1493 128 27 landtdagar
454 1493 40 21 och
509 1493 95 26 framgär
619 1493 61 21 äfven
696 1493 23 21 af
732 1493 63 21 dessa
809 1499 29 14 nu
853 1493 32 20 till
900 1492 130 25 behandling

200 1521 142 22 förevarande
364 1523 13 20 6
398 1522 120 27 petitioner.
550 1522 50 21 Alla
622 1521 84 28 päpeka
728 1521 185 26 nödvändigheten
936 1521 22 20 af
978 1520 51 21 flere
