1109 1739
386 107 201 17 Finansrelationen.
835 102 40 20 743

146 187 43 21 För
204 187 44 21 min
263 187 34 21 del
312 186 98 21 betviflar
423 186 37 27 jag
475 188 32 19 att
520 193 25 15 en
562 187 195 26 sammanslagning
767 186 23 21 af
799 187 106 21 Handels-

78 217 40 21 och
141 215 244 27 Industriexpeditionen
401 215 48 21 med
464 215 263 27 Jordbruksexpeditonen
742 216 68 21 under
825 215 80 22 sådana

77 245 148 21 förhållanden
245 244 52 21 eller
316 244 65 21 innan
397 250 26 15 en
439 244 79 21 allmän
534 244 186 21 decentralisation
735 244 23 21 af
773 244 40 21 den
829 244 76 27 högsta

78 273 198 22 administrationen
298 273 91 21 kommit
411 273 32 20 till
463 272 63 21 stånd
541 279 51 15 vore
608 273 107 20 önskvärd
730 273 7 20 i
753 273 25 20 de
795 273 110 26 näringars

78 302 96 26 intresse,
189 301 74 21 hvilka
278 301 31 21 uti
325 301 142 21 nästnämnda
482 301 67 27 begge
565 302 146 26 expeditioner
726 301 63 21 hafva
801 301 46 21 sina
856 303 48 19 när-

78 333 68 18 maste
162 330 102 21 målsmän
280 330 35 21 vid
331 329 132 22 rådsbordet.

148 359 42 21 För
213 358 127 27 chefskapen
362 358 13 21 å
397 359 26 20 de
446 359 70 20 skilda
538 358 181 27 Expeditionerna
741 358 84 21 fordras
840 358 65 27 något

79 387 57 22 olika
159 387 176 27 qvalifikationer,
358 387 90 21 likasom
473 387 39 21 ock
534 387 117 21 industrins
667 387 39 21 och
719 387 139 26 jordbrukets
873 387 32 21 in-

79 418 87 22 tressen,
193 416 128 21 åtminstone
345 416 68 21 under
437 416 136 21 närvarande
599 415 155 27 förhållanden,
779 418 38 19 äro
840 415 65 28 något

78 445 94 27 stridiga.

147 474 33 21 En
203 473 52 21 eller
273 480 70 14 annan
359 473 66 27 högre
441 473 104 27 begåfvad
562 473 39 21 och
617 473 127 27 mångsidigt
759 473 83 21 erfaren
857 480 47 20 per-

78 509 39 15 son
140 502 70 22 kunde
232 508 41 20 nog
288 502 68 21 finnas
372 502 135 27 qvalificerad
523 502 34 20 för
573 502 123 27 chefskapet
711 502 33 21 för
759 502 26 21 de
801 508 104 15 samman-

79 532 73 26 slagna
173 531 186 27 Expeditionerna,
383 538 46 14 men
451 531 28 21 då
501 531 172 26 organisationen
689 530 22 22 af
725 533 31 19 ett
771 531 134 21 embetsverk

79 560 46 22 icke
142 560 38 22 bör
195 562 63 24 göras
273 560 106 20 beroende
395 559 23 21 af
432 560 35 20 det
480 559 106 27 tillfälliga
601 559 170 21 framträdandet
786 560 23 20 af
817 566 26 14 en
854 559 51 21 eller

79 595 70 15 annan
172 589 93 21 eminent
285 588 170 27 arbetsförmåga
478 588 51 22 eller
552 589 123 25 ovanligare
696 588 155 27 mångsidighet
867 588 38 21 hos

79 617 69 27 någon
172 618 23 20 af
215 618 48 20 dess
279 617 89 21 ledande
384 619 55 23 män,
455 618 46 20 tror
515 617 36 27 jag
567 618 36 20 det
618 617 120 27 Höglofliga
753 617 90 21 Ståndet
858 617 46 21 icke

79 646 63 21 hafva
157 646 114 26 anledning
287 647 32 19 att
334 646 74 20 förena
423 646 31 26 sig
469 646 32 20 uti
517 646 178 21 Statsutskottets
711 646 116 24 uttalande,
836 645 69 21 såvidt

80 675 36 21 det
138 674 102 22 särskildt
263 674 66 26 angår
349 674 235 26 jordbruksärendenas
608 674 128 26 öfverföring
751 675 32 20 till
800 674 105 21 Handels-

80 704 39 20 och
134 703 251 27 Industriexpeditionen,
401 710 48 14 men
465 704 34 20 väl
515 705 32 19 att
562 702 57 27 gifva
634 703 37 21 sitt
686 705 48 19 stöd
750 703 22 21 åt
783 703 122 21 Utskottets

80 731 128 22 förordande
230 732 23 21 af
274 738 25 15 en
321 732 132 21 allmännare
476 732 164 26 koncentrering
662 732 23 20 af
705 732 84 21 arbetet
807 731 26 27 på
849 731 56 21 färre

80 760 87 22 händer.

148 790 41 26 Jag
211 789 38 21 ber
271 791 32 19 att
318 788 21 22 få
355 789 88 27 tillägga
459 791 32 19 att
507 789 60 21 detta
583 790 48 20 mitt
646 789 110 21 uttalande
771 788 47 22 icke
833 788 72 21 föran-

80 818 55 21 ledts
158 818 23 21 af
202 818 65 26 något
289 824 45 14 som
353 818 55 21 helst
421 818 96 27 uppdrag
533 818 46 21 från
595 820 31 18 ett
641 818 52 20 eller
708 820 65 18 annat
787 817 51 23 håll,
854 820 51 18 utan

80 848 63 25 utgör
165 848 32 20 ett
219 847 86 26 uttryck
327 846 24 21 af
371 847 42 20 min
437 848 67 20 under
522 849 60 19 snart
597 846 108 27 tjuguårig
720 846 65 26 tjenst
801 846 27 26 på
843 846 62 21 Jord-

81 875 214 27 bruksexpeditionen
311 881 70 15 vunna
396 876 121 26 personliga
532 875 147 27 öfvertygelse.

148 961 32 21 Hr
203 962 24 20 E.
251 961 169 27 Furuhjelm:
451 961 113 21 Härintills
587 961 39 21 har
649 961 35 21 det
699 968 16 14 s.
732 961 19 21 k.
768 960 137 22 relationsbe-

82 990 117 21 tänkandet
222 990 96 26 vanligen
341 990 112 21 inskränkt
470 990 32 26 sig
517 990 33 21 till
566 990 83 26 ganska
664 990 90 20 fromma
769 990 136 26 önskningar,

81 1019 89 21 fromma
187 1018 58 22 säväl
261 1019 31 21 till
308 1018 53 22 form
378 1025 44 14 som
439 1018 99 22 innehäll.
570 1018 49 21 Man
635 1018 68 21 mäste
719 1018 70 22 derför
804 1018 48 21 med
863 1018 43 26 fäg-

81 1048 42 20 nad
138 1048 131 26 konstatera,
285 1050 32 18 att
333 1048 36 20 det
383 1049 24 19 är
422 1047 69 21 första
503 1047 89 27 gängen,
608 1047 52 21 eller
675 1047 128 21 ätminstone
819 1046 23 21 sä
854 1046 53 27 godt

81 1082 45 15 som
149 1076 68 20 första
239 1076 88 27 gängen,
349 1082 45 15 som
417 1082 48 15 man
481 1076 8 20 i
504 1076 178 21 Statsutskottets
699 1076 132 20 betänkande
849 1075 58 21 öfver

80 1104 187 22 finansrelationen
289 1104 68 22 finner
375 1111 26 14 en
416 1104 109 27 verkligen
541 1104 148 22 uttömmande
704 1104 155 26 framställning
876 1103 29 21 öf-

80 1140 37 14 ver
132 1133 235 27 finansförvaltningens
383 1133 164 21 handhafvande
563 1133 39 21 och
619 1133 55 21 hvad
689 1134 86 20 dermed
792 1139 49 19 eger
852 1138 54 15 sam-

80 1162 113 26 manhang.
223 1162 42 22 Det
287 1164 24 18 är
327 1162 64 21 ocksä
406 1162 67 21 första
487 1162 84 26 gängen
587 1161 175 22 Statsutskottets
777 1161 130 27 granskning

81 1190 23 22 af
117 1190 127 22 hithörande
259 1190 148 22 förhällanden
423 1191 105 21 föranledt
543 1191 25 21 sä
582 1190 108 22 bestämdt
705 1190 142 26 formulerade
864 1189 43 21 för-

80 1220 47 25 slag
142 1219 32 21 till
190 1220 123 20 uttalanden
329 1219 48 21 frän
393 1219 130 21 Ständernas
539 1220 53 25 sida,
609 1226 44 14 som
670 1226 28 14 nu
713 1221 24 19 är
747 1219 66 21 fallet.
834 1217 72 22 Ofver-

80 1248 80 21 hufvud
176 1250 24 18 är
213 1248 37 27 jag
265 1248 34 21 för
313 1248 43 20 min
368 1248 60 26 ringa
443 1248 35 20 del
494 1254 50 15 ense
553 1248 48 20 med
612 1248 117 25 Utskottet,
741 1248 89 20 likasom
841 1246 66 22 ocksä

80 1276 8 21 i
110 1277 26 21 de
157 1276 62 21 flesta
233 1276 92 28 punkter
340 1276 48 21 med
404 1277 41 21 den
460 1276 65 22 ärade
541 1278 143 24 reservanten,
700 1282 44 15 som
761 1276 61 20 äfven
839 1275 68 21 denna

80 1304 56 27 gäng
159 1305 51 21 stält
232 1306 38 26 sig,
286 1305 23 21 sä
325 1306 32 20 att
372 1307 57 24 säga,
445 1305 7 21 i
468 1305 111 21 breschen.
609 1305 50 21 Men
673 1305 124 21 härutöfver
813 1304 94 21 önskade

80 1334 36 26 jag
136 1335 59 25 yttra
214 1334 67 26 nägra
296 1334 45 25 ord,
357 1334 23 20 sä
396 1334 47 21 litet
456 1334 37 26 jag
509 1335 27 19 än
552 1333 27 27 pä
595 1340 26 14 en
637 1334 34 20 del
687 1334 42 20 häll
745 1333 34 21 mä
794 1338 63 15 anses
872 1332 35 21 be-

81 1362 61 26 hörig
157 1364 33 18 att
205 1364 51 25 taga
271 1363 42 26 mig
328 1362 59 21 talan
402 1363 6 20 i
424 1362 60 21 detta
499 1364 68 19 ämne.
592 1362 136 21 Beträffande
738 1362 69 20 första
817 1360 90 22 hufvud-

81 1390 61 22 titeln
165 1397 66 20 anger
254 1391 166 21 Statsutskottet
443 1391 117 21 orsakerna
582 1391 33 21 till
631 1391 120 26 stegringen
766 1391 7 20 i
788 1389 120 27 Kejserliga

81 1418 104 22 Senatens
201 1419 119 27 utgiftsstat
335 1419 33 21 för
383 1419 51 21 ären
451 1420 148 21 1889—1892.
622 1419 42 21 Det
679 1425 61 21 synes
757 1419 47 26 mig,
821 1420 32 19 att
868 1417 40 21 Ut-

81 1448 81 20 skottet
184 1448 99 26 möjligen
305 1448 68 20 skulle
395 1448 46 20 haft
464 1448 47 20 skäl
526 1450 33 19 att
575 1448 77 20 beröra
667 1454 26 14 en
709 1448 92 26 stegring
816 1447 7 21 i
839 1446 70 21 denna

81 1476 126 26 utgiftsstat,
229 1482 45 16 som
297 1476 53 27 egde
373 1482 47 15 rum
444 1477 55 21 1893
519 1476 40 21 och
579 1482 46 15 som
647 1482 38 15 var
701 1475 127 22 framkallad
845 1474 23 21 af
882 1480 26 16 eu

80 1506 77 20 tvänne
180 1505 52 26 högt
255 1505 69 21 stälda
347 1504 148 22 funktionärer
515 1505 98 21 tilldelad
628 1504 171 27 löneförhöjning
814 1510 35 15 om
865 1503 44 21 till-
