1109 1739
437 114 122 22 Jagtlagen.
844 109 41 21 963

85 194 142 27 uppkomsten
252 194 23 21 af
297 200 42 21 nya
363 194 64 27 fakta,
455 200 45 15 som
525 194 86 27 påkalla
633 194 74 27 tillägg
723 195 6 20 i
745 194 168 27 lagstadgandet.

86 223 156 26 Lagstiftarens
257 223 84 27 mening
356 223 39 20 har
410 223 122 27 påtagligen
547 223 57 21 varit
619 223 40 21 den
670 225 33 19 att
713 223 27 21 de
751 223 105 21 allmänna
866 229 48 15 nor-

86 257 74 15 merna
174 251 7 21 i
197 251 59 21 detta
271 253 61 19 ämne
347 251 67 22 borde
429 258 52 15 vara
495 258 76 20 genom
589 252 9 20 1
616 257 63 16 mom.
697 253 23 20 11
727 247 12 36 &
733 251 132 28 uttryckta
875 251 39 22 och

86 279 117 22 bestämda.
219 279 35 22 Nu
269 280 66 27 gäller
350 280 37 21 det
401 282 33 19 att
449 280 6 21 i
472 281 61 20 dessa
549 281 108 20 allmänna
672 286 85 15 normer
767 280 148 21 ästadkomma

86 314 26 15 en
135 309 128 26 förändring.
295 308 117 27 Medgifvas
434 309 39 20 bör
496 311 37 24 att,
559 315 33 15 om
617 310 24 20 11
663 309 12 27 &
693 310 10 20 1
720 315 62 15 mom.
798 309 7 20 i
821 309 94 26 enlighet

86 337 49 21 med
158 337 194 27 motionsförslaget
371 337 69 22 blefve
455 337 126 22 förändradt
596 343 75 21 genom
687 339 33 19 att
736 338 35 21 det
786 343 29 15 nu
830 337 85 27 förelig-

86 366 69 26 gande
176 365 240 28 författningsförslaget
431 366 68 21 skulle
514 366 64 21 vinna
593 366 64 27 nädig
673 366 105 25 sanktion,
795 366 68 21 skulle
879 366 36 21 det

86 394 65 21 likväl
166 394 73 21 kunna
253 394 84 21 inträffa
352 397 33 18 att
400 395 27 26 pä
442 395 69 26 grund
527 395 22 21 af
571 395 4 20 2
592 401 63 14 mom.
671 395 108 26 Regenten
791 396 50 19 utan
853 394 62 22 Stän-

86 423 78 21 dernas
187 423 94 21 hörande
299 423 85 27 vidtoge
400 430 25 14 en
441 423 125 27 förändring
580 423 7 21 i
603 423 60 21 detta
678 423 124 27 stadgande.
832 423 83 26 Möjlig-

87 451 64 21 heten
174 451 63 21 häraf
259 452 81 26 nödgas
362 452 37 26 jag
422 452 112 27 medgifva,
550 458 48 14 men
611 452 38 26 jag
664 451 67 22 finner
747 451 46 22 icke
808 453 32 19 att
856 452 59 20 detta

86 480 117 21 innefattar
227 482 32 19 att
283 480 48 21 hela
355 480 116 22 innehället
487 480 22 22 af
524 482 23 20 11
565 480 12 27 &
592 480 67 21 borde
674 486 61 16 anses
750 480 103 21 uteslutet
867 480 48 21 frän

87 508 125 22 utöfvandet
227 508 23 22 af
263 509 170 21 motionsrätten.
463 509 40 26 Jag
518 511 46 19 tror
579 515 50 15 man
641 509 39 21 bör
696 508 131 22 beträffande
842 508 73 22 halten

87 537 23 21 af
134 538 62 20 dessa
222 538 131 26 stadganden
379 538 39 20 och
439 538 62 21 deras
516 538 134 20 förhällande
665 537 33 21 till
713 538 121 20 hvarandra
849 538 66 26 draga

86 566 33 26 sig
141 566 33 21 till
197 566 81 22 minnes
300 568 32 19 att
350 566 27 21 dä
392 566 103 27 förslaget
510 566 33 21 till
562 567 53 20 1868
631 566 34 21 ärs
681 566 125 27 författning
821 572 34 15 om
869 566 46 26 jagt

87 594 41 22 och
153 594 99 27 djurfäng
277 594 44 22 blef
343 595 122 27 uppgjordt,
491 595 23 21 sä
529 594 94 22 förefans
638 594 47 22 icke
701 597 56 19 ännu
773 595 35 21 det
824 594 92 27 dyrbara

88 623 129 27 stadgandet
232 624 20 20 vi
267 630 28 14 nu
310 624 6 20 i
332 624 23 20 L.
373 623 24 22 O.
414 630 39 20 ega
468 630 34 14 om
518 624 166 26 landtdagarnas
699 624 140 26 periodicitet.
870 623 45 21 När

88 658 49 14 man
152 652 95 21 ändrade
262 652 40 21 den
317 652 70 26 gamla
399 652 110 27 jagtlagen
524 658 77 21 genom
617 652 40 21 den
673 652 130 27 författning,
819 658 45 14 som
873 652 42 20 till-

88 680 50 21 kom
160 680 37 21 vid
223 681 54 20 1867
303 680 35 22 ärs
358 681 108 27 landtdag,
481 681 24 21 sä
519 681 101 21 fordrade
635 681 71 21 derför
721 681 41 21 den
777 669 139 33 ekonomiska

88 709 195 21 förtänksamheten
299 711 32 19 att
345 709 119 21 förbehälla
478 709 133 27 Regeringen
627 709 137 27 möjligheten
779 709 23 21 af
813 711 32 19 att
857 709 7 21 i
875 710 41 20 den

88 738 48 20 män
162 738 147 21 erfarenheten
334 738 113 27 päkallade
472 738 87 27 vidtaga
583 738 91 26 partiela
699 738 120 26 ändringar.
851 738 66 20 Detta

88 766 61 21 torde
165 772 51 15 vara
233 767 40 20 den
287 766 110 22 materiela
413 767 139 27 anledningen
570 769 31 19 att
617 766 6 21 i
639 767 84 21 formelt
738 766 98 22 afseende
851 772 26 15 en
893 766 24 20 sä

88 794 85 28 ovanlig
195 795 74 27 ätgärd
285 796 52 26 egde
353 802 52 19 rum,
422 801 45 15 som
483 795 212 21 sammanställandet
710 796 23 20 af
748 797 21 19 11
788 796 44 25 &:ns
849 796 9 19 1
877 794 40 22 och

88 824 13 20 2
124 830 70 19 mom.,
217 830 47 14 men
287 824 76 20 endast
382 824 8 20 i
405 824 40 20 den
462 824 102 21 händelse
579 826 32 19 att
629 825 23 19 11
670 824 12 26 &
698 824 134 21 uteslutande
848 823 68 21 skulle

88 852 110 21 innehälla
213 852 36 21 det
263 852 117 26 stadgande
396 854 32 19 att
444 852 36 21 det
494 853 7 20 i
517 852 60 27 fräga
593 859 33 14 om
642 852 231 22 tidsbestämmelserna
883 852 34 20 för

89 880 126 27 fridlysning
235 881 100 21 tillhörde
350 881 27 21 H.
393 880 28 22 M.
438 884 83 18 ensamt
536 884 33 18 att
584 881 124 26 bestämma,
725 894 26 2 —
767 881 76 21 endast
858 880 7 21 i
881 880 36 21 det

88 908 38 22 fall
152 915 63 21 synes
239 910 44 26 mig
308 911 32 19 att
366 910 81 20 motion
462 910 110 27 angäende
587 910 159 26 bestämningar
761 910 22 20 af
797 910 58 20 detta
871 909 46 26 slag

88 937 48 21 icke
150 938 57 26 finge
222 944 39 20 ega
275 944 52 15 rum.
346 938 34 21 Nu
395 938 63 27 hyser
471 938 37 27 jag
522 938 47 21 icke
585 939 66 26 nägra
666 938 126 21 tvifvelsmä]
808 938 110 26 angäende

89 965 37 22 det
148 966 89 21 formela
259 966 158 27 berättigandet
438 966 33 21 för
487 966 120 22 Ständerna
622 968 32 19 att
669 969 78 24 antaga
763 968 30 19 ett
809 966 108 26 ändrings-

88 994 80 27 förslag
191 995 91 21 rörande
305 997 25 19 11
349 995 18 27 8
397 995 42 26 Jag
453 995 80 21 tillåter
548 995 44 26 mig
607 995 87 27 tillägga
709 997 33 19 att
754 995 37 27 jag
806 995 32 21 för
854 994 64 27 öfrigt

89 1023 35 21 till
146 1023 52 21 fullo
215 1023 59 22 delar
289 1024 39 21 den
344 1023 107 22 allmänna
466 1023 143 28 uppfattning,
626 1030 44 15 som
685 1024 37 26 jag
737 1023 66 22 finner
818 1025 52 25 göra
885 1023 33 26 sig

89 1051 99 27 gällande
206 1052 7 21 i
229 1052 56 21 Frih.
301 1052 170 27 Langenskiölds
486 1053 118 25 uttalande,
620 1052 106 27 nämligen
742 1053 39 20 den
797 1051 121 28 synnerliga

89 1080 72 27 vigten
184 1080 62 21 deraf
265 1083 32 19 att
312 1081 119 21 Ständerna
446 1081 94 21 hvarken
556 1081 28 26 pä
599 1081 168 26 lagstiftningens
783 1081 52 21 eller
850 1080 68 21 finan-

89 1115 74 15 sernas
179 1109 87 21 omräde
281 1109 86 27 vidtaga
382 1109 69 21 beslut
463 1109 51 22 eller
527 1111 52 25 göra
589 1109 187 27 framställningar,
789 1115 46 16 som
846 1109 71 21 kunde

90 1137 72 27 pästäs
177 1138 58 27 ligga
249 1140 58 19 utom
324 1138 129 21 Ständernas
469 1138 134 27 befogenhet.

159 1223 33 21 Hr
207 1224 25 20 A.
249 1223 166 22 Mechelin:
439 1223 34 22 Dä
489 1230 49 15 man
553 1229 26 16 en
595 1224 55 26 gäng
665 1223 66 27 gifver
747 1224 30 26 sig
793 1223 77 21 mödan
886 1224 33 20 att

90 1253 97 26 uppgöra
212 1253 31 20 ett
267 1252 172 27 motionsförslag
464 1252 32 21 till
522 1252 147 21 förbättrande
696 1252 23 21 af
735 1252 25 21 de
776 1259 29 14 nu
820 1251 99 27 gällande

87 1280 201 27 jagtstadgandena,
303 1287 62 20 synes
381 1281 36 21 det
432 1281 43 26 mig
486 1283 33 18 att
529 1281 37 21 det
578 1281 55 21 hade
645 1281 56 21 varit
713 1281 30 20 alt
753 1281 47 20 skäl
812 1282 32 19 att
852 1280 67 27 jemte

91 1309 26 21 de
138 1309 77 26 många
235 1309 66 21 redan
316 1310 7 20 i
338 1309 117 33 petitionen
471 1309 130 22 omnämnda
615 1309 215 26 omständigheterna,
847 1309 73 20 hvilka

91 1336 88 28 bidraga
202 1337 32 22 till
257 1344 25 15 en
297 1338 120 32 minskning
437 1338 8 21 i
460 1338 133 25 villebrädet,
610 1337 61 22 äfven
687 1338 186 26 uppmärksamma
889 1339 31 19 ett

90 1365 121 28 fängstsätt,
229 1372 45 15 som
292 1366 37 27 jag
344 1368 45 19 tror
404 1367 7 20 i
427 1366 44 21 lika
486 1367 43 26 hög
543 1355 54 38 grad
613 1366 113 27 ödelägger
742 1367 35 20 det
792 1365 128 32 matnyttiga

90 1379 133 46 villebrädet,
239 1401 45 15 som
299 1395 32 21 för
347 1395 62 26 tidigt
425 1395 52 21 eller
492 1383 68 33 under
575 1395 111 26 förbjuden
702 1395 31 20 tid
748 1395 65 21 idkad
821 1395 54 26 jagt,
883 1394 38 27 jag

90 1419 74 35 menar
191 1411 71 39 fångst
286 1423 22 21 af
332 1423 59 26 vildt,
417 1423 88 26 specielt
523 1423 56 27 fågel
599 1423 40 21 och
654 1423 57 26 hare,
727 1423 48 22 med
791 1429 74 15 snaror
881 1423 39 21 och

90 1451 67 26 giller.
187 1452 42 21 Det
253 1452 62 21 torde
339 1458 51 15 vara
415 1458 26 15 en
467 1452 56 21 känd
544 1452 45 25 sak,
605 1452 6 21 i
627 1440 85 33 hvilken
727 1452 52 26 grad
794 1451 127 22 villebrådet

90 1479 114 27 ödelägges
227 1486 75 20 genom
325 1480 26 21 de
366 1480 105 21 tusentals
487 1486 80 20 snaror,
585 1486 44 15 som
646 1480 141 21 obehindradt
802 1486 28 15 nu
846 1479 75 21 utstäl-

90 1507 32 21 las
137 1508 7 21 i
159 1508 84 22 landets
266 1508 83 27 skogar.
380 1508 83 22 Snaran
483 1510 24 20 är
523 1510 30 20 ett
569 1508 146 27 fängstmedel,
730 1508 81 22 hvilket
827 1508 32 26 de,
875 1514 46 15 som
