1109 1739
379 108 224 21 Folkskolebudgeten.
839 103 41 21 863

81 187 105 22 hafvande
209 188 55 21 hade
285 190 32 19 att
340 188 70 21 såsom
432 188 32 21 sin
488 188 35 27 lag
546 188 67 21 räkna
633 188 278 21 donationsinnehafvarens

82 216 50 27 vilja
147 217 39 20 och
201 217 110 26 godtycke.
338 216 69 21 Dessa
422 216 49 27 spår
488 219 36 18 äro
541 219 73 25 tyvärr
629 218 57 19 ännu
702 217 23 20 så
741 217 114 21 märkbara
871 217 39 20 och

82 245 161 26 befolkningens
265 245 84 26 andliga
372 245 121 27 utveckling
517 245 23 21 så
565 245 60 27 ringa
648 245 50 27 höjd
718 245 59 22 öfver
792 246 36 20 det
843 245 69 21 första

82 274 217 26 utvecklingsstadiet,
322 276 32 18 att
377 274 36 21 det
435 275 24 20 är
475 276 47 19 rent
538 273 23 22 af
575 274 94 26 otroligt.
700 274 46 21 Den
762 275 63 20 ärade
841 280 70 15 reser-

83 304 77 19 vanten
175 302 40 21 har
230 303 31 20 uti
277 303 38 20 sitt
329 302 81 27 förslag
425 302 32 21 till
473 303 57 20 kläm
547 303 79 26 åsyftat
642 309 26 14 en
684 302 121 27 förhöjning
816 303 31 20 uti
857 302 54 21 folk-

83 331 165 27 skolebudgeten
271 331 32 20 för
320 331 39 21 den
376 333 55 24 post,
447 337 45 15 som
509 331 56 21 afser
581 331 74 27 anslag
672 331 30 21 till
720 331 74 27 bidrag
810 331 32 21 för
857 331 54 21 folk-

83 359 193 27 skolebyggnaders
291 359 113 22 utförande
421 360 56 21 inom
488 359 162 27 ifrågavarande
662 359 127 22 landsdelar.
812 360 40 21 Till
863 359 48 22 stöd

83 388 33 21 för
137 389 41 20 den
193 388 135 27 uppfattning
344 388 110 21 Utskottet
470 388 68 21 bildat
553 389 32 25 sig
601 395 33 14 om
651 389 69 20 denna
735 388 60 27 fråga
811 389 38 20 har
865 388 46 21 det-

84 423 80 15 samma
180 417 76 25 anfört,
267 417 100 21 hurusom
383 417 36 21 det
434 419 25 19 är
473 417 24 21 af
510 418 44 25 vigt
569 419 32 19 att
617 417 69 22 såsom
703 417 77 21 allmän
792 417 56 27 regel
859 423 52 20 upp-

84 445 101 22 rätthålla
200 446 163 21 kommunernas
378 445 121 27 skyldighet
515 448 32 19 att
562 445 91 27 uppföra
669 445 145 22 folkskolehus
830 445 39 22 och
879 447 34 20 att

84 474 36 22 det
142 474 105 21 härintills
270 474 103 26 beviljade
393 475 98 26 anslaget
515 477 58 25 synts
596 474 111 22 Utskottet
724 474 61 22 hafva
800 475 55 21 varit
870 474 43 21 till-

85 503 91 27 räckligt
191 503 33 21 för
239 505 32 19 att
284 503 50 26 fylla
350 504 36 20 det
401 503 96 27 verkliga
512 504 106 23 behofvet,
638 503 87 21 hvarför
740 503 111 21 Utskottet
866 503 48 21 icke

85 534 71 19 ansett
177 538 24 14 en
225 532 120 26 förhöjning
368 538 51 14 vara
441 532 23 21 af
477 532 77 21 nöden.
585 532 66 21 Detta
667 532 110 21 uttalande
793 538 61 20 synes
870 532 43 26 mig

84 561 46 21 icke
153 560 34 21 stå
208 561 7 20 i
237 560 110 27 samklang
364 561 47 20 med
427 561 56 21 hvad
499 561 215 26 Skolöfverstyrelsen
731 561 90 21 rörande
837 560 76 26 ifråga-

84 589 93 21 varande
192 589 103 27 spörsmål
311 589 27 27 på
353 589 68 26 grund
437 590 24 20 af
475 590 31 20 sin
523 589 185 27 embetsställning
718 589 82 21 kunnat
809 590 104 25 iakttaga.

84 617 37 22 Uti
137 618 122 20 Utskottets
274 618 135 21 betänkande
425 618 143 21 förekommer
581 618 106 26 nämligen
700 617 132 22 beträffande
845 618 68 20 denna

85 646 120 21 erfarenhet
229 649 32 18 ett
282 646 116 28 uttalande,
423 649 32 19 att
478 646 31 22 till
534 646 52 27 följd
609 647 22 21 af
653 647 36 21 det
704 650 58 17 stora
778 647 99 26 tilloppet
892 646 24 21 af

85 674 142 27 ansökningar
251 681 34 15 om
309 675 72 27 dylika
403 676 75 26 bidrag
500 676 68 21 under
592 675 144 21 innevarande
759 675 155 27 budgetperiod

85 703 110 21 Utskottet
218 704 39 20 har
279 706 71 19 ansett
373 704 32 26 sig
427 704 52 21 böra
494 706 94 25 upptaga
604 704 161 26 ifrågavarande
780 704 135 26 anslagspost

86 732 32 21 till
134 732 75 26 50,000
225 732 65 22 mark.
319 732 43 21 Går
378 739 48 15 man
443 733 22 21 sä
481 733 32 21 till
530 733 170 21 reservationens
715 733 111 21 uttalande
836 732 27 27 pä
874 732 38 21 sid.

86 762 34 24 22,
136 760 24 21 sä
181 760 66 22 finner
270 767 48 15 man
341 761 37 21 der
401 768 25 14 en
445 762 77 26 mängd
539 762 98 26 punkter,
654 761 72 21 hvilka
740 761 79 21 enhvar
834 761 33 21 för
883 761 32 26 sig

87 791 76 25 utgöra
185 789 92 26 kraftiga
299 790 66 21 motiv
388 790 33 21 för
439 792 148 19 reservautens
603 790 81 26 förslag
699 790 39 21 och
753 789 67 22 finner
836 790 79 21 derhos

86 818 70 21 säsom
179 820 31 19 ett
231 818 123 27 ytterligare
377 819 47 21 stöd
448 819 33 21 för
504 819 62 21 dessa
588 819 66 21 motiv
670 825 25 15 en
712 821 44 23 not,
772 818 78 21 hvarur
865 824 50 15 man

88 847 75 21 vinner
185 847 126 27 upplysning
334 854 40 19 om,
397 849 33 19 att
451 848 23 20 af
488 848 24 19 61
531 848 68 20 under
613 847 24 21 är
655 848 54 20 1893
723 847 101 21 inkomna
839 847 77 21 ansök-

90 876 74 25 ningar
188 882 33 14 om
242 876 75 26 bidrag
333 876 26 20 28
377 876 62 20 hafva
454 876 107 21 föranledt
577 876 31 21 till
624 876 118 26 beviljande
758 876 22 20 af
794 876 74 26 anslag
883 875 32 21 till

88 905 30 19 ett
126 904 155 27 sammanlagdt
290 904 77 27 belopp
375 904 23 21 af
405 905 76 25 63,661
497 905 60 21 mark
568 905 27 21 69
606 905 69 26 penni,
685 904 145 22 hvarförutom
839 904 77 25 63,000

87 932 61 22 mark
171 932 32 21 för
226 933 161 27 ifrägavarande
411 933 98 21 ändamäl
532 934 62 20 stälts
617 933 32 21 till
673 933 125 27 förfogande
819 933 33 21 för
871 934 44 19 sär-

88 960 68 22 skilda
172 961 125 21 kommuner
312 962 23 21 af
349 962 340 26 Centralundsättningskomit6n.
714 962 67 20 Dessa
792 962 69 20 siffror
872 961 44 21 tala

90 992 31 18 ett
137 990 23 20 sä
176 990 97 26 vältaligt
289 990 69 28 spräk,
373 992 32 19 att
419 991 36 26 jag
471 991 6 20 i
494 991 47 21 dem
558 992 67 20 finner
640 990 49 21 fullt
703 990 74 27 giltiga
795 990 66 21 motiv
883 990 34 20 för

89 1020 31 19 att
148 1018 119 22 Ständerna
289 1019 46 21 icke
357 1019 60 21 skola
440 1020 67 26 draga
529 1020 6 20 i
558 1019 136 21 betänkande
717 1021 32 19 att
764 1019 73 21 bifalla
852 1025 26 14 en
893 1018 24 21 sä

88 1047 61 26 ringa
175 1047 120 27 förhöjning
318 1048 23 20 af
361 1042 221 32 folkskolebudgeten,
605 1054 46 15 som
673 1050 31 18 ett
725 1047 155 27 godkännande
896 1046 23 22 af

84 1078 151 19 Teservantens
251 1076 78 27 förslag
344 1076 95 22 innebär.

158 1105 45 21 Den
226 1105 120 27 utveckling
368 1105 209 21 folkskoleväsendet
598 1105 31 21 uti
645 1106 26 20 de
687 1106 59 20 östra
761 1106 93 23 delarna,
870 1106 47 19 sär-

90 1133 64 21 skildt
170 1133 77 21 Salmis
263 1134 73 24 härad,
352 1134 67 26 syftar
435 1134 38 25 till,
490 1136 23 18 är
529 1134 6 20 i
551 1134 42 26 hög
608 1134 53 26 grad
677 1133 180 27 behjertansvärd,
872 1134 44 20 sär-

89 1162 65 21 skildt
170 1163 47 20 med
233 1162 98 21 afseende
347 1162 51 21 derä
413 1164 39 24 att,
468 1162 55 21 hvad
539 1169 49 14 man
599 1163 28 26 pä
637 1163 60 21 detta
709 1162 40 21 fält
759 1162 80 25 vunnit,
850 1162 67 25 knap-

88 1193 48 24 past
159 1190 41 21 kan
224 1191 114 21 betecknas
360 1191 70 21 såsom
451 1190 117 28 någonting
588 1193 65 19 annat
669 1193 27 19 än
709 1192 114 26 grynivgen
840 1190 23 21 af
876 1190 41 20 den

89 1226 41 20 nya
146 1220 69 20 tidens
231 1220 145 26 morgonväkt,
393 1226 45 14 som
455 1221 72 25 tyvärr
543 1222 56 18 ännu
615 1220 39 20 har
674 1219 59 27 längt
747 1220 33 20 för
795 1221 32 19 att
842 1218 27 21 nä
885 1218 32 21 till

90 1248 154 26 middagshöjd.

160 1334 26 20 Hr
199 1334 24 21 G.
240 1334 15 21 Z.
265 1334 260 27 Yrjö-Koskinen:
542 1334 139 21 Detärutom
681 1329 36 36 all
729 1329 54 36 fräga
797 1336 38 22 att,
849 1339 21 15 om
886 1329 31 36 ett

90 1363 68 20 större
174 1363 73 26 anslag
262 1362 67 22 skulle
345 1362 88 27 beviljas
449 1363 32 21 till
497 1363 75 26 bidrag
589 1362 21 21 ät
625 1362 153 22 kommunerna
793 1362 34 21 för
842 1361 76 21 under-

90 1391 96 21 lättande
209 1391 22 21 af
251 1391 240 27 folkskolebyggnaders
513 1391 138 27 uppförande,
673 1391 69 21 denna
757 1393 48 24 post
821 1390 97 21 kommer

90 1422 33 18 att
137 1419 27 27 gå
180 1419 33 26 ät;
228 1426 47 14 men
291 1420 36 20 det
342 1420 67 26 gäller
424 1420 7 20 i
447 1420 60 21 detta
522 1420 37 20 fall
575 1426 45 14 som
636 1420 7 20 i
659 1419 67 21 andra
741 1421 32 19 att
784 1420 47 20 litet
843 1418 75 22 räcker

90 1448 33 21 till
146 1448 38 20 och
208 1448 83 27 mycket
308 1448 39 27 går
362 1449 29 21 åt.
422 1448 47 22 Den
485 1448 128 26 erfarenhet,
629 1454 44 15 som
689 1447 106 22 härintills
809 1447 86 21 vunnits
910 1446 7 21 i

90 1476 99 22 afseende
213 1476 12 22 å
247 1477 110 26 utdelning
377 1476 23 22 af
413 1477 60 21 detta
489 1477 78 26 anslag,
584 1479 45 19 tror
643 1476 36 27 jag
695 1476 54 22 dock
763 1482 37 20 ger
815 1476 34 21 vid
865 1475 53 21 han-

91 1506 47 24 den,
160 1506 33 20 att
215 1505 95 27 anslaget
332 1506 39 20 har
394 1506 55 20 varit
473 1505 201 27 öfverhufvudtaget
695 1504 123 28 tillräckligt
833 1504 33 21 för
881 1504 37 20 det
