<?xml version="1.0" encoding="UTF-8"?>
<alto xmlns="http://www.loc.gov/standards/alto/ns-v3#" xmlns:xlink="http://www.w3.org/1999/xlink" xmlns:xsi="http://www.w3.org/2001/XMLSchema-instance" xsi:schemaLocation="http://www.loc.gov/standards/alto/ns-v3# http://www.loc.gov/alto/v3/alto-3-0.xsd">
	<Description>
		<MeasurementUnit>pixel</MeasurementUnit>
		<sourceImageInformation>
			<fileName>/tmp/tess_l6y_1ij__input.PNG</fileName>
		</sourceImageInformation>
		<OCRProcessing ID="OCR_0">
			<ocrProcessingStep>
				<processingSoftware>
					<softwareName>tesseract 5.3.4</softwareName>
				</processingSoftware>
			</ocrProcessingStep>
		</OCRProcessing>
	</Description>
	<Layout>
		<Page WIDTH="1100" HEIGHT="1742" PHYSICAL_IMG_NR="0" ID="page_0">
			<PrintSpace HPOS="0" VPOS="0" WIDTH="1100" HEIGHT="1742">
				<ComposedBlock ID="cblock_0" HPOS="221" VPOS="110" WIDTH="533" HEIGHT="28">
					<TextBlock ID="block_0" HPOS="221" VPOS="110" WIDTH="533" HEIGHT="28">
						<TextLine ID="line_0" HPOS="221" VPOS="110" WIDTH="533" HEIGHT="28">
							<String ID="string_0" HPOS="221" VPOS="110" WIDTH="41" HEIGHT="21" WC="0.96" CONTENT="698"/><SP WIDTH="203" VPOS="110" HPOS="262"/>
							<String ID="string_1" HPOS="465" VPOS="116" WIDTH="24" HEIGHT="18" WC="0.96" CONTENT="R."/><SP WIDTH="13" VPOS="116" HPOS="489"/>
							<String ID="string_2" HPOS="502" VPOS="122" WIDTH="17" HEIGHT="12" WC="0.87" CONTENT="o."/><SP WIDTH="14" VPOS="122" HPOS="519"/>
							<String ID="string_3" HPOS="533" VPOS="117" WIDTH="22" HEIGHT="17" WC="0.95" CONTENT="A."/><SP WIDTH="14" VPOS="117" HPOS="555"/>
							<String ID="string_4" HPOS="569" VPOS="117" WIDTH="58" HEIGHT="17" WC="0.93" CONTENT="1894."/><SP WIDTH="25" VPOS="117" HPOS="627"/>
							<String ID="string_5" HPOS="652" VPOS="118" WIDTH="23" HEIGHT="16" WC="0.96" CONTENT="21"/><SP WIDTH="13" VPOS="118" HPOS="675"/>
							<String ID="string_6" HPOS="688" VPOS="117" WIDTH="66" HEIGHT="21" WC="0.96" CONTENT="April."/>
						</TextLine>
					</TextBlock>
				</ComposedBlock>
				<GraphicalElement ID="cblock_1" HPOS="192" VPOS="150" WIDTH="824" HEIGHT="3"></GraphicalElement >
				<ComposedBlock ID="cblock_2" HPOS="191" VPOS="196" WIDTH="829" HEIGHT="86">
					<TextBlock ID="block_1" HPOS="191" VPOS="196" WIDTH="829" HEIGHT="86">
						<TextLine ID="line_1" HPOS="192" VPOS="196" WIDTH="828" HEIGHT="28">
							<String ID="string_7" HPOS="192" VPOS="196" WIDTH="80" HEIGHT="22" WC="0.92" CONTENT="bekant"/><SP WIDTH="16" VPOS="196" HPOS="272"/>
							<String ID="string_8" HPOS="288" VPOS="197" WIDTH="38" HEIGHT="21" WC="0.93" CONTENT="har"/><SP WIDTH="15" VPOS="197" HPOS="326"/>
							<String ID="string_9" HPOS="341" VPOS="197" WIDTH="119" HEIGHT="21" WC="0.92" CONTENT="detsamma"/><SP WIDTH="15" VPOS="197" HPOS="460"/>
							<String ID="string_10" HPOS="475" VPOS="198" WIDTH="65" HEIGHT="21" WC="0.93" CONTENT="redan"/><SP WIDTH="15" VPOS="198" HPOS="540"/>
							<String ID="string_11" HPOS="555" VPOS="198" WIDTH="48" HEIGHT="26" WC="0.91" CONTENT="gätt"/><SP WIDTH="15" VPOS="198" HPOS="603"/>
							<String ID="string_12" HPOS="618" VPOS="197" WIDTH="84" HEIGHT="27" WC="0.92" CONTENT="igenom"/><SP WIDTH="16" VPOS="197" HPOS="702"/>
							<String ID="string_13" HPOS="718" VPOS="198" WIDTH="7" HEIGHT="20" WC="0.96" CONTENT="i"/><SP WIDTH="16" VPOS="198" HPOS="725"/>
							<String ID="string_14" HPOS="741" VPOS="198" WIDTH="27" HEIGHT="20" WC="0.93" CONTENT="de"/><SP WIDTH="15" VPOS="198" HPOS="768"/>
							<String ID="string_15" HPOS="783" VPOS="197" WIDTH="68" HEIGHT="27" WC="0.92" CONTENT="öfriga"/><SP WIDTH="19" VPOS="197" HPOS="851"/>
							<String ID="string_16" HPOS="870" VPOS="197" WIDTH="94" HEIGHT="21" WC="0.91" CONTENT="Ständen"/><SP WIDTH="16" VPOS="197" HPOS="964"/>
							<String ID="string_17" HPOS="980" VPOS="196" WIDTH="40" HEIGHT="22" WC="0.96" CONTENT="och"/>
						</TextLine>
						<TextLine ID="line_2" HPOS="193" VPOS="225" WIDTH="826" HEIGHT="28">
							<String ID="string_18" HPOS="193" VPOS="225" WIDTH="34" HEIGHT="21" WC="0.95" CONTENT="för"/><SP WIDTH="22" VPOS="225" HPOS="227"/>
							<String ID="string_19" HPOS="249" VPOS="226" WIDTH="42" HEIGHT="20" WC="0.96" CONTENT="min"/><SP WIDTH="16" VPOS="226" HPOS="291"/>
							<String ID="string_20" HPOS="307" VPOS="226" WIDTH="33" HEIGHT="20" WC="0.93" CONTENT="del"/><SP WIDTH="16" VPOS="226" HPOS="340"/>
							<String ID="string_21" HPOS="356" VPOS="226" WIDTH="81" HEIGHT="26" WC="0.91" CONTENT="hoppas"/><SP WIDTH="14" VPOS="226" HPOS="437"/>
							<String ID="string_22" HPOS="451" VPOS="226" WIDTH="37" HEIGHT="27" WC="0.96" CONTENT="jag"/><SP WIDTH="15" VPOS="226" HPOS="488"/>
							<String ID="string_23" HPOS="503" VPOS="228" WIDTH="32" HEIGHT="19" WC="0.96" CONTENT="att"/><SP WIDTH="15" VPOS="228" HPOS="535"/>
							<String ID="string_24" HPOS="550" VPOS="226" WIDTH="24" HEIGHT="21" WC="0.96" CONTENT="R."/><SP WIDTH="17" VPOS="226" HPOS="574"/>
							<String ID="string_25" HPOS="591" VPOS="233" WIDTH="19" HEIGHT="15" WC="0.96" CONTENT="o."/><SP WIDTH="17" VPOS="233" HPOS="610"/>
							<String ID="string_26" HPOS="627" VPOS="227" WIDTH="24" HEIGHT="20" WC="0.93" CONTENT="A."/><SP WIDTH="18" VPOS="227" HPOS="651"/>
							<String ID="string_27" HPOS="669" VPOS="226" WIDTH="61" HEIGHT="22" WC="0.93" CONTENT="äfven"/><SP WIDTH="17" VPOS="226" HPOS="730"/>
							<String ID="string_28" HPOS="747" VPOS="226" WIDTH="53" HEIGHT="21" WC="0.93" CONTENT="skall"/><SP WIDTH="16" VPOS="226" HPOS="800"/>
							<String ID="string_29" HPOS="816" VPOS="226" WIDTH="113" HEIGHT="26" WC="0.92" CONTENT="godkänna"/><SP WIDTH="15" VPOS="226" HPOS="929"/>
							<String ID="string_30" HPOS="944" VPOS="226" WIDTH="75" HEIGHT="20" WC="0.93" CONTENT="försla-"/>
						</TextLine>
						<TextLine ID="line_3" HPOS="191" VPOS="254" WIDTH="827" HEIGHT="28">
							<String ID="string_31" HPOS="191" VPOS="256" WIDTH="37" HEIGHT="24" WC="0.96" CONTENT="get"/><SP WIDTH="14" VPOS="256" HPOS="228"/>
							<String ID="string_32" HPOS="242" VPOS="254" WIDTH="7" HEIGHT="20" WC="0.96" CONTENT="i"/><SP WIDTH="17" VPOS="254" HPOS="249"/>
							<String ID="string_33" HPOS="266" VPOS="255" WIDTH="39" HEIGHT="20" WC="0.96" CONTENT="den"/><SP WIDTH="16" VPOS="255" HPOS="305"/>
							<String ID="string_34" HPOS="321" VPOS="254" WIDTH="62" HEIGHT="27" WC="0.96" CONTENT="form,"/><SP WIDTH="16" VPOS="254" HPOS="383"/>
							<String ID="string_35" HPOS="399" VPOS="255" WIDTH="7" HEIGHT="21" WC="0.93" CONTENT="i"/><SP WIDTH="16" VPOS="255" HPOS="406"/>
							<String ID="string_36" HPOS="422" VPOS="255" WIDTH="84" HEIGHT="21" WC="0.92" CONTENT="hvilken"/><SP WIDTH="16" VPOS="255" HPOS="506"/>
							<String ID="string_37" HPOS="522" VPOS="254" WIDTH="113" HEIGHT="22" WC="0.92" CONTENT="Utskottet"/><SP WIDTH="15" VPOS="254" HPOS="635"/>
							<String ID="string_38" HPOS="650" VPOS="261" WIDTH="29" HEIGHT="15" WC="0.96" CONTENT="nu"/><SP WIDTH="16" VPOS="261" HPOS="679"/>
							<String ID="string_39" HPOS="695" VPOS="255" WIDTH="39" HEIGHT="21" WC="0.93" CONTENT="har"/><SP WIDTH="16" VPOS="255" HPOS="734"/>
							<String ID="string_40" HPOS="750" VPOS="256" WIDTH="134" HEIGHT="26" WC="0.92" CONTENT="presenterat"/><SP WIDTH="10" VPOS="256" HPOS="884"/>
							<String ID="string_41" HPOS="894" VPOS="254" WIDTH="124" HEIGHT="22" WC="0.92" CONTENT="detsamma."/>
						</TextLine>
					</TextBlock>
				</ComposedBlock>
				<ComposedBlock ID="cblock_3" HPOS="191" VPOS="310" WIDTH="829" HEIGHT="200">
					<TextBlock ID="block_2" HPOS="191" VPOS="310" WIDTH="829" HEIGHT="200">
						<TextLine ID="line_4" HPOS="262" VPOS="310" WIDTH="758" HEIGHT="28">
							<String ID="string_42" HPOS="262" VPOS="311" WIDTH="31" HEIGHT="21" WC="0.96" CONTENT="Hr"/><SP WIDTH="15" VPOS="311" HPOS="293"/>
							<String ID="string_43" HPOS="308" VPOS="312" WIDTH="23" HEIGHT="20" WC="0.95" CONTENT="L."/><SP WIDTH="17" VPOS="312" HPOS="331"/>
							<String ID="string_44" HPOS="348" VPOS="312" WIDTH="150" HEIGHT="21" WC="0.93" CONTENT="Mechelin:"/><SP WIDTH="17" VPOS="312" HPOS="498"/>
							<String ID="string_45" HPOS="515" VPOS="312" WIDTH="74" HEIGHT="22" WC="0.92" CONTENT="Säsom"/><SP WIDTH="16" VPOS="312" HPOS="589"/>
							<String ID="string_46" HPOS="605" VPOS="312" WIDTH="66" HEIGHT="21" WC="0.96" CONTENT="redan"/><SP WIDTH="16" VPOS="312" HPOS="671"/>
							<String ID="string_47" HPOS="687" VPOS="312" WIDTH="32" HEIGHT="21" WC="0.96" CONTENT="Hr"/><SP WIDTH="17" VPOS="312" HPOS="719"/>
							<String ID="string_48" HPOS="736" VPOS="312" WIDTH="148" HEIGHT="26" WC="0.96" CONTENT="Montgomery"/><SP WIDTH="15" VPOS="312" HPOS="884"/>
							<String ID="string_49" HPOS="899" VPOS="312" WIDTH="39" HEIGHT="20" WC="0.93" CONTENT="och"/><SP WIDTH="15" VPOS="312" HPOS="938"/>
							<String ID="string_50" HPOS="953" VPOS="310" WIDTH="67" HEIGHT="27" WC="0.92" CONTENT="nägra"/>
						</TextLine>
						<TextLine ID="line_5" HPOS="192" VPOS="340" WIDTH="827" HEIGHT="26">
							<String ID="string_51" HPOS="192" VPOS="340" WIDTH="68" HEIGHT="20" WC="0.91" CONTENT="andra"/><SP WIDTH="22" VPOS="340" HPOS="260"/>
							<String ID="string_52" HPOS="282" VPOS="340" WIDTH="65" HEIGHT="21" WC="0.90" CONTENT="ärade"/><SP WIDTH="23" VPOS="340" HPOS="347"/>
							<String ID="string_53" HPOS="370" VPOS="341" WIDTH="70" HEIGHT="21" WC="0.92" CONTENT="talare"/><SP WIDTH="22" VPOS="341" HPOS="440"/>
							<String ID="string_54" HPOS="462" VPOS="340" WIDTH="123" HEIGHT="26" WC="0.89" CONTENT="framhällit,"/><SP WIDTH="24" VPOS="340" HPOS="585"/>
							<String ID="string_55" HPOS="609" VPOS="341" WIDTH="41" HEIGHT="21" WC="0.96" CONTENT="kan"/><SP WIDTH="17" VPOS="341" HPOS="650"/>
							<String ID="string_56" HPOS="667" VPOS="347" WIDTH="48" HEIGHT="15" WC="0.96" CONTENT="man"/><SP WIDTH="16" VPOS="347" HPOS="715"/>
							<String ID="string_57" HPOS="731" VPOS="342" WIDTH="7" HEIGHT="20" WC="0.96" CONTENT="i"/><SP WIDTH="15" VPOS="342" HPOS="738"/>
							<String ID="string_58" HPOS="753" VPOS="340" WIDTH="38" HEIGHT="21" WC="0.96" CONTENT="vär"/><SP WIDTH="15" VPOS="340" HPOS="791"/>
							<String ID="string_59" HPOS="806" VPOS="340" WIDTH="100" HEIGHT="22" WC="0.93" CONTENT="framtida"/><SP WIDTH="15" VPOS="340" HPOS="906"/>
							<String ID="string_60" HPOS="921" VPOS="340" WIDTH="98" HEIGHT="21" WC="0.93" CONTENT="handels-"/>
						</TextLine>
						<TextLine ID="line_6" HPOS="192" VPOS="368" WIDTH="827" HEIGHT="28">
							<String ID="string_61" HPOS="192" VPOS="368" WIDTH="187" HEIGHT="27" WC="0.89" CONTENT="rättslagstiftning"/><SP WIDTH="22" VPOS="368" HPOS="379"/>
							<String ID="string_62" HPOS="401" VPOS="372" WIDTH="68" HEIGHT="18" WC="0.89" CONTENT="motse"/><SP WIDTH="16" VPOS="372" HPOS="469"/>
							<String ID="string_63" HPOS="485" VPOS="371" WIDTH="30" HEIGHT="19" WC="0.93" CONTENT="ett"/><SP WIDTH="17" VPOS="371" HPOS="515"/>
							<String ID="string_64" HPOS="532" VPOS="370" WIDTH="158" HEIGHT="26" WC="0.93" CONTENT="betydelsefullt"/><SP WIDTH="15" VPOS="370" HPOS="690"/>
							<String ID="string_65" HPOS="705" VPOS="369" WIDTH="109" HEIGHT="27" WC="0.89" CONTENT="framsteg,"/><SP WIDTH="17" VPOS="369" HPOS="814"/>
							<String ID="string_66" HPOS="831" VPOS="375" WIDTH="33" HEIGHT="15" WC="0.96" CONTENT="om"/><SP WIDTH="17" VPOS="375" HPOS="864"/>
							<String ID="string_67" HPOS="881" VPOS="369" WIDTH="36" HEIGHT="21" WC="0.95" CONTENT="det"/><SP WIDTH="15" VPOS="369" HPOS="917"/>
							<String ID="string_68" HPOS="932" VPOS="368" WIDTH="87" HEIGHT="27" WC="0.96" CONTENT="förslag,"/>
						</TextLine>
						<TextLine ID="line_7" HPOS="191" VPOS="397" WIDTH="829" HEIGHT="27">
							<String ID="string_69" HPOS="191" VPOS="402" WIDTH="46" HEIGHT="16" WC="0.96" CONTENT="som"/><SP WIDTH="23" VPOS="402" HPOS="237"/>
							<String ID="string_70" HPOS="260" VPOS="404" WIDTH="29" HEIGHT="14" WC="0.91" CONTENT="nu"/><SP WIDTH="15" VPOS="404" HPOS="289"/>
							<String ID="string_71" HPOS="304" VPOS="397" WIDTH="120" HEIGHT="27" WC="0.91" CONTENT="föreligger,"/><SP WIDTH="17" VPOS="397" HPOS="424"/>
							<String ID="string_72" HPOS="441" VPOS="398" WIDTH="42" HEIGHT="21" WC="0.93" CONTENT="kan"/><SP WIDTH="16" VPOS="398" HPOS="483"/>
							<String ID="string_73" HPOS="499" VPOS="398" WIDTH="65" HEIGHT="21" WC="0.93" CONTENT="blifva"/><SP WIDTH="15" VPOS="398" HPOS="564"/>
							<String ID="string_74" HPOS="579" VPOS="398" WIDTH="142" HEIGHT="26" WC="0.92" CONTENT="genomfördt."/><SP WIDTH="31" VPOS="398" HPOS="721"/>
							<String ID="string_75" HPOS="752" VPOS="398" WIDTH="41" HEIGHT="26" WC="0.96" CONTENT="Jag"/><SP WIDTH="16" VPOS="398" HPOS="793"/>
							<String ID="string_76" HPOS="809" VPOS="398" WIDTH="54" HEIGHT="21" WC="0.93" CONTENT="hade"/><SP WIDTH="16" VPOS="398" HPOS="863"/>
							<String ID="string_77" HPOS="879" VPOS="399" WIDTH="61" HEIGHT="19" WC="0.92" CONTENT="ärnat"/><SP WIDTH="16" VPOS="399" HPOS="940"/>
							<String ID="string_78" HPOS="956" VPOS="397" WIDTH="64" HEIGHT="21" WC="0.92" CONTENT="fram-"/>
						</TextLine>
						<TextLine ID="line_8" HPOS="192" VPOS="425" WIDTH="827" HEIGHT="28">
							<String ID="string_79" HPOS="192" VPOS="425" WIDTH="58" HEIGHT="21" WC="0.95" CONTENT="hålla"/><SP WIDTH="21" VPOS="425" HPOS="250"/>
							<String ID="string_80" HPOS="271" VPOS="426" WIDTH="66" HEIGHT="26" WC="0.96" CONTENT="några"/><SP WIDTH="15" VPOS="426" HPOS="337"/>
							<String ID="string_81" HPOS="352" VPOS="426" WIDTH="107" HEIGHT="22" WC="0.95" CONTENT="allmänna"/><SP WIDTH="15" VPOS="426" HPOS="459"/>
							<String ID="string_82" HPOS="474" VPOS="427" WIDTH="133" HEIGHT="26" WC="0.89" CONTENT="synpunkter"/><SP WIDTH="13" VPOS="427" HPOS="607"/>
							<String ID="string_83" HPOS="620" VPOS="427" WIDTH="5" HEIGHT="20" WC="0.89" CONTENT="i"/><SP WIDTH="17" VPOS="427" HPOS="625"/>
							<String ID="string_84" HPOS="642" VPOS="427" WIDTH="72" HEIGHT="25" WC="0.96" CONTENT="saken,"/><SP WIDTH="17" VPOS="427" HPOS="714"/>
							<String ID="string_85" HPOS="731" VPOS="433" WIDTH="48" HEIGHT="15" WC="0.96" CONTENT="men"/><SP WIDTH="13" VPOS="433" HPOS="779"/>
							<String ID="string_86" HPOS="792" VPOS="426" WIDTH="38" HEIGHT="27" WC="0.93" CONTENT="jag"/><SP WIDTH="15" VPOS="426" HPOS="830"/>
							<String ID="string_87" HPOS="845" VPOS="429" WIDTH="46" HEIGHT="18" WC="0.96" CONTENT="tror"/><SP WIDTH="15" VPOS="429" HPOS="891"/>
							<String ID="string_88" HPOS="906" VPOS="426" WIDTH="43" HEIGHT="27" WC="0.96" CONTENT="mig"/><SP WIDTH="16" VPOS="426" HPOS="949"/>
							<String ID="string_89" HPOS="965" VPOS="426" WIDTH="54" HEIGHT="21" WC="0.96" CONTENT="dock"/>
						</TextLine>
						<TextLine ID="line_9" HPOS="191" VPOS="454" WIDTH="828" HEIGHT="28">
							<String ID="string_90" HPOS="191" VPOS="454" WIDTH="55" HEIGHT="21" WC="0.89" CONTENT="böra"/><SP WIDTH="22" VPOS="454" HPOS="246"/>
							<String ID="string_91" HPOS="268" VPOS="454" WIDTH="56" HEIGHT="22" WC="0.88" CONTENT="afstä"/><SP WIDTH="16" VPOS="454" HPOS="324"/>
							<String ID="string_92" HPOS="340" VPOS="455" WIDTH="92" HEIGHT="21" WC="0.88" CONTENT="derifrän"/><SP WIDTH="17" VPOS="455" HPOS="432"/>
							<String ID="string_93" HPOS="449" VPOS="455" WIDTH="39" HEIGHT="21" WC="0.93" CONTENT="och"/><SP WIDTH="15" VPOS="455" HPOS="488"/>
							<String ID="string_94" HPOS="503" VPOS="456" WIDTH="124" HEIGHT="21" WC="0.92" CONTENT="hemställer"/><SP WIDTH="15" VPOS="456" HPOS="627"/>
							<String ID="string_95" HPOS="642" VPOS="462" WIDTH="34" HEIGHT="14" WC="0.93" CONTENT="om"/><SP WIDTH="17" VPOS="462" HPOS="676"/>
							<String ID="string_96" HPOS="693" VPOS="455" WIDTH="115" HEIGHT="27" WC="0.92" CONTENT="öfvergäng"/><SP WIDTH="16" VPOS="455" HPOS="808"/>
							<String ID="string_97" HPOS="824" VPOS="455" WIDTH="31" HEIGHT="21" WC="0.93" CONTENT="till"/><SP WIDTH="16" VPOS="455" HPOS="855"/>
							<String ID="string_98" HPOS="871" VPOS="454" WIDTH="148" HEIGHT="27" WC="0.91" CONTENT="lagförslagets"/>
						</TextLine>
						<TextLine ID="line_10" HPOS="191" VPOS="483" WIDTH="284" HEIGHT="27">
							<String ID="string_99" HPOS="191" VPOS="483" WIDTH="131" HEIGHT="27" WC="0.92" CONTENT="granskning"/><SP WIDTH="14" VPOS="483" HPOS="322"/>
							<String ID="string_100" HPOS="336" VPOS="484" WIDTH="139" HEIGHT="26" WC="0.91" CONTENT="paragrafvis."/>
						</TextLine>
					</TextBlock>
				</ComposedBlock>
				<ComposedBlock ID="cblock_4" HPOS="191" VPOS="540" WIDTH="829" HEIGHT="257">
					<TextBlock ID="block_3" HPOS="191" VPOS="540" WIDTH="829" HEIGHT="257">
						<TextLine ID="line_11" HPOS="262" VPOS="540" WIDTH="758" HEIGHT="28">
							<String ID="string_101" HPOS="262" VPOS="540" WIDTH="31" HEIGHT="21" WC="0.95" CONTENT="Hr"/><SP WIDTH="23" VPOS="540" HPOS="293"/>
							<String ID="string_102" HPOS="316" VPOS="540" WIDTH="28" HEIGHT="22" WC="0.96" CONTENT="M."/><SP WIDTH="23" VPOS="540" HPOS="344"/>
							<String ID="string_103" HPOS="367" VPOS="547" WIDTH="40" HEIGHT="15" WC="0.96" CONTENT="von"/><SP WIDTH="17" VPOS="547" HPOS="407"/>
							<String ID="string_104" HPOS="424" VPOS="541" WIDTH="167" HEIGHT="21" WC="0.96" CONTENT="Haartman:"/><SP WIDTH="22" VPOS="541" HPOS="591"/>
							<String ID="string_105" HPOS="613" VPOS="541" WIDTH="39" HEIGHT="21" WC="0.96" CONTENT="Om"/><SP WIDTH="17" VPOS="541" HPOS="652"/>
							<String ID="string_106" HPOS="669" VPOS="542" WIDTH="59" HEIGHT="20" WC="0.96" CONTENT="detta"/><SP WIDTH="13" VPOS="542" HPOS="728"/>
							<String ID="string_107" HPOS="741" VPOS="541" WIDTH="115" HEIGHT="27" WC="0.96" CONTENT="lagförslag"/><SP WIDTH="15" VPOS="541" HPOS="856"/>
							<String ID="string_108" HPOS="871" VPOS="541" WIDTH="68" HEIGHT="21" WC="0.93" CONTENT="skulle"/><SP WIDTH="16" VPOS="541" HPOS="939"/>
							<String ID="string_109" HPOS="955" VPOS="540" WIDTH="65" HEIGHT="22" WC="0.92" CONTENT="blifva"/>
						</TextLine>
						<TextLine ID="line_12" HPOS="192" VPOS="568" WIDTH="827" HEIGHT="28">
							<String ID="string_110" HPOS="192" VPOS="569" WIDTH="22" HEIGHT="21" WC="0.92" CONTENT="af"/><SP WIDTH="22" VPOS="569" HPOS="214"/>
							<String ID="string_111" HPOS="236" VPOS="568" WIDTH="121" HEIGHT="22" WC="0.92" CONTENT="Ständerna"/><SP WIDTH="22" VPOS="568" HPOS="357"/>
							<String ID="string_112" HPOS="379" VPOS="570" WIDTH="111" HEIGHT="26" WC="0.92" CONTENT="godkändt"/><SP WIDTH="22" VPOS="570" HPOS="490"/>
							<String ID="string_113" HPOS="512" VPOS="570" WIDTH="39" HEIGHT="21" WC="0.93" CONTENT="och"/><SP WIDTH="20" VPOS="570" HPOS="551"/>
							<String ID="string_114" HPOS="571" VPOS="570" WIDTH="64" HEIGHT="21" WC="0.92" CONTENT="vinna"/><SP WIDTH="15" VPOS="570" HPOS="635"/>
							<String ID="string_115" HPOS="650" VPOS="570" WIDTH="144" HEIGHT="26" WC="0.96" CONTENT="Regeringens"/><SP WIDTH="16" VPOS="570" HPOS="794"/>
							<String ID="string_116" HPOS="810" VPOS="570" WIDTH="98" HEIGHT="21" WC="0.96" CONTENT="sanktion"/><SP WIDTH="24" VPOS="570" HPOS="908"/>
							<String ID="string_117" HPOS="932" VPOS="570" WIDTH="38" HEIGHT="20" WC="0.93" CONTENT="och"/><SP WIDTH="16" VPOS="570" HPOS="970"/>
							<String ID="string_118" HPOS="986" VPOS="570" WIDTH="33" HEIGHT="20" WC="0.92" CONTENT="sä-"/>
						</TextLine>
						<TextLine ID="line_13" HPOS="192" VPOS="598" WIDTH="827" HEIGHT="27">
							<String ID="string_119" HPOS="192" VPOS="598" WIDTH="66" HEIGHT="20" WC="0.92" CONTENT="lunda"/><SP WIDTH="15" VPOS="598" HPOS="258"/>
							<String ID="string_120" HPOS="273" VPOS="598" WIDTH="89" HEIGHT="27" WC="0.92" CONTENT="Kejserl."/><SP WIDTH="14" VPOS="598" HPOS="362"/>
							<String ID="string_121" HPOS="376" VPOS="598" WIDTH="102" HEIGHT="21" WC="0.92" CONTENT="Senatens"/><SP WIDTH="12" VPOS="598" HPOS="478"/>
							<String ID="string_122" HPOS="490" VPOS="599" WIDTH="76" HEIGHT="26" WC="0.92" CONTENT="ätgärd"/><SP WIDTH="12" VPOS="599" HPOS="566"/>
							<String ID="string_123" HPOS="578" VPOS="598" WIDTH="132" HEIGHT="22" WC="0.93" CONTENT="beträffande"/><SP WIDTH="11" VPOS="598" HPOS="710"/>
							<String ID="string_124" HPOS="721" VPOS="598" WIDTH="122" HEIGHT="26" WC="0.93" CONTENT="aktiebolag"/><SP WIDTH="11" VPOS="598" HPOS="843"/>
							<String ID="string_125" HPOS="854" VPOS="598" WIDTH="68" HEIGHT="22" WC="0.96" CONTENT="skulle"/><SP WIDTH="12" VPOS="598" HPOS="922"/>
							<String ID="string_126" HPOS="934" VPOS="598" WIDTH="85" HEIGHT="22" WC="0.96" CONTENT="komma"/>
						</TextLine>
						<TextLine ID="line_14" HPOS="192" VPOS="626" WIDTH="828" HEIGHT="28">
							<String ID="string_127" HPOS="192" VPOS="628" WIDTH="32" HEIGHT="19" WC="0.89" CONTENT="att"/><SP WIDTH="21" VPOS="628" HPOS="224"/>
							<String ID="string_128" HPOS="245" VPOS="626" WIDTH="126" HEIGHT="22" WC="0.92" CONTENT="inskränkas"/><SP WIDTH="17" VPOS="626" HPOS="371"/>
							<String ID="string_129" HPOS="388" VPOS="626" WIDTH="31" HEIGHT="22" WC="0.96" CONTENT="till"/><SP WIDTH="16" VPOS="626" HPOS="419"/>
							<String ID="string_130" HPOS="435" VPOS="630" WIDTH="33" HEIGHT="18" WC="0.93" CONTENT="att"/><SP WIDTH="15" VPOS="630" HPOS="468"/>
							<String ID="string_131" HPOS="483" VPOS="628" WIDTH="98" HEIGHT="26" WC="0.92" CONTENT="granska,"/><SP WIDTH="16" VPOS="628" HPOS="581"/>
							<String ID="string_132" HPOS="597" VPOS="627" WIDTH="104" HEIGHT="21" WC="0.93" CONTENT="huruvida"/><SP WIDTH="16" VPOS="627" HPOS="701"/>
							<String ID="string_133" HPOS="717" VPOS="627" WIDTH="116" HEIGHT="27" WC="0.91" CONTENT="stadgarna"/><SP WIDTH="15" VPOS="627" HPOS="833"/>
							<String ID="string_134" HPOS="848" VPOS="629" WIDTH="37" HEIGHT="19" WC="0.92" CONTENT="äro"/><SP WIDTH="16" VPOS="629" HPOS="885"/>
							<String ID="string_135" HPOS="901" VPOS="627" WIDTH="119" HEIGHT="27" WC="0.92" CONTENT="uppgjorda"/>
						</TextLine>
						<TextLine ID="line_15" HPOS="191" VPOS="654" WIDTH="829" HEIGHT="29">
							<String ID="string_136" HPOS="191" VPOS="655" WIDTH="7" HEIGHT="20" WC="0.93" CONTENT="i"/><SP WIDTH="17" VPOS="655" HPOS="198"/>
							<String ID="string_137" HPOS="215" VPOS="654" WIDTH="219" HEIGHT="22" WC="0.91" CONTENT="öfverensstämmelse"/><SP WIDTH="16" VPOS="654" HPOS="434"/>
							<String ID="string_138" HPOS="450" VPOS="656" WIDTH="47" HEIGHT="21" WC="0.91" CONTENT="ned"/><SP WIDTH="16" VPOS="656" HPOS="497"/>
							<String ID="string_139" HPOS="513" VPOS="656" WIDTH="127" HEIGHT="27" WC="0.92" CONTENT="aktielagen,"/><SP WIDTH="17" VPOS="656" HPOS="640"/>
							<String ID="string_140" HPOS="657" VPOS="656" WIDTH="24" HEIGHT="21" WC="0.93" CONTENT="sä"/><SP WIDTH="10" VPOS="656" HPOS="681"/>
							<String ID="string_141" HPOS="691" VPOS="656" WIDTH="69" HEIGHT="21" WC="0.89" CONTENT="häller"/><SP WIDTH="8" VPOS="656" HPOS="760"/>
							<String ID="string_142" HPOS="768" VPOS="656" WIDTH="37" HEIGHT="26" WC="0.96" CONTENT="jag"/><SP WIDTH="10" VPOS="656" HPOS="805"/>
							<String ID="string_143" HPOS="815" VPOS="656" WIDTH="33" HEIGHT="21" WC="0.96" CONTENT="för"/><SP WIDTH="11" VPOS="656" HPOS="848"/>
							<String ID="string_144" HPOS="859" VPOS="656" WIDTH="57" HEIGHT="23" WC="0.94" CONTENT="visst,"/><SP WIDTH="12" VPOS="656" HPOS="916"/>
							<String ID="string_145" HPOS="928" VPOS="659" WIDTH="32" HEIGHT="18" WC="0.93" CONTENT="att"/><SP WIDTH="12" VPOS="659" HPOS="960"/>
							<String ID="string_146" HPOS="972" VPOS="656" WIDTH="48" HEIGHT="26" WC="0.92" CONTENT="Kej-"/>
						</TextLine>
						<TextLine ID="line_16" HPOS="192" VPOS="684" WIDTH="827" HEIGHT="27">
							<String ID="string_147" HPOS="192" VPOS="684" WIDTH="49" HEIGHT="20" WC="0.89" CONTENT="serl."/><SP WIDTH="24" VPOS="684" HPOS="241"/>
							<String ID="string_148" HPOS="265" VPOS="684" WIDTH="91" HEIGHT="21" WC="0.93" CONTENT="Senaten"/><SP WIDTH="23" VPOS="684" HPOS="356"/>
							<String ID="string_149" HPOS="379" VPOS="684" WIDTH="106" HEIGHT="27" WC="0.92" CONTENT="snarligen"/><SP WIDTH="24" VPOS="684" HPOS="485"/>
							<String ID="string_150" HPOS="509" VPOS="685" WIDTH="54" HEIGHT="21" WC="0.93" CONTENT="skall"/><SP WIDTH="24" VPOS="685" HPOS="563"/>
							<String ID="string_151" HPOS="587" VPOS="685" WIDTH="74" HEIGHT="21" WC="0.96" CONTENT="ledsna"/><SP WIDTH="19" VPOS="685" HPOS="661"/>
							<String ID="string_152" HPOS="680" VPOS="685" WIDTH="33" HEIGHT="20" WC="0.96" CONTENT="vid"/><SP WIDTH="16" VPOS="685" HPOS="713"/>
							<String ID="string_153" HPOS="729" VPOS="685" WIDTH="61" HEIGHT="20" WC="0.93" CONTENT="detta"/><SP WIDTH="15" VPOS="685" HPOS="790"/>
							<String ID="string_154" HPOS="805" VPOS="684" WIDTH="63" HEIGHT="22" WC="0.96" CONTENT="enkla"/><SP WIDTH="16" VPOS="684" HPOS="868"/>
							<String ID="string_155" HPOS="884" VPOS="685" WIDTH="79" HEIGHT="25" WC="0.96" CONTENT="arbete,"/><SP WIDTH="17" VPOS="685" HPOS="963"/>
							<String ID="string_156" HPOS="980" VPOS="684" WIDTH="39" HEIGHT="22" WC="0.97" CONTENT="och"/>
						</TextLine>
						<TextLine ID="line_17" HPOS="191" VPOS="712" WIDTH="828" HEIGHT="28">
							<String ID="string_157" HPOS="191" VPOS="712" WIDTH="81" HEIGHT="22" WC="0.92" CONTENT="tilläter"/><SP WIDTH="20" VPOS="712" HPOS="272"/>
							<String ID="string_158" HPOS="292" VPOS="713" WIDTH="36" HEIGHT="27" WC="0.96" CONTENT="jag"/><SP WIDTH="24" VPOS="713" HPOS="328"/>
							<String ID="string_159" HPOS="352" VPOS="713" WIDTH="43" HEIGHT="26" WC="0.91" CONTENT="mig"/><SP WIDTH="20" VPOS="713" HPOS="395"/>
							<String ID="string_160" HPOS="415" VPOS="713" WIDTH="78" HEIGHT="25" WC="0.91" CONTENT="derför,"/><SP WIDTH="19" VPOS="713" HPOS="493"/>
							<String ID="string_161" HPOS="512" VPOS="716" WIDTH="33" HEIGHT="18" WC="0.96" CONTENT="att"/><SP WIDTH="15" VPOS="716" HPOS="545"/>
							<String ID="string_162" HPOS="560" VPOS="714" WIDTH="6" HEIGHT="20" WC="0.96" CONTENT="i"/><SP WIDTH="16" VPOS="714" HPOS="566"/>
							<String ID="string_163" HPOS="582" VPOS="713" WIDTH="29" HEIGHT="21" WC="0.93" CONTENT="all"/><SP WIDTH="15" VPOS="713" HPOS="611"/>
							<String ID="string_164" HPOS="626" VPOS="713" WIDTH="87" HEIGHT="21" WC="0.92" CONTENT="korthet"/><SP WIDTH="16" VPOS="713" HPOS="713"/>
							<String ID="string_165" HPOS="729" VPOS="714" WIDTH="131" HEIGHT="20" WC="0.93" CONTENT="understöda"/><SP WIDTH="15" VPOS="714" HPOS="860"/>
							<String ID="string_166" HPOS="875" VPOS="714" WIDTH="32" HEIGHT="20" WC="0.93" CONTENT="Hr"/><SP WIDTH="15" VPOS="714" HPOS="907"/>
							<String ID="string_167" HPOS="922" VPOS="714" WIDTH="97" HEIGHT="25" WC="0.92" CONTENT="Montgo-"/>
						</TextLine>
						<TextLine ID="line_18" HPOS="192" VPOS="742" WIDTH="828" HEIGHT="27">
							<String ID="string_168" HPOS="192" VPOS="747" WIDTH="70" HEIGHT="21" WC="0.90" CONTENT="merys"/><SP WIDTH="16" VPOS="747" HPOS="262"/>
							<String ID="string_169" HPOS="278" VPOS="742" WIDTH="78" HEIGHT="26" WC="0.96" CONTENT="förslag"/><SP WIDTH="17" VPOS="742" HPOS="356"/>
							<String ID="string_170" HPOS="373" VPOS="748" WIDTH="33" HEIGHT="14" WC="0.96" CONTENT="om"/><SP WIDTH="17" VPOS="748" HPOS="406"/>
							<String ID="string_171" HPOS="423" VPOS="744" WIDTH="32" HEIGHT="19" WC="0.96" CONTENT="att"/><SP WIDTH="16" VPOS="744" HPOS="455"/>
							<String ID="string_172" HPOS="471" VPOS="742" WIDTH="25" HEIGHT="21" WC="0.96" CONTENT="H."/><SP WIDTH="17" VPOS="742" HPOS="496"/>
							<String ID="string_173" HPOS="513" VPOS="742" WIDTH="25" HEIGHT="21" WC="0.96" CONTENT="K."/><SP WIDTH="16" VPOS="742" HPOS="538"/>
							<String ID="string_174" HPOS="554" VPOS="742" WIDTH="28" HEIGHT="20" WC="0.96" CONTENT="M."/><SP WIDTH="17" VPOS="742" HPOS="582"/>
							<String ID="string_175" HPOS="599" VPOS="742" WIDTH="39" HEIGHT="20" WC="0.96" CONTENT="bör"/><SP WIDTH="16" VPOS="742" HPOS="638"/>
							<String ID="string_176" HPOS="654" VPOS="742" WIDTH="71" HEIGHT="21" WC="0.93" CONTENT="kunna"/><SP WIDTH="12" VPOS="742" HPOS="725"/>
							<String ID="string_177" HPOS="737" VPOS="742" WIDTH="103" HEIGHT="21" WC="0.91" CONTENT="öfverläta"/><SP WIDTH="11" VPOS="742" HPOS="840"/>
							<String ID="string_178" HPOS="851" VPOS="742" WIDTH="69" HEIGHT="21" WC="0.92" CONTENT="denna"/><SP WIDTH="10" VPOS="742" HPOS="920"/>
							<String ID="string_179" HPOS="930" VPOS="742" WIDTH="90" HEIGHT="27" WC="0.91" CONTENT="gransk-"/>
						</TextLine>
						<TextLine ID="line_19" HPOS="192" VPOS="770" WIDTH="405" HEIGHT="27">
							<String ID="string_180" HPOS="192" VPOS="770" WIDTH="50" HEIGHT="26" WC="0.96" CONTENT="ning"/><SP WIDTH="17" VPOS="770" HPOS="242"/>
							<String ID="string_181" HPOS="259" VPOS="770" WIDTH="22" HEIGHT="21" WC="0.93" CONTENT="ät"/><SP WIDTH="16" VPOS="770" HPOS="281"/>
							<String ID="string_182" HPOS="297" VPOS="770" WIDTH="69" HEIGHT="27" WC="0.91" CONTENT="nägon"/><SP WIDTH="17" VPOS="770" HPOS="366"/>
							<String ID="string_183" HPOS="383" VPOS="777" WIDTH="70" HEIGHT="15" WC="0.93" CONTENT="annan"/><SP WIDTH="16" VPOS="777" HPOS="453"/>
							<String ID="string_184" HPOS="469" VPOS="770" WIDTH="128" HEIGHT="27" WC="0.92" CONTENT="myndighet."/>
						</TextLine>
					</TextBlock>
				</ComposedBlock>
				<ComposedBlock ID="cblock_5" HPOS="193" VPOS="826" WIDTH="829" HEIGHT="86">
					<TextBlock ID="block_4" HPOS="193" VPOS="826" WIDTH="829" HEIGHT="86">
						<TextLine ID="line_20" HPOS="262" VPOS="826" WIDTH="758" HEIGHT="28">
							<String ID="string_185" HPOS="262" VPOS="826" WIDTH="70" HEIGHT="22" WC="0.93" CONTENT="Sedan"/><SP WIDTH="23" VPOS="826" HPOS="332"/>
							<String ID="string_186" HPOS="355" VPOS="827" WIDTH="146" HEIGHT="21" WC="0.91" CONTENT="diskussionen"/><SP WIDTH="24" VPOS="827" HPOS="501"/>
							<String ID="string_187" HPOS="525" VPOS="834" WIDTH="34" HEIGHT="14" WC="0.96" CONTENT="om"/><SP WIDTH="23" VPOS="834" HPOS="559"/>
							<String ID="string_188" HPOS="582" VPOS="827" WIDTH="36" HEIGHT="21" WC="0.93" CONTENT="det"/><SP WIDTH="22" VPOS="827" HPOS="618"/>
							<String ID="string_189" HPOS="640" VPOS="827" WIDTH="145" HEIGHT="27" WC="0.92" CONTENT="föreliggande"/><SP WIDTH="23" VPOS="827" HPOS="785"/>
							<String ID="string_190" HPOS="808" VPOS="827" WIDTH="136" HEIGHT="27" WC="0.90" CONTENT="lagförslaget"/><SP WIDTH="16" VPOS="827" HPOS="944"/>
							<String ID="string_191" HPOS="960" VPOS="828" WIDTH="6" HEIGHT="20" WC="0.93" CONTENT="i"/><SP WIDTH="15" VPOS="828" HPOS="966"/>
							<String ID="string_192" HPOS="981" VPOS="828" WIDTH="39" HEIGHT="20" WC="0.92" CONTENT="all-"/>
						</TextLine>
						<TextLine ID="line_21" HPOS="193" VPOS="855" WIDTH="829" HEIGHT="28">
							<String ID="string_193" HPOS="193" VPOS="855" WIDTH="88" HEIGHT="21" WC="0.91" CONTENT="mänhet"/><SP WIDTH="22" VPOS="855" HPOS="281"/>
							<String ID="string_194" HPOS="303" VPOS="856" WIDTH="88" HEIGHT="21" WC="0.91" CONTENT="härmed"/><SP WIDTH="23" VPOS="856" HPOS="391"/>
							<String ID="string_195" HPOS="414" VPOS="856" WIDTH="115" HEIGHT="24" WC="0.93" CONTENT="afstannat,"/><SP WIDTH="24" VPOS="856" HPOS="529"/>
							<String ID="string_196" HPOS="553" VPOS="856" WIDTH="107" HEIGHT="26" WC="0.92" CONTENT="öfvergick"/><SP WIDTH="21" VPOS="856" HPOS="660"/>
							<String ID="string_197" HPOS="681" VPOS="856" WIDTH="26" HEIGHT="20" WC="0.95" CONTENT="R."/><SP WIDTH="22" VPOS="856" HPOS="707"/>
							<String ID="string_198" HPOS="729" VPOS="863" WIDTH="18" HEIGHT="13" WC="0.88" CONTENT="o."/><SP WIDTH="21" VPOS="863" HPOS="747"/>
							<String ID="string_199" HPOS="768" VPOS="857" WIDTH="24" HEIGHT="20" WC="0.96" CONTENT="A."/><SP WIDTH="17" VPOS="857" HPOS="792"/>
							<String ID="string_200" HPOS="809" VPOS="856" WIDTH="32" HEIGHT="21" WC="0.92" CONTENT="till"/><SP WIDTH="14" VPOS="856" HPOS="841"/>
							<String ID="string_201" HPOS="855" VPOS="856" WIDTH="130" HEIGHT="27" WC="0.92" CONTENT="granskning"/><SP WIDTH="15" VPOS="856" HPOS="985"/>
							<String ID="string_202" HPOS="1000" VPOS="857" WIDTH="22" HEIGHT="22" WC="0.97" CONTENT="af"/>
						</TextLine>
						<TextLine ID="line_22" HPOS="194" VPOS="884" WIDTH="505" HEIGHT="28">
							<String ID="string_203" HPOS="194" VPOS="884" WIDTH="48" HEIGHT="21" WC="0.93" CONTENT="dess"/><SP WIDTH="16" VPOS="884" HPOS="242"/>
							<String ID="string_204" HPOS="258" VPOS="885" WIDTH="90" HEIGHT="26" WC="0.92" CONTENT="detaljer"/><SP WIDTH="16" VPOS="885" HPOS="348"/>
							<String ID="string_205" HPOS="364" VPOS="885" WIDTH="38" HEIGHT="21" WC="0.93" CONTENT="och"/><SP WIDTH="16" VPOS="885" HPOS="402"/>
							<String ID="string_206" HPOS="418" VPOS="885" WIDTH="85" HEIGHT="27" WC="0.92" CONTENT="yttrade"/><SP WIDTH="16" VPOS="885" HPOS="503"/>
							<String ID="string_207" HPOS="519" VPOS="885" WIDTH="32" HEIGHT="26" WC="0.96" CONTENT="sig"/><SP WIDTH="16" VPOS="885" HPOS="551"/>
							<String ID="string_208" HPOS="567" VPOS="885" WIDTH="132" HEIGHT="20" WC="0.96" CONTENT="beträffande"/>
						</TextLine>
					</TextBlock>
				</ComposedBlock>
				<ComposedBlock ID="cblock_6" HPOS="262" VPOS="942" WIDTH="47" HEIGHT="27">
					<TextBlock ID="block_5" HPOS="262" VPOS="942" WIDTH="47" HEIGHT="27">
						<TextLine ID="line_23" HPOS="262" VPOS="942" WIDTH="47" HEIGHT="27">
							<String ID="string_209" HPOS="262" VPOS="942" WIDTH="8" HEIGHT="27" WC="0.84" CONTENT="8"/><SP WIDTH="22" VPOS="942" HPOS="270"/>
							<String ID="string_210" HPOS="292" VPOS="944" WIDTH="17" HEIGHT="19" WC="0.84" CONTENT="1."/>
						</TextLine>
					</TextBlock>
				</ComposedBlock>
				<ComposedBlock ID="cblock_7" HPOS="190" VPOS="999" WIDTH="834" HEIGHT="536">
					<TextBlock ID="block_6" HPOS="190" VPOS="999" WIDTH="834" HEIGHT="535">
						<TextLine ID="line_24" HPOS="261" VPOS="999" WIDTH="762" HEIGHT="29">
							<String ID="string_211" HPOS="261" VPOS="999" WIDTH="32" HEIGHT="21" WC="0.95" CONTENT="Hr"/><SP WIDTH="15" VPOS="999" HPOS="293"/>
							<String ID="string_212" HPOS="308" VPOS="1000" WIDTH="24" HEIGHT="21" WC="0.96" CONTENT="A."/><SP WIDTH="18" VPOS="1000" HPOS="332"/>
							<String ID="string_213" HPOS="350" VPOS="1000" WIDTH="23" HEIGHT="21" WC="0.94" CONTENT="L."/><SP WIDTH="15" VPOS="1000" HPOS="373"/>
							<String ID="string_214" HPOS="388" VPOS="1006" WIDTH="40" HEIGHT="15" WC="0.96" CONTENT="von"/><SP WIDTH="19" VPOS="1006" HPOS="428"/>
							<String ID="string_215" HPOS="447" VPOS="1001" WIDTH="149" HEIGHT="27" WC="0.93" CONTENT="Knorring:"/><SP WIDTH="20" VPOS="1001" HPOS="596"/>
							<String ID="string_216" HPOS="616" VPOS="1001" WIDTH="109" HEIGHT="22" WC="0.92" CONTENT="Ehuruväl"/><SP WIDTH="23" VPOS="1001" HPOS="725"/>
							<String ID="string_217" HPOS="748" VPOS="1007" WIDTH="26" HEIGHT="15" WC="0.93" CONTENT="en"/><SP WIDTH="24" VPOS="1007" HPOS="774"/>
							<String ID="string_218" HPOS="798" VPOS="1001" WIDTH="189" HEIGHT="21" WC="0.92" CONTENT="decentralisation"/><SP WIDTH="12" VPOS="1001" HPOS="987"/>
							<String ID="string_219" HPOS="999" VPOS="999" WIDTH="24" HEIGHT="22" WC="0.96" CONTENT="af"/>
						</TextLine>
						<TextLine ID="line_25" HPOS="193" VPOS="1027" WIDTH="830" HEIGHT="29">
							<String ID="string_220" HPOS="193" VPOS="1027" WIDTH="31" HEIGHT="21" WC="0.92" CONTENT="de"/><SP WIDTH="27" VPOS="1027" HPOS="224"/>
							<String ID="string_221" HPOS="251" VPOS="1027" WIDTH="158" HEIGHT="28" WC="0.94" CONTENT="befogenheter,"/><SP WIDTH="22" VPOS="1027" HPOS="409"/>
							<String ID="string_222" HPOS="431" VPOS="1035" WIDTH="46" HEIGHT="15" WC="0.93" CONTENT="som"/><SP WIDTH="15" VPOS="1035" HPOS="477"/>
							<String ID="string_223" HPOS="492" VPOS="1030" WIDTH="119" HEIGHT="21" WC="0.93" CONTENT="tillkomma"/><SP WIDTH="16" VPOS="1030" HPOS="611"/>
							<String ID="string_224" HPOS="627" VPOS="1030" WIDTH="289" HEIGHT="26" WC="0.92" CONTENT="Ekonomiedepartementet"/><SP WIDTH="22" VPOS="1030" HPOS="916"/>
							<String ID="string_225" HPOS="938" VPOS="1030" WIDTH="7" HEIGHT="21" WC="0.93" CONTENT="i"/><SP WIDTH="21" VPOS="1030" HPOS="945"/>
							<String ID="string_226" HPOS="966" VPOS="1029" WIDTH="57" HEIGHT="26" WC="0.91" CONTENT="Kejs."/>
						</TextLine>
						<TextLine ID="line_26" HPOS="193" VPOS="1055" WIDTH="830" HEIGHT="30">
							<String ID="string_227" HPOS="193" VPOS="1055" WIDTH="102" HEIGHT="26" WC="0.90" CONTENT="Senaten,"/><SP WIDTH="21" VPOS="1055" HPOS="295"/>
							<String ID="string_228" HPOS="316" VPOS="1057" WIDTH="53" HEIGHT="25" WC="0.92" CONTENT="egde"/><SP WIDTH="16" VPOS="1057" HPOS="369"/>
							<String ID="string_229" HPOS="385" VPOS="1063" WIDTH="46" HEIGHT="15" WC="0.96" CONTENT="rum"/><SP WIDTH="16" VPOS="1063" HPOS="431"/>
							<String ID="string_230" HPOS="447" VPOS="1064" WIDTH="74" HEIGHT="21" WC="0.96" CONTENT="genom"/><SP WIDTH="16" VPOS="1064" HPOS="521"/>
							<String ID="string_231" HPOS="537" VPOS="1065" WIDTH="26" HEIGHT="14" WC="0.95" CONTENT="en"/><SP WIDTH="19" VPOS="1065" HPOS="563"/>
							<String ID="string_232" HPOS="582" VPOS="1059" WIDTH="53" HEIGHT="21" WC="0.93" CONTENT="1887"/><SP WIDTH="17" VPOS="1059" HPOS="635"/>
							<String ID="string_233" HPOS="652" VPOS="1059" WIDTH="124" HEIGHT="20" WC="0.91" CONTENT="utkommen"/><SP WIDTH="16" VPOS="1059" HPOS="776"/>
							<String ID="string_234" HPOS="792" VPOS="1058" WIDTH="131" HEIGHT="26" WC="0.91" CONTENT="författning,"/><SP WIDTH="16" VPOS="1058" HPOS="923"/>
							<String ID="string_235" HPOS="939" VPOS="1057" WIDTH="84" HEIGHT="22" WC="0.93" CONTENT="hvilken"/>
						</TextLine>
						<TextLine ID="line_27" HPOS="191" VPOS="1084" WIDTH="833" HEIGHT="27">
							<String ID="string_236" HPOS="191" VPOS="1084" WIDTH="107" HEIGHT="27" WC="0.55" CONTENT="aflyftade"/><SP WIDTH="22" VPOS="1084" HPOS="298"/>
							<String ID="string_237" HPOS="320" VPOS="1092" WIDTH="26" HEIGHT="15" WC="0.95" CONTENT="en"/><SP WIDTH="22" VPOS="1092" HPOS="346"/>
							<String ID="string_238" HPOS="368" VPOS="1085" WIDTH="33" HEIGHT="22" WC="0.93" CONTENT="del"/><SP WIDTH="19" VPOS="1085" HPOS="401"/>
							<String ID="string_239" HPOS="420" VPOS="1087" WIDTH="92" HEIGHT="20" WC="0.96" CONTENT="ärenden"/><SP WIDTH="15" VPOS="1087" HPOS="512"/>
							<String ID="string_240" HPOS="527" VPOS="1087" WIDTH="48" HEIGHT="21" WC="0.96" CONTENT="från"/><SP WIDTH="16" VPOS="1087" HPOS="575"/>
							<String ID="string_241" HPOS="591" VPOS="1087" WIDTH="92" HEIGHT="22" WC="0.96" CONTENT="Senaten"/><SP WIDTH="16" VPOS="1087" HPOS="683"/>
							<String ID="string_242" HPOS="699" VPOS="1087" WIDTH="39" HEIGHT="22" WC="0.93" CONTENT="och"/><SP WIDTH="16" VPOS="1087" HPOS="738"/>
							<String ID="string_243" HPOS="754" VPOS="1087" WIDTH="158" HEIGHT="21" WC="0.92" CONTENT="öfverlemnade"/><SP WIDTH="15" VPOS="1087" HPOS="912"/>
							<String ID="string_244" HPOS="927" VPOS="1087" WIDTH="47" HEIGHT="20" WC="0.96" CONTENT="dem"/><SP WIDTH="16" VPOS="1087" HPOS="974"/>
							<String ID="string_245" HPOS="990" VPOS="1085" WIDTH="34" HEIGHT="22" WC="0.96" CONTENT="till"/>
						</TextLine>
						<TextLine ID="line_28" HPOS="192" VPOS="1114" WIDTH="832" HEIGHT="29">
							<String ID="string_246" HPOS="192" VPOS="1114" WIDTH="100" HEIGHT="21" WC="0.96" CONTENT="centrala"/><SP WIDTH="23" VPOS="1114" HPOS="292"/>
							<String ID="string_247" HPOS="315" VPOS="1115" WIDTH="50" HEIGHT="20" WC="0.95" CONTENT="verk"/><SP WIDTH="22" VPOS="1115" HPOS="365"/>
							<String ID="string_248" HPOS="387" VPOS="1115" WIDTH="40" HEIGHT="20" WC="0.95" CONTENT="och"/><SP WIDTH="22" VPOS="1115" HPOS="427"/>
							<String ID="string_249" HPOS="449" VPOS="1115" WIDTH="65" HEIGHT="21" WC="0.96" CONTENT="andra"/><SP WIDTH="17" VPOS="1115" HPOS="514"/>
							<String ID="string_250" HPOS="531" VPOS="1116" WIDTH="152" HEIGHT="27" WC="0.96" CONTENT="myndigheter,"/><SP WIDTH="17" VPOS="1116" HPOS="683"/>
							<String ID="string_251" HPOS="700" VPOS="1116" WIDTH="24" HEIGHT="21" WC="0.96" CONTENT="sä"/><SP WIDTH="17" VPOS="1116" HPOS="724"/>
							<String ID="string_252" HPOS="741" VPOS="1115" WIDTH="65" HEIGHT="22" WC="0.93" CONTENT="borde"/><SP WIDTH="17" VPOS="1115" HPOS="806"/>
							<String ID="string_253" HPOS="823" VPOS="1115" WIDTH="63" HEIGHT="21" WC="0.91" CONTENT="likväl"/><SP WIDTH="16" VPOS="1115" HPOS="886"/>
							<String ID="string_254" HPOS="902" VPOS="1115" WIDTH="79" HEIGHT="21" WC="0.96" CONTENT="tanken"/><SP WIDTH="15" VPOS="1115" HPOS="981"/>
							<String ID="string_255" HPOS="996" VPOS="1114" WIDTH="28" HEIGHT="27" WC="0.96" CONTENT="pä"/>
						</TextLine>
						<TextLine ID="line_29" HPOS="194" VPOS="1143" WIDTH="828" HEIGHT="28">
							<String ID="string_256" HPOS="194" VPOS="1148" WIDTH="26" HEIGHT="15" WC="0.96" CONTENT="en"/><SP WIDTH="21" VPOS="1148" HPOS="220"/>
							<String ID="string_257" HPOS="241" VPOS="1143" WIDTH="124" HEIGHT="26" WC="0.93" CONTENT="ytterligare"/><SP WIDTH="23" VPOS="1143" HPOS="365"/>
							<String ID="string_258" HPOS="388" VPOS="1143" WIDTH="187" HEIGHT="22" WC="0.92" CONTENT="decentralisation"/><SP WIDTH="26" VPOS="1143" HPOS="575"/>
							<String ID="string_259" HPOS="601" VPOS="1144" WIDTH="22" HEIGHT="21" WC="0.93" CONTENT="af"/><SP WIDTH="22" VPOS="1144" HPOS="623"/>
							<String ID="string_260" HPOS="645" VPOS="1144" WIDTH="76" HEIGHT="27" WC="0.91" CONTENT="högsta"/><SP WIDTH="23" VPOS="1144" HPOS="721"/>
							<String ID="string_261" HPOS="744" VPOS="1144" WIDTH="175" HEIGHT="26" WC="0.91" CONTENT="styrelseverkets"/><SP WIDTH="15" VPOS="1144" HPOS="919"/>
							<String ID="string_262" HPOS="934" VPOS="1144" WIDTH="88" HEIGHT="21" WC="0.92" CONTENT="arbeten"/>
						</TextLine>
						<TextLine ID="line_30" HPOS="191" VPOS="1171" WIDTH="831" HEIGHT="28">
							<String ID="string_263" HPOS="191" VPOS="1171" WIDTH="48" HEIGHT="21" WC="0.91" CONTENT="icke"/><SP WIDTH="17" VPOS="1171" HPOS="239"/>
							<String ID="string_264" HPOS="256" VPOS="1172" WIDTH="116" HEIGHT="26" WC="0.91" CONTENT="uppgifvas,"/><SP WIDTH="17" VPOS="1172" HPOS="372"/>
							<String ID="string_265" HPOS="389" VPOS="1172" WIDTH="39" HEIGHT="21" WC="0.93" CONTENT="och"/><SP WIDTH="16" VPOS="1172" HPOS="428"/>
							<String ID="string_266" HPOS="444" VPOS="1175" WIDTH="92" HEIGHT="18" WC="0.92" CONTENT="emotser"/><SP WIDTH="14" VPOS="1175" HPOS="536"/>
							<String ID="string_267" HPOS="550" VPOS="1173" WIDTH="43" HEIGHT="26" WC="0.96" CONTENT="jag,"/><SP WIDTH="17" VPOS="1173" HPOS="593"/>
							<String ID="string_268" HPOS="610" VPOS="1175" WIDTH="32" HEIGHT="19" WC="0.96" CONTENT="att"/><SP WIDTH="11" VPOS="1175" HPOS="642"/>
							<String ID="string_269" HPOS="653" VPOS="1173" WIDTH="34" HEIGHT="21" WC="0.93" CONTENT="vid"/><SP WIDTH="12" VPOS="1173" HPOS="687"/>
							<String ID="string_270" HPOS="699" VPOS="1173" WIDTH="87" HEIGHT="26" WC="0.93" CONTENT="frägans"/><SP WIDTH="11" VPOS="1173" HPOS="786"/>
							<String ID="string_271" HPOS="797" VPOS="1172" WIDTH="100" HEIGHT="21" WC="0.93" CONTENT="framtida"/><SP WIDTH="11" VPOS="1172" HPOS="897"/>
							<String ID="string_272" HPOS="908" VPOS="1172" WIDTH="114" HEIGHT="25" WC="0.92" CONTENT="väckande,"/>
						</TextLine>
						<TextLine ID="line_31" HPOS="192" VPOS="1199" WIDTH="830" HEIGHT="28">
							<String ID="string_273" HPOS="192" VPOS="1205" WIDTH="25" HEIGHT="15" WC="0.95" CONTENT="en"/><SP WIDTH="23" VPOS="1205" HPOS="217"/>
							<String ID="string_274" HPOS="240" VPOS="1199" WIDTH="24" HEIGHT="21" WC="0.95" CONTENT="af"/><SP WIDTH="20" VPOS="1199" HPOS="264"/>
							<String ID="string_275" HPOS="284" VPOS="1200" WIDTH="26" HEIGHT="21" WC="0.93" CONTENT="de"/><SP WIDTH="17" VPOS="1200" HPOS="310"/>
							<String ID="string_276" HPOS="327" VPOS="1200" WIDTH="158" HEIGHT="27" WC="0.95" CONTENT="befogenheter,"/><SP WIDTH="17" VPOS="1200" HPOS="485"/>
							<String ID="string_277" HPOS="502" VPOS="1207" WIDTH="45" HEIGHT="16" WC="0.96" CONTENT="som"/><SP WIDTH="16" VPOS="1207" HPOS="547"/>
							<String ID="string_278" HPOS="563" VPOS="1202" WIDTH="6" HEIGHT="20" WC="0.93" CONTENT="i"/><SP WIDTH="16" VPOS="1202" HPOS="569"/>
							<String ID="string_279" HPOS="585" VPOS="1202" WIDTH="88" HEIGHT="20" WC="0.96" CONTENT="främsta"/><SP WIDTH="16" VPOS="1202" HPOS="673"/>
							<String ID="string_280" HPOS="689" VPOS="1204" WIDTH="93" HEIGHT="18" WC="0.96" CONTENT="rummet"/><SP WIDTH="15" VPOS="1204" HPOS="782"/>
							<String ID="string_281" HPOS="797" VPOS="1201" WIDTH="96" HEIGHT="21" WC="0.96" CONTENT="kommer"/><SP WIDTH="15" VPOS="1201" HPOS="893"/>
							<String ID="string_282" HPOS="908" VPOS="1204" WIDTH="32" HEIGHT="18" WC="0.93" CONTENT="att"/><SP WIDTH="15" VPOS="1204" HPOS="940"/>
							<String ID="string_283" HPOS="955" VPOS="1200" WIDTH="67" HEIGHT="21" WC="0.92" CONTENT="öfver-"/>
						</TextLine>
						<TextLine ID="line_32" HPOS="194" VPOS="1227" WIDTH="827" HEIGHT="30">
							<String ID="string_284" HPOS="194" VPOS="1227" WIDTH="73" HEIGHT="27" WC="0.96" CONTENT="flyttas"/><SP WIDTH="15" VPOS="1227" HPOS="267"/>
							<String ID="string_285" HPOS="282" VPOS="1228" WIDTH="27" HEIGHT="26" WC="0.92" CONTENT="pä"/><SP WIDTH="22" VPOS="1228" HPOS="309"/>
							<String ID="string_286" HPOS="331" VPOS="1229" WIDTH="70" HEIGHT="26" WC="0.96" CONTENT="någon"/><SP WIDTH="17" VPOS="1229" HPOS="401"/>
							<String ID="string_287" HPOS="418" VPOS="1229" WIDTH="57" HEIGHT="27" WC="0.93" CONTENT="lägre"/><SP WIDTH="17" VPOS="1229" HPOS="475"/>
							<String ID="string_288" HPOS="492" VPOS="1230" WIDTH="130" HEIGHT="27" WC="0.96" CONTENT="myndighet,"/><SP WIDTH="16" VPOS="1230" HPOS="622"/>
							<String ID="string_289" HPOS="638" VPOS="1230" WIDTH="55" HEIGHT="21" WC="0.93" CONTENT="skall"/><SP WIDTH="17" VPOS="1230" HPOS="693"/>
							<String ID="string_290" HPOS="710" VPOS="1230" WIDTH="65" HEIGHT="21" WC="0.96" CONTENT="blifva"/><SP WIDTH="15" VPOS="1230" HPOS="775"/>
							<String ID="string_291" HPOS="790" VPOS="1229" WIDTH="162" HEIGHT="27" WC="0.93" CONTENT="ifrågavarande"/><SP WIDTH="17" VPOS="1229" HPOS="952"/>
							<String ID="string_292" HPOS="969" VPOS="1229" WIDTH="52" HEIGHT="21" WC="0.93" CONTENT="min-"/>
						</TextLine>
						<TextLine ID="line_33" HPOS="192" VPOS="1256" WIDTH="830" HEIGHT="29">
							<String ID="string_293" HPOS="192" VPOS="1256" WIDTH="38" HEIGHT="21" WC="0.93" CONTENT="dre"/><SP WIDTH="16" VPOS="1256" HPOS="230"/>
							<String ID="string_294" HPOS="246" VPOS="1257" WIDTH="79" HEIGHT="26" WC="0.91" CONTENT="vigtiga"/><SP WIDTH="14" VPOS="1257" HPOS="325"/>
							<String ID="string_295" HPOS="339" VPOS="1258" WIDTH="132" HEIGHT="26" WC="0.96" CONTENT="granskning"/><SP WIDTH="14" VPOS="1258" HPOS="471"/>
							<String ID="string_296" HPOS="485" VPOS="1258" WIDTH="24" HEIGHT="21" WC="0.93" CONTENT="af"/><SP WIDTH="11" VPOS="1258" HPOS="509"/>
							<String ID="string_297" HPOS="520" VPOS="1258" WIDTH="161" HEIGHT="27" WC="0.91" CONTENT="aktiebolagens"/><SP WIDTH="16" VPOS="1258" HPOS="681"/>
							<String ID="string_298" HPOS="697" VPOS="1259" WIDTH="93" HEIGHT="26" WC="0.96" CONTENT="stadgar."/><SP WIDTH="31" VPOS="1259" HPOS="790"/>
							<String ID="string_299" HPOS="821" VPOS="1259" WIDTH="43" HEIGHT="20" WC="0.96" CONTENT="För"/><SP WIDTH="15" VPOS="1259" HPOS="864"/>
							<String ID="string_300" HPOS="879" VPOS="1261" WIDTH="32" HEIGHT="18" WC="0.93" CONTENT="att"/><SP WIDTH="15" VPOS="1261" HPOS="911"/>
							<String ID="string_301" HPOS="926" VPOS="1258" WIDTH="96" HEIGHT="21" WC="0.92" CONTENT="emeller-"/>
						</TextLine>
						<TextLine ID="line_34" HPOS="192" VPOS="1285" WIDTH="830" HEIGHT="28">
							<String ID="string_302" HPOS="192" VPOS="1285" WIDTH="30" HEIGHT="20" WC="0.96" CONTENT="tid"/><SP WIDTH="22" VPOS="1285" HPOS="222"/>
							<String ID="string_303" HPOS="244" VPOS="1285" WIDTH="40" HEIGHT="21" WC="0.96" CONTENT="den"/><SP WIDTH="15" VPOS="1285" HPOS="284"/>
							<String ID="string_304" HPOS="299" VPOS="1292" WIDTH="29" HEIGHT="14" WC="0.96" CONTENT="nu"/><SP WIDTH="14" VPOS="1292" HPOS="328"/>
							<String ID="string_305" HPOS="342" VPOS="1286" WIDTH="145" HEIGHT="27" WC="0.96" CONTENT="föreliggande"/><SP WIDTH="16" VPOS="1286" HPOS="487"/>
							<String ID="string_306" HPOS="503" VPOS="1287" WIDTH="61" HEIGHT="26" WC="0.96" CONTENT="lagen"/><SP WIDTH="15" VPOS="1287" HPOS="564"/>
							<String ID="string_307" HPOS="579" VPOS="1287" WIDTH="47" HEIGHT="21" WC="0.96" CONTENT="icke"/><SP WIDTH="15" VPOS="1287" HPOS="626"/>
							<String ID="string_308" HPOS="641" VPOS="1287" WIDTH="56" HEIGHT="21" WC="0.96" CONTENT="skall"/><SP WIDTH="17" VPOS="1287" HPOS="697"/>
							<String ID="string_309" HPOS="714" VPOS="1289" WIDTH="77" HEIGHT="24" WC="0.96" CONTENT="utgöra"/><SP WIDTH="16" VPOS="1289" HPOS="791"/>
							<String ID="string_310" HPOS="807" VPOS="1289" WIDTH="31" HEIGHT="18" WC="0.96" CONTENT="ett"/><SP WIDTH="16" VPOS="1289" HPOS="838"/>
							<String ID="string_311" HPOS="854" VPOS="1287" WIDTH="74" HEIGHT="20" WC="0.96" CONTENT="hinder"/><SP WIDTH="15" VPOS="1287" HPOS="928"/>
							<String ID="string_312" HPOS="943" VPOS="1287" WIDTH="33" HEIGHT="20" WC="0.96" CONTENT="för"/><SP WIDTH="15" VPOS="1287" HPOS="976"/>
							<String ID="string_313" HPOS="991" VPOS="1288" WIDTH="31" HEIGHT="19" WC="0.96" CONTENT="ett"/>
						</TextLine>
						<TextLine ID="line_35" HPOS="192" VPOS="1313" WIDTH="830" HEIGHT="29">
							<String ID="string_314" HPOS="192" VPOS="1313" WIDTH="78" HEIGHT="21" WC="0.95" CONTENT="sådant"/><SP WIDTH="24" VPOS="1313" HPOS="270"/>
							<String ID="string_315" HPOS="294" VPOS="1315" WIDTH="72" HEIGHT="20" WC="0.93" CONTENT="enkelt"/><SP WIDTH="23" VPOS="1315" HPOS="366"/>
							<String ID="string_316" HPOS="389" VPOS="1315" WIDTH="169" HEIGHT="27" WC="0.91" CONTENT="öfverflyttande,"/><SP WIDTH="23" VPOS="1315" HPOS="558"/>
							<String ID="string_317" HPOS="581" VPOS="1316" WIDTH="25" HEIGHT="20" WC="0.93" CONTENT="så"/><SP WIDTH="23" VPOS="1316" HPOS="606"/>
							<String ID="string_318" HPOS="629" VPOS="1316" WIDTH="62" HEIGHT="21" WC="0.91" CONTENT="utber"/><SP WIDTH="20" VPOS="1316" HPOS="691"/>
							<String ID="string_319" HPOS="711" VPOS="1316" WIDTH="37" HEIGHT="26" WC="0.96" CONTENT="jag"/><SP WIDTH="16" VPOS="1316" HPOS="748"/>
							<String ID="string_320" HPOS="764" VPOS="1316" WIDTH="42" HEIGHT="25" WC="0.96" CONTENT="mig"/><SP WIDTH="16" VPOS="1316" HPOS="806"/>
							<String ID="string_321" HPOS="822" VPOS="1318" WIDTH="32" HEIGHT="18" WC="0.96" CONTENT="att"/><SP WIDTH="15" VPOS="1318" HPOS="854"/>
							<String ID="string_322" HPOS="869" VPOS="1315" WIDTH="5" HEIGHT="21" WC="0.96" CONTENT="i"/><SP WIDTH="17" VPOS="1315" HPOS="874"/>
							<String ID="string_323" HPOS="891" VPOS="1315" WIDTH="67" HEIGHT="21" WC="0.96" CONTENT="likhet"/><SP WIDTH="16" VPOS="1315" HPOS="958"/>
							<String ID="string_324" HPOS="974" VPOS="1315" WIDTH="48" HEIGHT="21" WC="0.96" CONTENT="med"/>
						</TextLine>
						<TextLine ID="line_36" HPOS="192" VPOS="1342" WIDTH="830" HEIGHT="28">
							<String ID="string_325" HPOS="192" VPOS="1342" WIDTH="32" HEIGHT="21" WC="0.96" CONTENT="Hr"/><SP WIDTH="16" VPOS="1342" HPOS="224"/>
							<String ID="string_326" HPOS="240" VPOS="1342" WIDTH="148" HEIGHT="27" WC="0.96" CONTENT="Montgomery"/><SP WIDTH="16" VPOS="1342" HPOS="388"/>
							<String ID="string_327" HPOS="404" VPOS="1344" WIDTH="39" HEIGHT="20" WC="0.96" CONTENT="och"/><SP WIDTH="16" VPOS="1344" HPOS="443"/>
							<String ID="string_328" HPOS="459" VPOS="1351" WIDTH="26" HEIGHT="14" WC="0.96" CONTENT="en"/><SP WIDTH="16" VPOS="1351" HPOS="485"/>
							<String ID="string_329" HPOS="501" VPOS="1351" WIDTH="69" HEIGHT="14" WC="0.96" CONTENT="annan"/><SP WIDTH="16" VPOS="1351" HPOS="570"/>
							<String ID="string_330" HPOS="586" VPOS="1345" WIDTH="51" HEIGHT="20" WC="0.96" CONTENT="ärad"/><SP WIDTH="18" VPOS="1345" HPOS="637"/>
							<String ID="string_331" HPOS="655" VPOS="1345" WIDTH="68" HEIGHT="20" WC="0.96" CONTENT="talare"/><SP WIDTH="16" VPOS="1345" HPOS="723"/>
							<String ID="string_332" HPOS="739" VPOS="1344" WIDTH="21" HEIGHT="21" WC="0.96" CONTENT="få"/><SP WIDTH="16" VPOS="1344" HPOS="760"/>
							<String ID="string_333" HPOS="776" VPOS="1344" WIDTH="87" HEIGHT="21" WC="0.96" CONTENT="förorda"/><SP WIDTH="16" VPOS="1344" HPOS="863"/>
							<String ID="string_334" HPOS="879" VPOS="1346" WIDTH="31" HEIGHT="19" WC="0.93" CONTENT="ett"/><SP WIDTH="16" VPOS="1346" HPOS="910"/>
							<String ID="string_335" HPOS="926" VPOS="1344" WIDTH="96" HEIGHT="26" WC="0.91" CONTENT="tilläggs-"/>
						</TextLine>
						<TextLine ID="line_37" HPOS="192" VPOS="1371" WIDTH="830" HEIGHT="28">
							<String ID="string_336" HPOS="192" VPOS="1371" WIDTH="118" HEIGHT="26" WC="0.96" CONTENT="stadgande"/><SP WIDTH="23" VPOS="1371" HPOS="310"/>
							<String ID="string_337" HPOS="333" VPOS="1371" WIDTH="33" HEIGHT="21" WC="0.92" CONTENT="till"/><SP WIDTH="17" VPOS="1371" HPOS="366"/>
							<String ID="string_338" HPOS="383" VPOS="1372" WIDTH="70" HEIGHT="21" WC="0.96" CONTENT="denna"/><SP WIDTH="14" VPOS="1372" HPOS="453"/>
							<String ID="string_339" HPOS="467" VPOS="1373" WIDTH="102" HEIGHT="26" WC="0.96" CONTENT="paragraf"/><SP WIDTH="15" VPOS="1373" HPOS="569"/>
							<String ID="string_340" HPOS="584" VPOS="1373" WIDTH="89" HEIGHT="26" WC="0.96" CONTENT="ungefär"/><SP WIDTH="16" VPOS="1373" HPOS="673"/>
							<String ID="string_341" HPOS="689" VPOS="1373" WIDTH="23" HEIGHT="21" WC="0.96" CONTENT="så"/><SP WIDTH="17" VPOS="1373" HPOS="712"/>
							<String ID="string_342" HPOS="729" VPOS="1373" WIDTH="97" HEIGHT="26" WC="0.96" CONTENT="lydande,"/><SP WIDTH="17" VPOS="1373" HPOS="826"/>
							<String ID="string_343" HPOS="843" VPOS="1374" WIDTH="33" HEIGHT="19" WC="0.96" CONTENT="att"/><SP WIDTH="15" VPOS="1374" HPOS="876"/>
							<String ID="string_344" HPOS="891" VPOS="1373" WIDTH="53" HEIGHT="20" WC="0.96" CONTENT="efter"/><SP WIDTH="16" VPOS="1373" HPOS="944"/>
							<String ID="string_345" HPOS="960" VPOS="1372" WIDTH="62" HEIGHT="21" WC="0.96" CONTENT="ordet"/>
						</TextLine>
						<TextLine ID="line_38" HPOS="190" VPOS="1399" WIDTH="832" HEIGHT="28">
							<String ID="string_346" HPOS="190" VPOS="1399" WIDTH="315" HEIGHT="27" WC="0.53" CONTENT="»Ekonomiedepartementet”"/><SP WIDTH="16" VPOS="1399" HPOS="505"/>
							<String ID="string_347" HPOS="521" VPOS="1401" WIDTH="69" HEIGHT="21" WC="0.96" CONTENT="skulle"/><SP WIDTH="15" VPOS="1401" HPOS="590"/>
							<String ID="string_348" HPOS="605" VPOS="1401" WIDTH="60" HEIGHT="26" WC="0.96" CONTENT="fogas"/><SP WIDTH="24" VPOS="1401" HPOS="665"/>
							<String ID="string_349" HPOS="689" VPOS="1402" WIDTH="67" HEIGHT="20" WC="0.93" CONTENT="orden"/><SP WIDTH="22" VPOS="1402" HPOS="756"/>
							<String ID="string_350" HPOS="778" VPOS="1401" WIDTH="66" HEIGHT="25" WC="0.91" CONTENT=",eller"/><SP WIDTH="15" VPOS="1401" HPOS="844"/>
							<String ID="string_351" HPOS="859" VPOS="1401" WIDTH="39" HEIGHT="21" WC="0.96" CONTENT="hos"/><SP WIDTH="16" VPOS="1401" HPOS="898"/>
							<String ID="string_352" HPOS="914" VPOS="1407" WIDTH="70" HEIGHT="15" WC="0.96" CONTENT="annan"/><SP WIDTH="15" VPOS="1407" HPOS="984"/>
							<String ID="string_353" HPOS="999" VPOS="1400" WIDTH="23" HEIGHT="21" WC="0.96" CONTENT="af"/>
						</TextLine>
						<TextLine ID="line_39" HPOS="191" VPOS="1427" WIDTH="831" HEIGHT="29">
							<String ID="string_354" HPOS="191" VPOS="1427" WIDTH="26" HEIGHT="21" WC="0.92" CONTENT="K."/><SP WIDTH="17" VPOS="1427" HPOS="217"/>
							<String ID="string_355" HPOS="234" VPOS="1427" WIDTH="93" HEIGHT="22" WC="0.93" CONTENT="Senaten"/><SP WIDTH="17" VPOS="1427" HPOS="327"/>
							<String ID="string_356" HPOS="344" VPOS="1429" WIDTH="71" HEIGHT="21" WC="0.91" CONTENT="dertill"/><SP WIDTH="16" VPOS="1429" HPOS="415"/>
							<String ID="string_357" HPOS="431" VPOS="1429" WIDTH="116" HEIGHT="21" WC="0.96" CONTENT="förordnad"/><SP WIDTH="15" VPOS="1429" HPOS="547"/>
							<String ID="string_358" HPOS="562" VPOS="1430" WIDTH="136" HEIGHT="26" WC="0.85" CONTENT="myndighet&quot;"/><SP WIDTH="18" VPOS="1430" HPOS="698"/>
							<String ID="string_359" HPOS="716" VPOS="1430" WIDTH="39" HEIGHT="21" WC="0.96" CONTENT="och"/><SP WIDTH="17" VPOS="1430" HPOS="755"/>
							<String ID="string_360" HPOS="772" VPOS="1430" WIDTH="122" HEIGHT="21" WC="0.96" CONTENT="hemställer"/><SP WIDTH="16" VPOS="1430" HPOS="894"/>
							<String ID="string_361" HPOS="910" VPOS="1436" WIDTH="32" HEIGHT="15" WC="0.93" CONTENT="om"/><SP WIDTH="18" VPOS="1436" HPOS="942"/>
							<String ID="string_362" HPOS="960" VPOS="1435" WIDTH="62" HEIGHT="20" WC="0.90" CONTENT="para-"/>
						</TextLine>
						<TextLine ID="line_40" HPOS="190" VPOS="1456" WIDTH="831" HEIGHT="29">
							<String ID="string_363" HPOS="190" VPOS="1456" WIDTH="86" HEIGHT="25" WC="0.91" CONTENT="grafens"/><SP WIDTH="21" VPOS="1456" HPOS="276"/>
							<String ID="string_364" HPOS="297" VPOS="1457" WIDTH="129" HEIGHT="25" WC="0.96" CONTENT="återremiss,"/><SP WIDTH="19" VPOS="1457" HPOS="426"/>
							<String ID="string_365" HPOS="445" VPOS="1457" WIDTH="33" HEIGHT="22" WC="0.96" CONTENT="för"/><SP WIDTH="23" VPOS="1457" HPOS="478"/>
							<String ID="string_366" HPOS="501" VPOS="1461" WIDTH="32" HEIGHT="18" WC="0.92" CONTENT="att"/><SP WIDTH="16" VPOS="1461" HPOS="533"/>
							<String ID="string_367" HPOS="549" VPOS="1459" WIDTH="86" HEIGHT="26" WC="0.91" CONTENT="bringas"/><SP WIDTH="16" VPOS="1459" HPOS="635"/>
							<String ID="string_368" HPOS="651" VPOS="1459" WIDTH="5" HEIGHT="20" WC="0.93" CONTENT="i"/><SP WIDTH="16" VPOS="1459" HPOS="656"/>
							<String ID="string_369" HPOS="672" VPOS="1459" WIDTH="140" HEIGHT="20" WC="0.91" CONTENT="konformitet"/><SP WIDTH="23" VPOS="1459" HPOS="812"/>
							<String ID="string_370" HPOS="835" VPOS="1459" WIDTH="48" HEIGHT="20" WC="0.96" CONTENT="med"/><SP WIDTH="15" VPOS="1459" HPOS="883"/>
							<String ID="string_371" HPOS="898" VPOS="1458" WIDTH="54" HEIGHT="21" WC="0.93" CONTENT="hvad"/><SP WIDTH="17" VPOS="1458" HPOS="952"/>
							<String ID="string_372" HPOS="969" VPOS="1458" WIDTH="52" HEIGHT="21" WC="0.91" CONTENT="kan-"/>
						</TextLine>
						<TextLine ID="line_41" HPOS="191" VPOS="1484" WIDTH="830" HEIGHT="50">
							<String ID="string_373" HPOS="191" VPOS="1484" WIDTH="72" HEIGHT="50" WC="0.24" CONTENT="a"/><SP WIDTH="24" VPOS="1484" HPOS="263"/>
							<String ID="string_374" HPOS="287" VPOS="1485" WIDTH="22" HEIGHT="21" WC="0.96" CONTENT="af"/><SP WIDTH="13" VPOS="1485" HPOS="309"/>
							<String ID="string_375" HPOS="322" VPOS="1486" WIDTH="68" HEIGHT="21" WC="0.96" CONTENT="andra"/><SP WIDTH="15" VPOS="1486" HPOS="390"/>
							<String ID="string_376" HPOS="405" VPOS="1486" WIDTH="67" HEIGHT="21" WC="0.96" CONTENT="Stånd"/><SP WIDTH="17" VPOS="1486" HPOS="472"/>
							<String ID="string_377" HPOS="489" VPOS="1487" WIDTH="30" HEIGHT="20" WC="0.96" CONTENT="uti"/><SP WIDTH="16" VPOS="1487" HPOS="519"/>
							<String ID="string_378" HPOS="535" VPOS="1487" WIDTH="163" HEIGHT="26" WC="0.96" CONTENT="ifrågavarande"/><SP WIDTH="16" VPOS="1487" HPOS="698"/>
							<String ID="string_379" HPOS="714" VPOS="1487" WIDTH="34" HEIGHT="21" WC="0.96" CONTENT="del"/><SP WIDTH="17" VPOS="1487" HPOS="748"/>
							<String ID="string_380" HPOS="765" VPOS="1487" WIDTH="65" HEIGHT="21" WC="0.96" CONTENT="redan"/><SP WIDTH="16" VPOS="1487" HPOS="830"/>
							<String ID="string_381" HPOS="846" VPOS="1487" WIDTH="90" HEIGHT="26" WC="0.96" CONTENT="tidigare"/><SP WIDTH="16" VPOS="1487" HPOS="936"/>
							<String ID="string_382" HPOS="952" VPOS="1486" WIDTH="69" HEIGHT="21" WC="0.96" CONTENT="blifvit"/>
						</TextLine>
					</TextBlock>
					<TextBlock ID="block_7" HPOS="206" VPOS="1516" WIDTH="84" HEIGHT="19">
						<TextLine ID="line_42" HPOS="206" VPOS="1516" WIDTH="84" HEIGHT="19">
							<String ID="string_383" HPOS="206" VPOS="1516" WIDTH="84" HEIGHT="19" WC="0.91" CONTENT="eslutet."/>
						</TextLine>
					</TextBlock>
				</ComposedBlock>
			</PrintSpace>
		</Page>
	</Layout>
</alto>
