1109 1739
395 113 161 32 Näringslagen.
824 115 40 20 841

66 201 148 28 Regeringens
229 201 115 27 majoritet,
360 201 24 21 så
400 207 61 21 synes
477 202 43 26 mig
528 201 36 22 det
572 208 51 14 vara
632 201 61 21 äfven
702 201 33 21 för
749 201 68 21 denna
828 201 68 26 Rege-

67 230 47 27 ring
128 232 121 25 angenämt,
265 231 32 20 att
314 230 120 21 Ständerna
449 231 69 26 uttala
534 231 31 20 sin
582 230 135 27 uppfattning
732 230 7 21 i
754 230 74 25 frågan
840 229 55 22 oför-

67 259 88 26 tydbart
170 260 6 18 i
193 259 40 20 den
249 259 99 26 riktning,
364 265 44 14 som
424 258 58 21 Frih.
498 258 85 26 Wrede,
594 258 133 21 understödd
738 258 23 21 af
769 258 33 21 Hr
812 257 84 22 Meche-

68 287 35 25 lin,
118 287 117 26 föreslagit.
266 287 40 26 Jag
325 287 41 21 kan
382 287 46 22 icke
444 287 75 26 förstå,
535 289 39 24 att,
590 287 48 21 med
654 287 28 21 all
698 287 86 26 respekt
800 286 32 21 för
848 287 48 20 ord-

68 315 78 22 stäfvet
162 315 89 26 ,lenitur
266 316 21 21 in
303 315 83 26 modo*,
403 315 120 22 Ständerna
539 315 202 26 öfverhufvudtaget
755 315 72 21 kunna
842 315 6 21 i
860 315 36 26 dy-

68 344 44 21 lika
127 344 72 26 frågor
214 347 52 24 göra
281 347 65 18 annat
361 346 27 19 än
404 345 66 26 draga
486 345 26 20 de
527 345 58 26 gifna
601 345 186 26 konseqvenserna
803 344 22 21 af
839 343 58 24 gifna

68 373 120 26 premisser.
219 373 64 21 Detta
299 375 23 18 är
335 373 24 26 ju
375 373 131 21 Ständernas
522 375 44 19 rätt
582 373 39 21 och
635 373 59 27 pligt,
706 373 39 21 och
757 373 69 20 såsom
839 373 56 20 Frih.

68 401 79 22 Wrede
163 402 98 26 antydde,
278 401 44 22 står
338 402 36 20 det
389 402 5 20 i
410 401 144 27 Regeringens
570 402 59 21 makt
645 404 32 18 att
693 402 71 27 lyssna
780 401 31 21 till
828 401 70 20 denna

69 429 132 22 Ständernas
218 430 129 26 uppfordran
364 431 51 20 eller
431 431 53 20 icke.
514 431 42 25 Jag
571 430 117 27 tillstyrker
704 430 124 26 obetingadt
838 429 58 21 Frih.

68 458 91 22 Wredes
176 458 39 22 och
231 459 32 20 Hr
277 458 118 22 Mechelins
411 458 86 26 förslag.

138 527 32 21 Hr
185 527 25 21 E.
226 527 165 27 Furuhjelm:
407 527 71 21 Jemte
494 528 35 20 det
542 527 37 27 jag
595 528 37 21 ber
648 529 32 19 att
696 528 5 20 i
718 527 42 21 allo
776 527 22 21 få
812 527 85 21 biträda

69 555 58 21 Frih.
150 556 89 21 Wredes
255 556 85 26 förslag,
357 556 67 20 måste
438 556 36 26 jag
489 558 109 24 gentemot
614 556 32 21 Hr
661 556 103 21 Mechelin
780 556 58 20 hålla
852 555 47 21 före

69 586 33 19 att
124 584 65 21 orden
212 584 43 27 ,till
277 585 172 26 grundlagsenlig
472 584 141 26 behandling"
637 584 115 27 ingalunda
774 584 76 21 saknat
865 584 32 21 sin

71 613 115 27 betydelse,
211 616 22 23 ty
256 620 47 14 man
325 614 69 20 kunde
409 613 23 27 ju
448 613 123 25 förutsätta,
588 615 32 19 att
638 614 58 20 Hans
712 613 101 27 Majestät
827 612 71 22 kunde

70 641 110 27 förelägga
203 642 119 21 Ständerna
343 644 31 19 ett
389 641 117 28 lagförslag
521 642 75 21 endast
611 642 6 20 i
634 642 99 21 afseende
750 642 12 20 ä
777 642 121 26 afgifvande

70 669 24 21 af
116 670 117 26 utlåtande,
256 670 70 22 såsom
344 670 24 27 ju
384 671 44 20 ofta
443 670 96 22 inträffat
554 671 92 21 rörande
662 671 80 21 sådana
758 670 78 27 frågor,
852 676 45 15 som

70 698 134 27 Regeringen
226 705 61 15 anser
303 699 31 27 sig
350 699 70 21 kunna
436 700 68 20 ordna
520 700 26 26 på
563 699 156 21 administrativ
735 701 45 24 väg.
810 700 41 26 Jag
865 705 33 21 yr-

70 727 40 21 kar
134 728 72 20 derför
227 727 27 27 på
273 728 155 26 godkännande
444 728 22 20 af
480 728 58 20 Frih.
555 728 89 21 Wredes
659 728 79 26 förslag
754 731 51 18 utan
821 728 40 20 den
877 726 24 22 af

72 756 32 20 Hr
119 756 106 21 Mechelin
240 756 121 27 föreslagna
376 756 166 27 uteslutningen.

140 824 32 21 Hr
188 824 23 21 L.
228 824 142 22 Mechelin:
386 825 40 26 Jag
442 825 40 21 har
497 825 122 26 visserligen
636 825 90 26 tidigare
742 824 74 27 antydt
827 826 32 19 att
874 824 27 21 de

72 852 46 25 ord,
143 853 87 21 hvarom
255 854 53 20 varit
330 853 60 27 fråga
405 854 7 20 i
428 854 31 20 Hr
475 854 135 26 Furuhjelins
625 854 107 26 yttrande,
748 853 106 21 sannolikt
869 853 31 21 in-

72 881 56 21 flutit
150 882 32 20 för
206 884 32 19 att
255 884 51 24 göra
322 882 36 21 det
373 882 62 25 klart,
452 884 33 18 att
500 888 48 15 man
565 882 93 27 begärde
674 884 31 18 ett
720 881 181 27 författningsför-

73 909 52 27 slag,
140 910 47 21 icke
204 910 55 21 blott
274 911 32 21 till
322 910 130 22 Ständernas
468 911 117 24 utlätande,
602 913 52 19 utan
670 911 32 21 till
718 910 130 22 Ständernas
864 916 37 14 an-

73 939 97 25 tagande,
194 945 49 15 men
265 940 62 20 dessa
350 940 44 24 ord,
410 939 83 21 hvilkas
517 940 131 25 uteslutning
666 940 36 25 jag
718 939 102 24 förordat,
838 939 64 20 ställa

73 967 47 20 icke
135 967 39 20 alls
192 967 68 21 denna
276 968 37 20 sak
328 968 28 27 pä
371 968 36 20 det
422 968 69 25 klara,
507 970 21 24 ty
545 967 61 21 äfven
624 974 33 15 om
675 968 57 20 Hans
749 967 100 26 Majestät
864 973 38 20 ge-

72 1001 49 15 nom
144 1002 24 14 en
192 997 130 25 proposition
346 996 35 21 vill
404 997 96 20 inhemta
522 997 131 20 Ständernas
670 997 108 20 utlätande
796 996 58 21 öfver
870 998 33 19 ett

72 1024 166 21 administrativt
249 1025 223 26 författningsförslag,
484 1025 24 21 sä
518 1025 54 21 skall
583 1025 75 26 frägan
670 1025 141 20 underkastas
822 1025 78 26 grund-

73 1053 109 26 lagsenlig,
199 1060 47 15 men
262 1054 46 21 icke
324 1053 184 27 grundlagsvidrig
524 1054 134 26 behandling.

143 1115 71 22 Sedan
237 1116 146 21 diskussionen
406 1116 88 21 härmed
518 1116 108 21 afstannat
642 1116 39 21 och
703 1116 24 21 R.
744 1122 18 15 o.
778 1116 32 25 A.,
826 1115 27 27 pä
869 1115 32 21 Hr

73 1145 219 20 Landtmarskalkens
308 1145 163 26 framställning,
480 1145 95 26 godkänt
590 1145 123 20 Utskottets
730 1143 171 22 resolutionsför-

73 1173 46 26 slag
134 1173 13 21 å
162 1173 38 21 sid.
220 1174 24 20 12
260 1174 6 20 i
282 1174 150 25 betänkandet,
449 1176 58 19 emot
522 1174 82 20 hvilket
620 1173 80 27 förslag
716 1173 68 26 någon
800 1172 102 21 anmärk-

73 1202 50 26 ning
138 1202 46 21 icke
203 1201 68 22 blifvit
286 1202 117 25 framstäld,
420 1202 168 21 öfverlemnades
606 1202 130 21 beträffande
752 1202 106 21 klämmen
874 1201 28 26 pä

74 1230 38 21 sid.
130 1231 25 20 13
172 1231 32 20 till
220 1230 100 22 Ständets
336 1231 131 21 besvarande
484 1231 92 26 följande

330 1317 315 26 Omröstningspropositioner:

145 1374 39 19 1:0.
215 1373 54 26 Den,
292 1379 44 15 som
355 1373 36 21 vill
406 1373 115 26 godkänna
536 1373 122 21 Utskottets
674 1373 57 20 kläm
748 1373 11 21 å
775 1373 37 21 sid.
831 1373 25 20 13
872 1372 31 21 in-

74 1401 33 22 till
123 1402 65 21 orden
206 1402 46 24 ,.till
267 1402 172 26 grundlagsenlig
455 1402 150 26 behandling'*,
616 1404 70 19 röstar
699 1402 33 26 ja;

144 1459 40 20 blir
200 1459 32 26 nej
250 1459 160 26 öfvervägande,
426 1459 81 20 införes
522 1459 7 20 i
540 1459 60 20 detta
610 1458 73 26 stycke
695 1458 27 26 pä
732 1459 97 25 lämpligt
840 1457 63 21 ställe

75 1486 36 22 det
126 1486 23 22 af
162 1487 58 21 Frih.
238 1487 75 21 Wrede
328 1487 114 21 förordade
453 1487 97 26 tillägget
563 1493 33 15 om
608 1487 134 21 omedelbart
754 1485 150 28 upphäfvande

74 1514 24 22 af
112 1515 77 27 nädiga
204 1515 143 27 kungörelsen
363 1515 22 21 af
399 1516 39 20 den
456 1516 27 20 14
498 1516 44 20 Juli
560 1516 63 25 1892;
