1109 1739
233 109 41 21 646
476 115 25 17 R.
514 120 19 13 o.
544 115 24 17 A.
582 116 58 17 1894.
666 117 22 16 17
700 115 65 22 April.

201 194 63 27 jande
288 194 22 21 af
324 196 44 19 rätt
382 194 33 21 för
430 195 78 26 gvinna
524 197 38 24 att,
579 197 52 19 utan
648 195 76 22 hinder
738 195 24 22 af
776 196 36 21 sitt
827 196 49 26 kön,
892 196 82 21 ansöka
989 196 39 21 och

203 223 53 32 efter
281 223 99 26 förtjenst
405 223 83 22 erhälla
503 224 163 26 läraretjenster
681 225 35 20 vid
732 227 81 19 statens
828 225 73 21 skolor
916 225 39 21 och
968 225 61 21 semi-

203 257 76 16 narier.

253 308 4 4 .
273 280 78 21 Härom
366 280 66 21 borde
448 281 114 21 Allmänna
576 281 201 22 Besvärsutskottet
793 282 38 21 och
845 281 140 22 Medständen
1002 281 28 27 pä

202 309 80 26 vanligt
298 311 42 19 sätt
356 309 81 21 erhälla
452 310 164 22 underrättelse.

452 480 189 30 Torminsafgifterna
657 481 5 23 i
678 481 96 23 skolorna.

271 549 119 27 Föredrogs
406 550 112 21 Allmänna
533 550 212 21 Besvärsutskottets
761 550 117 27 bordlagda
895 550 134 21 betänkande

202 577 40 22 N:o
260 578 25 20 10
301 578 5 20 i
326 578 112 27 anledning
454 579 22 21 af
490 580 78 20 tvänne
584 579 6 21 i
607 578 161 22 Presteständet
782 579 120 21 inlemnade
917 579 112 26 petitions-

202 606 80 26 förslag
298 607 90 21 rörande
404 608 105 20 särskilda
524 608 151 26 förändringar
690 607 24 21 af
727 608 99 26 gällande
842 608 131 26 stadganden
994 613 33 15 om

203 635 200 27 terminsafgifterna
413 636 6 21 i
430 639 82 18 statens
524 636 217 21 elementarläroverk
753 636 39 21 och
802 636 226 21 fruntimmersskolor.

272 704 135 21 Diskussion:

272 767 31 21 Hr
318 766 25 22 G.
360 768 21 20 Z.
397 767 221 27 Yrjö-Koskinen:
640 768 42 20 Det
692 769 38 25 gör
743 768 41 26 mig
796 768 51 20 ondt
858 770 32 18 att
900 768 46 20 icke
957 767 71 21 kunna

202 797 90 19 stämma
313 796 96 21 öfverens
428 796 47 21 med
492 797 26 20 de
533 797 65 20 ärade
615 796 74 21 herrar
704 796 120 26 pedagoger
840 796 6 21 i
862 796 166 26 Presteståndet,

202 824 72 21 hvilka
289 824 6 20 i
311 824 98 27 samtliga
424 825 131 27 pedagogers
572 831 63 15 namn
650 824 64 22 väckt
730 824 68 21 denna
814 824 95 26 petition.

270 853 42 26 Jag
334 854 80 20 tröstar
437 854 41 26 mig
502 854 64 20 likväl
590 854 93 23 dermed,
706 855 33 19 att
761 852 75 27 frågan
851 853 39 21 alls
906 853 46 21 icke
968 854 24 19 är
1006 853 24 21 af

202 881 129 27 pedagogisk
354 884 68 19 natur.
452 882 65 26 Ingen
541 882 75 26 publik
640 882 61 20 skola
723 882 7 20 i
749 882 71 20 landet
837 882 39 20 har
891 881 32 21 till
938 881 52 27 följd
1006 881 23 21 af

202 910 81 20 bristen
310 910 27 26 på
363 910 107 26 friplatser
496 911 52 21 eller
575 911 48 21 med
646 910 114 27 anledning
778 910 22 21 af
814 910 214 26 terminsafgifternas

202 938 77 27 belopp
299 938 47 21 lidit
368 939 70 26 någon
460 939 122 26 minskning
607 940 5 19 i
629 939 37 20 sitt
682 939 112 25 elevantal,
810 942 52 17 utan
878 939 38 20 har
931 944 96 15 summan

202 966 23 21 af
246 967 86 26 intagna
354 967 70 21 elever
446 967 34 21 vid
500 967 77 27 början
600 967 22 21 af
641 967 109 26 pågående
766 967 69 21 läseår
850 967 55 21 varit
919 967 66 26 högre
1000 968 27 19 än

202 995 75 21 hösten
302 996 61 25 1889,
386 997 62 20 innan
465 996 151 27 förändringen
636 996 7 21 i
664 996 100 21 afseende
780 995 12 21 å
807 995 108 27 friplatser
930 995 40 21 och
986 997 42 19 ter-

202 1024 140 26 minsafgifter
356 1025 141 26 tillämpades.
529 1024 95 21 Sålunda
639 1025 84 26 intogos
739 1024 34 21 vid
785 1024 131 21 sistnämnda
928 1023 100 27 tidpunkt

202 1052 6 20 i
230 1053 140 26 gosskolorna
392 1053 42 21 854
457 1059 41 21 nya
520 1054 79 25 elever,
619 1059 48 15 men
684 1053 75 20 hösten
776 1053 60 24 1893,
853 1052 89 21 oaktadt
958 1053 12 20 6
986 1052 40 21 ele-

202 1083 93 19 mentar-
318 1081 51 21 eller
390 1081 116 22 realskolor
529 1081 28 21 då
580 1081 94 27 upphört
692 1083 32 19 att
743 1087 51 15 vara
809 1081 160 25 statsläroverk,
986 1081 42 20 870

201 1115 41 21 nya
258 1110 75 21 elever.
363 1110 10 21 I
388 1112 82 19 statens
484 1110 219 21 fruntimmersskolor
718 1110 84 27 intogos
818 1110 46 21 åter
880 1109 75 22 hösten
972 1109 55 21 1889

201 1140 32 19 ett
248 1139 59 20 antal
322 1138 23 21 af
358 1139 48 26 284,
423 1145 47 15 men
486 1141 86 18 senaste
587 1139 55 26 höst,
658 1145 34 14 om
708 1139 41 20 den
764 1139 68 20 under
847 1138 58 21 tiden
916 1138 112 21 tillkomna

201 1161 47 27 Åbo
272 1167 67 21 finska
359 1167 207 22 fruntimmersskola
589 1167 81 21 lemnas
688 1173 26 14 ur
731 1167 121 26 beräkning,
869 1167 48 20 289.
946 1166 42 21 Det
1004 1167 24 20 är

201 1195 83 21 således
304 1195 62 27 ingen
383 1196 46 21 fara
444 1198 32 19 att
491 1196 195 21 arbetsmaterialet
702 1195 32 21 för
750 1195 74 21 herrar
836 1195 121 26 pedagoger
973 1194 54 21 skall

201 1224 85 21 komma
308 1227 32 18 att
362 1226 65 25 tryta.
458 1224 92 21 Hvilken
573 1231 69 14 annan
665 1224 131 27 pedagogisk
819 1223 108 27 synpunkt
952 1223 75 20 härvid

201 1253 71 20 kunde
287 1253 85 20 komma
387 1253 7 21 i
411 1253 125 24 beaktande,
552 1253 40 20 har
605 1253 37 26 jag
657 1253 47 20 icke
719 1253 82 20 kunnat
816 1251 89 26 utfinna,
922 1251 40 22 och
972 1251 56 21 före-

200 1281 62 21 faller
282 1281 37 21 det
342 1281 42 26 mig
405 1281 73 22 derför
500 1287 46 15 som
568 1287 34 15 om
626 1281 138 21 skolmännen
781 1281 6 20 i
803 1280 163 21 Presteståndet
981 1280 46 21 icke

201 1309 47 22 haft
274 1309 114 28 anledning
413 1312 32 19 att
469 1309 13 22 å
506 1310 179 26 korporationens
710 1311 80 25 vägnar
814 1311 51 24 taga
892 1309 32 21 till
944 1308 62 21 ordet
1021 1308 6 21 i

201 1338 69 21 denna
285 1338 66 27 fråga.

269 1367 11 20 I
296 1367 74 26 sjelfva
384 1367 75 21 verket
474 1369 23 18 är
512 1366 76 27 frågan
603 1367 40 20 alls
658 1367 47 20 icke
720 1366 138 27 pedagogisk,
873 1368 52 19 utan
940 1365 8 21 i
964 1365 64 21 främ-

200 1397 34 19 sta
256 1397 92 20 rummet
370 1395 72 26 social,
458 1395 39 22 och
512 1396 7 20 i
536 1395 60 21 detta
611 1395 99 21 afseende
726 1395 63 21 ställa
804 1395 32 26 sig
852 1395 25 20 de
894 1394 65 21 ärade
969 1394 59 26 -peti-

200 1424 122 21 tionärerne
337 1424 165 27 uppenbarligen
518 1424 28 26 på
562 1429 25 16 en
602 1423 138 27 ståndpunkt,
755 1429 45 16 som
820 1423 67 26 enligt
901 1422 44 21 min
961 1422 67 21 tanke

200 1453 24 20 är
239 1452 121 26 principielt
375 1453 84 26 oriktig.
488 1452 80 21 Första
582 1452 82 26 frågan,
680 1458 45 15 som
740 1458 50 15 man
806 1451 34 22 vid
851 1451 143 21 bedömandet
1006 1450 24 21 af

200 1480 70 22 denna
292 1480 40 22 sak
354 1480 68 22 måste
444 1482 52 25 göra
510 1480 50 21 klar
574 1480 34 21 för
622 1480 38 27 sig,
676 1482 25 19 är
716 1480 52 22 den:
784 1479 33 22 för
832 1479 81 21 hvilket
928 1478 100 22 ändamål

197 1508 46 27 just
265 1511 71 19 staten
357 1509 136 21 underhåller
514 1509 68 27 högre
596 1509 113 21 läroverk?
732 1508 45 22 Min
792 1508 65 22 tanke
872 1510 31 24 är,
918 1509 33 19 att
967 1508 61 21 detta
