1109 1742
213 106 41 22 862
467 113 24 17 R.
504 118 18 12 o.
535 114 22 16 A.
571 114 57 16 1894.
653 114 13 16 2
678 113 48 21 Maj.

185 198 34 15 om
235 192 200 22 folkskollärarenes
450 194 60 20 löner
526 194 32 20 till
575 194 42 20 tals
637 194 1 20 i
655 194 154 26 sammanhang
827 193 48 21 med
891 193 67 27 öfriga
972 192 42 22 frä-

184 227 39 20 gor
238 222 91 20 rörande
341 221 221 28 folkskolebudgeten.
586 224 38 19 Att
637 222 168 21 Statsutskottet
816 222 117 21 emellertid
944 222 72 21 anfört

185 249 113 21 Allmänna
321 250 208 22 Besvärsutskottets
553 251 137 21 betänkande
710 251 41 21 N:o
768 251 13 20 8
804 250 39 22 och
866 251 39 21 den
922 252 93 20 omstän-

186 277 78 27 dighet,
280 280 32 19 att
327 278 59 22 detta
402 279 135 21 betänkande
553 279 23 21 af
591 279 35 21 tvä
642 279 68 21 Ständ
726 280 132 20 remitterats
874 279 32 21 till
922 279 92 21 Statsut-

185 306 87 26 skottet,
296 306 68 22 säsom
386 308 124 21 omedelbar
532 308 116 26 anledning
671 308 32 21 till
722 308 86 26 frägans
824 307 191 28 äterupptagande,

186 334 110 23 förefaller
311 336 42 26 mig
368 336 116 22 inkorrekt.
511 336 33 22 Då
560 337 70 21 denna
646 336 46 22 sida
706 337 24 20 af
742 336 66 22 saken
824 337 6 20 i
846 337 42 21 alla
903 336 37 21 fall
951 336 65 21 onek-

186 364 55 26 ligen
258 366 24 19 är
296 365 24 21 af
333 365 155 27 öfvervägande
504 365 114 21 teoretiskt
633 365 91 21 intresse
746 365 40 21 och
801 365 29 21 dä
842 365 38 27 jag
895 365 46 21 icke
956 364 60 22 med-

186 392 76 22 verkat
277 393 31 21 till
324 393 24 21 R.
365 400 18 14 o.
400 394 36 21 A:s
453 394 70 21 beslut
538 394 133 21 beträffande
682 394 114 21 Allmänna
806 394 210 21 Besvärsutskottets

186 421 135 22 betänkande
343 422 39 21 N:o
406 423 20 25 8,
448 422 24 22 sä
491 423 137 21 konstaterar
642 422 36 27 jag
694 423 47 21 med
757 422 78 27 fägnad
851 424 33 20 att
899 422 39 21 den
952 422 64 21 önsk-

186 450 68 20 värda
269 450 105 22 reformen
390 452 57 20 ännu
463 451 38 21 har
516 452 68 26 utsigt
599 453 32 19 att
647 451 66 21 blifva
731 451 132 27 genomförd,
880 451 39 21 och
933 450 33 22 fär
978 450 38 27 jag

187 478 6 21 i
210 478 60 22 detta
285 479 54 27 syfte
354 480 73 21 förena
439 480 43 26 mig
498 486 33 15 om
548 480 41 21 den
605 480 67 21 första
689 480 164 21 reservationen.

458 576 290 27 Omröstningsproposition:

258 644 52 24 Den,
334 650 44 15 som
400 645 125 26 godkänner
547 646 27 20 de
596 645 12 21 &
623 645 53 21 sidd.
694 646 11 20 7
721 645 40 21 och
777 645 13 21 8
806 645 22 21 af
842 644 122 22 Utskottets
980 644 36 21 be-

188 672 108 22 tänkande
318 673 172 21 förekommande
513 674 133 21 klämmarne
668 674 92 20 rörande
783 673 195 27 löneförhöjningar
993 673 23 21 ät

188 696 162 41 folkskollärare
373 702 39 21 och
429 702 119 21 lärarinnor
564 702 27 26 pä
607 702 73 22 landet
696 702 66 26 enligt
784 702 123 21 Utskottets
929 702 86 27 förslag,

190 736 73 14 svarar
276 736 33 21 ja;

259 798 41 21 blir
315 799 33 26 nej
364 799 161 26 öfvervägande,
541 801 89 25 antages
646 800 35 20 det
696 800 7 20 i
719 799 158 21 reservationen
888 798 39 22 N:o
940 800 9 19 1
964 804 52 21 upp-

189 828 65 25 tagna
269 828 212 26 resolutionsförslag.

261 895 163 27 Omröstningen
448 896 60 21 utföll
524 896 49 21 med
590 896 26 21 38
629 895 24 27 ja
668 895 39 22 och
724 895 26 22 32
766 895 40 27 nej,
820 895 40 21 och
879 895 55 21 hade
954 895 24 21 R.
999 901 20 15 o.

191 923 26 21 A.
232 923 90 22 sälunda
344 924 96 26 godkänt
462 924 177 22 Statsutskottets
660 923 80 27 förslag
764 924 31 21 uti
811 923 161 27 ifrägavarande
988 923 30 21 af-

190 953 85 20 seende.

260 1021 42 21 Det
318 1021 6 21 i
340 1021 64 22 slutet
420 1021 23 21 af
457 1022 37 21 sid.
512 1022 12 21 8
539 1022 89 27 intagna
643 1021 233 26 resolutionsförslaget
888 1020 131 22 beträffande

190 1049 75 27 anslag
280 1049 31 22 till
327 1050 148 27 pensionering
490 1050 22 21 af
527 1050 41 21 och
583 1050 117 21 understöd
716 1050 22 21 ät
753 1049 267 26 folkskollärarepersona-

191 1077 35 22 len
240 1078 89 26 gillades
343 1081 52 18 utan
410 1079 127 21 diskussion.

261 1147 48 21 Med
325 1147 113 27 anledning
454 1147 22 22 af
486 1147 179 22 Statsutskottets
681 1147 79 26 förslag
776 1147 13 20 &
804 1153 48 20 pag.
871 1147 24 20 10
911 1145 109 28 angäende

191 1175 120 27 beviljande
333 1175 23 21 af
375 1178 31 19 ett
421 1176 74 27 anslag
510 1182 34 15 om
562 1176 76 25 90,000
655 1175 61 22 mark
731 1175 33 21 för
779 1177 33 19 att
827 1175 107 21 användas
950 1175 69 21 säsom

191 1203 75 28 bidrag
282 1205 32 20 till
330 1205 131 26 uppförande
476 1205 22 21 af
511 1204 154 25 folkskolehus,
680 1204 68 21 utbad
762 1204 33 26 sig

261 1278 31 21 Hr
309 1279 24 21 A.
348 1279 23 20 L.
387 1285 41 15 von
446 1279 157 26 Knorring
618 1279 62 21 ordet
695 1278 38 22 och
749 1278 95 27 yttrade:
874 1277 41 22 Till
930 1277 52 27 följd
997 1277 24 22 af

193 1307 36 21 det
244 1313 74 15 varma
333 1307 89 22 intresse
436 1308 36 27 jag
488 1308 62 27 hyser
566 1307 34 21 för
614 1309 33 19 att
666 1313 49 15 man
726 1309 60 19 snart
796 1307 66 21 mätte
873 1306 73 21 kunna
956 1306 63 26 spära

191 1335 26 22 de
233 1336 243 27 välsignelsebringande
491 1336 113 21 frukterna
619 1335 23 22 af
655 1335 193 22 folkskolearbetet
863 1335 57 21 inom
936 1335 83 21 landets

191 1366 59 19 östra
274 1365 40 25 del,
335 1365 165 26 enkannerligen
522 1365 26 21 de
564 1365 32 20 till
612 1364 78 21 Salmis
705 1365 95 20 hörande
815 1364 125 24 socknarna,
956 1363 63 22 utber

188 1393 38 26 jag
249 1393 43 27 mig
307 1393 22 21 fä
342 1393 86 27 inlägga
443 1396 31 19 ett
488 1394 52 26 godt
555 1393 39 21 ord
610 1393 33 21 för
658 1393 159 22 reservationen
833 1392 39 21 N:o
888 1392 20 21 2.
938 1391 42 22 Det
995 1393 25 19 är

192 1421 202 27 Ofverhufvudtaget
415 1422 58 21 svårt
494 1421 34 22 för
551 1421 44 21 alla
618 1421 54 26 dem,
696 1427 45 16 som
757 1421 47 22 icke
820 1421 28 26 pä
862 1422 99 19 närmare
975 1419 45 22 håll

190 1449 84 22 kunnat
288 1451 52 26 göra
355 1451 31 26 sig
402 1450 110 27 förtrogna
528 1450 49 21 med
592 1450 162 21 förhällandena
768 1450 32 21 uti
814 1449 160 26 ifrägavarande
985 1448 35 21 del

190 1478 24 21 af
227 1478 81 25 landet,
331 1481 32 19 att
385 1481 53 24 göra
453 1479 57 21 klart
525 1478 33 21 för
574 1479 38 26 sig,
628 1479 56 21 huru
699 1479 61 26 ringa
775 1478 192 26 bildningsarbetet
982 1477 38 21 der

190 1507 40 21 har
253 1507 88 22 förmätt
358 1507 103 27 igensopa
476 1507 76 27 spären
568 1507 46 22 frän
630 1507 41 22 den
687 1507 38 26 tid,
742 1507 27 21 dä
784 1507 144 26 godsegarens
942 1505 78 22 under-
