1109 1742
242 120 41 20 696
486 126 24 16 R.
524 130 17 12 o.
554 126 22 16 A.
590 126 57 17 1894.
672 126 22 17 21
706 126 64 21 April.

283 206 31 20 Hr
333 212 39 14 von
395 206 182 21 Frenckell:
605 206 46 20 Den
675 206 79 27 lydelse
776 206 112 21 Utskottet
908 206 60 26 gifvit
990 205 11 27 $
1028 206 8 20 1

214 234 103 26 nämligen
340 236 32 19 att
394 234 134 22 erhällandet
547 235 23 20 af
584 234 137 22 stadfästelse
737 235 12 20 ä:
765 234 165 27 bolagsordning
946 234 93 21 nödvän-

213 263 45 26 digt
281 263 39 21 bör
341 263 115 21 föurtsätta
478 265 32 19 att
533 263 132 21 ansökarene
680 264 24 20 af
717 263 149 21 stadfästelsen
882 263 74 27 sjelfva
972 263 67 20 skulle

214 291 63 21 hafva
292 292 114 26 öfvertagit
425 292 43 20 alla
483 292 69 20 aktier
568 292 6 20 i
590 292 92 26 bolaget,
700 295 46 18 tror
758 292 37 26 jag
810 292 86 20 komma
910 294 32 19 att
957 292 5 20 i
980 291 59 26 bety-

213 320 69 21 dande
297 320 48 21 män
362 320 84 21 hämma
462 321 218 26 sammanslutningen
697 320 47 21 utaf
759 320 81 26 kapital
855 321 33 21 för
904 320 98 21 bildande
1018 319 23 21 af

213 349 127 27 aktiebolag.
373 350 40 20 Det
436 351 23 19 är
480 349 106 25 nämligen
609 349 46 21 icke
671 349 60 21 alltid
748 349 60 21 fallet
823 352 31 18 att
871 356 47 14 man
934 354 105 16 samman-

213 378 67 20 sluter
292 378 31 26 sig
339 378 32 20 till
387 380 31 18 ett
434 378 63 26 bolag
512 378 34 20 för
562 381 32 17 att
610 377 66 21 bland
692 378 128 20 tecknarene
835 380 75 24 genast
930 377 109 25 öfvertaga

214 412 24 15 en
256 406 40 21 viss
312 406 70 25 gifven
400 407 80 20 rörelse
495 406 52 21 eller
563 407 42 20 viss
620 406 70 26 gifven
707 406 109 26 egendom,
830 408 52 19 utan
898 408 24 19 är
937 407 36 20 det
983 411 56 21 myc-

214 434 36 21 ket
272 435 44 21 ofta
338 434 58 22 fallet
419 438 32 18 att
467 442 47 14 man
530 435 134 26 projekterar
680 434 109 22 bildandet
805 434 23 22 af
842 435 122 26 aktiebolag
980 434 59 27 längt

216 464 89 26 tidigare
330 465 25 19 än
371 470 49 14 man
436 464 138 20 säkerställer
590 463 31 27 sig
636 464 33 20 för
684 466 33 18 att
733 464 107 26 verkligen
857 464 71 20 kunna
944 464 21 21 fä
980 463 58 21 detta

215 492 63 26 bolag
293 492 30 21 till
340 492 68 21 stånd.
440 493 40 20 Det
496 494 24 19 är
535 493 5 19 i
557 492 77 26 många
650 492 36 21 fall
703 492 93 26 önskligt
812 494 32 19 att
859 493 113 25 stadgarna
992 498 45 20 pre-

212 520 95 21 liminärt
322 522 36 20 äro
374 521 114 21 faststälda
502 521 48 21 utaf
565 521 129 26 myndighet,
710 527 44 15 som
767 521 109 24 vederbör,
892 521 32 21 för
942 523 34 18 att
990 526 47 15 man

213 549 53 21 skall
283 549 71 21 kunna
370 550 20 20 få
406 550 44 21 folk
466 552 32 18 att
513 550 116 20 intressera
645 550 31 25 sig
692 550 33 20 för
738 549 105 25 företaget
854 550 38 20 och
904 550 5 20 i
921 549 117 21 detsamma

213 577 104 27 nedlägga
332 578 86 27 kapital.
445 579 40 26 Jag
501 581 45 18 tror
562 578 90 21 sålunda
668 581 31 18 att
716 578 35 20 det
766 578 23 20 af
799 578 109 21 Utskottet
919 578 119 26 föreslagna

213 606 92 21 vilkoret
331 606 108 27 angående
456 614 24 14 en
496 607 38 21 full
550 607 101 26 teckning
667 608 22 20 af
702 606 100 28 samtliga
818 607 69 21 aktier
902 607 71 20 förrän
990 612 47 15 man

215 635 39 21 har
277 635 102 27 rättighet
404 638 32 18 att
455 636 80 20 ansöka
551 642 33 14 om
603 636 96 20 tillständ
717 636 30 20 till
764 635 100 21 bildande
880 636 22 20 af
916 635 122 26 aktiebolag

214 664 96 21 kommer
334 667 32 17 att
390 664 64 21 blifva
476 664 22 21 af
518 664 127 21 hämmande
668 664 103 21 inverkan
791 664 39 21 och
846 664 114 26 ingalunda
976 664 22 20 af
1013 670 25 14 en

212 693 170 25 uppmuntrande
398 693 72 26 sådan,
486 693 38 21 och
541 693 28 21 dä
584 693 128 21 association
726 693 23 21 af
763 693 79 26 kapital
860 693 30 20 uti
906 694 30 19 ett
953 693 23 20 sä
989 699 49 20 pass

212 721 156 26 kapitalfattigt
389 722 49 20 land
462 728 44 14 som
528 722 48 20 värt
598 723 25 19 är
644 722 90 26 önsklig,
758 721 67 21 mäste
844 722 36 26 jag
896 721 32 21 för
945 721 41 21 min
1003 721 34 21 del

212 756 50 14 anse
279 752 31 18 att
326 750 36 20 det
377 750 82 20 tilllägg,
482 756 44 15 som
542 750 112 21 Utskottet
669 750 55 26 gjort
741 750 5 20 i
764 752 10 24 $
788 751 16 24 1,
816 750 46 21 icke
874 752 23 19 är
909 750 47 20 utaf
966 749 71 21 behof-

212 780 35 19 vet
262 778 115 26 päkalladt,
394 767 51 33 utan
459 767 93 33 tvärtom
570 781 24 18 är
609 779 99 26 skadligt.

282 864 30 21 Hr
327 864 25 21 R.
368 871 40 14 von
424 865 176 20 Haartman:
622 865 40 26 Jag
679 865 37 20 har
734 865 73 26 begärt
820 864 60 21 ordet
892 864 32 21 för
936 866 32 19 att
976 864 60 21 äfven

212 893 47 21 frän
276 893 42 21 min
334 893 150 27 anspräkslösa
500 893 133 27 ständpunkt
649 894 78 26 betyga
743 893 111 21 Utskottet
864 894 42 20 min
918 893 119 26 synnerliga

203 921 193 29 tillfredsställelse
412 922 33 21 för
461 923 35 20 det
512 924 49 22 sätt,
578 922 80 27 hvarpä
673 921 111 22 Utskottet
799 921 41 22 löst
855 922 75 27 frågan
938 922 39 21 och
988 923 48 19 ord-

212 953 36 18 nat
265 950 25 21 de
306 951 6 19 i
329 951 46 20 näd.
391 956 59 21 prop.
467 951 75 26 gjorda
558 950 210 26 framställningarna
783 950 131 27 paragrafvis
929 951 39 20 och
984 950 53 21 efter

209 979 37 26 jag
267 985 28 14 nu
319 979 38 20 har
380 979 68 26 ordet,
471 979 23 21 sä
509 979 38 21 ber
561 979 37 27 jag
613 982 32 18 att
661 979 69 21 tillika
746 979 21 21 fä
782 979 112 21 framhälla
909 979 66 26 nägra
990 985 47 20 syn-

212 1007 91 26 punkter
319 1014 34 14 om
368 1007 103 26 förslaget
486 1009 6 20 i
508 1007 123 22 allmänhet.
660 1007 40 21 Till
716 1010 32 19 att
764 1007 60 27 börja
839 1008 48 20 med
904 1008 79 21 tilläter
999 1008 37 26 jag

211 1036 43 26 mig
276 1039 32 18 att
330 1038 58 25 yttra
411 1037 42 25 mig
476 1043 33 14 om
532 1037 11 26 $
563 1039 17 21 1,
596 1036 68 21 ehuru
680 1037 36 20 det
731 1037 119 26 egentligen
866 1036 68 21 skulle
949 1036 87 21 tillhöra

211 1064 223 27 detaljoranskningen
459 1065 38 21 och
521 1065 74 20 dervid
619 1065 85 21 bemöta
729 1065 40 20 den
786 1065 22 20 af
823 1065 30 20 Hr
869 1071 39 14 von
925 1065 110 21 Frenckell

210 1093 76 26 gjorda
306 1093 173 27 anmärkningen.
512 1094 30 20 En
559 1093 23 21 af
595 1093 251 21 utskottsbetänkandets
861 1093 123 27 förtjenster
998 1093 37 27 lig-

210 1127 38 20 ger
268 1122 46 26 just
336 1122 31 20 uti
390 1122 118 21 ordnandet
534 1122 23 21 af
576 1122 68 21 första
659 1122 115 26 kapitalets
790 1122 31 27 $$,
836 1128 45 15 som
898 1122 78 20 handla
1002 1129 33 13 om

210 1149 104 21 bildande
338 1150 29 27 af
385 1150 68 27 bolag.
485 1151 111 20 Utskottet
620 1151 39 20 har
681 1151 31 20 uti
729 1151 26 20 de
771 1150 67 21 första
854 1152 11 19 7
882 1150 24 27 8$
922 1150 114 21 behandlat

211 1178 69 27 bolag,
305 1185 45 14 som
374 1179 68 21 bildas
465 1179 90 21 sålunda
578 1181 32 19 att
632 1179 42 21 alla
695 1179 69 21 aktier
781 1179 119 26 öfvertagas
916 1179 23 20 af
954 1179 81 26 bolags-

210 1209 97 19 männen.
338 1207 32 21 De
393 1207 65 21 sedan
481 1207 92 27 följande
598 1208 25 26 $$
642 1208 106 21 behandla
764 1209 66 20 sättet
844 1210 32 18 att
892 1207 58 21 bilda
967 1207 67 27 bolag,

210 1235 90 22 sålunda
322 1238 32 19 att
369 1236 98 21 aktierna
482 1236 101 27 utbjudas
599 1237 31 20 till
647 1236 105 27 teckning.
784 1236 41 21 Det
840 1237 80 26 tillägg,
936 1242 44 15 som
996 1236 40 21 Ut-

210 1263 82 22 skottet
314 1265 89 20 sålunda
426 1265 56 26 gjort
498 1265 31 20 till
546 1265 12 26 $
576 1265 19 25 1,
611 1267 39 24 gör
666 1265 64 21 saken
747 1265 76 21 endast
839 1265 103 26 redigare.
972 1265 9 20 I
997 1265 39 20 all-

210 1293 87 20 mänhet
324 1293 39 20 har
384 1295 30 19 ett
438 1293 121 21 samarbete
582 1294 30 20 uti
637 1293 69 26 bolag,
726 1299 46 15 som
788 1293 39 21 här
842 1293 112 26 föreligger
970 1293 66 21 under

209 1321 55 20 form
287 1321 23 20 af
329 1321 129 27 aktiebolag,
481 1322 45 21 icke
542 1322 75 20 vunnit
633 1322 37 21 hos
686 1328 36 15 oss
737 1322 67 26 nägra
818 1322 120 27 synnerliga
954 1327 82 21 sympa-

210 1349 40 21 tier
266 1349 39 22 och
321 1350 60 21 detta
397 1350 116 27 beklagligt
528 1356 49 21 nog.
613 1350 48 21 Man
674 1351 42 20 kan
728 1350 94 21 förklara
833 1351 60 20 detta
903 1349 133 22 förhållande

209 1378 87 21 dermed
312 1380 33 19 att
360 1385 48 14 man
425 1379 45 21 ofta
484 1379 6 20 i
506 1379 136 26 tidningarne
657 1381 43 19 sett
715 1379 84 26 uppgift
814 1385 33 14 om
867 1379 169 24 börsauktioner,

210 1406 37 21 der
270 1407 70 20 aktier
362 1407 22 20 af
406 1407 51 27 högt
472 1408 102 20 nominelt
590 1408 63 21 värde
670 1407 64 27 säljas
750 1408 33 21 för
798 1407 65 27 nägra
878 1407 60 21 mark
954 1407 38 21 och
1009 1407 27 21 dä

209 1441 49 15 man
274 1435 45 21 ofta
334 1442 42 20 nog
391 1436 47 21 icke
454 1439 59 23 tager
529 1436 51 21 reda
596 1436 33 26 pä,
645 1435 87 22 hvarför
746 1435 24 22 sä
785 1436 101 21 förhäller
897 1436 38 26 sig,
946 1435 24 21 sä
980 1435 56 27 skyl-

209 1463 31 21 ler
256 1469 48 15 man
320 1464 36 21 det
372 1464 27 26 pä
414 1464 74 27 sjelfva
504 1464 82 21 formen
597 1465 33 20 för
640 1464 157 26 aktiebolagen.
815 1465 30 20 De
856 1464 70 21 bättre
940 1464 96 21 aktierna

210 1491 87 22 komma
319 1493 68 20 sällan
410 1493 32 20 till
466 1493 180 21 börsmäklarene.
677 1493 76 20 Denna
775 1493 157 26 omständighet
951 1493 38 20 har
1005 1495 31 19 ett

209 1520 53 21 visst
276 1521 90 21 intresse
382 1521 40 21 och
438 1521 27 21 dä
480 1521 130 22 samarbetet
625 1522 7 20 i
648 1521 55 21 form
718 1521 24 22 af
754 1521 122 26 aktiebolag
891 1521 68 22 mäste
974 1527 62 16 anses
