1109 1739
222 107 42 20 606
470 113 25 17 R.
507 117 18 13 o.
537 113 24 16 A.
575 113 58 17 1894.
657 113 22 17 17
691 113 62 22 April.

263 192 32 22 Hr
318 193 24 21 L.
359 192 188 28 Gripenberg:
571 193 70 22 Jemte
657 193 36 22 det
705 193 38 27 jag
758 193 85 21 förenar
857 193 44 27 mig
916 193 49 21 med
980 193 41 21 den

193 221 128 27 föregäende
343 221 64 22 ärade
426 221 83 22 talaren
524 222 7 21 i
546 221 57 22 hvad
618 221 102 22 beträffar
736 222 51 21 hans
802 222 95 27 yrkande
912 222 109 27 angäende

195 250 12 20 2
230 256 63 15 mom.
317 250 22 21 af
361 251 23 20 11
402 251 19 26 8,
437 250 96 22 anhåller
545 250 39 27 jag
598 250 22 21 få
634 250 56 22 fästa
705 251 25 21 R.
746 257 19 15 o.
781 250 37 21 A:s
833 250 189 27 uppmärksamhet

194 279 28 26 pä
243 280 32 19 att
297 279 40 21 den
356 279 143 27 formulering,
523 285 46 16 som
594 281 9 19 1
625 285 64 16 mom.
704 279 7 21 i
728 281 12 20 2
757 280 12 27 &
785 279 85 22 erhållit
885 279 59 21 såväl
958 279 7 21 i
981 279 40 22 den

194 307 49 21 näd.
266 313 60 21 prop.
349 313 45 16 som
417 308 7 21 i
447 308 163 27 Lagutskottets
625 308 134 21 betänkande
775 308 59 21 leder
849 308 32 21 till
897 308 45 21 helt
957 310 65 19 annat

194 335 97 26 resultat,
314 338 26 19 än
364 337 85 21 dermed
472 337 95 26 äsyftats.
599 336 37 22 Uti
656 343 28 14 nu
706 337 99 26 gällande
820 336 124 27 förordning
958 337 64 26 angä-

195 365 53 21 ende
269 365 124 21 koncession
416 365 13 22 &
447 365 82 22 enskild
541 365 91 27 jernväg
647 365 33 21 för
695 365 78 22 allmän
789 365 124 22 samfärdsel
929 365 92 27 stadgas,

195 395 33 20 att
243 393 70 22 derest
326 394 89 27 jernväg
430 394 54 21 skall
499 400 76 21 genom
591 394 122 27 aktiebolag
728 394 159 27 åvägabringas,
904 393 117 29 aktiekapi-

195 422 53 21 talet
271 422 39 21 bör
329 423 51 26 utgå
395 423 31 20 till
443 423 64 21 minst
522 423 82 21 hälften
620 423 23 20 af
656 423 264 26 anläggningskostnaden.
952 423 70 20 Anda-

195 450 66 22 målet
281 451 48 21 med
351 451 59 21 detta
431 452 118 26 stadgande
564 458 37 14 var
616 452 167 26 uppenbarligen
799 452 42 26 det,
857 453 32 19 att
904 452 36 20 det
955 451 66 21 aktie-

195 479 88 27 kapital,
299 485 45 15 som
360 480 98 26 förefans,
467 480 68 21 skulle
551 480 115 27 öfverstiga
682 481 25 20 de
723 480 83 26 belopp,
823 486 44 15 som
883 486 76 21 genom
970 486 52 20 upp-

195 508 92 26 tagande
310 508 22 21 af
353 509 162 26 obligationslån
539 509 52 21 eller
613 515 75 21 genom
704 510 67 20 andra
786 509 183 27 låneoperationer
984 514 38 15 an-

197 536 111 22 skaffades.
339 537 32 21 Då
385 538 35 20 vid
436 538 40 21 den
491 537 49 21 nåd.
556 544 73 20 prop:s
645 538 128 26 behandling
789 538 6 20 i
811 538 24 20 R.
852 544 18 14 o.
884 537 25 21 A.
920 538 36 20 vid
968 537 54 21 1888

198 566 35 20 ärs
249 566 102 26 landtdag
366 568 56 19 emot
439 567 58 21 detta
512 567 119 26 stadgande
644 566 128 26 anmärktes,
784 568 32 19 att
827 566 73 21 dervid
911 566 47 21 icke
968 566 54 21 hade

197 594 99 22 beaktats
311 597 32 19 att
357 595 126 21 subvention
498 595 100 27 möjligen
613 595 72 21 kunde
700 595 94 27 beviljas,
804 595 69 21 beslöt
888 594 23 22 R.
929 601 19 15 o.
960 595 24 21 A.
995 594 28 27 pä

197 623 26 21 de
239 623 52 25 skäl,
308 630 45 14 som
368 624 7 20 i
391 624 38 21 den
446 624 49 21 näd.
510 630 61 20 prop.
584 626 37 19 äro
634 624 100 26 antydda,
747 626 32 19 att
792 624 34 26 S:n
839 624 40 21 bör
889 623 135 21 omformule-

196 658 35 15 ras
254 652 7 20 i
285 652 36 21 det
343 652 59 27 syfte,
424 655 37 25 att,
477 653 34 21 vid
528 653 171 21 bestämmandet
714 653 23 21 af
748 652 173 27 aktiekapitalets
937 652 85 26 storlek,

197 680 143 27 tilläfventyrs
360 681 91 27 beviljad
473 681 127 22 subvention
622 682 67 20 borde
703 682 47 20 frän
766 681 258 27 anläggningskostnaden

197 709 105 21 afräknas.
333 710 64 21 Detta
420 710 24 21 R.
468 716 18 15 o.
507 710 37 21 A:s
561 710 26 21 dä
602 710 81 21 fattade
699 710 70 22 beslut
784 710 61 21 ledde
861 710 54 21 dock
930 710 46 20 icke
992 709 32 21 till

198 738 69 27 nägon
291 738 82 27 ätgärd,
396 740 88 20 emedan
507 739 70 21 denna
599 739 157 27 omständighet
771 739 48 21 icke
834 738 54 22 hade
905 738 68 21 blifvit
988 738 36 21 ob-

198 767 99 21 serverad
319 768 6 20 ji
347 767 66 27 något
428 768 23 21 af
465 768 25 21 de
505 768 68 21 andra
589 767 100 22 Ständen.
720 768 73 26 Enligt
808 768 56 20 hvad
879 767 7 21 i
901 767 48 21 nåd.
965 773 59 20 prop.

198 796 114 26 meddelas,
337 796 80 26 äsyftar
443 797 40 21 den
506 803 29 15 nu
558 796 119 27 föreslagna
700 796 150 27 förändringen
865 798 33 18 att
913 796 112 26 tillgodose

197 824 65 27 syftet
285 824 6 21 i
314 824 68 22 denna
405 825 22 21 af
444 826 24 20 R.
485 832 18 14 o.
520 826 24 20 A.
561 825 101 27 vidtagna
677 825 130 26 förändring.
837 825 10 21 I
863 824 74 27 sjelfva
952 824 73 21 verket

198 853 39 21 har
252 853 112 22 resultatet
379 854 60 25 dock,
455 854 69 21 såsom
540 854 95 25 nämndt,
653 854 68 20 blifvit
736 854 65 26 något
817 853 44 21 helt
875 856 73 18 annat.
978 853 47 21 Den

197 881 24 21 af
234 882 25 20 R.
276 888 18 14 o.
311 882 24 21 A.
352 882 97 21 beslutna
464 882 201 28 omformuleringen
681 883 95 23 innebär,
793 884 31 19 att
835 882 44 21 ifall
890 882 33 20 för
934 888 25 14 en
967 881 58 27 jern-

198 910 180 28 vägsanläggning
400 911 125 21 subvention
549 912 69 20 skulle
637 911 64 21 hafva
715 911 70 21 blifvit
801 910 97 27 beviljad,
915 910 40 21 och
971 910 54 21 före-

198 941 60 24 taget
280 945 75 20 genom
379 940 121 26 aktiebolag
519 940 160 27 ävägabringas.
697 940 23 21 sä
736 940 38 20 bör
790 940 22 20 af
826 940 35 20 det
876 939 88 26 kapital,
980 945 45 14 som

197 967 85 21 utöfver
303 968 153 21 subventionen
473 969 112 24 erfordras,
602 968 129 21 ätminstone
746 968 81 21 hälften
843 973 50 15 vara
909 967 117 26 aktiekapi-

198 996 37 25 tal,
251 996 75 21 medan
343 997 39 20 den
398 997 67 21 andra
480 997 81 21 hälften
572 998 96 20 deremot
679 997 54 26 finge
744 996 106 21 anskaffas
859 1002 76 21 genom
946 996 80 26 obliga-

199 1025 99 20 tionslän.
329 1025 61 21 Hvad
413 1032 45 15 som
481 1026 96 21 deremot
593 1032 28 14 nu
636 1026 7 20 i
658 1026 163 26 Lagutskottets
837 1025 134 21 betänkande
987 1023 39 22 och

199 1053 50 21 näd.
265 1059 59 21 prop.
341 1054 94 25 föresläs,
451 1054 94 25 innebär,
563 1056 32 19 att
609 1055 7 20 i
631 1055 57 20 vissa
700 1054 36 21 fall
747 1056 32 19 ett
789 1053 183 28 jernvägsföretag
984 1053 42 20 kan

199 1082 94 26 grundas
312 1082 27 26 pä
355 1085 30 18 ett
401 1083 139 27 aktiekapital
556 1083 23 21 af
592 1083 93 21 minimal
701 1083 86 25 storlek,
802 1083 29 26 ja,
847 1085 15 18 t.
879 1089 18 14 o.
913 1088 27 14 m.
956 1082 22 20 af
991 1087 35 15 en-

201 1111 47 20 dast
272 1112 9 19 1
306 1111 66 24 mark,
395 1112 76 21 medan
495 1112 233 26 obligationskapitalet
749 1113 42 19 kan
807 1117 51 15 vara
873 1111 5 20 i
895 1110 132 21 förhällande

200 1139 71 21 dertill
287 1139 55 21 huru
357 1142 55 19 stort
427 1147 45 14 som
488 1140 61 21 helst.
581 1140 41 21 Det
638 1140 61 21 heter
713 1140 106 27 nämligen
835 1140 6 20 i
855 1140 40 20 den
907 1139 48 20 nåd.
967 1145 59 20 prop.

201 1168 39 21 och
256 1168 162 27 Lagutskottets
434 1169 141 24 betänkande,
586 1172 32 17 att
629 1169 124 21 koncession
764 1169 42 20 kan
817 1168 88 27 beviljas
916 1167 33 21 för
961 1167 67 21 aktie-

200 1197 64 26 bolag
280 1197 47 20 med
343 1199 31 19 ett
384 1197 147 27 aktiekapital,
543 1204 45 15 som
600 1200 96 22 ,,ensamt
706 1198 33 20 för
749 1197 43 27 sig"
806 1197 66 26 enligt
881 1202 61 21 prop.
956 1196 20 24 ,i
988 1195 40 22 och

200 1225 33 20 för
256 1225 32 27 sig
310 1225 51 21 eller
382 1226 71 21 tillökt
468 1227 48 20 med
531 1227 100 26 möjligen
647 1226 92 27 beviljad
754 1225 133 24 subvention,
904 1225 124 26 öfverstiger

200 1253 82 21 hälften
305 1254 22 21 af
349 1255 40 20 den
411 1255 138 27 erforderliga
572 1255 275 26 anläggningskostnaden*.
877 1253 41 27 Jag
933 1253 96 21 anhäller

201 1284 33 19 att
249 1289 75 20 genom
341 1285 30 18 ett
387 1284 93 26 exempel
495 1284 22 20 fä
532 1284 114 26 förtydliga
662 1284 40 21 den
717 1283 91 26 skilnad,
825 1289 44 14 som
886 1282 76 21 härvid
974 1281 54 21 före-

201 1310 74 27 ligger.
307 1313 37 19 Om
363 1318 47 14 man
427 1315 94 24 antager,
537 1314 33 19 att
586 1314 30 19 ett
629 1312 185 27 jernvägsföretag
829 1311 68 21 skulle
913 1310 75 21 kräfva
1003 1316 26 15 en

201 1339 231 27 anläggningskostnad
456 1341 23 20 af
500 1342 10 18 1
535 1341 74 26 miljon
632 1341 61 20 mark
708 1341 38 21 och
763 1342 32 19 att
811 1340 33 21 för
859 1340 69 20 denna
941 1339 88 26 jernväg

201 1374 26 15 en
251 1368 125 21 subvention
394 1369 22 21 af
429 1370 92 25 500,000
537 1369 61 21 mark
614 1369 103 27 beviljats,
733 1369 24 21 sä
772 1369 69 20 skulle
857 1367 66 28 enligt
938 1368 40 21 den
994 1367 35 21 be-

201 1397 114 26 stämning,
341 1403 44 15 som
408 1397 39 22 här
472 1398 119 27 egentligen
614 1398 62 26 afses,
700 1398 22 21 af
737 1398 25 21 de
779 1397 68 27 öfriga
863 1397 91 26 500,000
969 1395 61 21 mark

202 1425 65 21 minst
289 1425 86 26 hälften,
398 1427 81 20 således
495 1429 64 18 minst
574 1427 91 26 250,000
680 1427 61 20 mark
756 1427 53 20 böra
824 1431 51 16 vara
891 1424 139 27 aktiekapital

203 1454 39 21 och
258 1454 122 21 återstoden
395 1455 28 26 pä
438 1458 65 18 annat
517 1457 45 19 sätt
577 1455 21 21 få
613 1455 110 21 anskaffas.
747 1455 74 25 Enligt
837 1454 39 21 den
887 1453 143 25 formulering,

202 1488 45 14 som
270 1489 28 14 nu
313 1483 71 26 gifvits
399 1484 18 26 &,
433 1484 38 20 bör
487 1483 168 27 aktiekapitalet,
671 1483 72 21 tillökt
759 1483 48 21 med
823 1482 161 23 subventionen,
1000 1481 31 21 öf-

202 1511 93 27 verstiga
322 1512 80 21 hälften
430 1512 22 21 af
475 1512 264 27 anläggningskostnaden.
770 1512 33 20 Dä
831 1511 153 21 subventionen
1007 1512 23 19 är
