1106 1739
244 111 41 21 638
486 117 25 17 R.
524 121 18 13 o.
554 118 22 16 A.
590 118 58 16 1894.
673 118 21 16 17
706 118 63 21 April.

215 197 74 26 ringen
312 202 45 16 som
379 196 48 22 han.
457 197 31 21 Ur
512 204 24 14 en
560 198 67 20 delvis
649 204 69 15 annan
740 197 113 28 synpunkt,
873 204 44 14 som
933 197 61 21 äfven
1010 197 30 21 in-

216 228 104 18 tresserar
336 225 124 27 Ständerna,
477 226 120 26 respektive
612 226 171 26 Statsutskottet,
794 226 117 22 omfattade
923 226 35 27 jag
967 226 73 21 nämli-

215 260 42 20 gen
278 254 32 20 Hr
334 254 112 27 Wegelius'
467 255 131 21 reservation
616 255 7 21 i
640 255 68 21 denna
722 256 75 26 punkt,
813 254 149 22 innehällande
977 254 64 22 bland

216 284 71 24 annat,
311 284 33 20 att
367 283 60 21 äfven
450 283 138 21 innestäende
609 284 132 26 vinstmedel,
764 284 73 20 hvilka
857 284 72 20 kunna
944 283 23 21 af
980 283 60 22 Stän-

216 311 66 21 derna
303 311 33 21 för
354 312 106 21 allmänna
474 312 154 21 statsändamäl
643 313 89 27 anvisas,
747 312 39 22 här
801 312 66 21 måtte
883 312 84 21 komma
981 312 7 20 i
1004 312 37 20 be-

215 339 96 27 räkning.
342 340 34 21 Då
395 340 37 27 jag
454 341 94 21 ansluter
563 341 43 26 mig
621 341 32 21 till
669 342 69 20 denna
754 342 136 24 reservation,
906 343 23 19 är
945 341 35 21 det
995 340 46 21 icke

215 368 25 22 sä
254 369 83 26 mycket
352 369 23 21 af
388 369 90 21 intresse
493 369 33 21 för
541 370 90 24 banken,
653 376 45 14 som
714 370 88 21 fastmer
816 370 24 21 af
853 370 89 21 intresse
960 369 31 21 för
1009 370 32 20 att

217 397 120 21 Ständerna
358 398 67 21 mätte
448 398 63 21 hafva
533 398 40 21 fria
594 398 85 24 händer,
696 400 38 20 när
750 399 36 21 det
800 398 68 27 gäller
883 400 31 19 att
929 398 112 26 disponera

215 426 95 21 bankens
326 426 129 22 vinstmedel.
479 427 88 21 Banken
583 427 45 24 har,
647 428 35 20 det
698 428 104 20 erkänner
815 427 38 27 jag
868 427 72 27 villigt,
958 433 25 14 en
993 426 48 21 svär

218 454 106 28 ställning,
348 455 27 21 dä
397 455 13 21 &
430 462 40 14 ena
487 456 59 21 sidan
563 456 119 21 Ständerna
697 456 73 21 fordra
785 458 59 19 stora
859 456 74 26 bidrag
949 455 31 21 till
995 455 46 21 sina

216 483 142 26 skattebehof,
381 484 39 21 och
443 485 13 20 &
478 485 67 20 andra
565 485 61 20 sidan
648 485 82 21 banken
748 484 54 22 skall
823 484 94 27 redligen
933 483 107 22 efterlefva

216 512 64 27 syftet
300 512 7 21 i
327 512 12 27 $
361 514 6 19 1
386 512 23 22 af
422 513 145 27 reglementet,
584 513 39 21 och
639 516 31 18 att
683 514 73 25 jemka
770 513 78 21 mellan
864 513 61 21 dessa
940 513 57 21 olika
1011 512 30 21 in-

215 543 82 19 tressen
317 543 24 19 är
360 542 132 26 sannerligen
507 542 46 21 icke
569 542 48 25 lätt;
634 548 48 15 men
695 542 37 26 jag
746 542 68 21 häller
829 542 46 21 före
890 544 31 18 att
936 541 105 27 principa-

216 570 69 20 lernes
307 570 48 21 icke
370 570 117 27 obefogade
502 571 98 26 anspråk,
616 571 70 21 såsom
702 572 32 20 Hr
749 570 105 22 Mechelin
869 570 84 27 mycket
968 570 73 26 riktigt

215 599 85 26 yttrade
315 599 38 26 sig,
372 599 27 27 på
416 599 54 27 årlig
486 600 210 26 dividendutdelning
710 600 46 21 från
773 600 84 20 banken
873 601 24 19 är
913 599 128 27 berättigadt

216 627 39 21 och
272 627 38 21 bör
325 628 69 20 såvidt
409 628 81 27 möjligt
506 628 129 27 tillgodoses.

284 696 32 21 Hr
329 696 205 28 Montgomery:
558 697 40 27 Jag
613 697 67 21 måste
696 697 64 21 också
775 696 33 21 för
823 696 42 21 min
883 696 33 21 del
931 696 26 21 be
973 697 32 20 att
1019 695 22 22 få

215 725 87 21 förorda
317 725 31 21 Hr
365 726 87 27 Wegelii
468 726 137 25 reservation,
622 732 44 15 som
680 726 36 27 jag
732 725 67 21 finner
814 725 95 26 sakenlig
920 725 38 20 och
969 724 70 27 riktig.

216 753 44 22 När
281 760 48 14 man
346 754 68 21 såsom
430 754 163 27 sedelutgifning
608 756 71 19 ansett
694 754 38 21 och
749 760 61 15 anser
826 754 100 26 beloppet
941 753 22 21 af
976 753 65 21 bevil-

214 782 54 27 jadt,
278 789 46 14 men
341 783 46 21 icke
400 783 120 27 begagnadt
535 783 161 26 kassakreditiv,
712 783 24 21 så
751 785 24 18 är
791 783 36 20 det
842 783 6 20 i
860 783 31 20 sin
902 782 89 26 ordning
1009 783 32 20 att

216 811 64 21 också
295 811 98 22 betrakta
408 812 80 21 sådana
502 812 132 25 vinstmedel,
650 818 45 15 som
711 814 38 19 när
764 817 45 15 som
825 811 55 20 helst
891 811 70 20 kunna
970 811 71 26 dispo-

217 846 61 15 neras
294 839 33 21 för
342 841 139 20 statsverkets
496 841 95 26 räkning,
607 841 28 26 på
650 847 81 14 samma
746 842 48 19 sätt.
818 840 43 21 Det
875 839 66 21 finnes
959 839 80 21 således

216 868 81 27 ganska
315 869 41 26 god
372 869 68 26 grund
455 869 33 21 för
503 869 32 21 Hr
550 869 88 26 Wegelii
654 869 144 26 formulering,
810 869 146 26 synnerligast,
968 868 26 21 då
1005 868 36 21 det

216 897 40 21 har
280 897 68 21 blifvit
363 898 87 26 vanligt,
466 898 68 21 såsom
548 898 24 26 ju
588 898 61 21 äfven
665 898 81 26 ganska
761 897 75 26 riktigt
851 899 30 22 är,
897 899 32 18 att
945 896 22 21 af
981 897 60 20 dessa

216 925 76 27 belopp
316 926 111 21 efterhand
450 928 84 25 uttages
556 927 75 20 endast
646 926 56 21 hvad
718 933 45 14 som
779 926 33 21 för
827 925 93 21 tillfället
936 925 104 21 behöfves.

286 995 56 21 Frih.
358 995 25 22 A.
396 995 202 22 Cedercreutz:
613 995 167 21 Bankutskottet
788 994 40 21 har
835 993 39 21 här
883 993 46 21 icke
940 993 55 27 gjort
1005 993 37 20 nä-

216 1029 41 20 gon
280 1024 123 27 förändring
418 1025 22 21 af
459 1025 93 26 lydelsen
568 1024 23 21 af
608 1024 34 27 $:n
660 1024 66 21 sädan
742 1024 40 20 den
798 1023 123 26 godkändes
936 1022 22 21 af
971 1021 42 21 alla
1028 1023 13 19 4

216 1051 68 22 Ständ
299 1053 36 20 vid
350 1056 84 18 senaste
449 1053 103 26 landtdag
567 1053 39 20 och
622 1053 39 20 har
676 1053 46 20 icke
738 1051 66 22 heller
820 1051 56 21 velat
891 1053 55 18 ännu
961 1050 35 21 vid
1008 1051 33 20 be-

217 1081 90 26 räkning
323 1081 22 21 af
360 1081 39 21 den
415 1082 127 26 utelöpande
558 1081 145 21 sedelstocken
716 1081 69 20 införa
801 1080 36 21 det
852 1080 22 20 af
887 1079 32 21 Hr
935 1079 106 26 Wegelius

217 1109 121 27 föreslagna
354 1112 72 25 sättet,
442 1110 94 25 emedan,
552 1110 70 21 säsom
638 1109 167 22 Bankutskottet
820 1109 6 20 i
843 1107 152 26 motiveringen
1007 1109 35 19 sä-

216 1144 43 20 ger,
276 1137 111 22 Utskottet
402 1139 95 21 kommer
513 1139 32 20 till
560 1138 120 21 Ständerna
695 1138 7 21 i
717 1138 38 21 sitt
769 1139 62 19 nästa
848 1136 132 21 betänkande
993 1136 48 21 med

216 1168 32 19 ett
263 1166 79 27 förslag
357 1168 109 26 angäende
481 1167 53 21 mätt
548 1167 39 21 och
603 1169 46 24 steg
665 1167 33 20 för
713 1166 91 21 revision
820 1165 23 21 af
858 1165 101 21 Finlands
969 1164 72 21 Banks

216 1195 225 27 sedelutgifningsrätt.

287 1258 30 21 Hr
340 1258 24 21 V.
389 1265 40 15 von
452 1259 170 21 Haartman:
638 1258 40 27 Jag
693 1258 38 21 ber
746 1257 76 21 endast
837 1259 32 19 att
883 1256 22 22 fä
920 1256 55 21 fästa
989 1262 51 20 upp-

216 1286 171 22 märksamheten
412 1288 70 26 derpä,
506 1290 32 18 att
560 1287 32 21 uti
622 1288 4 20 2
651 1293 63 15 mom.
738 1287 22 20 af
784 1287 11 25 &
820 1287 26 20 18
868 1285 61 27 ingår
951 1285 36 20 det
1008 1287 32 18 ut-

216 1315 104 27 tryckliga
346 1316 123 26 stadgande,
493 1318 32 19 att
540 1316 70 20 säsom
626 1316 128 26 utelöpande
770 1314 71 22 sedlar
856 1314 60 20 skola
931 1313 60 21 äfven
1006 1313 34 21 be-

215 1344 79 20 räknas
316 1344 34 21 vid
374 1344 115 22 anfordran
508 1344 100 22 förfallna
625 1344 145 21 förbindelser.
802 1343 32 21 De
851 1342 129 24 vinstmedel,
996 1348 45 14 som

215 1372 85 21 innestä
314 1373 7 20 i
337 1373 89 27 banken,
446 1374 71 20 kunna
532 1373 34 21 väl
581 1373 99 21 hänföras
691 1372 32 21 till
739 1372 86 25 sädana,
841 1377 45 15 som
902 1373 36 19 äro
955 1370 34 21 vid
1005 1376 37 15 an-

215 1400 88 22 fordran
326 1401 116 23 betalbara,
458 1402 39 21 och
520 1402 28 26 pä
570 1402 70 20 denna
658 1401 67 27 grund
741 1400 69 22 skulle
822 1400 37 26 jag
874 1406 50 15 anse
940 1400 36 20 det
991 1404 51 16 vara

216 1429 116 27 obehöfligt
355 1433 31 18 att
408 1430 100 22 särskildt
530 1432 93 24 upptaga
645 1430 61 21 dessa
721 1428 126 22 vinstmedet
863 1428 69 21 såsom
948 1427 94 21 börande

216 1458 78 21 räknas
310 1458 32 21 till
366 1458 99 28 beloppet
487 1458 22 22 af
523 1458 128 27 utelöpande
671 1458 75 22 sedlar.
780 1457 41 27 Jag
841 1457 67 21 skulle
924 1456 71 21 derför
1009 1455 33 21 för

215 1486 45 21 min
276 1487 32 21 del
324 1487 113 26 godkänna
452 1488 39 26 $:n,
500 1487 65 21 sådan
582 1488 39 20 den
637 1487 59 27 lyder
712 1486 64 26 enligt
791 1486 119 21 Utskottets
923 1485 39 21 och
973 1484 69 21 Bank-

214 1514 146 28 fullmäktiges
375 1516 85 27 förslag.
