1109 1736
294 119 136 20 Reglemente
442 119 32 16 för
485 118 101 17 Finlands
599 119 65 16 Bank.
822 113 36 20 631

65 199 65 21 lunda
146 198 41 22 kan
202 205 48 15 man
266 198 28 27 på
308 198 106 27 naturliga
430 199 92 34 grunder
537 198 40 21 och
595 199 53 21 efter
664 198 37 33 sig
711 198 122 22 företeende
849 204 43 14 om-

65 227 145 27 ständigheter
232 227 43 21 låta
290 227 150 21 reservfonden
455 229 53 19 växa
523 227 84 21 utöfver
623 228 36 20 det
674 227 116 25 minimum,
805 233 44 15 som
865 226 28 27 på

66 262 25 15 en
114 256 126 27 föregående
262 256 100 26 tidpunkt
376 256 71 20 blifvit
462 256 113 21 bestämdt.
606 256 42 21 Det
663 258 25 18 är
704 256 46 20 med
766 256 99 20 afseende
880 255 13 21 &

66 285 41 21 den
121 287 57 18 rätta
194 284 128 21 karaktären
338 284 22 21 af
374 285 69 20 denna
458 284 67 21 banks
541 284 40 21 och
596 284 74 27 hvarje
680 284 68 21 banks
761 284 130 26 reservfond,

66 319 44 16 som
133 313 35 21 det
191 319 61 21 synes
275 313 49 26 mig,
347 315 33 18 att
400 313 120 22 Ständerna
543 319 28 15 nu
594 313 67 21 borde
677 313 43 20 låta
735 313 51 21 bero
802 313 34 21 vid
852 313 40 20 den

66 341 64 26 siffra,
152 348 46 15 som
214 342 51 21 1891
284 341 35 21 års
334 341 92 22 Ständer
444 342 88 27 antagit,
548 341 39 22 och
604 341 63 22 utber
680 341 37 27 jag
732 341 42 27 mig
789 341 28 27 på
832 342 61 21 dessa

66 371 46 21 skäl
128 371 22 20 få
165 370 77 21 föreslå
256 370 155 27 godkännande
427 370 23 21 af
463 370 179 21 Bankutskottets
658 370 85 27 förslag.

136 456 70 21 Sedan
228 457 146 21 diskussionen
397 457 6 20 i
420 457 115 21 allmänhet
550 457 92 21 rörande
657 456 102 27 förslaget
774 456 32 21 till
822 455 72 22 ofvan-

67 485 93 21 nämnda
175 485 127 27 reglemente
318 485 39 22 och
372 487 44 19 stat
431 485 98 22 afslutats
544 488 57 18 samt
616 485 24 21 R.
657 491 17 15 o.
692 485 32 25 A.,
740 485 27 26 på
783 484 111 21 framställ-

67 514 51 26 ning
133 514 23 21 af
169 513 32 22 Hr
216 514 212 26 Landtmarskalken,
445 515 95 26 godkänt
556 515 40 20 den
612 513 13 22 å
640 514 38 21 sid.
698 515 26 20 15
740 513 22 21 af
773 513 121 22 Utskottets

68 543 134 20 betänkande
224 543 102 26 ingående
348 543 113 24 klämmen,
480 543 118 26 öfvergicks
616 543 32 20 till
664 542 195 27 detaljgranskning
874 541 23 22 af

68 571 92 21 berörda
174 571 78 27 förslag
267 571 38 21 och
320 571 123 27 godkändes
459 571 74 21 härvid
548 575 52 17 utan
615 571 140 27 anmärkning
770 571 11 27 $
800 572 16 19 1.

138 656 115 27 Angående
268 656 12 28 $
296 657 13 20 2
326 657 86 27 yttrade

139 736 32 22 Hr
191 737 157 21 Lindelöf:
381 738 6 18 I
405 737 11 27 S
433 738 12 19 2
462 737 38 21 har
515 737 112 21 Utskottet
643 736 64 22 infört
722 743 25 14 en
763 736 133 26 bestämning

71 765 79 26 derom,
166 767 32 19 att
213 766 83 20 banken
311 772 49 20 eger
376 766 123 21 diskontera
515 766 72 21 vexlar
602 766 24 26 ,å
641 766 67 20 finska
722 765 78 21 mark".
825 764 71 22 Orden

72 794 26 23 »å
112 793 68 22 finska
194 794 73 21 mark"
283 796 37 19 äro
336 794 88 26 tillagda
436 794 23 21 af
472 794 122 26 Utskottet;
611 795 25 20 de
653 794 75 21 funnos
743 794 47 21 icke
805 794 7 20 i
827 793 69 21 Bank-

70 822 144 27 fullmäktiges
229 822 83 28 förslag.
338 823 76 21 Denna
428 823 124 27 förändring
567 823 115 21 motiveras
696 823 28 27 på
739 822 38 22 sid.
794 823 12 21 3
823 822 26 26 på
860 822 37 20 föl-

68 851 64 26 jande
148 853 52 19 sätt:
231 867 11 9 ,
245 852 33 20 Då
293 852 118 20 emellertid
429 852 84 21 banken
529 852 46 21 icke
591 852 39 20 bör
646 852 124 20 diskontera
785 851 6 20 i
807 850 90 21 Finland

72 879 110 22 betalbara
198 880 70 21 vexlar
284 880 12 21 å
312 882 64 19 annat
389 881 105 26 myntslag
516 882 26 19 än
560 880 68 21 finska
643 880 66 25 mark,
726 886 48 14 vare
784 879 32 27 sig
827 879 27 21 då
866 881 32 18 att

72 908 100 21 vexlarna
192 910 36 19 äro
252 909 69 20 direkt
342 909 13 20 å
378 909 60 20 detta
457 909 105 26 myntslag
585 909 95 20 utstälda
701 909 51 20 eller
767 911 38 22 att,
822 914 33 15 om
872 907 25 21 de

72 939 36 18 äro
132 937 94 21 utstälda
248 937 12 21 å
282 940 64 18 annat
369 937 111 27 myntslag,
501 938 35 20 det
552 937 68 22 finska
636 937 161 26 markbeloppet
812 936 86 21 fixerats

72 971 75 20 genom
170 966 122 21 utsättande
315 966 6 21 i
340 969 100 24 accepten
457 967 22 20 af
494 967 38 20 den
549 966 57 25 kurs,
623 966 86 21 hvartill
724 966 100 21 vexlarna
838 965 61 21 skola

72 994 6 21 i
94 994 68 21 finska
177 995 60 20 mark
252 994 84 27 inlösas,
352 995 39 20 har
406 995 112 21 Utskottet
533 995 31 21 uti
580 995 161 26 ifrågavarande
757 996 93 19 moment
864 993 34 21 til-

72 1023 44 26 lagt
138 1023 65 21 orden
225 1023 26 27 ,ä
272 1023 67 21 finska
361 1023 83 21 mark".
474 1023 112 22 Utskottet
600 1023 126 21 förutsätter
740 1023 89 24 således,
845 1021 53 22 att
889 1017 13 38 i

72 1051 101 22 Finlands
197 1052 55 21 bank
274 1052 72 21 kunna
368 1052 134 21 diskonteras
524 1052 61 21 äfven
606 1052 72 21 vexlar
700 1052 94 21 utstälda
811 1051 7 21 i
834 1053 65 19 annat

72 1081 107 26 myntslag
194 1082 26 19 än
236 1080 68 21 finska
319 1081 67 25 mark,
402 1087 33 15 om
452 1081 36 21 det
504 1081 55 21 blott
574 1081 6 20 i
596 1083 100 24 accepten
712 1080 120 32 antecknas,
848 1079 52 21 hvil-

72 1109 41 21 ken
129 1109 51 21 kurs
195 1109 39 21 bör
249 1109 61 27 följas
325 1109 35 21 vid
376 1109 85 21 vexelns
476 1110 88 21 inlösen.
594 1109 49 22 Men
661 1109 35 21 det
712 1115 61 21 synes
788 1109 49 26 mig,
854 1114 45 15 som

73 1143 34 15 om
124 1137 40 21 den
180 1138 117 27 redaktion,
316 1138 112 21 Utskottet
438 1138 60 26 gifvit
514 1139 12 25 $
542 1139 20 23 2,
578 1138 46 21 icke
640 1138 135 20 motsvarade
790 1137 56 21 hvad
861 1136 38 21 Ut-

73 1166 81 21 skottet
175 1166 69 26 afsett,
267 1155 30 38 ty
310 1166 36 27 jag
360 1166 42 21 kan
419 1166 127 21 åtminstone
563 1166 45 22 icke
624 1166 67 21 förstå
707 1166 65 21 orden
787 1165 85 26 ,vexlar
888 1164 12 20 å

72 1194 68 21 finska
156 1195 74 20 mark*
246 1195 138 26 annorlunda,
401 1197 26 18 än
444 1197 32 19 att
491 1196 99 20 vexlarne
606 1195 162 26 nödvändigtvis
783 1182 52 33 böra
849 1199 51 14 vara

73 1223 97 20 utstälda
193 1223 7 21 i
220 1223 68 21 finska
302 1223 68 22 mark.
400 1223 62 21 Hvad
478 1223 74 27 sjelfva
568 1223 64 22 saken
647 1223 138 26 vidkommer,
801 1222 24 21 sä
840 1221 39 22 har
893 1221 7 21 i

73 1251 73 26 sjelfva
169 1252 73 21 verket
258 1252 60 21 alltid
333 1252 23 21 sä
372 1252 100 24 förfarits,
491 1254 37 22 att,
544 1254 40 19 när
599 1253 7 20 i
621 1252 103 21 Finlands
739 1251 60 22 Bank
814 1251 86 20 diskon-

73 1282 67 19 terats
162 1281 71 20 vexlar
256 1281 12 20 &
290 1283 64 18 annat
370 1281 106 26 myntslag
491 1283 27 18 än
534 1281 68 20 finska
617 1281 68 24 mark,
701 1281 36 20 det
752 1279 149 22 motsvarande

73 1309 99 26 beloppet
186 1309 7 20 i
213 1309 68 21 finska
296 1309 61 21 mark
372 1309 112 21 uträknats
500 1309 39 21 och
555 1309 7 21 i
578 1310 73 20 vexeln
668 1309 130 24 antecknats,
814 1308 87 21 alldeles

73 1337 70 21 säsom
159 1337 111 22 Utskottet
284 1338 37 21 vill
336 1337 64 22 hafva
416 1339 42 20 det.
480 1337 40 27 Jag
536 1344 62 15 anser
614 1337 70 22 derför
699 1339 40 20 den
756 1337 21 21 af
791 1337 111 21 Utskottet

73 1365 101 27 vidtagna
196 1366 149 27 förändringen
368 1373 52 15 vara
442 1366 124 27 öfverflödig
588 1367 38 20 och
642 1369 14 18 t.
674 1373 18 14 o.
710 1372 26 15 m.
752 1365 149 25 vilseledande,

74 1395 89 20 emedan
178 1395 66 26 enligt
259 1395 122 21 Utskottets
397 1395 79 26 förslag
492 1395 36 21 det
543 1395 39 21 alls
598 1395 46 21 icke
660 1401 50 15 vore
726 1395 81 26 möjligt
818 1395 32 20 att
861 1393 41 21 dis-

74 1423 90 21 kontera
179 1424 77 25 vexlar,
272 1429 45 16 som
333 1430 50 15 vore
398 1424 96 20 utstälda
506 1424 7 20 i
524 1425 66 20 annat
600 1423 105 27 myntslag
717 1425 26 19 än
754 1423 68 21 finska
832 1421 67 22 mark.

73 1451 41 27 Jag
135 1452 79 20 tilläter
240 1452 44 26 mig
306 1452 71 20 derför
399 1452 119 26 hemställa,
540 1454 34 19 att
596 1452 66 21 orden
686 1452 20 26 ,i
731 1451 67 21 finska
827 1450 74 22 mark*

74 1480 66 21 mätte
155 1480 57 26 utgä.
