1109 1739
275 129 165 22 Uppenbarande
453 129 23 17 af
487 128 201 22 statshemligheter.
828 122 41 22 803

68 211 57 20 emot
139 209 98 26 nämnde,
253 212 32 18 att
300 210 41 21 han
364 209 46 21 bort
433 212 45 18 veta
502 209 44 25 det;
568 209 58 21 detta
649 210 25 20 är
688 209 47 21 icke
758 215 79 15 samma
853 208 45 25 sak,

67 240 52 20 utan
142 238 39 22 den
204 238 23 21 af
248 238 56 21 Frih.
326 238 78 22 Wrede
427 238 92 21 berörda
541 237 142 28 förbrytelsen
699 244 50 15 vore
764 238 24 21 af
800 237 46 21 helt
861 243 38 15 an-

68 269 36 19 nat
119 267 52 27 slag.

137 334 69 22 Sedan
223 335 142 21 dissussionen
381 334 109 28 angående
506 336 11 19 1
535 335 12 27 &
564 334 88 22 härmed
668 334 104 25 afslutats,
788 334 110 22 öfverlem-

69 364 65 21 nades
150 364 33 20 till
198 363 26 21 R.
241 370 18 14 o.
274 364 36 20 A:s
326 363 131 22 besvarande
472 363 94 27 följande

338 460 282 27 Omröstningsproposition
626 468 5 14 :

136 529 54 25 Den,
206 535 45 15 som
267 529 122 27 godkänner
407 531 7 19 1
433 535 63 15 mom.
512 529 23 21 af
551 531 9 19 1
578 530 12 26 $
604 529 66 27 enligt
681 529 121 22 Utskottets
814 529 86 27 förslag,

69 564 73 15 svarar
154 558 34 26 ja;

138 626 41 21 blir
194 626 32 27 nej
250 626 159 27 öfvervägande,
433 626 39 22 bör
488 626 33 28 $:n
537 626 96 27 undergä
648 626 66 22 sädan
729 626 123 27 förändring
868 628 32 19 att

68 654 77 22 förlust
160 655 23 21 af
196 655 165 27 medborgerligt
376 655 122 22 förtroende
506 655 62 21 alltid
579 655 61 27 följer
648 655 88 21 ädömdt
744 654 157 25 tukthusstrafi,

69 684 117 26 hvarjemte
201 684 121 21 äterremiss
337 684 32 20 till
384 684 112 22 Utskottet
518 690 50 20 eger
584 690 46 15 rum
646 684 33 21 för
694 684 172 26 omformulering
881 684 22 21 af

70 714 116 20 momentet
201 712 7 21 i
224 713 75 26 antydt
314 712 61 27 syfte.

141 781 76 22 Denna
232 781 130 27 proposition
378 781 128 22 besvarades
522 781 49 22 med
586 781 155 27 öfvervägande
754 781 23 27 ja
792 781 40 22 och
847 781 55 21 hade

73 809 89 22 Ständet
177 810 89 21 sälunda
278 810 94 27 godkänt
396 812 9 19 1
429 816 64 15 mom.
509 809 23 22 af
547 811 10 20 1
574 810 12 27 $
608 810 66 27 enligt
688 810 122 22 Utskottets
826 810 76 21 betän-

72 838 76 21 kande.

142 906 70 22 Sedan
228 907 92 21 derefter
337 909 8 18 1
364 907 30 27 $:s
410 907 12 20 2
438 913 63 15 mom.
518 907 70 21 blifvit
602 907 23 21 af
638 907 90 22 Ständet
740 907 81 28 gilladt,
834 907 68 21 öfver-

73 935 97 21 lemnade
186 935 32 21 Hr
234 935 204 22 Landtmarskalken
457 936 7 21 i
480 936 99 21 afseende
594 936 13 21 &
622 937 13 20 3
651 942 62 15 mom.
730 937 23 20 af
768 937 34 26 $:n
818 936 33 21 till
866 935 36 22 be-

74 963 103 22 svarande
192 963 94 28 följande

344 1061 281 28 Omröstningsproposition
632 1069 5 14 :

143 1124 53 26 Den,
217 1130 45 15 som
278 1125 123 26 godkänner
420 1125 13 20 3
448 1131 62 16 mom.
528 1125 22 21 af
566 1126 10 19 1
595 1125 11 28 $
622 1125 145 26 oförändradt,
783 1131 73 16 svarar
868 1125 34 27 ja;

143 1187 41 21 blir
206 1187 34 27 nej
263 1187 160 28 öfvervägande,
442 1188 168 21 äterremitteras
625 1187 65 28 sagda
705 1190 93 19 moment
814 1187 34 22 till
862 1187 42 22 Ut-

75 1215 80 22 skottet
176 1216 33 21 för
231 1218 32 19 att
286 1216 80 21 erhålla
387 1216 94 27 följande
508 1216 128 21 förändrade
659 1216 89 27 lydelse:
772 1216 84 27 ,försök
870 1216 34 21 till

75 1244 65 27 brott,
156 1251 45 14 som
216 1245 7 20 i
240 1245 68 21 denna
324 1245 12 27 $
350 1247 94 24 nämnes,
460 1247 24 19 är
500 1243 130 23 straffbart*.

144 1307 80 22 Genom
241 1307 69 22 denna
323 1307 143 27 propositions
481 1307 133 22 besvarande
628 1307 48 22 med
692 1307 154 28 öfvervägande
868 1307 35 26 nej

76 1335 54 22 hade
145 1335 24 22 R.
186 1342 19 15 o.
221 1336 25 21 A.
262 1336 87 21 beslutit
364 1337 32 20 att
410 1336 8 21 i
433 1336 63 21 ofvan
514 1336 76 27 antydt
605 1335 53 28 syfte
674 1336 33 21 till
722 1336 110 22 Utskottet
848 1336 57 21 äter-

76 1364 110 21 remittera
202 1365 12 20 3
229 1371 63 14 mom.
308 1364 23 21 af
344 1365 11 26 $
372 1366 18 20 1.

146 1434 24 27 88
186 1434 56 20 2—5
258 1434 122 26 godkändes
395 1435 51 19 utan
462 1433 147 27 anmärkning.

145 1502 136 22 Beträffande
303 1502 100 21 rubriken
426 1501 39 22 och
487 1502 110 26 ingressen
612 1501 33 21 till
667 1501 239 27 författningsförslaget

76 1531 84 27 yttrade
