1109 1736
306 114 209 21 Näringsbevillning
526 114 33 16 för
570 114 142 21 utländingar.
852 108 41 22 589

93 194 123 21 månader".
232 206 26 3 —
274 194 68 21 Afven
358 194 6 21 i
380 193 100 22 afseende
496 193 12 21 &
530 195 6 20 3
552 200 64 15 mom.
635 194 39 21 ber
687 194 37 26 jag
739 194 21 21 få
775 196 52 24 göra
842 200 26 14 en
884 200 38 15 an-

94 222 117 27 märkning.
241 222 42 22 Det
305 222 61 22 heter
388 223 48 20 der:
468 239 4 8 ,
473 222 128 25 Enahanda
623 223 134 26 stadganden
774 222 56 27 gälle
844 222 78 27 jemväl

93 251 126 27 uppbörden
242 251 22 21 af
283 251 40 21 den
346 250 60 28 afgift
428 251 143 27 utländingar,
595 257 45 15 som
660 251 112 21 härstädes
788 251 50 21 idka
853 257 68 15 annan

93 280 76 26 näring
192 281 27 19 än
241 279 84 26 handel,
344 281 37 19 äro
397 280 167 25 underkastade,
580 280 54 20 dock
650 282 32 19 att
698 279 87 28 afgiften
801 280 33 20 för
849 280 73 25 hvarje

93 308 78 21 månad
194 307 32 22 får
240 308 142 21 inlevereras"
399 315 51 14 o..s.
468 315 18 14 v.
517 308 128 27 Betydelsen
662 308 52 21 eller
731 307 154 28 behöfligheten
901 307 23 22 af

94 337 62 21 dessa
180 337 38 20 ord
242 353 4 8 ,
247 337 40 24 för
306 337 73 26 hvarje
401 336 91 21 månad"
512 337 38 20 har
564 337 37 26 jag
616 337 47 21 icke
679 338 81 19 kunnat
775 337 60 21 fatta.
864 337 57 21 Vore

94 365 36 22 det
145 365 111 26 meningen
271 367 33 19 att
318 367 52 24 göra
386 371 25 16 en
427 365 154 27 inskränkning
597 365 88 26 derhän,
701 367 33 19 att
749 366 62 20 dessa
826 366 95 26 närings-

93 394 81 26 idkare,
198 393 26 22 då
246 394 25 21 de
292 393 90 22 afbörda
400 395 32 26 sig
447 395 33 20 sin
495 394 62 26 afgift
573 394 32 21 till
620 394 160 27 uppbördsman
796 395 30 26 på
841 394 80 26 landet,

93 423 55 26 finge
169 424 53 25 göra
244 423 58 20 detta
324 423 77 20 endast
424 423 134 24 månadsvis,
582 423 24 21 så
628 422 68 22 finner
713 423 37 26 jag
766 429 24 15 en
807 423 66 21 sådan
888 423 33 20 in-

94 451 130 26 skränkning
244 451 46 21 icke
305 451 129 28 motiverad;
450 453 24 19 är
490 451 46 21 åter
549 452 60 21 detta
624 452 46 21 icke
686 452 118 26 meningen,
821 451 23 21 så
858 451 64 21 hafva

94 480 66 21 orden
178 480 45 21 icke
239 480 69 27 någon
324 480 122 27 berättigad
462 481 56 25 plats
533 481 46 26 här,
595 482 52 19 utan
663 480 39 21 bör
721 480 36 21 det
768 481 74 20 endast
852 482 68 25 sägas,

94 510 32 20 att
141 508 87 27 afgiften
243 509 33 20 får
291 509 59 21 äfven
367 509 32 21 till
412 509 160 21 vederbörande
588 509 160 27 uppbördsman
763 509 27 26 på
808 509 72 21 landet
890 509 31 20 in-

93 538 113 20 levereras.
236 537 49 21 Med
301 538 67 20 andra
384 538 44 25 ord,
443 538 37 26 jag
495 538 49 20 ville
560 537 86 23 föreslå,
662 540 34 18 att
711 538 65 20 orden
789 538 46 24 ,för
849 537 72 26 hvarje

94 566 88 21 månad"
197 566 67 20 skulle
280 565 46 21 från
342 572 63 15 mom.
416 566 58 26 utgå,
486 566 39 21 och
538 566 136 27 naturligtvis
688 566 101 26 derjemte
800 566 120 25 hemställa,

94 596 32 19 att
149 594 62 21 dessa
233 593 56 22 mina
311 601 28 14 nu
361 595 75 26 gjorda
458 594 80 27 förslag
561 595 69 21 skulle
646 594 22 21 få
684 594 73 27 åtfölja
772 595 101 20 remissen
889 594 31 21 till

93 622 117 22 Utskottet.

162 691 57 22 Frih.
242 697 41 15 von
305 692 68 21 Born
396 692 144 21 understödde
564 692 36 21 det
623 692 23 21 af
661 692 32 21 Hr
709 692 131 27 Segersträle
856 691 64 22 fram-

92 720 71 21 stälda
178 726 74 15 senare
267 720 109 27 förslaget.

162 789 58 20 Frih.
242 795 41 15 von
305 789 69 21 Troil
390 789 41 21 bad
448 791 32 19 att
495 789 21 21 få
531 790 57 20 fästa
602 789 25 21 R.
644 796 18 14 o.
679 790 37 21 A:s
732 790 188 26 uppmärksamhet

92 817 35 21 vid
142 819 33 19 att
191 817 41 21 den
247 817 23 21 af
283 818 237 27 Bevillningsutskottet
534 818 122 27 föreslagna
666 818 148 27 ordalydelsen
826 825 36 14 var
872 819 47 20 full-

92 845 90 27 komligt
197 846 44 21 lika
256 846 92 26 lydande
363 847 48 20 med
426 853 29 14 nu
470 847 100 25 gällande
584 847 134 27 bestämning
728 847 7 21 i
746 849 78 24 ämnet,
835 847 85 21 hvilken

92 874 134 27 bestämning
243 874 67 22 blifvit
326 874 22 22 af
362 875 90 21 Ständet
467 875 35 21 vid
519 876 53 20 1891
590 875 34 21 ärs
640 875 103 27 landtdag
759 878 97 24 antagen.

161 942 70 22 Sedan
254 943 52 21 härä
327 945 9 19 1
354 944 39 20 och
416 944 6 20 2
438 950 86 15 momm.
540 944 24 20 af
578 944 12 28 &
600 938 13 38 2
636 944 70 21 blifvit
721 944 119 26 godkända,
856 944 64 22 fram-

92 971 80 21 stäldes
188 972 107 26 angäende
312 972 12 20 3
339 978 63 15 mom.
419 972 45 22 deri
479 972 95 27 följande

362 1057 281 28 Omröstningsproposition
650 1065 4 14 :

160 1114 53 25 Den,
230 1120 44 15 som
290 1115 124 26 godkänner
430 1115 12 21 3
458 1121 62 15 mom.
537 1115 23 20 af
574 1115 11 27 $
599 1117 12 19 2
623 1116 66 26 enligt
700 1116 121 21 Utskottets
833 1116 85 27 förslag,

92 1143 70 19 röstar
175 1142 32 26 ja;

162 1204 41 22 blir
218 1205 32 27 nej
268 1205 160 27 öfvervägande,
445 1206 169 22 äterremitteras
630 1207 60 21 detta
705 1214 63 14 mom.
784 1207 33 21 till
829 1206 85 22 Utskot-

92 1235 32 19 tet
146 1233 33 21 för
200 1236 32 18 att
254 1234 142 26 omredigeras
418 1235 7 20 i
444 1234 37 21 det
496 1235 22 21 af
532 1236 32 20 Hr
580 1235 131 27 Segersträle
726 1236 120 26 föreslagna
862 1236 54 26 syfte

92 1264 32 19 att
140 1262 65 22 orden
220 1262 44 27 ,för
280 1263 71 26 hvarje
367 1263 88 21 månad"
471 1264 67 20 måtte
554 1264 64 21 derur
633 1264 58 27 utgå.

160 1324 162 27 Propositionen
345 1326 127 21 besvarades
495 1326 47 21 med
568 1327 25 21 13
614 1327 23 26 ja
655 1327 39 21 och
712 1328 24 20 11
753 1328 33 26 nej
803 1328 39 21 och
858 1334 38 14 var
911 1328 7 20 i

92 1352 51 27 följd
159 1352 63 22 häraf
235 1354 12 20 3
264 1360 62 15 mom.
342 1354 22 21 af
378 1355 12 20 2
406 1355 12 25 $
433 1355 117 26 godkändt.

161 1416 13 20 2
189 1416 29 26 8:s
234 1417 13 20 4
263 1416 39 21 och
324 1417 6 21 5
346 1423 85 15 momm.
447 1420 90 24 antogos
552 1420 53 19 utan
620 1418 173 28 anmärkningar.

174 1478 10 27 $
200 1479 13 20 3
228 1479 40 21 och
283 1480 13 19 4
312 1479 107 21 äfvensom
436 1480 102 20 rubriken
553 1481 40 20 och
608 1481 108 26 ingressen
727 1482 33 20 till
770 1481 144 27 författnings-

91 1506 103 26 förslaget
208 1506 70 22 blefvo
293 1507 113 26 godkända
422 1510 52 18 utan
490 1508 127 22 diskussion.
