1109 1739
381 110 208 35 Finansrelationen.
834 112 42 21 763

74 198 72 28 gifter,
161 203 48 16 men
230 199 32 20 att
285 198 96 21 deremot
404 197 144 22 kostnaderna
567 197 56 21 varit
645 197 81 26 ganska
750 197 108 27 betydliga
872 197 34 21 för

76 227 97 25 maskin-,
194 226 74 21 trafik-
290 226 39 22 och
353 226 209 27 banafdelningarna.
594 225 64 22 Hvad
680 232 28 15 nu
730 225 146 28 minskningen
898 226 7 21 i

75 255 119 28 utgifterna
216 255 33 21 för
271 255 187 26 byräafdelningen
482 255 138 25 vidkommer,
636 254 24 21 sä
676 255 99 20 härleder
790 255 32 26 sig
837 255 69 21 denna

76 284 66 26 deraf,
158 286 32 19 att
205 283 96 22 förrådet
318 284 54 21 1889
388 283 130 22 öfverfördes
534 283 48 21 från
598 283 64 26 byrä-
676 283 33 21 till
720 283 186 21 maskinafdelnin-

74 319 49 20 gen,
139 319 46 14 men
202 312 105 27 ökningen
323 312 57 27 uppä
396 311 25 22 de
438 312 67 21 andra
516 312 161 26 afdelningarna
687 311 135 22 föranleddes
831 311 75 22 främst

75 341 25 22 af
113 342 40 21 den
169 341 99 26 stegrade
283 341 90 21 trafiken
389 340 40 21 och
456 341 23 20 af
500 341 25 20 de
546 341 104 21 reformer
666 341 39 20 och
728 340 178 21 förfullkomnan-

75 371 49 25 den,
140 376 44 15 som
208 376 49 15 man
277 369 54 22 efter
355 369 56 21 hand
431 371 72 19 ansett
518 369 32 27 sig
565 369 53 21 böra
633 369 70 21 införa
718 369 35 21 vid
768 369 138 26 statsjernvä-

74 405 73 20 garne.
178 398 94 21 Sälunda
287 398 94 21 infördes
399 398 47 21 frän
460 398 41 21 den
518 399 26 20 14
560 398 43 26 Maj
621 398 54 21 1889
691 398 84 26 dagliga
790 398 74 26 nattäg
879 397 27 27 pä

76 427 63 22 linien
156 427 133 21 H:fors—S:t
304 427 85 26 P:burg.
420 427 143 20 Derförinnan
579 426 55 21 hade
650 427 62 20 dessa
728 427 36 26 tåg
773 426 47 27 gått
830 426 76 21 endast

75 457 14 20 3
105 456 78 27 gänger
198 456 7 21 i
220 455 86 22 veckan.
338 455 76 21 Medan
436 455 26 21 de
485 455 43 27 täg,
551 461 46 15 som
617 455 47 26 gätt
686 455 76 21 endast
777 455 13 21 3
805 455 79 27 gänger
899 455 7 21 i

76 485 86 25 veckan,
178 484 103 27 medtagit
296 490 26 15 en
345 484 63 27 utgift
428 483 24 22 af
465 484 46 21 icke
528 484 48 21 fullt
597 484 91 25 100,000
704 484 60 21 mark
780 484 86 26 ärligen,
882 483 25 22 sä

77 513 63 22 kosta
162 519 28 15 nu
214 513 62 20 dessa
298 513 85 26 dagliga
405 513 75 26 nattäg
496 513 91 26 250,000
603 513 61 20 mark
680 513 40 21 och
736 513 35 20 det
786 514 24 19 är
825 512 81 27 ganska

75 542 115 25 sannolikt,
206 541 69 22 säsom
291 548 49 14 man
364 541 64 22 ocksä
444 543 54 19 trott
514 542 32 26 sig
561 541 73 21 kunna
649 541 120 26 observera,
786 543 32 19 att
833 547 73 20 passa-

74 570 167 28 geraretrafiken
264 570 26 27 pä
312 570 105 27 dagtägen
433 570 123 26 derigenom
571 570 113 21 minskats.
713 570 40 26 Jag
768 570 69 21 skulle
852 570 54 21 dock

77 600 47 21 icke
140 602 39 23 tro,
202 601 34 19 att
253 599 68 26 nägon
338 599 68 20 skulle
422 599 82 26 päyrka
519 601 32 18 att
567 599 62 20 dessa
645 599 75 26 nattäg
735 605 88 15 numera
838 598 68 21 skulle

77 628 106 26 indragas.
214 628 32 21 En
268 634 70 14 annan
362 627 84 26 reform,
463 634 45 14 som
524 628 6 20 i
546 629 58 19 ännu
619 627 67 27 högre
700 628 52 26 grad
768 627 55 21 varit
838 627 68 26 egnad

75 659 34 25 att
124 660 70 23 stegra
217 656 121 27 utgifterna,
362 656 40 21 har
424 657 56 20 varit
502 656 39 21 den
563 658 33 19 att
618 656 28 26 pä
668 656 25 21 de
709 662 63 15 norra
789 655 117 22 banorna
891 651 19 37 i

78 685 146 26 Österbotten,
240 685 103 21 Savolaks
359 685 39 21 och
414 685 61 21 äfven
491 685 28 26 pä
534 685 76 26 Hangö
627 685 77 23 banan,
720 685 26 26 pä
762 685 72 20 hvilka
848 684 59 21 förut

78 714 75 21 endast
176 713 122 21 hvarannan
321 714 41 26 dag
384 714 92 26 godstäg
497 713 47 27 gätt
565 714 6 21 i
588 719 25 15 en
629 713 94 27 riktning
740 713 38 21 och
794 713 113 21 ätervändt

78 743 40 21 den
135 743 67 20 andra
217 743 73 26 dagen,
306 742 36 21 det
358 743 24 20 är
408 743 51 20 1891
478 743 66 20 delvis
560 742 40 21 och
616 741 24 22 är
658 743 54 20 1892
728 742 133 26 fullständigt
876 741 30 21 in-

76 771 72 21 fördes
162 771 28 26 pä
206 771 42 21 alla
263 771 67 21 banor
346 771 84 26 dagliga
446 771 90 26 godstäg
551 771 6 20 i
574 771 105 21 hvardera
695 771 126 26 riktningen.
846 770 61 26 Sjelf-

78 799 62 22 fallet
161 799 139 22 framkallade
320 806 24 15 en
362 800 66 20 sädan
444 799 78 22 reform
538 806 26 14 en
580 799 96 26 ansenlig
691 799 112 26 tillökning
818 799 6 21 i
841 799 66 26 betje-

77 829 78 26 ningen
177 828 47 21 med
246 829 55 20 löne-
324 828 40 21 och
387 828 171 27 hyresförmäner
580 835 20 14 2.
616 834 16 15 s.
648 834 19 14 v.
684 828 39 21 och
739 834 25 15 en
780 830 68 19 större
863 827 44 22 för-

78 857 105 26 brukning
198 857 33 21 för
246 857 225 26 maskinafdelningen.
502 857 73 22 Under
590 856 24 22 är
631 857 54 21 1892
701 857 92 20 verkade
804 857 39 20 den
857 856 51 21 ned-

78 886 94 26 sättning
195 886 33 21 uti
251 886 83 21 frakten
356 885 33 22 för
404 886 97 26 spanmäl
517 886 39 21 och
572 885 58 27 mjöl,
646 891 45 15 som
708 892 48 14 man
772 885 48 21 med
835 884 73 22 anled-

79 915 49 25 ning
143 915 23 20 af
189 914 127 21 missväxten
344 914 66 27 ansäg
435 915 32 26 sig
494 915 52 20 böra
569 914 84 27 bevilja,
670 920 26 15 en
712 914 120 26 minskning
848 913 22 21 af
881 913 26 22 de

79 943 96 21 faktiska
198 943 146 21 inkomsterna
366 943 48 21 med
437 943 59 21 öfver
518 943 92 26 200,000
626 945 67 18 mark.
726 943 50 20 1891
795 941 113 22 inträffade

78 971 189 27 olyckshändelsen
290 972 34 21 vid
347 971 86 26 Simola,
457 978 45 15 som
524 971 75 28 gjorde
614 971 24 21 sä
654 972 84 26 mycket
753 973 64 19 väsen
833 971 23 21 af
869 971 37 26 sig;

78 1001 37 20 det
138 1006 44 20 var,
205 1000 27 21 dä
255 1000 138 27 militärtäget
408 1003 164 18 sammanstötte
588 1001 47 20 med
652 1003 30 18 ett
698 1000 114 27 persontäg
827 999 40 22 och
882 1006 25 14 en

78 1029 70 21 soldat
164 1029 72 21 dervid
258 1029 91 21 omkom.
380 1029 42 21 Det
444 1029 125 21 anbefaldes
592 1029 27 21 dä
642 1031 32 18 att
693 1029 85 26 vidtaga
794 1029 25 20 de
835 1028 74 21 krafti-

80 1059 60 25 gaste
162 1057 101 27 ätgärder
284 1057 32 22 för
332 1060 32 19 att
378 1058 34 21 för
427 1058 113 21 framtiden
556 1057 134 22 förekomma
705 1057 71 27 dylika
792 1057 117 21 ledsamma

79 1085 118 22 händelser.
227 1086 67 21 Afven
310 1087 60 20 detta
384 1086 96 26 yrkande
496 1089 65 23 tvang
576 1086 32 21 till
624 1086 113 26 förökning
752 1086 22 20 af
782 1085 127 27 personalen

78 1114 34 22 för
134 1116 32 19 att
189 1114 71 22 kunna
283 1114 126 22 säkerställa
432 1114 91 22 trafiken
546 1115 32 21 för
594 1117 31 19 ett
641 1114 135 27 upprepande
792 1114 23 21 af
829 1114 81 21 sädana

80 1143 118 21 händelser.
236 1144 32 20 En
292 1143 93 27 tillfällig
408 1144 165 26 omständighet,
597 1143 175 26 kolerafarsoten,
795 1142 113 22 åstadkom

78 1172 82 26 ganska
187 1172 106 27 betydliga
318 1174 61 19 extra
404 1172 95 26 utgifter.
529 1172 31 21 De
585 1173 107 25 uppgingo
714 1172 54 21 1892
784 1171 32 21 till
832 1172 78 24 69,000

80 1200 60 21 mark
156 1200 39 21 och
213 1201 53 21 1893
282 1201 32 21 till
330 1201 81 21 inemot
426 1202 78 24 33,000
523 1200 67 24 mark,
607 1200 83 21 således
706 1207 25 14 en
747 1202 60 19 extra
823 1199 86 27 utgifts-

80 1231 48 24 post
142 1228 28 28 på
187 1230 91 24 100,000
293 1230 66 26 mark,
375 1236 45 14 som
436 1229 62 21 faller
514 1229 27 27 på
557 1230 62 20 dessa
634 1229 30 21 år.
689 1229 79 21 Vidare
784 1228 61 26 börja
857 1228 53 26 tjen-

80 1259 123 19 stemännen
225 1258 34 20 vid
281 1258 140 26 jernvägarne
441 1258 66 21 redan
528 1258 65 21 blifva
609 1258 24 20 så
648 1258 70 25 gamla
733 1260 32 18 att
780 1258 26 20 de
822 1257 88 26 tidigast

79 1286 100 20 anstälda
195 1286 60 26 börja
270 1289 50 25 taga
333 1286 74 22 afsked
422 1287 41 21 och
482 1286 115 27 utgifterna
612 1287 32 21 för
660 1286 112 27 pensioner
784 1285 63 21 hafva
862 1286 48 20 der-

80 1314 34 21 för
129 1314 58 27 stigit
214 1315 81 26 ganska
310 1315 110 27 betydligt.
452 1315 32 21 De
500 1315 98 27 utgjorde
616 1315 54 21 1889
686 1315 77 25 33,500
778 1314 68 26 mark,
862 1320 52 15 men:

81 1344 37 20 äro
134 1349 28 15 nu
178 1343 120 21 beräknade
313 1344 33 20 för
362 1344 24 20 år
403 1344 54 20 1894
473 1344 66 20 redan
555 1344 32 20 till
604 1343 58 21 öfver
675 1344 89 24 100,000
775 1343 67 21 mark.
872 1341 38 22 Sä-

80 1378 46 14 som
141 1372 67 21 kändt
223 1372 87 27 beviljas
333 1372 170 26 löneförhöjning
522 1372 55 21 efter
592 1373 12 20 5
621 1372 39 21 och
679 1372 24 20 10
719 1372 35 21 års
769 1372 65 26 tjenst
848 1372 23 20 åt
884 1370 26 21 de

80 1400 56 21 allra
147 1400 62 22 flesta
223 1401 34 21 vid
277 1401 116 26 jernvägen
416 1400 99 22 anstälda
538 1401 169 26 tjenstemännen
724 1400 38 21 och
778 1401 41 20 den
834 1401 76 25 posten

80 1429 57 21 visar
152 1435 28 15 nu
196 1429 26 27 på
238 1430 13 20 4
267 1429 23 21 år
306 1436 24 14 en
347 1430 95 26 stegring
464 1430 48 20 från
536 1430 62 22 1890,
621 1429 27 21 då
664 1430 40 20 den
720 1429 96 27 utgjorde
832 1428 78 25 23,000

81 1457 67 25 mark,
164 1457 32 22 till
204 1458 78 26 42,000
292 1458 59 20 mark
362 1458 33 21 för
406 1458 24 20 är
445 1458 61 21 1893.
536 1458 40 21 Till
585 1458 53 26 följd
646 1457 22 21 af
675 1457 152 21 förordnandet
835 1462 35 15 om
878 1458 33 19 att

81 1486 43 20 alla
136 1486 228 27 jernvägstjenstemän
386 1486 139 27 ovilkorligen
548 1486 67 22 borde
638 1492 52 15 vara
712 1486 94 26 kunniga
825 1486 7 20 i
844 1484 68 27 ryska

81 1514 93 27 språket,
196 1514 45 22 blef
262 1515 36 21 det
319 1515 130 26 nödvändigt
474 1517 33 19 att
522 1515 60 21 anslå
597 1514 81 27 ganska
694 1514 107 27 betydliga
817 1519 94 16 summor
