1106 1739
261 125 102 20 Byggnad
375 124 32 17 för
419 124 161 21 vetenskapliga
592 124 126 20 föreningar.
839 119 39 20 931

81 205 235 26 petitionsmemorialet
338 205 63 21 afser.
431 205 40 26 Jag
493 205 63 20 utber
579 205 42 26 mig
643 205 71 21 derför
736 205 22 20 få
776 205 86 20 förorda
877 206 33 19 att

80 234 25 21 R.
122 241 19 14 0.
158 235 23 20 A.
199 234 47 21 ville
261 234 114 26 godkänna
390 234 65 26 syftet
470 234 47 21 med
533 233 236 26 petitionsmemorialet
785 233 38 21 och
837 233 73 21 remit-

81 265 47 18 tera
143 263 88 20 ärendet
246 262 32 21 till
294 262 165 21 Statsutskottet
475 263 6 20 i
497 262 99 21 afseende
612 263 13 20 å
642 262 25 21 de
683 262 125 21 uttalanden
825 267 33 15 om
870 261 40 22 den

81 291 110 21 finansiela
207 291 60 21 sidan
283 291 23 20 af
319 291 72 25 saken,
409 297 44 15 som
469 293 72 18 ämnet
556 291 103 26 päkallar.

152 371 31 20 Hr
199 370 156 21 Lindelöf:
387 370 56 21 Frih.
461 377 39 14 von
517 370 132 21 Willebrand
666 370 99 21 framhöll
782 377 48 20 nyss
841 371 69 20 såsom

82 405 26 15 en
124 399 93 26 naturlig
233 399 44 25 sak,
293 401 32 19 att
341 399 36 20 det
392 399 67 21 mäste
476 405 61 15 anses
553 399 119 21 tillkomma
688 399 113 21 Allmänna
812 399 99 21 Besvärs-

82 427 106 22 utskottet
211 429 32 19 att
265 427 68 21 uttala
355 428 31 25 sig
408 427 46 21 icke
475 428 56 20 blott
554 434 34 14 om
604 427 156 28 behöfligheten
773 427 25 21 af
814 428 35 20 det
865 428 46 24 hus,

82 456 88 21 hvarom
192 456 39 21 här
252 456 143 27 petitioneras,
415 459 52 18 utan
483 456 61 21 äfven
560 459 32 18 att
607 456 69 21 utläta
692 457 31 26 sig
739 463 34 14 om
789 457 40 20 den
845 456 66 21 finan-

83 485 53 21 siela
159 485 59 20 sidan
235 485 22 20 af
277 485 71 20 saken.
379 485 42 26 Jag
437 488 35 17 vet
487 485 53 24 icke,
556 485 87 20 hvarför
659 485 113 21 Allmänna
790 485 121 21 Besvärsut-

84 513 81 22 skottet
188 515 70 19 ansett
281 513 75 21 sådant
379 513 101 22 särskildt
496 513 4 21 i
518 513 60 21 detta
600 513 36 21 fall
660 520 52 14 vara
730 514 47 21 dess
793 514 117 26 äliggande.

84 542 73 21 Sävidt
171 542 36 27 jag
222 542 41 21 kan
278 542 99 26 päminna
393 543 48 25 mig,
458 542 38 21 har
512 542 69 26 nägon
598 543 65 20 sädan
681 543 158 20 konsideration
855 543 58 20 förut

83 571 47 21 icke
153 571 89 20 kommit
264 571 6 20 i
293 571 65 26 fråga.
389 571 114 20 Allmänna
518 571 198 21 Besvärsutskottet
732 571 38 20 har
786 571 126 26 exempelvis

84 599 97 21 förordat
204 600 131 20 inrättandet
358 599 21 21 af
401 600 72 20 skolor
489 600 6 20 i
511 602 55 18 stort
588 599 92 27 omfäng,
696 603 50 18 utan
764 602 31 19 att
812 599 101 26 bekymra

85 628 32 27 sig
133 634 39 20 om,
183 628 105 21 huruvida
303 629 69 20 staten
388 628 55 21 hade
459 629 37 20 råd
512 631 33 18 att
560 628 80 21 inrätta
650 629 54 20 dem.
731 628 79 21 Likaså
821 629 4 20 i
837 628 77 26 många

85 657 67 20 andra
168 656 77 27 frågor.
268 657 39 26 Jag
323 656 67 21 måste
407 656 72 21 derför
495 656 94 22 vidhålla
604 659 32 18 att
652 657 62 20 dessa
730 657 184 21 konsiderationer

84 685 7 21 i
106 685 140 21 förevarande
261 685 37 21 fall
314 685 55 21 varit
385 685 137 26 öfvertlödiga
538 685 39 21 och
594 685 119 27 egentligen
729 686 57 25 legat
802 688 57 18 utom
877 685 36 21 Ut-

85 713 92 22 skottets
200 714 130 26 kompetens.
361 714 33 20 Dä
419 714 39 21 den
478 717 84 18 senaste
579 715 65 20 ärade
660 715 81 20 talaren
757 721 28 14 nu
808 714 106 21 framstält

86 745 31 18 ett
139 743 79 26 förslag
237 743 31 20 till
283 743 116 20 resolution
415 743 6 20 i
437 743 80 26 frägan,
535 743 80 20 hvilket
630 743 109 20 förefaller
755 743 42 26 mig
812 743 102 26 synnerli-

85 777 41 20 gen
142 771 103 26 lämpligt,
261 771 24 20 sä
300 771 38 20 ber
351 771 36 26 jag
403 773 32 19 att
450 771 33 21 för
498 771 42 20 min
558 771 33 21 del
606 771 21 21 fä
643 772 130 20 understöda
789 772 124 21 detsamma.

156 845 56 21 Frih.
236 851 40 14 von
298 845 93 20 Born:
421 845 40 26 Jag
478 847 23 18 är
516 845 116 26 ingalunda
648 845 108 26 obenägen
772 845 34 21 för
820 845 95 27 godkän-

86 874 70 20 nande
179 874 22 21 af
222 873 31 21 Hr
276 873 114 22 Mechelins
413 873 85 27 förslag,
521 873 67 21 ehuru
612 874 35 21 det
670 874 108 21 förefaller
793 874 42 27 mig
851 874 65 26 nägot

87 905 55 24 eget,
157 902 34 21 för
206 904 32 19 att
253 902 46 21 icke
315 904 50 24 säga
381 902 160 26 inkonsegvent,
557 905 32 18 att
606 909 47 14 man
670 903 68 20 skulle
754 903 129 24 öfverlemna
893 903 23 20 ät

87 931 67 20 andra
170 931 141 20 statsmakten
327 933 32 18 att
375 937 72 14 ensam
465 931 124 24 bestämma,
610 937 33 15 om
660 931 40 21 och
716 933 38 19 när
770 932 69 20 denna
854 931 61 21 kost-

87 960 43 20 nad
145 959 54 21 skall
215 961 69 24 göras,
301 959 67 21 ehuru
383 966 48 14 man
449 959 64 21 redan
529 960 68 20 under
614 961 75 25 mänga
705 960 126 26 landtdagar
842 959 75 21 häfdat

87 988 129 26 rättigheten
239 987 32 22 för
293 987 118 22 Ständerna
433 991 32 18 att
490 989 6 20 i
519 988 65 27 detalj
608 989 106 20 fastställa
733 989 112 26 budgeten.
875 989 41 26 Jag

88 1017 105 20 erkänner
216 1017 54 20 dock
293 1018 31 19 att
347 1016 254 22 öfverskottsstatsmede]
615 1017 72 21 kunna
704 1017 78 27 inflyta,
799 1017 39 21 och
855 1018 61 20 dessa

86 1045 72 21 kunde
174 1045 27 21 dä
216 1045 114 26 lämpligen
346 1046 114 20 användas.
490 1045 41 27 Jag
547 1047 24 19 är
587 1046 70 20 säsom
673 1046 62 27 sagdt
751 1047 45 20 icke
812 1046 39 21 alls
868 1046 48 21 obe-

88 1076 70 24 nägen
175 1076 33 18 att
223 1074 87 20 förorda
326 1073 58 21 bifall
401 1074 31 20 till
448 1074 117 26 petitionen
581 1075 5 19 i
604 1074 65 26 fräga,
685 1081 46 14 men
748 1075 26 20 dä
785 1081 29 14 nu
827 1075 31 19 Hr
868 1075 49 19 Lin-

89 1102 59 21 delöf
167 1102 95 26 frängätt
284 1103 37 19 sitt
344 1102 149 26 ursprungliga
516 1102 86 26 förslag,
625 1102 80 22 hvilket
725 1103 156 21 understöddes
897 1102 22 21 af

88 1131 59 21 Frih.
170 1137 42 14 von
235 1130 138 26 Willebrand,
397 1130 23 21 sä
443 1131 96 21 anhåller
560 1131 36 26 jag
616 1133 32 19 att
663 1132 21 20 få
700 1132 129 20 understöda
846 1132 35 20 det
896 1130 23 22 af

89 1159 57 21 Frih.
171 1165 40 15 von
235 1159 131 21 Willebrand
389 1159 90 21 sålunda
500 1162 110 24 upptagna
633 1160 108 26 förslaget,
763 1160 33 21 för
810 1162 33 18 att
859 1160 59 20 detta

90 1188 66 21 mätte
180 1188 85 20 komma
287 1188 67 21 under
377 1189 137 25 omröstning.
544 1188 42 21 Det
607 1188 41 21 kan
664 1189 54 21 dock
734 1195 25 14 ur
774 1188 143 26 hushällssyn-

89 1216 69 27 punkt
173 1222 51 15 vara
239 1216 46 21 skäl
301 1219 32 18 att
348 1217 63 20 ställa
427 1216 62 21 dessa
505 1216 55 22 bäda
574 1217 81 25 förslag
670 1217 68 21 under
749 1218 97 26 pröfning
857 1217 61 21 bred-

90 1246 33 20 vid
141 1245 128 25 hvarandra;
285 1245 36 21 det
337 1251 39 15 ena
392 1245 68 21 blefve
476 1246 120 26 säkerligen
612 1246 48 20 vida
677 1246 160 24 kostsammare,
848 1245 69 21 säsom

90 1274 81 26 gäende
193 1274 6 20 i
223 1273 94 27 riktning
339 1274 22 20 ät
384 1276 31 18 ett
438 1274 200 24 nationalmuseum,
655 1276 26 19 än
698 1274 36 21 det
750 1275 72 25 andra,
839 1274 35 21 det
889 1280 29 14 nu

90 1302 151 26 föreliggande.
272 1302 40 26 Jag
334 1302 98 21 förordar
455 1302 90 21 sälunda
568 1303 94 26 uppskof
684 1304 46 20 med
754 1303 59 21 detta
829 1303 90 21 ärendes

90 1331 115 26 afgörande
224 1330 33 22 till
277 1331 48 21 dess
341 1330 79 27 förslag
436 1331 61 21 äfven
513 1332 5 20 i
536 1331 40 21 den
589 1332 67 20 andra
672 1338 49 20 nyss
737 1332 92 20 nämnda
844 1331 75 27 frägan

90 1359 120 27 föreligger.

161 1432 50 22 Med
226 1433 113 26 anledning
354 1432 23 21 af
391 1432 40 20 den
447 1433 89 21 sälunda
553 1433 152 27 försiggängna
721 1434 145 20 diskussionen
884 1433 36 21 be-

92 1462 42 20 slöt
150 1461 96 26 Ständet,
262 1461 27 27 pä
305 1462 31 20 Hr
352 1461 218 22 Landtmarskalkens
586 1462 162 26 framställning,
765 1464 31 19 att
812 1462 45 21 läta
872 1462 48 21 med

91 1490 74 20 vidare
185 1490 128 26 tillgörande
335 1490 7 20 i
357 1489 141 23 förevarande
516 1491 79 20 ärende
610 1490 69 26 anstä,
696 1491 31 20 till
743 1491 47 20 dess
807 1491 113 20 Allmänna

91 1518 198 22 Besvärsutskottet
313 1518 112 21 inkommit
440 1519 47 21 med
504 1520 36 20 sitt
556 1519 135 21 betänkande
707 1520 6 20 i
730 1520 111 25 anledning
857 1519 23 21 af
895 1519 26 21 de
