1109 1742
237 112 41 21 878
494 118 24 16 R.
532 123 17 11 o.
562 118 24 16 A.
599 118 57 16 1894.
680 118 12 17 2
704 118 48 21 Maj.

208 197 6 21 i
237 198 85 26 vanliga
344 198 36 20 fall
397 198 38 20 bör
450 198 72 20 kunna
538 198 106 20 besväras.
676 198 82 26 Frägan
775 204 40 18 om,
832 199 39 19 när
887 204 25 14 en
928 196 38 22 sak
982 196 54 21 skall

208 226 125 26 hänskjutas
356 226 32 21 till
404 226 176 27 Departementet
596 226 52 22 eller
663 226 53 26 icke,
733 226 67 21 mäste
816 226 50 21 bero
884 226 70 26 derpä,
971 225 65 21 huru-

207 255 50 21 vida
283 255 7 21 i
314 255 154 26 Expeditionen
494 255 126 21 tvifvelsmäl
648 255 84 26 uppstä,
756 254 38 22 och
811 255 36 21 det
862 254 41 22 kan
919 254 70 21 hända
1004 255 32 19 att

207 283 155 27 Expeditionen
388 284 69 26 nägon
484 284 55 26 gäng
560 283 68 21 finner
644 290 25 14 en
686 284 38 20 sak
740 283 153 27 otvifvelaktig,
909 289 45 15 som
970 282 66 26 enligt

207 312 78 21 andras
308 312 84 27 mening
413 312 47 22 icke
480 314 24 19 är
519 312 23 21 sä
558 312 153 26 otvifvelaktig.
743 312 41 21 Det
800 314 90 19 rättaste
904 314 25 19 är
944 311 33 21 väl
993 312 42 25 det,

208 343 32 19 att
255 340 7 21 i
277 340 42 22 alla
334 341 108 27 tvetydiga
457 341 35 21 fall
509 341 155 27 Expeditionen
680 341 24 21 sä
720 340 45 22 ofta
780 347 44 15 som
841 341 83 26 möjligt
935 340 101 22 besvärar

207 369 181 27 Departementet;
410 376 48 15 men
474 370 176 26 Departementet
666 371 24 19 är
704 370 47 20 icke
766 370 133 26 synnerligen
915 369 121 21 trakteradt

208 398 23 20 af
244 400 33 19 att
292 398 22 20 fä
328 398 72 26 hvarje
416 398 84 21 smäsak
516 398 32 27 sig
564 398 102 26 förelagd.
683 411 27 2 —
726 398 63 21 Hvad
805 404 28 15 nu
849 398 56 21 Frih.
918 404 41 15 von
966 398 70 20 Borns

207 426 64 27 länga
293 427 30 20 tal
346 426 106 27 beträffar,
468 427 23 21 sä
506 426 42 22 kan
562 426 38 27 jag
614 426 109 26 verkligen
740 427 46 21 icke
801 426 51 27 följa
868 427 76 20 honom
960 427 7 20 i
984 426 52 21 hans

206 455 29 27 pä
258 455 158 25 insinuationer,
440 455 39 21 och
491 455 37 27 jag
543 456 36 20 mä
594 458 56 24 säga,
667 456 28 26 pä
707 456 117 20 invektiver
840 455 84 27 mycket
938 456 47 20 rika
1000 461 36 15 an-

208 484 114 26 dragande.
352 484 41 21 Det
417 484 117 21 innehäller
559 484 6 20 i
592 484 68 26 grund
687 484 110 26 ingenting
822 486 65 19 annat
902 486 26 19 än
945 484 41 23 det,
1002 485 34 19 att

207 512 215 22 Ecklesiastikchefen
438 512 47 22 icke
500 512 38 22 har
554 513 41 21 den
610 513 198 21 tillfredsställelsen
826 515 32 19 att
873 512 82 27 åtnjuta
965 512 71 21 Frih:s

208 542 134 26 wSynnerliga
357 542 141 20 förtroende".
515 541 44 21 För
574 543 33 19 att
622 541 68 21 uttala
706 542 66 21 detta.
788 542 24 20 sä
828 542 53 20 hade
896 541 46 21 icke
952 540 84 22 behöfts

208 572 30 19 ett
261 570 24 21 sä
306 570 59 26 längt
388 570 140 26 andragande,
548 572 38 19 der
601 570 109 26 ingenting
725 570 89 21 faktiskt
830 570 150 23 framkommit,
995 569 40 21 och

207 598 119 22 allramiost
348 598 55 22 hade
419 599 36 21 det
470 598 83 22 behöfts
570 599 153 21 insinuationer
739 605 33 15 om
789 601 32 19 att
836 599 6 21 i
858 599 67 26 några
939 598 37 21 fall
992 598 42 21 för-

206 628 96 20 summad
318 627 196 27 folkundervisning
528 628 29 26 pä
572 628 64 26 ryska
650 628 69 20 skulle
730 628 55 20 varit
793 628 147 26 anledningen,
948 627 87 21 hvarför

206 656 155 26 Expeditionen
384 656 68 21 skulle
474 656 60 26 gifvit
557 656 73 26 afslag.
661 656 66 21 Detta
746 658 23 19 är
784 662 26 15 en
826 662 45 15 mer
886 656 52 21 eller
952 656 83 20 mindre

207 684 165 22 förblommerad
387 685 109 27 osanning,
512 690 45 15 som
572 685 37 26 jag
625 684 135 27 naturligtvis
774 684 47 22 icke
837 685 39 21 bör
886 685 91 21 bemöta.
993 684 41 26 Jag

207 713 102 21 behöfver
331 713 46 21 icke
393 714 66 21 heller
473 715 57 19 rätta
545 713 178 27 förvrängningen
740 714 22 20 af
776 713 55 21 hvad
844 714 37 26 jag
896 714 39 20 här
950 713 83 27 nyligen

206 742 92 26 yttrade,
321 742 27 21 dä
363 742 36 27 jag
414 743 51 20 sade
480 744 32 19 att
525 742 43 26 jag,
585 742 23 21 sä
624 742 61 26 länge
698 742 37 26 jag
750 742 38 21 har
804 742 116 27 nägonting
935 744 32 19 att
981 743 53 25 göra

206 771 49 21 med
281 770 109 25 affärerna,
418 777 62 15 anser
505 771 42 20 min
568 770 121 27 skyldighet
704 777 51 15 vara
770 772 32 20 att
818 771 54 21 vaka
889 770 97 22 deröfver
1002 772 31 19 att

206 799 63 27 ingen
285 799 48 21 sker
348 801 63 24 orätt,
428 800 39 20 och
482 801 32 19 att
527 799 37 27 jag
581 799 70 21 derför
667 799 91 27 troligen
774 799 40 21 blir
829 802 92 24 tvungen
932 801 33 19 att
977 798 56 22 hälla

207 830 82 24 ögonen
312 834 28 14 nu
362 828 39 21 och
424 828 27 21 dä
469 828 27 26 pä
511 828 25 20 de
552 828 90 21 svenska
658 828 154 21 kommunerna
827 830 6 18 i
849 828 89 26 Nyland,
955 827 77 25 hvilka,

207 856 69 22 säsom
293 856 66 21 kändt
374 859 29 22 är,
419 856 62 22 hafva
496 857 32 20 för
543 856 82 27 princip
641 859 32 18 att
688 856 46 21 icke
750 856 70 22 tilläta
835 857 68 34 nägon
912 856 120 21 folkunder-

206 886 83 26 visning
310 886 28 26 pä
360 885 68 22 finska
451 885 33 21 för
499 885 45 22 sina
561 885 68 21 finska
644 885 107 21 invånare.
768 881 12 35 .
781 886 65 20 Detta
862 887 24 19 är
901 887 31 20 ett
948 887 85 24 system,

206 920 45 15 som
272 914 38 27 jag
330 914 34 21 väl
385 914 88 25 känner,
490 914 38 21 och
544 920 46 15 som
607 914 69 21 blifvit
692 914 61 21 äfven
769 914 7 21 i
792 914 60 27 tryck
868 914 164 27 proklameradt:

205 949 49 14 man
271 943 44 25 bör,
332 943 60 20 heter
407 943 41 24 det,
463 949 74 20 genom
554 943 77 20 svensk
643 943 257 26 folkskoleundervisning
910 942 123 21 försvenska

206 971 39 22 den
262 971 68 21 finska
345 971 154 27 befolkningen.
530 972 8 19 I
555 978 25 14 en
596 971 69 26 punkt
680 971 36 21 vill
729 971 37 27 jag
781 973 84 25 mycket
880 977 64 20 gerna
959 971 75 21 förena

205 1000 43 27 mig
263 1000 6 21 i
286 1000 69 21 Frih:s
378 1000 94 21 uttalade
488 1000 88 25 önskan,
594 1001 39 20 den
649 1000 106 26 nämligen
771 1002 31 19 att
819 1000 40 21 den
874 1000 106 21 blifvande
996 999 36 21 ok-

205 1029 69 25 trojen
299 1029 66 20 mätte
390 1029 68 20 befria
483 1029 53 20 bäde
565 1029 42 26 mig
625 1028 46 21 frän
688 1029 105 26 obehaget
809 1030 31 19 att
856 1029 63 20 hafva
934 1030 32 19 att
981 1030 51 25 göra

205 1057 48 21 med
281 1057 25 21 de
331 1057 122 26 Nyländska
478 1057 215 21 landskommunerna
718 1057 38 21 och
773 1057 77 21 honom
866 1056 47 22 frän
929 1057 57 26 nöjet
1000 1058 33 19 att

205 1085 97 21 tillställa
324 1086 111 26 prickning
457 1086 23 21 af
497 1085 223 22 Ecklesiastikehefen.
751 1086 41 21 Det
808 1086 54 21 skall
878 1092 50 15 vara
944 1085 42 26 mig
1002 1087 31 19 ett

205 1114 85 27 mycket
312 1117 54 18 stort
389 1115 54 26 nöje,
466 1121 33 14 om
522 1115 125 20 Friherrens
663 1114 164 27 välönskningar
842 1114 26 27 gå
882 1115 7 20 i
905 1114 127 25 fullbordan,

204 1143 123 26 isynnerhet
337 1143 4 4 '
353 1149 45 15 som
421 1143 37 27 jag
484 1143 46 21 icke
546 1143 101 21 behöfver
662 1145 53 24 göra
730 1143 69 26 nägon
815 1143 55 21 skild
886 1142 98 22 anhällan
1000 1142 33 21 för

205 1173 32 19 att
252 1172 80 21 erhälla
348 1172 37 21 full
400 1172 95 26 pension,
512 1173 51 19 enär
576 1172 37 26 jag
628 1171 38 21 har
682 1171 76 22 hunnit
774 1173 39 20 den
833 1172 6 20 i
854 1171 179 27 författningarna

204 1200 127 21 föreskrifna
356 1201 65 20 älder.
451 1201 40 26 Jag
516 1200 69 21 skulle
612 1200 31 21 för
668 1200 64 27 öfrigt
747 1202 77 19 nästan
839 1206 51 15 vara
906 1200 77 21 beredd
999 1201 34 19 att

204 1229 75 20 förena
301 1229 43 26 mig
366 1230 47 20 med
435 1229 31 21 Hr
481 1229 53 20 Rein
550 1229 73 20 derom
640 1231 33 18 att
688 1235 29 14 nu
732 1229 146 26 föreliggande
892 1229 57 20 kläm
965 1228 68 21 mätte

204 1257 125 21 ätersändas
355 1258 32 20 till
414 1257 116 22 Utskottet.
571 1257 41 27 Jag
634 1257 80 21 tillåter
729 1257 43 27 mig
787 1257 105 26 nämligen
909 1257 53 26 hysa
977 1257 56 20 vissa

204 1286 73 21 tvifvel
299 1292 34 15 om
356 1286 105 21 huruvida
475 1288 161 19 reservanterne
651 1285 64 22 hafva
730 1286 56 21 velat
802 1286 68 21 uttala
886 1286 39 20 den
941 1285 91 26 mening,

204 1321 45 14 som
266 1315 40 20 den
326 1315 66 20 andra
408 1314 80 21 hälften
504 1314 22 21 af
540 1314 112 21 Utskottet
667 1315 49 20 sökt
730 1315 86 26 inlägga
831 1315 6 20 i
854 1315 62 20 deras
932 1314 44 25 ord,
992 1313 40 22 och

204 1343 36 22 det
258 1343 71 21 kunde
345 1350 50 14 vara
411 1344 24 20 sä
449 1344 51 25 godt
516 1345 32 19 att
564 1343 26 21 de
605 1343 67 26 begge
688 1343 106 21 hälfterna
810 1343 22 21 af
845 1343 111 21 Utskottet
964 1342 68 21 skulle

204 1372 95 27 återigen
315 1372 21 21 få
350 1372 113 21 konferera
478 1372 32 20 för
526 1373 32 19 att
573 1373 53 25 göra
640 1372 58 21 klart
712 1371 33 22 för
760 1372 31 26 sig
808 1371 55 22 hvad
878 1371 74 26 frågan
960 1373 72 24 egent-

204 1400 57 27 ligen
287 1401 73 25 gäller.
391 1400 95 22 Oaktadt
501 1401 111 26 upprepad
626 1400 131 27 uppmaning
772 1400 64 21 hafva
851 1400 133 21 härvarande
998 1401 34 19 ut-

203 1429 145 21 skottsherrar
370 1429 18 26 ej
411 1429 81 21 kunnat
514 1429 79 20 förmäs
616 1429 32 20 till
664 1431 47 19 rent
726 1429 45 26 spel
787 1428 40 22 och
839 1428 38 27 jag
891 1428 83 27 afsäger
989 1427 44 27 mig

203 1463 89 16 numera
307 1457 28 22 all
350 1457 142 27 förhoppning
508 1460 32 18 att
555 1457 47 21 frän
618 1457 48 22 dem
682 1457 72 21 kunna
769 1457 87 22 utlocka
870 1457 65 26 nägot
938 1441 95 47 Faktiskt

203 1486 32 21 till
251 1488 47 19 stöd
315 1486 33 21 för
363 1487 61 20 deras
439 1486 137 27 påståenden.
