1109 1742
221 123 41 21 946
476 130 25 18 R.
514 135 17 12 o.
544 131 23 16 A.
581 131 59 17 1894.
665 132 19 16 11
697 131 48 21 Maj.

191 208 54 22 fatta
260 210 31 20 ett
307 208 75 28 beslut,
398 210 89 27 ungefär
503 210 83 26 sädant,
603 212 33 20 att
649 210 65 28 jemte
731 211 36 21 det
781 210 25 22 R.
823 216 18 15 o.
858 211 25 20 A.
897 210 67 22 finner
972 211 53 26 godt

191 237 102 21 förordna
318 240 32 19 att
372 238 48 21 med
445 239 41 21 den
512 239 123 27 föreslagna
657 240 154 26 dekoreringen
827 239 23 21 af
863 239 105 21 förmaket
984 239 40 21 och

193 265 127 26 kabinettet,
345 267 127 27 uppgäende
498 268 33 20 till
558 274 25 15 en
610 268 109 21 beräknad
734 268 92 21 kostnad
841 267 22 21 af
877 268 63 26 5,764
955 268 68 26 mark,

194 294 69 22 skulle
286 294 58 27 bero,
367 296 55 20 intill
438 296 49 21 dess
501 296 25 21 R.
543 303 20 14 o.
579 297 26 21 A.
621 296 114 22 framdeles
749 297 37 21 vill
801 296 74 22 härom
891 296 135 22 annorlunda

193 322 90 27 besluta,
306 324 141 22 öfverlemnar
466 325 24 21 R.
507 331 20 15 o.
542 326 26 20 A.
585 326 22 20 ät
623 326 40 20 den
679 325 107 21 blifvande
801 324 222 22 Riddarhusdirektio-

193 358 41 15 nen
250 354 34 19 att
299 352 47 22 icke
361 353 91 21 allenast
467 354 44 20 läta
526 353 73 22 utföra
615 354 59 21 alla
672 348 9 36 i
687 354 248 26 Riddarhusbyggnaden
946 354 79 26 nödiga

190 380 176 26 remontarbeten,
383 382 48 21 med
447 382 308 28 beaktande
572 376 14 39 i
595 382 157 28 hufvudsakliga
764 382 59 22 delar
839 382 22 21 af
868 382 55 21 hvad
931 382 91 22 Riddar-

190 408 147 22 husutskottet
363 410 7 21 i
398 410 59 22 detta
482 410 101 22 afseende
608 411 77 26 anfört,
701 413 52 19 utan
768 411 39 21 ock
823 413 32 19 att
870 410 96 22 anskaffa
980 417 42 21 nya

191 438 120 27 pryäligare
322 438 70 22 möbel
402 439 33 21 till
450 440 163 21 kanslirummet
629 440 39 21 och
681 440 36 22 det
728 440 94 21 derinvid
836 439 89 27 belägna
937 446 86 20 genom-

189 466 164 27 gängsrummet.

258 495 62 21 Hvad
335 496 135 27 placeringen
486 496 23 22 af
522 496 72 28 Borgå
609 496 166 28 landtdagstafla
790 496 107 25 beträffar,
914 496 24 22 sä
953 498 24 19 är
984 496 38 27 jag

189 529 50 15 ense
261 524 49 21 med
333 525 31 21 Hr
388 524 137 28 Gripenberg.
565 525 39 21 Om
625 525 38 27 jag
678 526 46 21 icke
740 526 88 21 alldeles
844 526 112 26 misstager
971 525 49 26 mig,

189 552 83 22 hvilket
292 553 37 27 jag
351 555 46 19 tror
417 554 38 26 jag
470 554 46 21 icke
532 556 45 25 gör,
593 554 24 21 sä
633 556 23 19 är
672 554 69 22 denna
756 554 51 22 tafla
822 554 132 21 fortfarande
970 554 50 26 Kej-

189 581 79 27 serliga
283 581 104 22 Senatens
402 582 139 27 tillhörighet.
563 582 72 22 Taflan
651 582 40 22 har
705 584 35 20 vid
755 584 84 20 senaste
855 582 102 27 landtdag
973 582 47 20 blif-

188 609 31 21 vit
242 609 144 23 öfverlemnad
408 611 33 21 till
463 611 72 21 förvar
558 611 12 21 &
585 611 151 25 Riddarhuset,
752 618 49 14 men
817 612 153 26 eganderätten
986 610 33 21 till

189 638 125 22 densamma
329 640 61 20 torde
406 640 93 21 Senaten
515 640 132 22 fortfarande
663 640 122 22 förbehällit
800 640 32 26 sig
847 640 39 21 och
899 639 37 27 jag
951 641 69 19 sätter

188 667 7 21 i
210 666 67 28 fräga,
299 667 104 22 huruvida
423 674 49 15 man
488 668 47 22 frän
551 675 89 20 egarens
655 669 46 21 sida
716 669 42 21 kan
773 668 96 28 päräkna
885 670 31 19 ett
930 668 90 26 medgif-

189 696 68 21 vande
281 696 69 21 dertill
368 699 31 19 att
415 697 70 21 denna
500 696 51 22 tafla
566 698 69 20 skulle
650 698 97 27 placeras
761 698 8 20 i
784 697 155 22 Riddarhusets
953 696 66 22 vesti-

187 724 42 26 byl.
259 724 47 22 Den
329 725 78 21 tanken
423 726 67 27 ligger
506 726 27 21 dä
548 728 101 19 närmare
665 726 32 21 till
713 726 68 22 hands
797 728 32 19 att
844 732 48 15 man
909 725 110 21 öfverlem-

189 759 39 15 nar
243 752 65 22 taflan
324 754 32 20 till
373 754 155 22 Ständerhuset
543 754 52 22 eller
611 755 125 27 disponerar
751 761 35 15 om
802 755 40 20 den
853 754 28 27 pä
891 756 64 19 annat
967 756 51 19 sätt.

255 810 34 21 Dä
309 810 25 21 R.
357 817 18 15 o.
391 811 25 21 A.
433 811 54 21 härä
503 811 108 27 öfvergick
627 812 32 20 till
675 811 210 27 specialgranskning
899 811 23 21 af
935 810 83 22 föreva-

186 838 66 21 rande
265 838 134 22 betänkande
414 840 39 21 och
469 842 96 19 närmast
573 840 23 20 af
602 840 241 21 Riddarhusutskottets
851 839 79 26 förslag
941 839 27 26 pä
977 839 39 21 sid.

187 867 12 20 3
207 866 24 21 af
237 867 124 26 detsamma,
371 868 40 26 (sid
421 869 40 20 933
470 868 6 21 i
486 868 25 21 R.
521 875 18 14 o.
549 869 37 20 A:s
595 868 64 27 prot.)
669 869 107 20 lemnades
785 869 28 25 pä
821 867 94 27 begäran
923 867 63 22 ordet
994 867 23 21 ät

255 923 57 22 Frih.
328 931 40 14 von
384 924 85 26 Born,
486 931 44 16 som
546 925 97 27 yttrade:
673 925 112 21 Utskottet
807 925 90 20 föreslär
916 925 6 20 i
938 924 76 27 början

184 952 28 26 pä
227 952 40 21 sid.
284 953 12 20 3
312 955 43 23 ,att
374 953 105 22 definitivt
493 953 100 27 afstänga
609 954 108 21 mellersta
732 953 97 22 läktaren
845 953 40 21 och
902 953 115 26 disponera

186 981 40 20 den
242 981 124 26 härigenom
381 988 72 15 vunna
468 984 106 25 väggytan
590 982 33 21 för
638 982 149 27 uppställande
803 982 23 21 af
837 981 177 27 vapensköldar*.

184 1009 64 21 Flere
271 1009 23 21 af
315 1009 100 22 Ständets
438 1011 119 21 ledamöter
572 1011 61 21 torde
649 1012 67 25 draga
732 1011 31 26 sig
779 1010 31 21 till
827 1011 80 20 minnes
923 1011 32 20 att
970 1010 46 21 frä-

183 1043 42 20 gan
248 1044 34 15 om
307 1039 108 21 mellersta
440 1039 98 22 läktaren
563 1040 57 20 varit
642 1039 67 22 under
732 1039 129 26 behandling
883 1040 76 19 nästan
979 1039 36 20 vid

185 1066 75 27 hvarje
276 1067 110 27 landtdag,
403 1068 39 21 och
458 1068 39 21 har
512 1068 36 21 det
564 1068 6 21 i
586 1068 72 27 regeln
673 1068 56 21 varit
745 1068 24 21 sä
779 1069 32 19 att
822 1073 25 15 en
859 1073 75 15 senare
944 1067 70 21 landt-

184 1094 41 27 dag
241 1095 92 27 upphäft
347 1102 26 15 en
389 1096 92 27 tidigare
496 1097 114 26 landtdags
633 1096 75 21 beslut.
739 1097 41 20 Vid
799 1098 91 22 senaste,
908 1096 52 21 1891
978 1096 36 21 ärs

184 1123 110 27 landtdag,
310 1124 81 21 beslöts
407 1125 109 21 läktarens
531 1125 118 26 apterande
672 1125 33 21 för
721 1125 48 21 dess
785 1125 105 26 egentliga
906 1124 107 25 ändamäl,

183 1151 39 21 och
246 1152 60 21 detta
329 1153 54 20 hade
405 1153 24 27 ju
450 1160 28 15 nu
501 1153 50 22 bort
569 1154 68 21 under
653 1153 138 22 mellantiden
808 1153 43 21 ske.
883 1153 129 26 Visserligen

184 1179 45 22 blef
241 1187 76 20 genom
341 1187 25 15 en
389 1182 131 27 tillfällighet
543 1182 47 21 icke
613 1185 31 18 ett
667 1182 22 21 af
706 1183 25 20 de
747 1182 34 21 för
796 1181 123 22 ändamälet
935 1182 79 26 nödiga

182 1209 93 25 medlen,
290 1209 157 27 anbringandet
462 1211 23 20 af
499 1217 26 15 en
541 1211 84 21 eldstad
641 1211 27 26 pä
683 1211 104 25 läktaren,
800 1210 25 21 dä
839 1210 113 23 beslutadt,
964 1216 48 15 men

182 1237 61 21 detta
258 1237 55 22 hade
336 1238 82 22 kunnat
441 1239 120 21 tillkomma
580 1239 83 21 efteråt.
694 1239 43 26 Mig
753 1245 62 20 synes
831 1242 32 17 att
879 1239 133 20 Riddarhus-

182 1265 134 22 direktionen
333 1267 33 20 för
381 1267 32 21 sin
429 1268 152 21 efterlätenhet
595 1270 33 19 att
644 1268 75 26 bringa
735 1267 102 22 Ständets
853 1267 70 21 beslut
933 1267 7 21 i
951 1267 61 21 verk-

181 1294 110 27 ställighet
313 1295 77 22 saknat
413 1296 72 27 hvarje
509 1303 70 14 annan
598 1297 120 26 anledning,
735 1298 26 19 än
779 1296 40 21 den
835 1298 32 19 att
883 1296 35 21 det
934 1296 78 21 verkli-

180 1329 41 20 gen
237 1323 42 20 kan
295 1323 84 27 påvisas
394 1331 26 14 en
436 1325 50 27 lång
501 1325 122 21 erfarenhet
639 1325 79 26 derom,
734 1328 33 17 att
783 1325 5 20 i
802 1324 107 26 åtskilliga
921 1324 91 27 detaljer

180 1351 23 21 af
223 1351 249 28 Riddarhusbyggnaden
497 1360 26 15 en
549 1353 129 27 föregående
701 1353 112 26 landtdags
829 1353 70 20 beslut
916 1353 6 20 i
939 1353 73 26 regeln

180 1379 101 28 upphäfts
304 1380 23 21 af
348 1387 26 14 en
397 1388 82 15 senare.
509 1383 41 25 Jag
573 1382 92 21 förutser
686 1382 64 21 också
774 1381 73 22 derför
861 1383 33 19 att
909 1381 25 21 R.
950 1387 19 15 o.
985 1383 26 19 A.

179 1409 35 20 vid
231 1409 70 20 denna
316 1409 102 28 landtdag
434 1411 61 25 skall,
511 1411 48 20 med
576 1411 149 26 upphäfvande
739 1410 24 21 af
777 1411 38 20 sitt
831 1410 70 21 beslut
916 1410 7 21 i
942 1410 70 21 denna

178 1437 61 26 fråga
264 1437 33 21 vid
314 1441 85 18 senaste
415 1439 108 26 landtdag,
540 1439 45 21 låta
602 1439 33 21 vid
651 1438 268 22 Riddarhusdirektionens
934 1438 78 21 anord-

178 1465 51 27 ning
253 1465 117 22 tillsvidare
393 1467 62 26 bero;
479 1470 21 25 ty
523 1468 24 21 så
569 1468 62 26 länge
653 1467 74 27 frågan
743 1474 35 14 om
794 1467 109 21 läktarens
917 1469 94 24 uppvär-

178 1494 78 21 mande
278 1495 46 20 icke
340 1497 24 19 är
386 1496 49 26 löst,
451 1497 24 20 så
489 1499 24 18 är
529 1497 49 20 dess
593 1497 135 26 användning
743 1496 81 21 kanske
840 1496 46 21 icke
902 1495 107 22 tänkbart.

177 1521 41 28 Jag
241 1523 69 21 skulle
336 1523 95 22 deremot
453 1525 46 21 icke
520 1525 74 20 kunna
617 1525 27 26 gå
665 1525 21 20 in
701 1525 28 26 på
743 1525 125 21 Utskottets
883 1525 80 26 förslag
978 1526 33 19 att
