1109 1739
240 107 41 20 628
492 114 25 17 R.
531 118 18 12 o.
563 114 22 16 A.
599 114 57 16 1894.
681 114 20 16 17
715 113 63 21 April.

211 192 140 22 betraktande
372 196 61 24 tagas
453 196 33 18 att
506 194 127 26 Ständerna,
655 200 44 14 som
716 196 37 18 äro
769 194 26 20 de
811 192 105 28 egentliga
932 193 103 27 principa-

209 222 60 21 lerna
285 222 32 20 för
333 222 100 21 Finlands
449 222 68 25 Bank,
534 222 46 21 icke
596 228 39 21 ega
650 225 33 18 att
691 222 73 21 utöfva
773 222 63 25 något
845 221 115 27 inflytande
968 222 23 26 pä
1002 222 34 20 be-

210 251 108 21 sättandet
340 251 22 21 af
383 251 40 21 den
445 251 76 27 högsta
543 251 148 27 ledareposten
713 251 7 21 i
741 251 90 21 banken.
861 250 73 22 Under
958 250 81 21 sädana

210 278 146 22 förhällanden
375 286 62 20 synes
453 280 35 20 det
511 280 48 26 mig,
576 282 32 19 att
624 282 31 19 ett
670 280 64 20 sundt
749 279 39 21 och
805 279 69 21 starkt
889 279 148 27 privatbanks-

210 308 91 20 väsende
317 310 23 18 är
355 308 48 21 fullt
418 311 23 18 ut
456 308 43 21 lika
515 308 83 27 vigtigt,
615 315 44 14 som
676 314 25 15 en
716 308 59 21 stark
791 308 119 21 statsbank.
943 308 41 20 Det
1000 307 38 21 har

209 336 46 26 gätt
278 342 45 15 som
349 343 25 14 en
394 338 38 20 röd
456 338 47 20 träd
524 343 76 21 genom
616 336 49 22 flere
681 336 127 27 föregäende
824 336 77 22 talares
924 336 113 26 yttranden

210 371 25 15 en
251 365 42 21 viss
308 365 93 27 farhäga,
418 368 31 18 att
465 366 180 26 privatbankerna
667 366 68 20 skulle
754 365 142 27 tillgodogöra
911 366 33 25 sig
958 365 80 20 vinster

209 393 28 27 pä
252 394 149 21 statsbankens
422 394 124 22 bekostnad,
570 394 7 21 i
597 394 100 22 händelse
713 394 139 21 statsbanken
867 394 69 21 skulle
951 394 6 20 i
973 393 65 26 nägot

210 424 69 20 större
295 423 52 26 grad
362 425 26 19 än
413 423 77 21 hittills
509 423 116 21 inskränka
643 423 46 21 sina
704 422 111 22 inhemska
829 422 138 27 placeringar.
997 422 41 26 Jag

209 450 36 21 vill
262 451 70 21 härtill
355 452 99 26 påminna
477 458 33 14 om
527 454 32 19 att
575 452 65 26 enligt
656 452 12 26 $
685 453 8 19 1
713 452 6 20 i
735 452 138 25 reglementet
888 451 33 21 för
936 450 102 22 Finlands

209 479 61 21 Bank
286 480 83 21 banken
384 480 7 21 i
407 482 88 19 trämsta
511 483 92 19 rummet
618 480 38 21 har
669 481 30 25 sig
712 480 95 26 förelagd
818 480 110 26 uppgiften
939 482 31 18 att
980 479 57 26 sörja

209 508 33 21 för
264 509 75 26 stadga
360 509 38 21 och
420 509 98 21 säkerhet
541 510 7 20 i
572 509 83 21 landets
671 509 196 27 penningeväsende
883 508 39 21 och
938 508 100 21 befordra

211 537 262 27 penningeomsättningen
495 538 7 20 i
525 538 79 21 landet.
635 538 64 20 Först
717 538 7 20 i
740 538 67 20 andra
822 541 91 17 rummet
928 537 42 21 kan
985 536 50 21 hän-

209 572 66 20 synen
300 566 32 21 till
356 566 137 21 inhöstandet
517 566 24 21 af
565 568 58 20 stora
648 567 80 21 vinster
744 566 91 21 komma.
865 566 40 27 Jag
920 568 69 18 röstar
1004 565 34 21 för

210 595 43 21 min
270 594 33 22 del
319 595 32 21 för
367 595 120 21 Utskottets
502 595 86 27 förslag.

279 681 32 20 Hr
335 681 23 21 af
380 681 159 21 Lindfors:
571 681 32 21 De
627 682 72 25 motiv,
725 687 45 15 som
785 681 68 20 blifvit
868 680 125 21 framhällna
1009 681 28 26 pä

209 709 40 20 sid.
265 710 12 20 5
301 709 6 21 i
329 710 58 21 detta
406 710 140 25 betänkande,
563 711 44 20 visa
625 710 40 21 den
681 710 100 26 brytning
795 710 7 20 i
818 709 84 26 äsigter,
919 715 45 15 som
980 709 56 21 inom

209 737 111 22 Utskottet
349 738 105 27 —sjelffallet
480 739 58 26 gjort
564 739 32 26 sig
621 739 104 26 gällande,
749 741 22 24 ty
795 739 27 20 dä
843 738 39 21 här
910 737 126 22 framhållits

209 766 40 21 och
277 767 85 20 citerats
386 767 73 26 början
482 767 23 21 af
519 767 156 22 betänkandets
691 767 63 21 femte
771 767 52 23 sida,
839 767 29 25 sä,
885 773 33 14 om
935 773 47 14 man
998 766 38 27 går

209 795 79 25 vidare,
305 795 66 21 finner
387 802 48 15 man
451 803 26 14 en
493 803 69 14 annan
578 797 55 26 äsigt
649 796 74 26 belyst,
739 795 39 22 och
791 796 65 21 slutet
871 795 56 21 visar
938 797 30 19 att
979 795 57 21 inom

209 823 111 22 Utskottet
339 824 46 21 fans
408 831 106 20 personer,
537 831 46 15 som
607 825 48 20 ville
671 825 49 26 höja
736 825 149 20 reservfonden
901 824 32 21 till
950 825 26 19 20
992 824 43 21 mil-

207 852 63 26 joner
288 853 67 20 mark.
385 853 140 22 Pluraiiteten
541 853 43 21 höll
601 853 31 27 sig
648 853 83 21 likvisst
746 853 32 20 till
796 854 24 20 15
832 853 102 26 miljoner,
948 853 87 20 emedan

209 881 127 26 föregående
351 881 91 22 Ständer.
457 882 64 21 redan
538 882 55 21 hade
608 882 81 26 antagit
706 882 68 21 denna
790 888 87 16 summa,
893 881 38 21 och
941 881 95 26 emedan,

210 909 89 21 oaktadt
314 910 34 21 vid
367 913 84 18 senaste
470 911 102 26 landtdag
587 911 112 25 3.900,000
715 911 60 20 mark
791 911 23 20 af
828 911 93 20 bankens
938 910 96 21 vinstme-

210 938 33 21 del
259 938 129 21 öfverfördes
403 939 33 21 till
451 939 150 21 reservfonden
617 939 39 21 och
673 939 114 25 dessutom,
804 939 64 20 sedan
884 939 26 20 de
925 938 33 21 för
974 940 62 19 stats-

209 967 74 21 verket
299 967 110 22 bestämda
424 974 121 15 summorna
561 968 74 26 afgätt,
652 974 25 15 en
693 967 101 27 fjerdedel
803 967 23 21 af
833 967 124 24 ärsvinsten,
968 967 68 21 denna

209 995 50 21 fond
275 996 67 21 under
357 998 106 19 närmaste
478 996 143 27 finansperiod
635 996 46 21 icke
697 997 40 20 kan
756 996 71 27 uppgå
842 996 31 21 till
891 997 25 20 15
932 995 102 27 miljoner.

207 1023 41 27 Jag
268 1024 39 21 har
332 1025 75 20 endast
429 1025 56 21 velat
511 1025 75 21 anföra
611 1025 59 21 detta
695 1025 32 20 för
753 1027 32 18 att
811 1025 70 20 lemna
903 1031 25 14 en
950 1024 44 21 bild
1015 1024 23 21 af

209 1053 26 20 de
257 1053 85 25 äsigter,
362 1059 45 15 som
429 1054 57 20 inom
502 1053 111 22 Utskottet
635 1054 79 21 uttalat
733 1053 33 27 sig
781 1053 39 21 och
837 1053 26 21 dä
879 1053 134 27 pluraliteten
1029 1053 7 20 i

209 1081 42 20 alla
269 1081 35 21 fall
321 1081 39 21 har
374 1082 84 21 förenat
473 1082 31 27 sig
520 1089 33 14 om
571 1089 25 14 en
614 1083 25 20 15
655 1082 108 27 miljoners
775 1081 122 22 reservfond
907 1084 56 19 samt
980 1083 57 19 näst-

208 1109 127 22 kommande
357 1110 92 21 Ständer
472 1111 71 21 kunna
565 1113 98 18 närmare
686 1111 83 20 besluta
792 1117 34 14 om
851 1110 89 22 fondens
964 1110 72 21 vidare

208 1137 115 28 förkofran,
339 1139 38 21 ber
390 1139 37 27 jag
442 1139 22 21 fä
478 1140 130 21 understöda
625 1139 120 22 Utskottets
761 1139 85 27 förslag.

277 1224 32 21 Hr
325 1225 32 20 W.
374 1225 165 21 Hackman:
565 1225 33 21 Då
621 1225 50 21 flere
690 1225 63 21 ärade
771 1225 67 20 talare
854 1225 62 20 hafva
933 1225 54 26 tagit
1002 1225 33 20 till

208 1252 41 21 tals
271 1253 74 26 frågan
369 1259 33 15 om
423 1253 101 21 Finlands
539 1253 72 21 Banks
627 1253 135 22 reservfonds
777 1253 84 21 ökande
876 1254 32 20 till
924 1253 28 21 20
967 1253 67 26 miljo-

208 1288 43 17 ner,
273 1282 79 21 tillåter
365 1282 37 26 jag
417 1282 42 27 mig
475 1282 64 21 också
555 1284 33 19 att
602 1284 58 25 yttra
676 1282 66 26 några
758 1282 39 21 ord
813 1282 78 21 derom.
923 1282 42 21 Det
980 1282 54 20 före-

207 1309 62 21 faller
291 1311 42 25 mig
356 1311 128 26 visserligen,
507 1317 44 15 som
574 1317 33 15 om
624 1311 75 26 frägan
715 1311 47 21 icke
778 1311 54 20 hade
848 1311 68 26 nägon
933 1310 103 27 väsentlig

208 1338 115 27 betydelse.
340 1340 87 20 emedan
441 1340 25 26 ju
481 1340 94 20 hvarken
592 1340 168 20 Bankutskottet
771 1340 52 20 eller
834 1339 200 26 Bankfullmäktige,

208 1367 52 21 eller
281 1369 81 19 rättare
381 1368 62 26 sagdt
459 1368 24 21 de
499 1374 76 15 senare
591 1368 64 21 afsett
671 1370 31 19 ett
718 1368 133 21 omedelbart
867 1368 83 20 ökande
966 1368 22 20 af
1002 1374 33 14 re-

207 1396 126 20 servfonden
357 1396 32 21 till
412 1397 27 20 20
462 1396 104 27 miljoner,
584 1400 53 17 utan
653 1397 87 21 fastmer
755 1399 33 18 att
803 1396 107 21 fastställa
925 1396 60 21 detta
1000 1396 36 21 be-

207 1424 50 26 lopp
281 1424 68 21 säsom
373 1427 31 19 ett
427 1425 48 24 mäl,
499 1426 32 20 till
552 1425 82 21 hvilket
656 1431 48 15 man
727 1426 71 20 kunde
819 1424 86 22 sträfva.
940 1424 41 22 Det
998 1430 38 15 var

205 1452 46 26 just
266 1453 69 21 denna
351 1454 162 26 omständighet,
529 1456 34 18 att
575 1454 46 20 icke
637 1455 30 19 ett
683 1453 132 21 omedelbart
826 1454 82 20 ökande
922 1453 23 21 af
955 1459 81 15 reserv-

206 1481 106 26 kapitalet
333 1482 96 20 kommer
447 1483 6 19 i
469 1482 66 26 fräga,
552 1488 45 15 som
614 1488 37 14 var
667 1483 90 20 orsaken
773 1482 32 21 till
821 1484 33 19 att
867 1482 37 26 jag
919 1482 31 21 uti
966 1482 70 20 denna

206 1509 61 27 fräga
283 1510 46 20 icke
346 1510 136 22 reserverade
497 1511 43 26 mig
557 1513 44 19 mot
614 1510 207 28 Bankfullmäktiges
833 1511 75 21 beslut.
930 1511 38 20 Ett
979 1516 56 15 ome-
