1109 1745
233 115 42 22 968
513 121 24 16 R.
550 125 12 13 o
576 121 22 16 A.
612 121 57 16 1894.
694 121 23 17 12
729 121 47 21 Maj.
934 120 2 6 N

204 201 50 26 ning
278 202 24 19 är
325 200 78 27 möjlig.
434 201 42 21 Det
491 201 64 21 säkra
571 202 24 19 är
610 202 33 19 att
659 201 41 26 $:n,
716 200 33 22 till
764 200 52 27 följd
832 200 23 21 af
869 201 40 21 den
925 200 107 27 egenskap

205 229 56 22 1868
283 229 34 21 ärs
339 230 36 26 lag
397 229 39 22 har
458 229 47 25 fätt,
529 235 89 16 numera
633 229 40 21 hör
688 229 33 21 till
737 229 36 22 det
789 229 125 23 omräde
885 225 24 36 af
928 229 48 22 civil
991 229 41 27 lag,

205 257 38 22 der
265 258 136 21 motionsrätt
424 259 24 20 är
466 258 90 21 tilläten.
586 259 38 20 Att
639 258 6 21 i
661 258 70 21 denna
746 258 34 27 lag
795 258 88 27 intagits
899 264 25 15 en
940 258 92 21 bestäm-

204 286 51 27 ning
270 293 33 14 om
319 289 32 19 att
368 287 23 21 H.
409 286 27 21 M.
452 293 49 20 eger
516 287 6 20 i
538 287 106 21 särskilda
659 287 37 20 fall
712 286 107 22 fastställa
834 287 109 26 undantag
955 287 7 20 i
972 286 61 27 fräga

205 321 34 15 om
261 315 177 27 fridlysningstid,
462 315 41 21 kan
525 316 36 20 väl
583 315 47 21 icke
645 321 52 15 vara
712 321 26 16 en
754 315 164 26 omständighet,
934 321 45 15 som
995 317 38 25 gör

205 345 34 20 att
260 343 41 28 $:n,
323 344 55 21 hvad
401 344 102 21 beträffar
519 345 48 20 dess
584 343 100 27 innehåll,
700 344 69 21 skulle
785 350 51 15 vara
851 344 45 21 helt
911 343 40 22 och
967 344 66 21 hållet

204 372 136 27 undantagen
367 373 46 21 frän
439 373 36 21 det
499 373 95 26 omräde,
620 379 45 15 som
685 372 134 27 underligger
841 372 131 22 Ständernas
993 372 39 21 och

204 401 145 27 Regeringens
371 401 105 22 samfälda
490 401 161 22 bestämmande
671 401 40 22 och
730 401 27 26 pä
773 401 80 21 hvilket
869 401 163 21 motionsrätten

205 435 50 21 eger
271 430 140 27 tillämpning.
442 430 43 21 För
501 430 42 21 min
559 430 34 21 del
609 431 24 20 är
646 430 37 27 jag
698 430 43 21 lika
751 429 142 28 omsorgsfull,
905 436 46 15 som
962 429 70 28 nägon

204 465 77 19 annan,
298 465 34 15 om
347 461 33 19 att
395 459 118 21 Ständerna
528 459 47 21 icke
591 458 68 21 skulle
673 458 84 27 ingripa
771 458 57 22 inom
844 459 37 21 det
889 459 92 25 omräde,
995 458 37 21 der

205 487 137 22 motionsrätt
364 487 23 21 af
409 487 26 22 H.
458 487 27 21 M.
502 487 47 22 icke
565 489 24 20 är
604 487 125 27 medgifven,
745 493 47 15 men
808 487 43 21 min
867 487 96 27 förmäga
978 489 32 19 att
1025 487 7 21 i

205 516 61 21 detta
284 516 100 21 afseende
399 517 52 26 göra
467 516 151 21 distinktioner
633 516 96 21 sträcker
745 516 30 26 sig
790 516 47 21 icke
852 516 80 21 derhän
948 517 33 20 att
996 515 36 22 be-

205 546 97 24 stämma,
319 545 56 20 huru
397 544 27 21 dä
447 544 224 22 demarkationslinien
689 545 55 20 skall
759 545 83 26 dragas.
872 545 41 26 Jag
928 545 41 20 kan
986 544 46 21 icke

205 573 55 21 fatta
284 575 66 20 annat
372 575 27 19 än
421 575 33 20 att
476 573 131 22 Ständernas
630 573 186 27 lagstiftningsrätt
839 573 45 21 stär
900 580 52 20 gvar
965 573 66 27 jemte

205 601 29 22 H.
250 601 39 22 M:s
305 601 78 28 lagliga
399 603 43 20 rätt
457 604 32 19 att
504 602 6 21 i
526 602 107 21 särskilda
648 601 37 22 fall
699 604 53 24 göra
767 602 109 26 undantag
891 602 47 21 från
954 602 25 21 de
996 601 36 22 be-

204 631 139 26 stämningar,
352 637 45 15 som
408 637 75 20 genom
496 631 79 20 allmän
586 631 35 26 lag
631 630 130 25 tillkommit,
772 631 39 20 och
823 631 27 20 dä
861 631 98 26 ostridigt
970 630 62 21 dessa

206 659 165 27 bestämningar,
391 665 45 16 som
457 661 37 19 äro
510 659 7 21 i
531 659 68 27 fräga,
615 659 64 22 hafva
693 659 31 21 uti
740 659 40 21 den
796 659 23 21 af
833 659 91 22 Ständer
940 659 39 21 och
992 659 39 21 Re-

205 688 75 27 gering
299 690 134 24 gemensamt
448 688 131 21 stadfästade
595 689 61 26 lagen
672 688 129 25 tillkommit,
818 687 42 22 kan
873 688 37 27 jag
925 687 46 22 icke
987 688 45 21 inse

205 718 66 19 annat
287 718 25 19 än
329 718 33 19 att
377 717 163 21 motionsrätten
556 717 39 20 här
610 717 55 21 skall
681 717 71 21 kunna
767 716 113 27 tillämpas.

275 773 32 21 Hr
331 775 22 20 A.
378 773 99 28 Späre:
501 773 39 22 Till
564 773 25 22 de
613 773 22 22 af
651 773 44 22 Hrr
710 773 104 22 Mechelin
831 773 39 22 och
885 773 147 27 Montgomery

205 801 92 22 anförda
319 802 54 26 skäl,
389 802 32 21 till
437 802 169 27 vederläggande
621 802 22 21 af
657 802 57 21 Frih.
730 802 169 27 Langenskiölds
915 802 118 27 betänklig-

205 830 62 22 heter
282 830 110 27 angäende
407 830 130 22 Ständernas
553 833 44 19 rätt
612 833 33 19 att
659 831 7 21 i
681 832 132 25 motionsväg
829 833 52 24 göra
896 831 115 26 ändringar
1026 832 7 19 i

205 865 29 14 nu
257 859 162 27 ifrågavarande
442 859 33 21 del
499 859 22 21 af
539 859 147 27 jagtstadgan,
701 859 96 21 anhåller
809 859 37 27 jag
861 859 22 21 få
899 859 87 27 tillägga
1001 861 32 19 att

205 893 35 15 om
256 887 7 21 i
279 888 140 26 motionsväg,
435 888 28 26 pä
479 889 42 20 sätt
536 888 36 21 vid
589 888 54 21 1888
659 888 34 20 ärs
709 888 102 26 landtdag
826 888 53 26 egde
890 894 53 19 rum,
954 888 80 26 förslag

205 915 56 22 hade
284 916 75 21 väckts
379 922 34 16 om
429 916 88 27 ändring
533 916 23 21 af
569 916 50 21 hela
631 916 144 27 jagtstadgan,
791 916 23 21 sä
830 919 46 19 tror
889 916 36 27 jag
940 916 46 22 icke
1001 918 33 19 att

205 944 71 27 nägon
293 944 69 23 skulle
378 945 63 21 hafva
457 945 112 26 ifrägasatt
585 945 131 22 Ständernas
732 947 43 19 rätt
783 946 39 23 att,
830 945 66 27 jemte
907 944 127 28 vidtagande

205 973 24 21 af
242 973 115 27 ändringar
371 974 7 21 i
394 973 69 27 öfriga
477 974 59 21 delar
551 974 24 21 af
586 974 145 27 jagtstadgan,
744 974 79 27 jemväl
838 973 69 22 införa
919 974 115 26 ändringar

205 1003 7 20 i
235 1008 29 15 nu
286 1002 163 27 ifrågavarande
474 1004 23 19 11
521 1003 7 26 $
549 1002 132 27 beträffande
696 1003 201 26 fridlysningstiden.
928 1003 46 20 Den
990 1009 44 14 om-

205 1031 158 26 ständigheten,
388 1033 33 19 att
445 1031 144 27 föreliggande
612 1031 173 27 motionsförslag
808 1031 76 21 endast
900 1031 62 21 berör
979 1031 54 26 11
1020 1027 16 35 8

205 1059 40 21 och
260 1059 71 22 såsom
347 1059 138 22 korollarium
501 1059 62 22 deraf
577 1060 56 21 vissa
648 1060 159 26 bestämningar
822 1060 6 20 i
846 1059 55 28 138,
912 1059 67 22 borde
989 1059 47 22 icke

205 1087 28 27 pä
248 1087 66 27 nägot
329 1089 44 20 sätt
387 1088 95 27 förringa
498 1087 131 23 Ständernas
644 1090 43 19 rätt
703 1091 32 18 att
750 1088 80 21 föreslä
845 1089 91 25 ändring
950 1087 24 22 af
984 1088 52 21 frid-

205 1116 153 27 lysningstiden
381 1117 32 21 uti
435 1117 11 26 $
471 1118 32 20 11.
533 1117 43 27 Jag
592 1117 37 21 ber
644 1117 71 21 derför
731 1117 21 21 fä
768 1117 85 21 biträda
866 1117 31 21 Hr
913 1117 121 25 Mechelins,

205 1144 103 28 Leopold,
324 1145 91 27 mening.

275 1201 33 22 Hr
323 1202 73 21 Alexis
411 1202 196 27 Gripenberg:
630 1203 61 21 Efter
706 1203 37 21 det
757 1203 195 26 motionsförslaget
967 1202 69 21 blifvit

205 1230 134 21 behandladt
361 1231 98 21 kommer
481 1231 121 27 säkerligen
625 1231 45 22 före
686 1231 55 26 Lag-
756 1231 40 22 och
811 1231 225 21 Ekonomiutskottets

205 1258 137 22 betänkande
362 1259 40 21 N:o
419 1261 20 24 7,
455 1259 38 22 der
507 1260 74 21 ibland
596 1263 66 18 annat
677 1260 95 21 anhälles
787 1266 35 15 om
837 1259 152 27 föreläggande
1004 1259 32 21 till

205 1289 63 19 nästa
290 1287 103 27 landtdag
411 1288 23 21 af
448 1289 132 25 proposition
596 1288 109 26 angäende
721 1295 27 20 ny
764 1288 125 26 förordning
904 1288 132 21 beträffande

203 1315 56 27 jagt-
275 1316 40 20 och
331 1316 127 27 djurfängst.
480 1316 32 22 Då
525 1316 38 27 jag
577 1317 47 21 icke
640 1317 41 21 kan
696 1316 111 22 föreställa
823 1316 42 26 mig
876 1318 32 20 att
921 1316 26 22 de
959 1317 7 20 i
978 1316 59 21 detta

205 1344 230 22 motionsbetänkande
453 1345 39 21 N:o
508 1346 13 20 6
537 1345 94 21 önskade
646 1345 179 27 förändringarna
840 1347 38 19 äro
894 1345 23 21 af
930 1345 41 21 den
986 1345 50 26 vigt,

205 1374 34 19 att
254 1373 89 21 dermed
358 1374 47 20 icke
421 1374 68 21 skulle
505 1374 73 21 kunna
593 1375 62 20 anstä
671 1376 56 19 ännu
741 1376 33 19 tre
791 1373 30 27 är,
837 1374 41 21 och
893 1373 28 22 dä
936 1374 24 21 R.
976 1380 19 14 o.
1011 1374 25 20 A.

205 1400 77 22 blifver
297 1401 7 21 i
321 1402 83 22 tillfälle
419 1404 34 19 att
469 1402 53 22 efter
537 1408 26 16 en
579 1402 64 22 stund
658 1402 85 22 besluta
759 1402 32 22 till
807 1408 25 15 en
848 1402 101 21 anhållan
964 1408 35 15 om
1009 1407 27 21 ny

204 1429 131 27 förordning,
359 1430 60 21 hvari
435 1431 45 21 alla
495 1431 26 21 de
536 1430 143 28 olägenheter,
695 1437 45 15 som
757 1430 70 22 blifvit
842 1430 111 28 päpekade
968 1431 7 21 i
990 1436 48 15 mo-

205 1457 212 26 tionsbetänkandet,
441 1459 119 27 säkerligen
579 1460 72 20 kunna
665 1460 66 21 blifva
743 1459 109 27 afhjelpta,
867 1459 24 21 sä
906 1459 82 21 tillåter
1000 1459 38 27 jag

205 1486 44 27 mig
264 1486 85 23 biträda
365 1487 56 22 Frih.
438 1494 41 16 von
495 1488 69 21 Borns
575 1488 80 27 förslag
665 1491 32 19 att
708 1488 195 27 motionsförslaget
913 1488 47 21 icke
970 1487 67 22 mätte

205 1515 34 21 till
254 1515 78 28 ätgärd
347 1516 116 23 föranleda.
