1109 1739
245 99 40 21 642
487 106 25 17 R.
525 111 18 12 o.
555 106 24 17 A.
593 106 58 17 1894.
679 107 22 16 17
714 105 63 22 April.

216 184 101 27 skyldiga.
347 185 33 21 Nu
403 186 86 27 stadgas
511 186 31 21 uti
565 187 26 20 12
617 187 6 26 $
648 188 9 19 1
682 186 71 27 kap.i
769 185 122 28 strafflagen
908 187 32 20 att
955 185 85 26 sädana,

215 213 72 21 hvilka
308 213 64 22 blifva
394 215 129 20 förordnade
545 215 54 21 eller
621 215 62 21 valda
705 217 32 18 att
760 215 91 20 förrätta
866 213 94 28 offentlig
975 214 66 27 syssla

216 242 53 21 eller
289 243 84 24 ärende,
389 243 54 21 böra
458 243 33 21 för
507 243 65 25 brott,
589 249 44 15 som
651 243 25 21 de
691 243 68 21 under
774 243 97 26 utöfning
886 243 23 21 af
922 243 119 26 uppdraget

215 270 61 27 begå,
299 271 74 21 dömas
395 271 69 22 såsom
487 272 135 26 tjenstemän,
647 272 38 21 och
709 272 4 20 i
730 271 123 27 strafflagen
869 271 66 22 finnes
951 274 31 19 ett
997 273 44 19 sär-

217 299 65 20 skildt
305 299 86 27 kapitel,
414 301 105 26 nämligen
543 301 36 20 det
602 301 68 25 40:de,
687 307 45 14 som
748 301 90 20 handlar
853 307 33 14 om
903 300 137 27 tjenstemäns

217 327 58 21 brott
297 328 6 20 i
323 329 97 26 tjensten.
450 329 33 21 Då
499 335 62 21 synes
577 330 36 20 det
629 330 43 25 mig
687 329 49 21 vida
752 329 86 21 enklare
854 329 39 21 och
909 329 131 26 sakenligare

216 358 32 19 att
272 356 6 21 i
297 357 72 21 stället
384 358 33 21 för
432 358 69 21 denna
515 358 111 27 vidlyftiga
643 358 38 21 och
698 358 123 21 invecklade
837 357 137 26 formulering
990 359 50 24 säga

216 385 44 20 helt
276 385 77 26 enkelt,
370 388 32 19 att
417 386 194 27 Bankfullmäktige
628 387 61 20 skola
704 387 73 20 dömas
793 386 66 26 enligt
874 386 55 21 hvad
945 387 6 20 i
962 385 78 22 allmän

216 413 35 26 lag
275 415 86 25 stadgas
382 421 33 14 om
432 415 139 26 tjenstemäns
588 415 59 21 brott
661 415 6 21 i
683 415 98 26 tjensten.
812 415 75 20 Denna
902 414 138 26 anmärkning

215 444 24 18 är
255 442 122 27 visserligen
393 443 45 21 icke
454 443 23 21 af
491 444 118 26 synnerligt
624 445 45 19 stor
681 443 116 27 betydelse,
808 449 46 15 men
867 443 34 27 jag
911 443 68 21 skulle
989 448 51 16 anse

215 477 25 14 en
257 470 66 22 sådan
340 472 137 27 formulering
493 472 54 21 dock
563 478 52 15 vara
631 472 86 21 enklare
733 472 40 21 och
788 478 59 15 mera
860 472 98 26 egentlig.

283 545 50 21 Frih
356 552 40 14 von
412 546 84 21 Born:
513 546 41 21 Det
570 548 25 19 är
605 546 46 21 icke
663 545 131 22 beträffande
805 546 12 27 8
831 546 26 21 70
867 546 37 26 jag
915 546 53 20 hade
979 546 61 20 tänkt

214 575 58 25 ytträ
293 574 48 26 mig,
364 578 51 17 utan
433 575 90 21 ämnade
536 575 38 27 jag
589 575 78 21 föreslä
683 577 32 19 ett
730 575 75 26 tillägg
820 575 33 21 till
868 575 48 26 kap.
934 581 33 15 om
988 574 51 21 ban-

216 602 51 21 kens
291 603 96 24 revision,
411 610 44 14 som
472 604 90 20 afslutas
578 604 48 20 med
643 604 26 20 69
687 604 18 26 &.
736 603 38 21 Om
792 604 36 20 det
843 604 79 20 tillätes
938 603 48 26 mig,
1002 603 38 21 ber

212 630 36 27 jag
271 630 21 21 fä
315 632 76 26 erinra,
414 635 30 18 att
469 632 23 21 R.
509 638 18 14 o.
544 633 25 20 A.
586 632 35 20 vid
637 634 84 19 senaste
737 632 102 26 landtdag
855 632 69 21 beslöt
940 634 31 18 att
987 632 53 20 revi-

214 660 186 21 sionsberättelsen
417 661 68 21 skulle
506 661 113 21 befordras
640 661 31 21 till
696 661 66 26 tryck.
779 673 26 3 —
821 661 41 26 Jag
884 661 41 20 kan
942 660 44 22 icke
1002 660 37 21 be-

214 688 79 21 stämdt
309 688 99 26 påminna
428 690 49 26 mig,
494 696 33 14 om
544 690 37 20 det
596 689 45 21 blef
655 690 93 20 beslutet.
771 696 47 14 men
834 689 127 22 åtminstone
977 689 62 26 yrka-

213 716 37 21 des
273 717 71 26 derpä.
375 718 33 20 Nu
431 718 116 21 innehåller
571 718 10 28 &
604 720 31 24 11,
655 720 32 19 att
709 718 94 21 bankens
819 718 149 21 ärsberättelse
984 718 54 20 skall

213 744 163 28 offentliggöras.
407 746 33 21 Då
456 753 61 20 synes
533 747 160 27 konsegvensen
709 746 78 26 fordra,
803 749 32 18 att
851 747 64 21 också
930 746 109 22 revisions-

214 774 130 21 berättelsen
367 775 111 21 befordras
500 776 31 20 till
555 776 156 20 allmänhetens
734 775 125 21 kännedom.
890 776 42 24 Alt,
954 781 44 15 som
1015 776 24 19 är

213 803 78 25 egnadt
313 805 32 19 att
368 804 71 26 sprida
455 804 40 26 ljus
511 804 60 21 öfver
587 804 94 21 bankens
703 804 135 26 förvaltning,
855 806 24 18 är
891 804 23 26 ju
931 804 30 20 till
977 809 60 21 gagn.

212 830 40 27 Jag
276 832 69 20 skulle
367 832 72 21 derför
462 833 68 20 tillåta
554 833 43 26 mig
621 835 31 19 att
672 833 69 20 erinra
765 839 34 14 om
825 833 59 20 detta
899 832 138 22 förhållande.

213 859 128 27 Visserligen
358 867 61 20 synas
435 862 46 20 icke
496 862 196 26 Bankfullmäktige
708 868 28 14 nu
753 861 63 21 hafva
832 861 88 21 kommit
931 863 32 19 att
974 861 64 20 tänka

212 888 28 26 på
263 889 60 21 detta
343 889 86 27 förslag,
446 896 46 14 men
508 890 71 21 såvidt
594 890 46 21 icke
656 890 65 26 något
737 890 46 21 skäl
799 890 56 20 talar
870 892 45 18 mot
930 890 108 26 förslaget,

213 916 68 22 skulle
294 917 37 27 jag
347 918 26 20 be
389 920 32 19 att
436 918 21 21 få
473 919 119 20 detsamma
607 921 108 24 upptaget.

281 985 32 21 Hr
336 986 205 21 Landtmarskalken
565 987 122 20 förklarade
704 987 6 20 i
727 987 113 25 anledning
856 986 62 21 häraf
931 987 39 23 att,
986 987 51 19 enär

211 1013 25 21 R.
251 1020 17 13 o.
286 1014 24 20 A.
328 1015 63 20 redan
409 1015 160 20 slutbehandlat
584 1015 11 27 $
612 1016 33 23 69,
663 1015 70 21 kunde
750 1015 57 20 Frih.
815 1021 41 14 von
872 1015 68 20 Borns
951 1014 85 27 förslag,

211 1042 70 21 sävidt
306 1043 117 21 detsamma
445 1043 72 26 afsäge
539 1044 76 26 tillägg
637 1043 33 21 till
694 1044 65 26 sagda
782 1043 21 27 S,
819 1043 46 21 icke
887 1046 61 23 tagas
971 1043 66 20 under

210 1070 106 27 pröfning.

280 1139 56 21 Frih.
348 1146 41 15 von
399 1141 77 20 Born
489 1141 95 26 yttrade:
596 1140 84 27 Frågan
691 1143 24 18 är
723 1141 23 26 ju
757 1141 47 20 icke
815 1139 22 22 af
846 1140 67 27 någon
925 1140 51 26 vigt,
988 1145 47 16 men

211 1167 36 22 det
258 1175 37 14 var
304 1169 46 20 icke
361 1169 33 20 till
405 1170 27 20 69
444 1169 33 26 $:n
489 1169 59 21 detta
560 1169 76 21 hänför
648 1170 37 26 sig,
697 1172 50 18 utan
759 1169 70 21 såsom
844 1175 25 15 en
880 1175 27 20 ny
910 1163 13 37 $
945 1168 31 21 till
988 1169 48 26 kap.

210 1196 41 27 Jag
266 1197 142 21 underkastar
423 1199 42 25 mig
481 1198 117 21 emellertid
616 1199 31 20 Hr
662 1197 217 22 Landtmarskalkens
895 1197 75 21 beslut.

280 1265 31 21 Hr
327 1265 139 22 Norrmén:
482 1267 41 26 Jag
538 1267 39 20 ber
591 1269 33 18 att
640 1266 21 21 få
676 1267 108 26 tillstyrka
794 1266 57 21 Frih.
863 1272 40 15 von
915 1266 67 21 Borns
995 1265 41 21 för-

210 1294 52 25 slag.
293 1294 40 26 Jag
348 1296 39 25 gör
403 1295 35 20 det
453 1295 23 20 sä
492 1295 84 26 mycket
593 1295 72 25 hellre,
681 1301 44 15 som
739 1295 38 27 jag
787 1294 62 21 äfven
860 1294 33 21 vid
905 1295 53 20 sista
968 1294 67 20 landt-

211 1322 68 26 dagen
294 1323 123 21 framstälde
435 1326 30 18 ett
480 1323 100 21 liknande
595 1324 102 26 yrkande.

278 1385 32 20 Hr
333 1385 24 21 V.
380 1391 40 15 von
440 1385 129 22 Hellens:
595 1386 40 26 Jag
651 1387 36 20 vill
703 1387 56 20 blott
774 1385 83 28 päpeka
873 1387 32 19 att
919 1385 66 26 enligt
1000 1385 36 20 det

209 1412 88 27 förslag,
319 1419 44 16 som
380 1414 167 21 Bankutskottet
564 1415 107 26 uppgjort,
687 1416 31 20 uti
733 1415 12 26 $
761 1415 27 21 68
805 1415 54 20 talas
875 1421 34 14 om
924 1414 112 20 revisions-

210 1441 137 26 berättelsen,
370 1442 87 21 hvarför
477 1443 36 26 jag
534 1443 69 21 skulle
620 1443 61 27 tycka
698 1446 32 18 att
745 1443 58 21 Frih.
819 1449 40 15 von
875 1443 69 20 Borns
958 1441 78 26 förslag

211 1469 55 21 hade
283 1471 48 20 bort
351 1473 63 23 göras
437 1471 98 25 gällande
551 1472 34 20 vid
602 1472 92 20 nämnda
710 1472 18 26 $.
760 1472 33 20 Dä
809 1471 119 21 emellertid
944 1471 24 20 R.
982 1476 18 14 o.
1012 1471 24 19 A.

210 1498 65 21 redan
298 1499 95 26 godkänt
413 1500 56 21 såväl
487 1501 10 25 $
513 1500 27 21 68
557 1506 46 15 som
619 1500 11 27 $
647 1502 32 24 69,
697 1501 23 20 sä
735 1502 46 19 tror
795 1500 36 26 jag
848 1500 33 20 för
896 1499 44 21 min
956 1498 33 21 del
1005 1500 32 19 att
