1109 1742
226 113 41 21 758
473 120 25 16 R.
511 124 18 12 o.
541 120 24 16 A.
579 120 58 17 1894.
661 120 27 17 24
700 120 62 21 April.

196 199 7 21 i
218 199 77 21 sädant
309 199 98 21 afseende
423 199 47 21 frän
485 200 128 21 statsmedel
628 199 118 22 utbetalats
761 200 69 20 under
840 199 48 22 de
874 195 13 34 4
899 199 51 22 ären
962 201 63 24 1889,

198 228 61 24 1890,
277 228 52 21 1891
347 228 40 21 och
404 228 60 25 1892,
480 228 24 21 sä
519 228 98 22 kommer
632 235 48 15 man
696 228 33 22 till
744 235 26 15 en
786 234 84 16 summa
880 228 24 22 af
912 228 112 26 8,083,435

196 256 61 22 mark
273 257 27 21 84
315 257 68 26 penni.
415 256 42 22 För
472 258 148 26 reparationer
635 257 7 21 i
657 258 94 20 kronans
766 257 41 21 hus
816 256 40 22 har
866 257 67 21 under
943 263 82 15 samma

196 286 30 19 tid
252 284 117 22 utbetalats
397 286 110 25 1,591,337
533 286 62 21 mark
621 286 29 21 80
675 286 68 26 penni.
777 286 89 21 Således
892 285 132 22 tilsammans

197 313 114 26 9,674,773
327 314 59 21 mark
403 314 26 21 64
445 314 70 26 penni.
546 314 58 21 Utan
620 316 33 19 att
668 313 49 28 ingä
732 314 7 21 i
754 313 66 28 nägot
836 314 72 21 vidare
924 314 100 27 yttrande

196 348 35 15 om
253 342 159 25 militiefonden,
436 342 102 22 hvarmed
560 343 19 21 vi
602 343 33 21 för
655 343 94 21 tillfället
763 343 48 21 icke
827 342 63 22 hafva
904 344 34 19 att
950 343 74 26 syssel-

196 372 57 19 sätta
275 377 41 19 oss,
340 371 35 20 vill
396 371 37 26 jag
448 371 76 22 endast
539 373 78 20 nämna
633 373 32 19 att
681 371 47 21 frän
744 371 70 21 denna
829 371 51 21 fond
894 371 34 22 för
944 377 80 16 samma

196 399 100 22 ändamål
323 399 94 26 utgifvits
443 400 111 27 3,186,946
581 400 61 21 mark
657 401 29 20 84
701 400 70 27 penni.
811 399 144 22 Sammansläs
981 400 43 21 alla

196 428 63 21 dessa
283 430 72 24 poster
381 428 23 21 sä
429 428 97 22 kommer
550 435 49 15 man
621 429 32 20 till
679 435 26 15 en
733 429 158 26 utgiftssumma
912 429 24 21 af
948 429 76 21 inalles

197 457 128 25 12,861,72:
341 457 60 20 mark
416 457 27 21 48
459 458 69 26 penni,
545 464 46 15 som
607 457 90 22 sålunda
713 459 159 25 representerar
883 459 81 20 statens
975 457 48 22 hela

195 485 248 27 byggnadsverksamhet
462 486 68 21 under
551 486 94 21 nämnda
667 487 14 20 4
704 485 30 22 år.
764 486 67 21 Detta
850 486 76 27 belopp
942 487 24 20 är
981 492 42 20 nog

195 516 56 19 stort
266 514 34 21 för
321 516 33 19 att
369 515 127 26 rättfärdiga
512 521 26 15 en
554 515 99 26 allvarlig
668 515 81 21 önskan
765 517 33 18 att
813 514 117 22 tillsvidare
946 514 76 22 ätmin-

196 544 60 20 stone
278 542 47 22 icke
348 543 66 26 nägra
429 543 67 21 andra
512 543 223 27 nybyggnadsföretag
750 543 35 22 mä
801 545 68 20 sättas
884 544 6 21 i
906 543 74 22 verket
995 545 27 19 än

195 571 88 26 sädana,
303 577 44 15 som
364 573 37 20 äro
417 571 24 22 af
455 572 100 21 behofvet
570 572 125 27 oafvisligen
712 572 120 26 betingade.
862 573 41 25 Jag
919 572 41 21 kan
976 572 46 21 icke

195 600 114 21 underläta
331 602 32 19 att
385 601 6 20 i
407 601 153 26 sammanhang
583 601 88 21 härmed
693 601 84 27 päpeka
799 607 26 14 en
849 600 143 27 oegentlighet
1015 601 6 20 i

195 629 141 21 statsverkets
352 629 231 27 budgetuppställning.
615 630 42 20 Det
672 630 57 21 visar
744 630 31 27 sig
787 630 106 26 nämligen
904 631 32 20 att
948 629 74 22 beräk-

195 657 77 27 ningen
297 658 6 20 i
319 658 106 26 budgeten
441 658 104 27 betydligt
561 658 128 27 understigit
704 658 55 21 hvad
776 659 6 20 i
798 658 145 27 verkligheten
959 658 63 27 utgif-

195 686 47 21 vits.
274 686 70 27 Enligt
367 687 26 20 de
406 686 134 27 jemförande
556 687 119 24 tabläerna,
693 687 72 21 hvilka
781 689 37 19 äro
835 686 187 22 finansrelationen

195 714 93 27 bilagda,
311 715 40 21 och
367 715 27 21 dä
409 721 48 15 man
473 715 141 22 sammanslär
629 722 123 15 summorna
767 715 34 22 för
816 722 28 14 nu
860 715 162 28 ifrägavarande

194 743 46 26 fyra
249 743 30 25 är,
289 743 24 21 sä
321 743 66 22 finner
401 751 47 14 man
461 746 31 19 att
507 745 25 20 de
545 744 96 26 verkliga
650 744 117 26 utgifterna
778 745 33 20 för
822 744 149 27 nybyggnader
982 744 40 21 och

195 772 147 26 reparationer
351 772 117 27 öfverstigit
476 773 53 21 hvad
538 773 7 20 i
554 773 163 26 statsförslagen
728 773 116 21 beräknats
852 773 48 21 med
909 773 113 26 5,284,773

195 801 28 20 64
239 801 70 26 penni.

264 829 73 21 Under
358 829 100 22 rubriken
482 830 165 21 resekostnader
670 830 39 21 har
729 830 113 21 Utskottet
857 830 78 21 uttalat
950 829 70 22 säsom

195 859 32 19 ett
249 858 160 26 önskningsmäl
431 861 32 18 att
485 859 129 26 stadgandet
637 859 6 20 i
665 858 190 27 resereglementet
890 858 132 22 beträffande

194 886 123 26 grunderna
332 886 33 22 för
381 886 146 22 beräknandet
542 888 23 20 af
579 887 201 27 dagtraktamenten
796 887 67 21 mätte
883 887 139 21 underkastas

195 914 98 22 revision.
323 915 10 21 I
356 916 113 26 anledning
491 916 23 20 af
535 916 70 20 denna
625 916 61 26 fråga
701 916 40 20 har
755 916 58 20 Frih.
829 916 112 21 Molander
956 915 65 21 redan

195 944 80 20 uttalat
301 944 37 26 sig.
368 944 41 26 Jag
429 946 24 19 är
475 944 6 21 i
504 944 121 21 hufvudsak
648 951 50 15 ense
714 945 47 20 med
777 944 85 22 honom.
890 944 42 26 Jag
947 946 76 19 väntar

194 972 44 26 mig
253 972 83 21 säledes
351 972 45 21 icke
412 973 117 27 synnerligt
544 973 91 21 resultat
651 973 24 21 af
688 979 26 15 en
729 973 58 27 dylik
801 973 98 21 revision.
916 973 37 21 Ett
964 979 59 15 mera

195 1000 109 22 verksamt
328 1001 68 21 medel
419 1001 33 21 för
470 1004 32 18 att
517 1002 119 26 nedbringa
651 1004 82 19 statens
748 1002 166 21 resekostnader
928 1004 46 18 tror
986 1001 37 27 jag

195 1035 50 15 vore
261 1032 34 18 att
310 1030 185 21 embetsmännens
506 1036 59 15 resor
576 1030 69 21 skulle
656 1030 104 27 betydligt
773 1030 123 26 begränsas,
908 1030 28 21 dä
946 1030 78 26 mänga

195 1057 150 25 embetsresor,
368 1058 69 22 säsom
458 1058 37 28 jag
517 1059 33 21 för
574 1059 42 21 min
633 1059 34 21 del
682 1061 52 23 tror,
749 1061 39 19 äro
805 1059 54 21 bäde
876 1059 92 26 onödiga
983 1058 39 22 och

194 1086 119 22 värdelösa.

264 1115 61 21 Hvad
344 1116 105 20 utskottet
469 1116 80 21 uttalar
565 1116 12 21 ä
593 1122 48 20 pag.
659 1117 25 20 15
701 1116 91 21 rörande
808 1116 179 26 pensionerandet
1002 1115 23 21 af

193 1143 58 21 vissa
275 1144 65 26 högre
365 1144 136 26 embetsmän,
518 1144 99 26 päkallar
632 1145 46 21 icke
693 1144 47 22 frän
755 1145 44 21 min
815 1145 47 20 sida
878 1146 64 26 nägot
957 1147 66 19 annat

192 1172 101 26 yttrande
309 1174 27 19 än
352 1174 32 19 att
397 1172 36 27 jag
449 1173 54 21 skall
519 1174 64 20 ställa
598 1174 43 26 mig
657 1174 32 20 till
705 1173 143 21 efterrättelse
864 1174 28 20 48
906 1173 15 27 &
936 1174 7 20 i
958 1172 24 22 L.
998 1172 25 22 O.

263 1200 52 22 Med
339 1201 55 21 hvad
415 1202 37 26 jag
468 1208 27 15 nu
511 1202 47 21 haft
573 1204 52 19 äran
641 1202 76 21 anföra
732 1202 39 21 har
787 1202 36 21 det
839 1202 114 26 ingalunda
968 1202 56 20 varit

195 1228 43 22 min
255 1230 83 26 mening
353 1232 33 18 att
401 1230 69 21 uttala
485 1230 65 27 nägot
566 1230 90 22 klander
670 1233 45 19 mot
725 1231 83 20 landets
821 1230 203 26 finansförvaltning.

192 1257 43 26 Jag
257 1258 39 21 har
319 1258 46 21 haft
379 1259 24 21 sä
418 1259 83 26 mycket
517 1259 82 21 mindre
615 1260 47 20 skäl
679 1260 76 25 dertill,
771 1266 46 14 som
834 1258 112 22 Utskottet
961 1258 63 22 äfven

195 1286 149 27 uttryckligen,
366 1287 54 21 efter
443 1288 39 20 den
497 1288 132 26 granskning
644 1288 112 21 Utskottet
771 1290 66 25 egnat
852 1290 82 19 statens
949 1288 75 20 räken-

193 1314 86 27 skaper,
299 1315 104 21 förklarat
419 1318 32 19 att
466 1316 202 21 statsinkomsterna
684 1316 68 22 blifvit
767 1316 49 21 med
832 1322 85 21 omsorg
932 1322 35 15 om
980 1316 44 20 lan-

194 1343 47 21 dets
256 1349 57 21 gagn
329 1344 39 21 och
384 1344 62 21 bästa
462 1344 125 22 förvaltade.
617 1345 42 26 Jag
673 1345 37 21 vill
726 1345 76 21 endast
817 1344 100 28 påminna
938 1351 33 15 om
983 1345 41 21 den

192 1372 73 26 gamla
286 1376 71 18 satsen
381 1376 46 22 ,att
449 1374 85 26 mycket
548 1374 39 25 går
602 1373 29 26 ät,
647 1380 48 14 men
711 1374 46 21 litet
772 1374 77 21 räcker
864 1374 56 25 till";
937 1373 40 22 och
992 1374 33 20 att

193 1401 86 26 mycket
301 1401 144 27 depenserats,
461 1402 73 21 derom
550 1402 43 21 kan
608 1402 35 21 väl
658 1402 46 22 icke
721 1403 52 21 råda
788 1402 67 26 något
870 1402 77 22 tvifvel.
978 1402 46 20 Den

193 1428 91 22 främsta
300 1430 91 21 orsaken
406 1430 71 21 dertill
493 1432 24 19 är
533 1430 34 21 väl
582 1431 136 20 tvifvelsutan
734 1431 47 25 den,
798 1432 33 19 att
847 1437 49 14 man
912 1430 46 21 haft
968 1436 57 21 myc-

193 1457 38 22 ket
256 1459 33 20 att
304 1458 114 27 disponera
433 1459 64 21 öfver.
530 1459 32 20 Dä
579 1465 27 14 nu
621 1459 68 21 andra
705 1460 56 20 tider
777 1465 65 21 synas
856 1459 85 26 stunda,
957 1459 68 21 under

194 1485 72 22 hvilka
288 1487 48 21 icke
351 1487 56 21 blott
421 1487 142 22 statsverkets
579 1487 118 22 inkomster
712 1487 72 22 kunna
799 1487 77 27 nedgä,
892 1491 52 18 utan
960 1487 66 21 också

192 1516 71 20 större
289 1515 50 21 kraf
360 1515 28 27 pä
413 1516 78 21 folkets
512 1516 170 27 skatteförmäga
704 1517 81 26 ställas,
805 1516 25 21 sä
845 1518 64 25 utgör
924 1516 60 21 detta
998 1521 27 16 en
