1109 1742
227 111 41 21 866
486 118 25 16 R.
524 122 17 12 o.
553 118 23 16 A.
590 118 59 17 1894.
673 119 13 17 2
698 118 48 21 Maj.

197 196 76 27 bidrag
295 196 33 22 för
351 197 132 27 uppförande
499 198 22 21 af
535 197 158 26 folkskolehus;
710 200 22 25 ty
748 198 40 21 den
804 198 98 24 kostnad,
918 204 45 15 som
979 198 46 21 der-

197 226 48 20 med
262 227 24 19 är
301 226 93 25 förenad,
411 226 38 21 har
464 226 46 21 ofta
525 226 82 27 utgjort
622 226 37 22 det
673 226 119 22 förnämsta
810 226 86 22 hindret
911 226 33 22 för
959 227 67 21 inrät-

197 254 75 21 tandet
288 254 22 21 af
324 260 40 21 nya
380 254 124 22 folkskolor.
532 254 41 27 Jag
588 257 46 19 tror
650 257 32 19 att
697 262 48 14 man
762 256 27 26 pä
805 255 69 21 denna
889 257 41 25 väg
945 255 81 27 ganska

198 284 59 19 snart
273 283 53 21 skall
342 283 84 21 komma
442 284 32 20 till
490 284 36 20 det
542 284 48 25 mäl,
607 290 45 14 som
668 284 19 21 vi
703 284 43 21 alla
761 284 141 26 eftersträfva,
919 286 32 18 att
966 286 58 19 näm-

197 311 56 25 ligen
276 311 6 21 i
305 311 47 21 värt
375 312 48 20 land
446 312 46 21 icke
515 312 73 21 vidare
603 313 68 21 mätte
686 312 68 22 finnas
770 312 69 27 nägon
855 312 108 24 kommun,
979 318 45 16 som

196 340 48 21 icke
260 345 49 21 eger
325 340 127 22 åtminstone
468 347 26 15 en
510 340 64 28 högre
590 341 114 21 folkskola.

466 443 292 27 Omröstningsproposition:

266 512 53 25 Den,
342 518 46 16 som
409 512 123 27 godkänner
554 512 40 22 den
613 512 23 22 af
649 512 113 22 Utskottet
778 512 11 22 å
805 512 39 22 sid.
862 513 26 21 10
903 513 122 26 föreslagna

197 540 114 26 klämmen,
327 546 72 16 svarar
413 541 31 27 ja;

267 609 41 21 blir
330 609 33 27 nej
385 609 159 27 öfvervägande,
568 610 40 20 har
630 610 25 21 R.
671 616 19 15 o.
706 611 25 20 A.
747 610 7 20 i
770 610 72 21 stället
858 610 82 26 antagit
955 610 69 20 kläm-

196 643 49 15 men
261 638 7 20 i
283 638 157 21 reservationen
456 639 40 21 N:o
512 639 18 20 2.

266 706 58 20 Enär
344 707 159 26 propositionen
524 706 128 22 besvarades
671 708 48 20 med
735 708 27 20 39
775 707 23 27 ja
814 707 39 21 och
868 708 28 20 23
912 707 40 27 nej,
968 707 56 21 hade

196 734 24 20 R.
237 740 19 15 0.
273 734 25 21 A.
314 735 95 26 godkänt
424 735 122 21 Utskottets
559 736 139 20 förenämnda
713 736 85 26 förslag.

265 802 122 23 Utskottets
402 804 104 21 särskilda
526 804 207 28 resolutionsförslag
749 805 13 21 å
777 806 53 20 sidd.
849 806 31 26 11,
900 806 24 20 12
940 805 39 21 och
996 805 27 21 13

195 831 7 21 i
218 831 145 22 betänkandet
378 833 123 26 godkändes
516 835 52 19 utan
584 833 145 27 anmärkning.

264 900 136 22 Beträffande
415 901 40 21 den
471 901 27 27 på
512 901 39 21 sid.
568 902 27 21 14
610 902 104 27 ingående
730 902 114 25 klämmen,
860 901 72 22 anhöll

265 969 31 20 Hr
312 969 26 21 K.
360 969 107 22 Antell
490 975 33 15 om
546 970 62 21 ordet
624 970 39 21 och
678 970 96 27 yttrade:
805 970 46 21 Den
867 971 65 20 ärade
947 970 75 25 talare,

195 1003 45 15 som
263 997 31 21 till
318 997 54 22 först
394 997 55 22 hade
468 998 61 21 ordet
544 998 7 21 i
567 999 70 20 denna
652 999 67 26 fråga,
736 999 50 20 sade
802 999 31 26 sig
848 999 46 20 icke
910 1000 43 19 rätt
968 999 53 20 fatta

193 1025 124 22 Utskottets
340 1027 84 26 mening
447 1027 47 20 med
516 1027 121 21 uttalandet
659 1027 28 27 på
702 1033 46 20 pag.
767 1027 32 26 14,
814 1027 81 21 hvilket
910 1027 111 21 uttalande

193 1053 62 22 äfven
278 1054 142 22 betecknades
435 1055 69 21 såsom
520 1056 144 25 meningslöst.
695 1056 41 27 Jag
751 1055 36 21 vill
802 1058 34 18 tro
852 1057 32 19 att
900 1056 40 20 den
955 1055 65 21 ärade

193 1083 84 20 talaren
299 1083 7 20 i
328 1083 74 26 sjelfva
417 1084 74 21 verket
505 1084 7 21 i
527 1084 70 27 någon
612 1084 49 21 mån
677 1083 138 22 missförstått
831 1084 59 21 detta
906 1084 116 26 uttalande,

194 1111 27 20 då
244 1111 42 21 han
309 1112 70 26 ingick
394 1113 32 20 uti
441 1119 25 14 en
481 1113 82 26 ganska
579 1113 117 26 detaljerad
712 1113 124 26 utläggning
851 1119 41 18 om,
909 1113 113 20 huruledes

194 1140 36 21 det
245 1146 51 15 vore
312 1140 111 27 olämpligt
438 1141 39 21 och
493 1141 81 21 mindre
590 1141 116 21 önskvärdt
720 1144 33 18 att
769 1141 119 21 Ständerna
898 1141 68 21 skulle
977 1147 45 15 mer

194 1169 26 20 än
242 1168 108 22 härintills
372 1169 86 21 komma
476 1172 32 19 att
523 1170 85 26 deltaga
623 1170 6 20 i
646 1170 157 26 lagstiftningen
820 1176 34 15 om
868 1169 153 22 folkskolorna.

192 1195 44 28 Jag
259 1197 36 21 vill
317 1197 7 21 i
347 1197 59 22 detta
428 1197 38 22 fall
482 1198 94 21 erkänna
592 1201 33 18 att
637 1199 43 26 jag,
695 1199 75 20 liksom
786 1198 61 21 äfven
863 1198 117 26 Utskottet,
997 1200 25 19 är

192 1225 132 27 fullkomligt
344 1232 49 15 ense
416 1227 48 20 med
488 1227 39 20 den
550 1227 66 20 ärade
638 1227 90 26 talaren,
744 1227 40 21 och
800 1227 36 20 det
852 1227 40 20 har
907 1226 113 27 ingalunda

192 1254 56 21 varit
270 1254 122 21 Utskottets
414 1255 84 26 mening
520 1257 31 19 att
572 1261 75 20 genom
664 1256 60 20 detta
739 1255 110 21 uttalande
865 1255 78 21 bereda
959 1255 61 21 Stän-

193 1282 67 21 derna
283 1282 83 22 tillfälle
381 1283 33 21 till
430 1285 68 20 större
514 1284 126 26 deltagande
655 1284 7 21 i
678 1284 219 21 folkskoleväsendets
913 1284 107 26 organisa-

192 1311 52 26 tion,
268 1317 48 15 men
340 1318 25 15 en
388 1318 69 15 annan
480 1312 38 21 sak
540 1314 24 19 är
579 1315 39 22 att,
634 1313 27 21 då
677 1312 119 22 Ständerna
812 1312 78 27 bevilja
905 1312 68 21 medel
988 1313 32 20 till

191 1339 216 28 folkskoleväsendet,
423 1341 119 21 Ständerna
558 1341 73 21 dervid
646 1341 72 21 kunna
734 1341 70 27 bygga
818 1341 28 26 på
857 1341 40 20 den
908 1341 112 21 förutsätt-

192 1368 51 27 ning
266 1370 32 19 att
320 1369 108 21 allmänna
449 1369 157 27 författningar,
628 1376 50 15 vare
700 1370 32 25 sig
751 1372 33 18 att
799 1370 62 21 dessa
871 1369 149 21 tillkommit
1008 1364 15 37 i

192 1397 158 21 administrativ
372 1399 40 25 väg
434 1397 51 22 eller
507 1398 53 26 icke,
581 1398 39 21 och
635 1398 72 21 hvilka
722 1397 108 22 innehålla
845 1398 121 26 grunderna
980 1397 40 22 och

192 1425 97 21 vilkoren
304 1425 34 21 för
352 1426 164 21 kommunernas
531 1428 43 19 rätt
590 1427 32 21 till
638 1427 75 26 bidrag
728 1427 33 20 för
777 1427 45 20 sina
838 1426 124 25 folkskolor,
973 1426 47 21 der-

191 1453 35 21 vid
252 1454 139 27 ovilkorligen
412 1455 69 26 följas.
511 1455 42 21 Det
575 1457 25 18 är
618 1461 25 14 en
659 1455 66 21 sådan
740 1455 154 26 förutsättning
909 1455 111 21 Utskottet

191 1482 80 21 uttalat
292 1483 7 20 i
323 1483 39 20 den
386 1483 58 21 förra
466 1483 60 21 delen
547 1483 23 21 af
590 1484 69 20 denna
674 1484 64 21 kläm.
770 1484 45 20 Den
832 1489 74 16 senare
922 1483 60 21 delen
998 1483 24 20 af

191 1510 71 21 denna
284 1511 58 21 kläm
365 1512 79 21 uttalar
460 1518 25 15 en
501 1512 81 21 önskan
598 1513 72 20 derom
687 1514 39 25 att,
742 1512 28 21 då
785 1512 129 21 förändrade
929 1512 91 21 bestäm-
