1106 1739
359 111 263 33 Hästutskrifningslagen.
837 113 40 20 943

78 199 107 26 ställning,
210 199 87 21 hvarom
325 199 140 21 förenämnda
490 201 76 19 tvänne
593 198 89 21 Utskott
708 199 39 21 och
768 198 138 21 Medstånden

78 227 69 22 skulle
163 233 75 21 genom
254 226 198 28 protokollsutdrag
466 227 143 21 underrättas.

310 370 234 23 Riddarhusdirektionens
560 369 112 24 berättelse.

148 427 120 27 Föredrogs
295 427 240 22 Riddarhusutskottets
560 427 136 22 betänkande
722 427 6 20 i
754 427 111 27 anledning
885 427 24 20 af

79 456 268 22 Riddarhusdirektionens
375 457 114 21 berättelse
515 463 33 14 om
574 456 157 26 förvaltningen
755 456 21 21 af
793 456 24 21 R.
834 462 18 14 o.
870 456 36 20 A:s

80 486 177 26 angelägenheter
273 485 89 21 emellan
379 486 154 26 landtdagarne
550 486 53 20 1891
621 485 39 21 och
678 486 60 20 1894.

148 543 31 21 Pä
194 543 93 26 begäran
303 543 108 21 lemnades
427 542 62 22 ordet
503 542 54 21 först
572 542 23 21 ät

149 600 31 20 Hr
196 600 71 21 Alexis
283 600 203 26 Gripenberg,
502 606 44 15 som
562 599 94 27 yttrade:
680 599 41 27 Jag
736 600 24 20 är
776 600 5 20 i
798 599 41 21 allo
856 604 50 15 ense

80 629 48 21 med
151 628 228 22 Riddarhusutskottet
402 628 130 22 beträffande
552 628 25 21 de
593 628 86 26 förslag,
697 634 45 14 som
757 628 6 20 i
779 628 36 20 det
830 627 23 21 af
867 627 39 21 Ut-

80 658 82 20 skottet
184 657 80 27 afgifna
288 657 145 21 betänkandet
455 656 135 22 framställas.
622 656 106 22 Särskildt
744 656 66 21 mäste
825 656 36 26 jag
876 656 31 20 bi-

80 686 62 21 träda
158 686 35 21 det
209 686 102 24 omdöme,
328 692 46 14 som
390 685 93 27 afgifvits
500 686 109 26 angäende
622 685 157 26 förvaltningen
788 684 22 22 af
817 684 89 22 Riddar-

80 715 63 21 huset
165 715 38 21 och
219 715 24 20 R.
260 721 18 14 o.
295 715 36 20 A:s
347 714 75 21 kassor
437 715 67 21 under
519 715 40 20 den
575 714 37 26 tid,
627 720 45 15 som
688 713 90 21 förflutit
793 714 64 20 sedan
874 719 33 15 se-

80 746 60 18 naste
155 743 108 27 landtdag.
287 742 134 22 Beträffande
437 745 77 19 tvänne
529 743 80 24 förslag
624 743 42 21 kan
680 742 36 27 jag
732 742 54 21 dock
802 742 45 21 icke
857 742 50 20 fullt

81 774 136 19 samstämma
241 772 48 20 med
311 771 117 21 Utskottet.
458 772 42 21 Det
516 778 38 14 ena
570 772 67 26 gäller
652 771 138 27 afstyrkande
806 770 47 22 utaf
866 770 40 21 den

80 801 130 26 upputsning
232 800 39 21 och
294 800 125 21 dekoration
442 800 23 20 af
479 800 154 21 Riddarhusets
648 800 83 20 förmak
747 800 38 21 och
802 800 36 20 det
853 806 16 14 s.
885 799 22 20 k.

80 829 307 25 landtmarskalkskabinettet,
422 835 45 15 som
500 828 259 22 Riddarhusdirektionen
788 828 117 26 föreslagit.

80 858 42 21 Det
144 858 67 20 andra
233 858 67 26 gäller
322 858 136 26 placeringen
479 858 23 20 af
519 858 40 20 den
575 858 56 26 tafia,
648 864 44 14 som
709 856 130 22 framställer
855 858 52 24 öpp-

80 886 80 22 nandet
182 886 22 21 af
228 886 67 26 Borgå
314 886 109 26 landtdag.
454 886 10 21 I
480 886 39 21 den
535 886 59 21 förra
609 886 75 26 frågan
699 886 39 20 har
753 884 153 22 Riddarhusdi-

80 915 111 21 rektionen
216 915 109 27 föreslagit
350 917 32 19 att
409 915 106 21 förmaket
542 915 39 21 och
607 914 300 21 landtmarskalkskabinettet

81 944 68 20 skulle
170 944 155 20 moderniseras
349 944 39 20 och
411 946 109 24 upputsas,
536 943 27 27 pä
579 945 42 19 sätt
637 945 31 19 ett
683 942 224 22 Riddarhusdirektio-

80 978 52 15 nens
154 972 114 21 berättelse
288 972 95 26 bifogadt
399 972 79 26 förslag
493 972 123 25 innehåller,
632 972 33 20 för
681 978 25 14 en
722 972 33 20 för
770 972 65 26 begge
851 977 56 14 rum-

81 1007 47 15 men
153 1001 110 21 beräknad
287 1001 91 21 kostnad
404 1001 23 21 af
441 1001 62 25 5,764
519 1001 67 21 mark.
617 1000 230 21 Riddarhusutskottet
862 999 45 26 har,

80 1030 48 20 med
151 1030 100 20 afseende
267 1030 51 20 derä
334 1032 32 18 att
381 1030 68 20 andra
465 1029 77 27 nödiga
557 1029 89 27 utgifter
661 1029 34 21 för
710 1028 145 22 Riddarhuset
869 1028 38 20 fin-

80 1064 46 19 nas,
142 1058 91 26 afstyrkt
249 1059 59 20 detta
323 1058 86 26 förslag.
438 1058 41 26 Jag
494 1057 80 21 tilläter
589 1058 42 26 mig
647 1058 45 20 icke
709 1060 32 18 att
757 1057 96 23 bedöma,
869 1056 37 21 hu-

81 1087 75 21 ruvida
171 1087 200 21 Riddarhuskassan
388 1086 69 22 skulle
473 1087 67 20 under
556 1087 40 20 den
613 1088 107 19 närmaste
736 1085 171 27 treärsperioden

82 1115 44 21 täla
142 1116 33 20 vid
192 1116 81 20 sädana
288 1115 93 27 utgifter,
399 1122 46 14 men
463 1115 36 21 det
514 1121 62 21 synes
592 1115 41 26 mig
649 1121 45 15 som
711 1121 33 15 om
760 1114 103 26 förslaget
873 1120 34 14 om

82 1144 59 21 detta
155 1138 7 37 —
168 1144 230 26 restaureringsarbete
423 1144 48 20 icke
498 1144 67 20 skulle
591 1144 53 21 böra
662 1143 21 21 få
706 1144 87 20 alldeles
816 1142 91 21 förfalla.

82 1172 116 22 Förmaket
213 1173 97 21 härinvid
326 1174 126 24 motsvarar,
468 1172 69 22 såsom
553 1172 42 21 alla
610 1172 72 21 kunna
699 1172 107 26 öfvertyga
822 1172 32 26 sig
867 1177 41 18 om,

81 1201 7 21 i
104 1201 37 21 sitt
163 1202 122 20 nuvarande
302 1201 59 21 skick
376 1201 46 21 icke
439 1201 26 21 de
481 1201 98 27 anspräk,
595 1207 45 15 som
656 1201 73 20 kunna
744 1201 74 21 ställas
833 1200 27 26 pä
877 1201 31 19 ett

82 1236 46 14 rum
144 1230 70 20 afsedt
229 1230 32 20 för
277 1230 60 21 detta
353 1230 106 24 ändamäl,
475 1230 39 20 och
531 1236 45 14 som
591 1236 93 20 rymmer
700 1230 42 20 alla
757 1230 25 20 de
794 1228 115 21 historiska

82 1260 93 25 porträtt
196 1258 144 22 Riddarhuset
361 1258 94 26 förfogar
478 1258 63 21 öfver.
576 1258 41 21 Det
640 1264 61 20 synes
718 1258 42 26 mig
775 1257 72 21 derför
862 1263 46 14 som

82 1293 40 20 om,
139 1286 61 22 äfven
222 1294 34 14 om
272 1294 48 14 man
336 1287 46 21 icke
398 1287 69 21 skulle
482 1286 124 27 genomföra
621 1287 6 20 i
643 1286 32 22 sin
691 1286 72 22 helhet
779 1286 36 21 det
830 1285 79 21 vackra

82 1315 39 21 och
144 1315 119 21 tilltalande
285 1316 86 26 förslag,
387 1322 45 14 som
449 1315 109 27 uppgjorts
574 1316 24 20 af
611 1315 127 21 Arkitekten
754 1314 77 22 Grefve
846 1314 62 21 Arm-

81 1344 38 20 felt
144 1344 39 21 och
209 1350 44 15 som
279 1344 66 21 finnes
368 1344 115 26 framlagdt
505 1344 31 21 till
552 1344 101 21 Ständets
669 1344 148 20 medlemmars
833 1342 75 22 beskä-

82 1372 74 26 dande,
180 1379 49 14 man
252 1373 55 21 dock
329 1372 66 21 borde
415 1375 54 24 göra
491 1372 63 27 något
579 1372 33 21 för
630 1374 33 19 att
678 1372 91 21 försätta
786 1372 59 20 detta
861 1377 47 14 rum

80 1402 7 20 i
111 1403 31 19 ett
160 1402 111 26 värdigare
287 1401 65 21 skick.
383 1402 10 20 I
409 1402 36 20 det
461 1401 109 21 afseendet
585 1401 39 21 har
637 1401 37 26 jag
690 1401 61 20 tänkt
767 1401 42 26 mig
824 1401 32 19 att
872 1400 37 20 det

81 1436 49 14 vore
154 1430 87 26 onödigt
257 1432 32 18 att
304 1430 141 20 undanskaffa
461 1430 26 20 de
502 1430 66 26 begge
584 1430 112 20 derstädes
712 1429 109 26 befintliga
836 1427 73 21 kakel-

81 1464 102 20 ugnarna,
209 1458 89 21 emedan
323 1458 62 21 dessa
411 1460 58 19 ännu
493 1459 61 25 länge
579 1458 72 20 kunna
674 1458 59 26 tjena
751 1458 37 20 sitt
803 1456 106 26 ändamål,

81 1486 136 26 hvarigenom
240 1493 25 15 en
282 1487 94 25 ansenlig
391 1486 92 21 kostnad
499 1487 70 21 kunde
584 1486 111 21 undvikas.
725 1486 41 21 Det
782 1491 61 21 synes
859 1485 49 25 mig,

81 1521 45 15 som
143 1522 33 14 om
193 1517 78 25 väggar
287 1515 39 21 och
342 1515 37 21 tak
394 1515 72 21 kunde
481 1515 67 21 målas
564 1515 65 27 något
644 1514 23 22 så
683 1516 39 20 när
736 1515 7 20 i
756 1514 152 21 öfverenstäm-
