1109 1742
218 110 42 20 964
476 116 25 16 R.
514 120 18 12 o.
544 116 23 17 A.
581 116 58 17 1894.
664 117 22 16 12
698 116 47 21 Maj.

190 194 93 22 nitälska
305 194 33 22 för
361 195 68 27 skydd
452 196 22 22 ät
489 196 26 22 de
531 196 111 27 oskyldiga
656 196 83 26 djuren,
754 196 129 26 längesedan
901 196 53 22 hade
970 196 49 22 bort

190 224 94 21 utdöma.
313 224 83 22 Länder
411 224 68 22 finnas
494 225 130 27 visserligen,
641 225 38 21 der
693 226 57 20 ännu
766 231 25 15 en
807 224 126 27 legaliserad
948 224 71 28 fängst

191 252 23 21 af
234 252 56 27 fägel
313 253 49 21 med
376 259 76 15 snaror
466 254 108 26 existerar,
590 260 48 14 men
654 254 36 21 det
706 256 24 18 är
744 254 56 20 blott
816 253 5 21 i
837 253 55 27 höga
908 254 87 26 norden,
1011 254 7 20 i

192 280 72 27 Norge
280 281 38 21 och
334 281 93 27 Sverige,
442 282 39 21 och
497 288 81 15 samma
593 282 115 27 fängstsätt
722 282 72 21 kunde
809 282 62 21 äfven
887 282 81 21 tillätas
980 282 39 21 hos

191 315 35 15 oss
250 309 8 21 i
279 309 155 28 Lappmarken.
465 310 49 22 Men
529 313 33 18 att
577 310 33 21 för
624 313 71 19 resten
711 311 7 20 i
734 310 101 21 Finlands
851 310 80 27 bygder
946 310 73 27 hvarje

190 337 121 28 bondpojke
336 338 54 22 skall
415 345 51 15 vara
490 339 121 27 berättigad
636 341 32 20 att
692 341 82 19 utsätta
798 339 126 21 hundratals
944 345 76 15 snaror

190 366 40 21 och
255 367 8 20 i
288 367 47 21 dem
362 368 64 26 fånga
450 367 73 27 fåglar,
540 368 71 21 hvilka
627 367 45 22 ofta
686 367 22 22 få
722 367 93 22 uthärda
830 374 26 15 en
871 367 84 28 mycket
970 367 50 22 svår

191 395 125 27 dödskamp,
338 396 35 21 det
395 399 45 18 tror
455 396 37 27 jag
506 397 47 21 icke
569 398 24 19 är
609 396 229 22 öfverensstämmande
854 397 48 20 med
918 397 101 21 moderna

190 423 94 28 begrepp
300 431 34 14 om
346 425 85 26 jagtens
447 425 142 22 bedrifvande.
606 425 40 27 Jag
662 425 54 22 hade
732 425 71 21 derför
818 425 77 21 önskat
910 427 32 20 att
952 425 67 27 jemte

192 452 36 21 det
243 453 81 21 motion
338 453 90 22 föreslås
443 454 108 27 angående
567 460 25 15 en
607 453 148 28 utsträckning
770 453 23 22 af
806 453 167 27 fredningstiden
985 453 33 22 för

192 481 94 27 sjöfågel,
314 482 69 21 denna
408 483 46 20 sida
480 482 23 21 af
525 483 64 21 saken
607 483 55 21 hade
676 483 50 21 bort
741 482 89 21 beaktas
845 482 40 21 och
901 489 47 14 man
964 483 54 20 hade

190 509 51 22 bort
268 510 52 21 söka
345 511 21 21 få
390 511 130 27 undanröjdt
544 511 78 21 bruket
644 511 24 22 af
688 517 75 16 snaror
785 511 39 21 och
840 511 66 26 giller.
937 511 42 21 Det
994 513 26 18 är

190 538 55 21 visst
259 538 68 22 kändt
342 541 32 19 att
389 540 35 21 vid
439 540 126 27 föregående
581 540 108 27 landtdag,
705 540 27 21 då
747 539 116 28 ändringar
878 539 39 22 och
928 539 90 22 förbätt-

190 567 72 27 ringar
283 568 7 21 i
303 567 193 28 jagtstadgandena
511 569 55 21 hade
581 569 126 26 föreslagits,
722 569 100 20 förbudet
838 570 44 19 mot
897 568 121 27 begagnan-

191 595 36 22 det
252 596 24 21 af
296 603 75 14 snaror
393 599 67 20 mötte
475 597 107 22 motstånd
598 597 39 22 hos
654 598 35 21 det
705 597 74 26 Stånd,
794 597 64 21 hvars
873 597 144 26 medlemmar,

190 626 46 19 tror
258 625 42 26 jag,
326 625 32 21 till
384 627 79 20 största
488 626 60 21 delen
571 626 60 21 idkat
646 628 32 19 ett
692 626 76 21 sådant
784 625 120 28 fångstsätt,
920 632 47 15 men
980 625 38 28 jag

190 654 46 20 tror
261 653 61 26 ändå,
346 656 32 19 att
402 655 28 20 då
444 661 28 14 nu
488 655 38 21 här
542 657 23 18 är
581 655 61 26 fråga
657 661 34 15 om
706 655 47 21 icke
768 655 76 21 endast
858 657 33 18 att
906 654 110 27 legalisera

190 687 26 16 en
234 681 119 28 föreslagen
371 683 124 27 förändring
510 683 23 21 af
546 687 10 22 s
573 684 24 20 11
614 683 7 21 i
636 690 29 15 nu
680 683 100 27 gällande
792 683 130 27 jagtstadga,
938 685 31 19 ett
984 686 32 17 ut-

190 710 87 21 talande
293 711 72 21 derom
381 718 51 15 vore
446 713 28 26 på
489 712 31 21 sin
536 712 63 27 plats,
615 714 33 19 att
664 712 106 27 Styrelsen
786 712 36 21 vid
836 711 148 28 uppgörandet
996 711 24 21 af

190 745 27 20 ny
240 739 124 28 jagtstadga
388 740 48 21 ville
464 740 77 22 beakta
566 741 61 21 äfven
643 741 100 21 behofvet
758 740 23 22 af
795 743 31 19 ett
841 740 85 21 absolut
940 740 78 21 förbud

190 770 58 19 emot
273 768 148 27 begagnandet
447 769 23 21 af
492 775 75 16 snaror
590 769 39 21 och
644 769 66 27 giller.
742 770 77 21 Derest
834 769 46 21 icke
896 771 31 19 ett
942 769 76 21 sådant

190 795 204 24 Ständeruttalande
417 797 95 22 kommer
534 798 32 21 till
582 798 69 25 stånd,
667 797 23 22 så
705 798 82 27 hoppas
800 797 37 28 jag
851 798 33 21 för
899 797 43 21 min
958 797 60 27 ringa

190 825 35 20 del
251 825 62 26 ändå,
338 828 33 19 att
386 826 54 21 hvad
454 827 36 26 jag
505 827 39 20 här
560 827 46 21 haft
621 829 51 18 äran
688 827 114 21 framhålla
816 826 66 21 måtte
898 826 24 21 af
935 826 83 21 landets

190 853 96 26 Styrelse
305 855 7 19 i
328 855 67 20 sinom
411 855 31 21 tid
459 855 93 24 beaktas,
569 855 94 23 emedan,
676 855 36 26 jag
728 855 65 27 vågar
808 861 96 21 upprepa
919 855 41 24 det,
977 855 40 20 den

191 881 69 22 skada
276 882 148 22 vildstammen
439 883 53 21 lider
507 890 76 20 genom
599 890 75 15 snaror
689 883 39 21 och
743 883 62 27 giller
820 885 30 23 är,
866 889 34 15 om
916 883 39 21 ock
970 882 47 22 icke

190 910 24 21 så
240 913 52 23 stor,
315 917 45 15 som
383 912 122 21 densamma
524 912 121 21 vederfares
660 918 76 20 genom
751 912 83 26 rofdjur
848 912 40 21 och
904 914 70 22 annat,
989 911 29 27 på

188 938 61 27 långt
273 941 39 19 när
335 940 47 21 icke
406 940 113 27 obetydlig,
549 940 39 22 och
616 941 62 21 dessa
702 940 147 27 fångstmedel,
876 946 74 15 snaror
973 940 39 21 och

190 967 68 27 giller,
282 968 25 21 de
323 968 103 28 ödelägga
440 969 44 21 ofta
499 972 51 18 utan
566 970 69 26 någon
651 971 60 25 nytta
727 970 36 20 det
778 969 128 27 matnyttiga
921 968 95 22 villebrå-

190 996 42 26 det,
249 996 27 22 då
288 996 24 27 ju
327 1003 103 15 snarorna
444 998 72 21 ibland
531 998 47 21 icke
593 998 27 26 på
636 998 97 22 veckotal
742 998 94 22 efterses.
867 998 61 20 Huru
936 997 32 21 för
983 1003 34 15 re-

189 1026 48 19 sten
260 1027 32 19 ett
314 1025 76 22 sådant
412 1026 7 21 i
442 1032 62 16 snara
518 1026 88 27 fångadt
621 1026 103 22 villebråd
740 1033 34 15 ser
789 1028 31 23 ut,
836 1026 61 21 torde
912 1032 51 15 vara
978 1026 39 20 all-

189 1054 61 20 mänt
273 1053 85 22 bekant.
389 1054 46 22 Den
458 1055 7 21 i
487 1061 63 15 snara
565 1055 91 27 fångade
671 1055 69 27 fågeln
756 1055 98 26 betingar
869 1054 32 27 sig
915 1054 28 27 på
958 1054 59 27 långt

190 1083 39 19 när
251 1082 47 21 icke
320 1089 82 15 samma
424 1083 51 27 pris,
498 1090 44 14 som
558 1086 16 18 t.
590 1090 32 15 ex.
638 1084 90 26 skjuten.
759 1084 43 21 Det
818 1085 24 19 är
856 1083 65 21 också
936 1089 24 15 ur
976 1083 40 21 den

190 1110 141 27 synpunkten,
347 1118 45 14 som
409 1112 277 26 djurskyddsföreningarna
701 1112 63 22 hafva
778 1112 33 26 sig
826 1112 110 26 förelagdt,
952 1112 65 26 enligt

189 1138 44 21 min
246 1139 72 26 tanke,
326 1142 32 19 ett
366 1140 80 26 ganska
456 1141 165 21 beaktansvärdt
629 1141 48 25 mål,
685 1141 107 27 nämligen
801 1143 33 19 att
848 1140 75 21 arbeta
937 1140 33 21 för
985 1142 32 19 att

189 1167 131 27 rättigheten
336 1170 32 19 att
383 1168 95 28 begagna
494 1175 74 15 snaror
584 1169 40 21 och
638 1170 61 26 giller
714 1170 7 20 i
736 1171 62 19 nästa
811 1169 123 27 jagtstadga
949 1169 67 21 måtte

189 1195 116 27 förbjudas.
335 1196 41 27 Jag
398 1197 38 21 ber
454 1198 21 20 få
490 1198 88 26 tillägga
593 1200 33 18 att
641 1198 27 21 då
683 1198 39 21 här
736 1198 8 21 i
760 1198 12 26 8
790 1198 25 20 11
831 1198 87 26 stadgas
933 1200 32 18 att
979 1203 37 15 un-

190 1224 38 21 der
250 1225 41 21 den
314 1225 107 21 allmänna
441 1226 196 27 fridlysningstiden
652 1233 75 15 snaror
742 1226 40 22 och
797 1226 61 26 giller
874 1226 46 21 icke
936 1226 34 20 må
984 1228 33 18 ut-

189 1254 75 25 sättas,
281 1253 23 21 så
321 1256 24 18 är
361 1254 69 22 denna
445 1255 31 20 tid
492 1254 22 21 af
528 1255 46 21 året
590 1254 22 22 af
626 1255 60 27 ringa
697 1255 109 27 betydelse
818 1254 33 21 för
861 1254 97 26 fångsten
968 1254 49 21 med

189 1287 70 20 snara,
283 1284 22 24 ty
328 1282 36 22 det
389 1285 23 19 är
433 1283 118 27 egentligen
566 1284 27 26 på
608 1284 76 21 hösten
700 1284 39 21 och
754 1283 141 24 höstvintern,
910 1289 45 15 som
971 1288 46 15 sna-

188 1316 37 14 ror
248 1310 103 27 ödelägga
370 1311 132 22 villebrådet.
532 1312 46 21 Har
593 1318 49 15 man
657 1312 90 21 kommit
762 1311 33 22 till
812 1311 58 21 Mars
885 1312 76 20 månad
977 1311 39 21 och

188 1338 73 24 våren,
280 1339 27 21 då
322 1341 24 19 är
362 1340 44 21 dels
422 1340 125 22 villebrådet
562 1340 84 27 mycket
662 1341 130 21 decimeradt
808 1340 39 21 och
864 1340 47 21 dess
926 1340 91 21 lefnads-

189 1368 45 20 sätt
256 1367 40 21 har
310 1368 24 21 så
348 1374 50 21 pass
412 1368 126 27 förändrats,
555 1371 33 19 att
603 1370 35 20 det
654 1369 46 21 icke
716 1370 70 20 såsom
802 1369 68 21 under
885 1368 131 22 höstvintern

188 1397 25 19 är
228 1395 24 21 så
267 1396 67 27 villigt
349 1397 27 27 gå
391 1397 7 21 i
413 1403 69 16 snara.

258 1452 58 21 Frih.
340 1459 41 15 von
404 1453 92 22 Born:
524 1453 43 21 För
589 1455 43 20 min
652 1453 33 22 del
701 1453 39 22 har
752 1453 38 28 jag
805 1453 55 22 varit
875 1453 80 26 ganska
970 1453 47 21 litet

188 1480 151 22 tillfredsstäld
355 1481 48 22 med
418 1482 145 27 föreliggande
578 1482 236 24 motionsbetänkande,
829 1488 45 15 som
888 1482 23 26 ju
926 1482 7 20 i
944 1481 74 27 sjelfva

188 1509 76 21 verket
290 1509 118 22 innehäller
432 1511 78 26 förslag
536 1511 74 21 endast
638 1517 33 15 om
693 1517 26 15 en
742 1511 79 27 partiel
844 1510 128 27 förbättring
997 1509 23 22 af
