1103 1739
375 120 223 18 Jordbruksskolorna.
828 114 40 22 525

72 199 140 21 bruksskolor
226 199 48 21 med
291 199 77 27 ettårig
383 200 52 20 kurs
450 200 74 26 tyckas
540 199 62 21 hafva
613 200 74 20 vunnit
695 200 53 20 intet
756 199 143 21 erkännande.

72 228 41 26 Jag
129 228 76 20 tänker
227 228 42 26 mig
292 230 33 19 att
343 228 40 21 den
398 228 161 27 jordbrukande
576 228 149 27 allmänheten,
738 228 47 23 den,
801 234 45 14 som
863 227 35 21 vill

71 255 70 22 bruka
157 256 30 21 sin
205 256 60 26 gjord
288 256 23 21 så
334 258 33 19 att
389 256 41 22 han
446 256 62 22 deraf
522 256 92 22 erhåller
629 256 69 26 någon
714 256 98 26 inkomst,
829 256 69 26 någon

72 286 68 22 ränta,
157 291 45 15 som
219 285 36 21 det
269 285 67 25 heter,
359 285 46 21 icke
428 287 24 19 är
474 286 6 20 i
497 285 66 21 behof
577 285 23 21 af
614 292 25 14 en
656 285 145 27 vetenskaplig
817 285 82 26 utlägg-

72 313 55 27 ning,
145 314 22 20 af
180 314 149 26 agronomiska
344 314 85 26 teorier,
445 314 18 26 ej
480 314 66 21 heller
562 314 102 21 behöfver
679 314 41 20 han
736 316 52 24 göra
803 314 31 26 sig
850 315 49 19 när-

72 348 59 14 mare
147 342 79 20 bekant
247 342 48 21 med
318 343 162 26 användningen
504 342 22 21 af
548 343 52 26 dyra
616 342 39 21 och
670 342 157 26 komplicerade
840 342 58 26 jord-

72 370 167 27 bruksredskap,
255 377 46 15 men
319 371 41 21 han
376 371 101 21 behöfver
493 378 26 14 en
535 371 96 27 praktisk
647 371 79 21 inblick
742 371 6 21 i
760 370 138 28 jordbrukets

72 398 145 26 bedrifvande,
233 400 88 25 specielt
336 400 47 20 med
403 400 100 21 afseende
519 400 13 20 å
547 400 207 21 ortsförhållandena
770 400 38 20 och
824 399 74 21 klima-

72 428 31 20 tet
119 428 5 20 i
141 427 47 21 vårt
205 428 54 20 land.
290 428 34 20 Nu
348 428 55 22 hade
424 428 36 27 jag
482 428 62 21 tänkt
567 428 49 26 mig,
637 430 32 19 att
685 434 33 15 om
734 434 26 15 en
774 428 124 26 jordbruks-

73 456 60 21 skola
158 456 48 21 med
232 456 77 26 ettårig
333 456 51 22 kurs
409 457 87 26 började
522 457 32 21 sin
575 457 137 21 verksamhet
727 463 33 14 om
778 458 80 24 hösten,
875 456 23 21 så

73 484 96 22 kommer
185 485 39 21 den
241 485 126 21 inträdande
390 486 72 20 eleven
478 488 76 24 genast
568 488 33 18 att
616 492 50 14 vara
682 486 47 20 med
746 492 33 14 om
795 486 103 20 vinterar-

73 512 86 26 betena,
175 514 116 26 tröskning,
308 514 160 23 vinterkörslor,
486 514 137 26 spillningens
639 514 184 26 tillvaratagande,
839 514 59 20 kom-

72 542 111 26 postering
198 542 39 21 och
253 545 65 18 annat
333 542 83 21 sädant.
448 543 42 21 Det
505 543 41 21 kan
563 543 41 21 han
620 543 46 21 lära
681 543 32 26 sig
728 543 66 21 under
808 542 89 24 vintern,

70 570 65 26 jemte
151 571 36 20 det
211 571 42 20 han
276 572 27 25 pä
325 571 70 24 ledisa
415 572 87 20 stunder
518 572 39 20 och
573 572 123 26 isynnerhet
711 571 67 21 under
794 571 26 21 de
836 571 62 26 långa

71 599 76 21 mörka
171 599 97 21 aftnarne
291 601 23 19 är
337 600 6 20 i
367 600 81 21 tillfälle
472 602 32 19 att
519 600 51 26 följa
585 600 48 21 med
649 606 25 15 en
690 600 110 26 lättfattlig
825 599 72 21 kursi

71 627 137 27 jordbrukets
231 629 111 25 principer.
374 628 44 21 När
440 628 24 21 sä
486 629 64 21 vären
573 629 103 23 kommer,
692 628 32 21 fär
743 628 40 21 han
799 628 45 20 lära
860 628 37 26 sig,

72 656 56 20 huru
141 656 77 26 jorden
234 656 54 21 skall
305 657 89 21 beredas
410 657 32 21 för
457 657 125 25 värsädden,
597 657 27 21 dä
641 658 106 26 begynner
763 657 52 20 hans
826 660 71 23 egent-

72 684 42 26 liga
129 685 112 26 praktiska
257 686 97 20 lärokurs
370 686 39 20 och
425 686 27 20 dä
467 686 97 21 kommer
579 686 83 20 läraren
678 686 7 20 i
700 685 82 21 tillfälle
798 687 32 19 att
845 687 52 25 göra

71 712 78 22 honom
165 714 148 26 uppmärksam
331 714 26 26 pä
373 714 77 26 många
465 714 81 26 ganska
563 715 78 25 vigtiga
657 714 185 26 omständigheter.
871 714 26 20 Vi

73 745 48 17 veta
137 744 32 18 att
185 742 58 21 tiden
264 742 32 21 för
318 743 128 21 värsäddens
462 743 134 21 förrättande
612 743 6 21 i
634 743 46 21 värt
697 743 48 20 land
762 742 93 21 varierar
870 742 27 27 pä

71 771 68 25 grund
155 771 23 20 af
192 771 97 21 klimatet
303 772 81 26 ganska
399 772 94 26 mycket;
510 773 18 19 vi
545 775 49 18 veta
615 772 61 21 äfven
692 774 32 19 att
739 772 35 20 det
790 771 107 21 erfordras

71 799 121 21 erfarenhet
205 800 39 21 och
260 806 25 15 en
301 800 96 26 praktisk
421 801 55 20 blick
493 803 32 18 att
541 801 97 25 bedöma,
655 802 37 19 när
707 800 85 21 utsädet
808 800 38 20 bör
862 806 35 14 an-

71 827 78 22 förtros
171 828 22 20 ät
214 829 80 26 jorden.
326 829 65 21 Detta
413 829 32 21 lär
468 829 31 26 sig
515 829 72 21 eleven
603 829 28 20 dä
646 829 112 27 praktiskt,
775 829 121 25 visserligen

73 856 55 21 blott
144 857 68 20 under
227 864 25 14 en
269 857 124 26 säningstid,
410 864 46 15 men
474 858 46 20 med
536 857 104 27 förnuftig
657 857 82 26 ledning
756 857 40 20 kan
813 857 40 20 han
865 857 31 20 in-

71 885 71 20 hemta
157 885 82 26 ganska
254 886 83 25 mycket
353 886 83 25 sädant,
452 893 45 14 som
514 886 41 21 han
571 887 64 20 sedan
652 887 47 20 med
713 893 51 19 egen
778 885 118 22 eftertanke

70 913 32 20 fär
115 914 105 25 supplera.
251 914 124 21 Sedermera
385 915 96 20 kommer
492 915 40 20 den
544 915 80 26 vigtiga
637 915 163 26 höbergningen.
828 914 69 21 Ocksä

71 941 36 21 der
130 941 32 21 fär
186 942 41 21 han
249 943 100 25 inhemta,
373 943 56 21 huru
444 950 48 14 man
514 950 28 14 nu
557 943 33 21 för
606 943 58 21 tiden
680 943 144 26 tillvaratager
840 943 56 25 höet,

71 971 80 26 ängens
166 971 129 26 afkastning,
311 971 27 27 pä
354 971 57 22 olika
427 974 43 19 sätt
486 972 37 21 och
541 972 40 21 kan
598 972 27 21 dä
641 972 63 20 vinna
719 972 63 25 insigt
798 978 33 14 om
845 971 51 20 hvil-

70 999 36 20 ket
122 1001 43 18 sätt
181 999 47 22 bäst
244 1000 81 26 lämpar
341 1001 32 26 sig
388 1000 33 21 för
442 1001 54 20 hans
510 1001 100 26 lägenhet
631 1001 52 20 eller
698 1000 34 21 för
747 1001 39 20 den
803 1002 39 22 ort,
859 1000 37 20 der

70 1027 42 21 han
129 1027 82 22 verkar.
241 1028 122 21 Yttermera
378 1029 41 20 den
435 1029 79 26 vigtiga
532 1029 126 26 rägsädden.
689 1029 41 20 Det
746 1029 100 20 behöfves
862 1028 34 21 väl

71 1056 46 21 icke
141 1056 62 27 långa
225 1058 117 20 teoretiska
366 1058 149 26 utläggningar
538 1064 34 14 om
589 1058 55 20 huru
660 1064 25 14 en
700 1057 141 26 jordbrukare
858 1057 38 20 bör

70 1084 53 21 söka
142 1085 76 26 gödsla
240 1086 31 20 sin
292 1085 55 27 jord,
367 1086 81 21 tillföra
470 1087 31 20 sin
524 1086 52 21 åker
592 1086 25 21 de
633 1088 82 24 ämnen,
730 1086 23 20 af
767 1085 71 22 hvilka
855 1086 41 20 han

69 1113 42 20 kan
134 1115 63 19 vänta
218 1114 32 26 sig
273 1115 40 20 den
338 1115 61 20 bästa
421 1115 99 23 skörden,
541 1115 82 20 således
643 1118 44 17 tror
700 1115 37 26 jag
752 1115 59 20 äfven
828 1114 69 21 denna

69 1141 67 21 ehuru
152 1142 56 21 blott
224 1149 24 14 en
265 1143 56 20 enda
336 1143 55 26 gång
407 1143 97 21 erhållna
519 1143 122 21 erfarenhet
657 1149 33 15 om
706 1143 118 26 rågsådden
840 1142 55 21 skall

69 1170 65 21 blifva
156 1171 72 20 eleven
249 1171 31 21 till
295 1177 63 21 gagn,
374 1173 142 25 synnerligast
532 1172 70 20 derest
618 1172 176 25 undervisningen
810 1171 85 21 medde-

69 1199 31 20 las
115 1199 28 26 på
164 1199 61 21 fältet
241 1199 38 22 och
296 1201 47 20 med
359 1200 117 27 antydning
491 1207 33 14 om
541 1201 57 20 olika
611 1200 134 26 jordmåners
763 1199 132 26 behandling.

68 1227 41 26 Jag
125 1227 54 21 skall
195 1228 46 21 icke
257 1229 113 26 uppehålla
386 1229 23 20 R.
425 1235 19 14 o.
461 1230 24 19 A.
502 1229 48 20 med
566 1235 25 14 en
607 1229 72 20 vidare
695 1229 123 26 utläggning
833 1229 7 20 i
856 1228 40 20 den

68 1257 74 25 vägen.
173 1256 60 21 Hvar
249 1257 38 21 och
304 1264 32 19 en,
353 1264 45 14 som
415 1257 64 27 något
494 1259 24 19 är
533 1257 124 21 bevandrad
672 1257 6 20 i
693 1257 202 26 landthushällning,

69 1285 60 20 torde
145 1285 46 20 icke
209 1285 62 21 häfva
287 1286 55 20 hvad
356 1286 36 26 jag
408 1285 39 21 här
462 1286 40 21 har
518 1286 85 26 uttalat,
618 1287 19 20 d.
655 1292 19 15 v.
695 1292 4 14 s
722 1288 32 18 att
770 1291 48 15 man
834 1285 61 20 äfven

68 1313 27 26 på
111 1315 31 18 ett
157 1313 24 21 år
196 1313 42 21 kan
260 1314 95 21 inhemta
375 1314 77 26 många
475 1315 82 26 nyttiga
577 1314 107 21 lärdomar
700 1314 38 21 och
755 1314 141 26 tillgodogöra

68 1342 31 26 sig
115 1341 46 22 dem
178 1348 45 15 som
240 1343 131 26 sjelfständig
384 1343 150 26 jordbrukare,
550 1343 105 26 nämligen
668 1343 144 26 jordbrukare
827 1343 27 26 på
870 1348 25 14 en

68 1371 82 20 mindre
166 1371 104 26 lägenhet.
301 1372 38 20 Att
350 1372 91 25 ettäriga
448 1371 191 26 jordbruksskolor
650 1371 68 20 skulle
729 1371 65 20 blifva
802 1372 23 19 så
837 1371 58 26 dyra,

67 1405 45 15 som
125 1399 6 21 i
148 1399 143 22 betänkandet
305 1401 130 25 omnämnes,
454 1401 106 25 nämligen
574 1400 64 25 3,500
647 1399 59 21 mark
715 1405 37 21 per
768 1399 66 26 skola,
851 1403 45 17 tror

65 1427 37 27 jag
127 1428 112 26 knappast.
269 1428 41 27 Jag
335 1429 76 20 tänker
439 1429 41 25 mig
506 1431 33 18 att
561 1429 36 20 det
618 1429 67 20 finnes
701 1428 83 21 erfarna
800 1428 96 21 enskilda

65 1456 143 26 Jordbrukare
224 1457 7 20 i
246 1457 47 20 vårt
309 1457 56 24 land,
381 1457 72 21 hvilka
468 1459 58 19 emot
541 1463 26 15 en
578 1457 81 21 mindre
671 1463 82 15 summa
763 1463 49 14 vore
824 1456 72 26 villiga

69 1487 32 18 att
116 1485 98 20 meddela
236 1487 31 19 ett
288 1486 52 20 visst
361 1485 58 21 antal
440 1486 70 20 elever
526 1486 157 25 undervisning,
700 1485 28 21 då
743 1486 25 20 de
784 1485 54 21 hade
855 1486 40 19 den

67 1516 58 18 stora
137 1513 95 21 fördelen
249 1516 32 18 att
297 1513 68 21 tillika
380 1514 142 26 tillgodogöra
538 1514 31 26 sig
585 1514 109 20 elevernas
710 1513 136 24 arbetskraft,
856 1513 39 21 och
