1106 1736
371 111 103 18 Enskilda
483 111 120 21 jernvägar.
829 106 41 21 605

75 192 89 21 kommit
186 198 75 20 genom
283 191 127 26 jernvägens
432 191 111 21 tillkomst.
574 191 34 21 Då
623 198 29 14 nu
667 197 26 15 en
709 191 66 21 sådan
792 191 107 27 rättighet,

75 226 46 15 som
142 220 39 21 här
196 222 24 19 är
235 220 7 21 i
257 220 66 26 fråga,
340 220 66 20 redan
422 221 23 19 är
461 220 114 21 tillerkänd
591 220 194 26 statsjernvägarne
800 220 7 20 i
822 220 77 25 landet,

76 248 24 22 så
120 255 62 19 synes
203 249 36 21 det
253 250 33 20 att
301 248 46 21 icke
364 248 118 21 orättvisan
498 248 69 21 skulle
582 254 52 15 vara
650 248 134 27 synnerligen
800 250 51 22 stor,
866 254 34 15 om

76 277 110 21 enahanda
211 277 134 26 bestämning
369 277 69 20 skulle
462 279 63 24 göras
546 277 98 26 gällande
667 276 132 22 beträffande
819 277 82 26 privata

74 305 187 27 jernvägsföretag.
292 305 32 21 De
347 305 124 27 principiela
493 305 137 27 synpunkter,
653 311 45 15 som
721 305 23 21 af
765 307 135 20 reservanten

76 334 135 25 framhällits,
234 333 67 22 mäste
325 334 57 26 gälla
406 334 43 20 lika
465 334 6 21 i
487 334 66 26 begge
568 334 72 25 fallen,
658 334 38 21 och
713 333 27 22 dä
756 341 48 14 man
820 335 81 20 kunnat

78 363 62 21 träda
155 363 47 21 dem
219 363 32 20 för
267 364 52 19 nära
334 363 5 20 i
356 362 121 21 hänseende
492 363 32 20 till
540 365 82 19 statens
635 363 120 26 jernvägar,
766 365 34 18 vet
808 363 36 26 jag
855 363 46 20 icke

77 394 33 19 att
126 392 36 20 det
177 391 66 21 finnes
259 391 48 21 skäl
322 393 33 18 att
370 391 56 21 neka
441 391 26 21 de
483 392 83 25 privata
579 391 141 26 jernvägarne
736 397 81 15 samma
826 391 74 25 fördel,

78 420 28 21 dä
121 421 36 20 det
170 420 23 27 ju
209 422 24 19 är
249 420 117 21 önskvärdt
381 422 32 18 att
429 420 6 20 i
452 420 73 21 landet
540 420 61 21 skola
613 419 78 27 uppstä
707 420 96 21 enskilda
816 420 85 26 jernvä-

78 455 44 20 gar.
152 449 78 21 Vidare
254 449 47 20 ville
323 449 37 26 jag
383 448 84 27 päpeka
487 451 38 20 att,
548 449 28 21 dä
590 454 76 21 genom
682 449 142 26 uppkomsten
839 449 23 20 af
876 455 25 14 en

76 478 89 27 jernväg
179 484 76 19 genom
272 477 51 21 eller
339 477 6 21 i
361 477 102 21 närheten
478 477 22 21 af
510 484 25 14 en
544 477 150 27 jordlägenhet
704 477 64 21 ocksä
779 478 48 20 dess
839 477 62 21 värde

78 507 130 26 väsentligen
229 506 52 21 ökas
303 512 76 20 genom
401 505 42 22 alla
459 506 26 21 de
500 505 99 26 fördelar,
615 506 58 21 såväl
689 506 83 21 direkta
788 512 45 15 som
849 506 53 21 indi-

79 535 68 25 rekta,
171 535 130 20 tillkomsten
318 535 22 20 af
354 541 25 14 en
395 534 67 21 sådan
478 535 56 20 bana
550 535 88 26 medför,
653 535 40 20 och
709 537 38 21 att,
764 535 26 20 dä
804 535 97 26 jordega-

79 570 38 14 ren
140 563 41 21 blir
203 564 89 26 rikligen
313 565 67 19 ersatt
395 564 19 25 ej
431 563 91 21 allenast
536 563 34 21 för
585 564 40 20 den
638 563 50 26 jord
704 563 42 21 han
762 563 74 21 afstätt
851 566 50 17 utan

80 592 60 21 äfven
163 592 32 20 för
211 591 249 27 stängselskyldigheten,
477 592 22 20 sä
515 592 65 20 borde
596 592 53 20 hans
666 594 44 18 rätt
725 592 45 20 icke
787 598 60 14 anses
861 591 41 21 för-

80 620 94 21 närmad.
206 620 75 21 Dertill
304 621 95 20 kommer
422 622 39 23 att,
482 627 33 14 om
532 620 120 27 skyldighet
668 622 33 19 att
716 620 92 27 inhägna
823 620 79 26 äligger

78 649 133 27 jordegaren,
232 650 23 20 sä
277 649 42 21 kan
340 649 68 20 denne
431 649 108 21 uraktläta
554 651 33 19 att
602 649 90 26 uppföra
708 648 65 22 sädan
790 649 111 26 inhägnad,

80 684 34 14 om
137 678 39 20 den
199 678 46 21 icke
269 679 23 19 är
307 678 33 20 för
355 678 78 20 honom
450 677 98 27 behöfiig,
566 678 51 20 eiler
633 678 27 26 pä
676 679 30 19 ett
723 678 61 21 ställe
800 678 103 26 anbringa

80 713 26 14 en
120 706 45 26 gles
180 706 113 27 inhägnad,
310 706 39 21 och
365 706 27 27 pä
408 708 31 19 ett
455 709 71 22 annat,
543 706 38 21 der
591 707 83 20 mindre
684 706 88 21 kreatur
784 707 55 24 beta,
850 708 53 24 göra

81 735 39 21 den
137 737 75 19 tätare.
241 735 121 21 Bibehälles
379 735 46 20 äter
440 735 214 27 stängselskyldighet
670 735 33 21 för
717 736 184 26 jernvägsegaren,

80 764 24 20 sä
120 764 40 20 blir
175 764 40 20 han
232 764 82 26 skyldig
330 766 33 18 att
378 763 91 27 uppföra
484 764 107 26 inhägnad
607 764 72 20 utmed
695 764 49 20 hela
761 764 141 20 bansträckan

80 792 40 21 och
136 792 125 27 tillskyndas
277 792 120 24 derigenom
415 792 94 26 ofantlig,
526 792 77 26 onödig
620 793 96 20 kostnad.
748 792 8 21 I
768 792 72 27 hvarje
852 792 50 20 hän-

81 821 57 21 delse
154 821 40 21 blir
210 821 36 21 det
257 820 32 21 för
302 821 127 26 jordegaren
446 821 96 25 billigare
558 821 39 21 och
608 821 77 21 lättare
696 824 32 18 att
739 821 72 21 kunna
822 823 80 24 stänga,

82 851 26 18 än
124 849 33 20 för
173 856 76 19 egaren
266 849 30 20 till
313 856 26 14 en
347 850 95 25 jernväg,
454 856 45 14 som
510 850 68 20 måste
590 850 56 25 köpa
654 850 42 20 alla
706 850 107 25 tillbehör,
823 852 14 17 t.
849 856 18 14 o.
878 856 25 13 m.

80 877 96 27 vidjorna
192 878 32 20 till
237 877 110 27 stängslet,
360 878 75 20 medan
445 877 127 27 jordegaren
585 878 42 20 kan
638 878 55 26 välja
704 880 24 19 ut
739 879 79 20 mindre
830 878 73 21 värde-

79 905 51 22 fullt
144 908 34 19 trä
194 907 31 20 för
241 909 32 18 att
288 907 87 20 dermed
391 906 72 21 utföra
479 907 123 26 detsamma,
614 907 85 20 hvarför
712 907 64 20 också
785 907 118 21 kostnaden

80 935 33 20 för
135 935 77 20 honom
235 935 73 21 ställer
331 935 31 26 sig
377 935 130 26 väsentligen
524 936 88 21 mindre.
641 936 41 25 Jag
697 936 68 20 skulle
781 935 70 22 derför
867 941 36 14 an-

80 963 64 25 hålla,
159 966 32 19 att
206 964 25 20 R.
248 971 18 13 o.
283 965 23 20 A.
324 964 45 21 icke
385 963 48 21 ville
450 963 56 22 fästa
521 964 99 21 afseende
636 965 34 20 vid
681 965 40 20 den
732 964 67 21 första
811 970 93 15 reserva-

81 993 76 20 tionen.
189 992 60 21 Hvad
277 992 101 21 beträffar
401 993 39 20 den
464 993 68 20 andra
554 993 164 25 reservationen,
742 993 24 20 sä
781 993 37 20 ber
831 993 36 26 jag
882 992 22 21 få

80 1020 89 27 päpeka,
191 1023 32 18 att
246 1021 130 26 antagandet
399 1021 23 20 af
439 1021 123 21 densamma
578 1021 46 22 icke
640 1021 68 21 skulle
724 1021 96 21 medföra
835 1021 68 26 nägon

80 1049 128 26 förbättring
230 1050 6 20 i
253 1050 120 21 nuvarande
389 1049 155 26 förhällanden,
561 1052 23 25 ty
600 1057 33 14 om
650 1050 64 21 ocksä
727 1050 177 27 jernvägsegaren

80 1078 68 21 skulle
171 1078 116 27 berättigas
311 1080 32 19 att
367 1079 70 20 lemna
452 1085 26 14 en
495 1079 33 20 del
544 1079 22 20 af
581 1079 69 20 banan
667 1079 125 26 oinhägnad,
810 1079 37 20 der
862 1079 41 20 han

80 1107 24 20 sä
128 1107 88 20 kommit
232 1108 97 20 öfverens
345 1107 47 20 med
409 1107 160 21 vederbörande
582 1107 112 27 jordegare
711 1108 52 20 eller
777 1107 128 26 inhägnads-

80 1135 147 27 skyldigheten
250 1136 140 26 öfvertlyttats
413 1142 76 19 genom
512 1137 159 25 expropriation
692 1136 27 26 pä
732 1136 132 26 jordegaren,
881 1136 24 21 sä

80 1164 43 20 blir
147 1164 35 20 det
205 1164 55 20 ändä
282 1165 32 20 för
330 1164 77 20 honom
425 1164 22 20 sä
463 1165 51 25 godt
531 1170 44 15 som
592 1164 96 27 omöjligt
704 1167 31 18 att
752 1165 68 20 lemna
834 1164 70 26 nägon

80 1192 87 21 kortare
190 1192 31 21 bit
243 1192 22 21 af
285 1193 70 20 banan
377 1193 127 26 oinhägnad,
524 1193 44 20 ifall
585 1199 119 20 grannarne
720 1193 45 20 icke
780 1193 46 26 gätt
841 1193 21 20 in
878 1193 27 26 pä

80 1220 69 27 nägon
163 1220 220 25 öfverenskommelse,
400 1223 22 24 ty
437 1221 73 21 desses
523 1221 87 21 kreatur
621 1221 72 20 kunna
704 1221 60 21 alltid
775 1221 58 21 öfver
843 1227 61 20 gran-

81 1255 51 15 nens
153 1249 61 21 mark
236 1249 27 27 gä
286 1256 41 20 upp
348 1249 27 27 pä
395 1250 185 27 jernvägsbanken
597 1250 39 21 och
650 1250 255 26 jernvägsförvaltningen

81 1277 28 21 bli
133 1278 82 27 skyldig
237 1280 32 19 att
288 1280 81 19 ersätta
384 1279 25 20 de
425 1279 86 25 skador,
528 1285 44 14 som
589 1279 62 20 dessa
666 1279 87 20 kreatur
769 1279 71 20 kunna
855 1279 50 23 lida,

80 1306 46 21 ifall
149 1307 98 20 kollision
271 1307 47 21 med
340 1307 37 26 tåg
396 1307 68 20 skulle
481 1307 85 21 inträffa
603 1307 46 21 Den
666 1307 67 21 andra
748 1307 156 21 reservationen

80 1341 62 14 anser
156 1335 37 26 jag
209 1335 71 21 derför
296 1336 5 20 i
317 1335 42 21 alla
375 1335 134 21 hänseenden
527 1342 51 14 vara
594 1337 113 25 oantaglig.
738 1335 41 22 Vill
795 1342 48 14 man
859 1336 46 20 icke

80 1363 114 26 godkänna
217 1364 35 21 det
271 1364 23 20 af
308 1364 111 21 Utskottet
433 1364 127 21 framstälda
574 1364 110 26 förslaget,
700 1364 23 21 så
739 1367 23 18 är
778 1365 36 20 det
835 1365 70 20 bättre

80 1394 33 19 att
135 1391 95 22 förkasta
245 1393 48 20 hela
308 1393 209 26 ändringsförslaget.
549 1393 101 20 Deremot
671 1393 35 20 vill
724 1393 36 26 jag
774 1393 74 21 förena
864 1393 42 26 mig

81 1426 34 15 om
137 1421 40 20 den
201 1421 68 26 tredje
284 1422 166 24 reservationen,
467 1421 110 26 angående
592 1422 12 20 2
622 1427 61 15 mom.
700 1422 6 20 i
722 1421 11 27 $
751 1423 31 23 11,
798 1422 6 20 i
821 1421 84 21 hvilken

82 1454 25 15 en
129 1450 68 19 större
221 1449 119 27 skyldighet
364 1449 69 21 blifvit
446 1449 255 27 jernvägsförvaltningen
717 1450 83 26 påförd,
816 1452 25 18 än
857 1449 49 21 här-

80 1476 97 22 förinnan
194 1478 55 20 varit
264 1477 141 21 föreskrifvet.
