1109 1739
399 106 202 34 Finansrelationen.
839 107 41 21 753

80 194 224 26 presidentplatserna,
320 194 233 27 guvernörsplatserna,
570 193 148 26 ledamotskap
733 194 7 21 i
760 193 149 27 lagberednin-

79 228 49 21 gen,
150 223 86 21 hvilken
258 229 88 15 numera
369 223 87 21 arbetar
479 223 27 26 på
528 223 36 20 två
581 222 138 27 afdelningar,
736 222 54 21 eller
805 222 47 21 med
868 221 42 22 fast

81 251 93 27 aflöning
189 251 97 22 förenadt
302 251 148 27 ledamotskap
472 251 7 21 i
495 251 79 27 vigtiga
589 251 105 21 komitéer
709 263 27 2 —
750 251 36 26 jag
801 250 38 21 ber
854 250 56 21 blott

81 281 35 20 att
133 279 127 27 exempelvis
282 279 22 22 få
326 281 78 20 nämna
426 282 33 19 att
474 280 65 21 sedan
555 286 26 15 en
597 280 30 21 tid
644 285 25 15 en
685 279 73 21 säkert
772 279 86 26 årslång
873 279 37 21 ko-

82 308 53 21 mité
150 308 32 21 för
197 308 238 27 rättegångsväsendets
451 308 132 27 ombildning
599 310 24 19 är
639 307 82 22 tillsatt.
751 307 70 27 Fråga
843 314 39 14 var
903 307 7 21 i

84 337 75 26 sjelfva
171 337 75 21 verket
268 340 32 18 att
320 337 111 22 utsträcka
447 337 62 21 dessa
523 339 101 19 reträtter
640 338 57 19 ännu
712 336 80 27 längre,
807 336 32 21 till
855 336 55 21 chef-

84 365 81 27 platser
180 366 6 21 i
202 365 168 28 öfverstyrelser,
386 365 183 27 ordförandeskap
584 366 7 21 i
607 365 133 22 direktionen
756 365 33 21 för
804 365 106 21 statskon-

84 396 68 19 torets
167 394 129 27 förvaltning
311 401 18 14 o.
346 401 16 14 s.
378 401 26 20 v.,
420 401 47 14 men
484 394 65 26 ansåg
564 394 129 21 åtminstone
706 393 36 27 jag
758 394 36 21 det
804 393 46 22 icke
861 399 50 15 vara

85 423 97 27 lämpligt
197 425 33 18 att
244 422 27 28 gå
286 423 24 21 så
326 423 59 26 långt
408 435 28 3 —
459 423 67 21 hellre
541 423 71 21 kunde
628 429 49 15 man
694 422 26 21 då
736 424 64 19 vänta
815 422 47 21 med
878 428 33 15 er-

85 451 107 27 bjudande
208 452 23 20 af
244 458 25 15 en
286 452 141 26 reträttplats.
458 452 46 21 Mot
520 452 39 21 den
576 452 146 26 anmärkning,
738 457 45 15 som
795 451 39 21 här
843 451 68 27 gjorts

84 482 34 19 att
134 480 36 22 det
185 486 50 16 vore
251 480 96 27 omöjligt
362 483 33 19 att
410 480 70 22 såsom
496 480 160 27 reträttplatser
671 480 99 21 betrakta
785 482 126 24 guvernörs-

85 511 79 25 poster,
181 509 23 21 så
220 509 38 21 ber
271 509 37 27 jag
323 509 21 21 få
359 510 100 26 påminna
474 515 34 15 om
524 511 33 19 att
572 510 62 20 dessa
650 511 72 24 poster
737 508 47 21 från
801 509 54 21 1809
872 508 40 21 och

86 538 59 26 långt
167 538 77 21 framåt
266 538 6 20 i
296 538 57 21 tiden
375 538 104 21 användts
498 538 70 21 såsom
584 538 160 26 reträttplatser
759 537 33 21 för
806 537 106 27 afgångna

86 567 234 26 styrelsemedlemmar.
351 566 49 21 Man
424 567 42 20 kan
489 566 113 27 omöjligen
625 568 51 24 säga
702 568 32 18 att
755 566 62 20 dessa
832 566 80 26 platser

86 597 44 23 äro,
146 595 70 21 såsom
237 596 6 20 i
266 597 31 19 ett
313 598 64 18 annat
394 595 67 21 Stånd
476 595 102 27 yttrades,
595 594 200 28 polisbefattningar
810 607 27 2 —
854 594 58 21 detta

86 630 63 14 anser
171 624 37 26 jag
228 630 51 14 vara
302 626 31 19 ett
356 624 125 26 vanvördigt
503 624 37 20 tal.
571 623 39 21 Om
626 624 46 21 icke
688 623 225 27 guvernörsplatserna

86 652 84 26 åtnjuta
195 652 36 22 det
255 652 105 22 anseende
386 653 48 20 dem
460 653 66 26 enligt
547 652 35 26 lag
602 652 135 25 tillkommer,
754 652 23 21 så
792 652 68 21 måste
876 652 37 20 det

87 680 52 22 bero
155 680 27 27 på
197 681 128 21 förändrade
346 681 155 24 förhållanden,
524 681 128 21 förändrade
676 686 107 21 personer,
800 682 22 25 ty
838 680 35 21 det
888 682 25 19 är

86 709 64 21 allom
167 709 66 21 kändt
248 712 32 18 att
296 710 26 20 de
332 710 71 26 gamla
414 709 335 27 landshöfdingebefattningarna
762 709 55 21 varit
829 708 84 28 mycket

88 738 142 26 uppskattade
245 739 6 20 i
266 738 43 21 alla
324 739 61 25 tider,
402 738 40 22 och
457 741 33 18 att
510 738 61 21 deras
586 738 137 21 innehafvare
739 738 55 21 varit
809 738 51 26 högt
874 738 39 20 ak-

88 766 50 22 tade
154 767 39 21 och
209 767 68 26 spelat
292 773 26 15 en
333 770 46 18 stor
395 767 41 21 roll
450 768 7 20 i
473 767 37 21 vår
526 767 40 21 och
582 767 40 21 den
638 766 155 22 svensk-finska
803 766 109 21 historien.

87 795 41 26 Jag
148 796 35 20 vill
207 796 121 26 visserligen
351 796 47 20 icke
421 795 62 27 påstå
505 798 33 18 att
555 796 73 26 hvarje
645 796 68 26 lynne,
729 795 73 27 hvarje
817 795 97 26 politiskt

88 824 70 26 kynne
174 824 68 21 skulle
257 824 71 26 lämpa
343 825 31 25 sig
390 824 33 21 för
438 831 26 14 en
480 824 179 27 guvernörsplats,
675 824 51 21 eller
742 823 32 21 för
790 824 72 26 hvarje
876 830 38 20 gu-

88 853 144 26 vernörsplats
247 852 6 22 i
269 853 78 25 landet,
363 859 48 15 men
427 852 55 22 huru
494 853 38 26 jag
547 855 26 19 än
589 853 63 21 söker
668 853 20 21 in
704 858 50 16 casu
770 852 90 21 bedöma
872 852 41 21 frå-

87 887 49 20 gan,
159 881 24 21 så
202 881 67 21 finner
285 882 37 26 jag
337 884 33 18 att
383 882 21 20 vi
420 882 54 20 dock
490 881 54 21 hade
560 882 82 20 kunnat
657 881 63 21 hafva
735 881 157 26 reträttplatser
907 880 7 21 i

89 910 43 20 alla
148 910 24 20 de
188 910 43 22 fall,
248 916 45 15 som
309 910 105 21 härintills
429 910 144 21 förekommit.
602 910 41 26 Jag
658 910 36 21 vill
710 916 28 14 nu
748 910 47 20 icke
805 910 27 26 gå
841 910 73 26 längre

89 938 6 20 i
112 938 68 21 denna
196 938 40 26 del,
252 945 48 14 men
315 939 38 21 ber
375 941 33 19 att
432 938 22 21 få
476 941 45 19 mot
537 939 31 20 Hr
579 938 74 21 Taube
668 938 103 21 anmärka
788 941 32 18 att
835 938 36 21 det
886 944 29 16 nu

89 966 46 22 icke
150 973 65 20 gerna
238 969 24 19 är
284 968 82 26 möjligt
390 970 33 18 att
446 968 46 20 lösa
507 968 69 20 denna
591 967 60 27 fråga
667 974 25 14 en
708 967 55 26 gång
778 967 33 21 för
826 966 42 22 alla
884 967 30 26 så,

88 997 34 19 att
137 996 48 26 inga
200 998 61 18 extra
282 996 113 26 pensioner
415 996 74 26 gifvas,
514 998 23 24 ty
560 996 46 21 med
624 996 26 21 de
665 995 191 28 parlamentariska
871 995 44 21 för-

90 1023 132 27 hållandena,
246 1025 37 26 jag
305 1024 65 26 vågar
393 1031 28 14 nu
444 1025 97 20 använda
562 1025 59 21 detta
636 1025 86 26 uttryck
738 1024 60 21 äfven
815 1030 33 15 om
864 1024 51 21 våra

89 1052 64 21 enkla
169 1052 153 27 förhållanden,
338 1053 62 27 följer
414 1053 24 27 ju
454 1054 46 20 icke
516 1054 23 20 så
546 1053 87 21 alldeles
649 1053 74 26 sällan,
740 1053 66 27 derpå
818 1052 62 22 hafva
895 1053 20 21 vi

90 1081 64 26 bevis,
170 1081 121 22 inkallande
314 1082 46 21 från
384 1082 196 26 representationen
600 1082 32 21 till
648 1082 107 26 Styrelsen
770 1082 24 20 af
815 1088 100 20 personer

90 1111 51 19 utan
160 1109 127 28 föregående
311 1111 172 26 tjenstemeriter,
502 1111 51 20 eller
569 1110 49 22 med
633 1110 164 27 tjenstemeriter
812 1110 57 21 inom
885 1112 31 19 ett

90 1138 46 21 helt
158 1141 65 18 annat
245 1139 92 25 område,
360 1138 52 22 eller
434 1139 64 21 också
520 1139 101 21 afbrutna
644 1139 21 21 af
676 1139 82 21 enskild
772 1139 143 24 verksamhet,

90 1166 76 22 hvaraf
186 1167 78 27 följden
280 1168 66 26 enligt
369 1174 28 14 nu
414 1168 98 26 gällande
528 1168 230 27 pensionsreglemente
773 1167 68 21 blefve
857 1169 39 23 att,
909 1168 7 20 i

90 1195 101 22 händelse
207 1197 61 20 dessa
283 1202 101 20 personer
400 1196 46 21 icke
462 1196 71 21 kunde
548 1198 53 24 göra
616 1199 61 24 nytta
692 1196 67 21 under
774 1195 93 22 rådande
883 1202 33 20 sy-

90 1228 54 17 stem
160 1224 39 21 och
215 1225 49 21 ville
279 1224 55 27 afgä,
351 1225 26 21 de
393 1225 107 21 mähända
515 1224 68 22 skulle
600 1225 81 26 nödgas
696 1224 49 27 afgä
761 1227 51 19 utan
827 1225 89 25 pension

90 1252 52 22 eller
157 1253 47 21 med
220 1253 84 27 mycket
320 1254 93 20 minimal
430 1254 72 20 sädan.
533 1254 41 26 Jag
589 1256 45 18 tror
650 1256 32 18 att
698 1254 26 20 de
736 1254 118 26 pensioner,
870 1259 46 15 som

91 1283 94 19 närmast
200 1282 106 21 föranledt
328 1282 60 21 detta
409 1282 118 26 uttalande,
548 1282 71 21 derest
634 1284 60 19 extra
709 1282 92 21 tillskott
817 1281 45 22 icke
877 1282 40 26 gif-

90 1310 48 26 vits,
154 1310 54 21 hade
224 1310 88 22 kommit
328 1312 32 19 att
375 1310 57 21 hålla
452 1311 32 26 sig
499 1311 78 20 mellan
596 1310 97 22 siffrorna
711 1311 112 25 3--6,000,
841 1310 75 21 ätmin-

90 1340 62 19 stone
176 1339 34 21 för
232 1345 26 15 en
278 1339 34 21 del
327 1339 155 25 funktionörer,
498 1339 39 21 och
553 1340 36 20 det
605 1340 41 20 kan
662 1339 34 21 väl
712 1339 46 21 icke
773 1345 62 15 anses
851 1339 67 26 lämp-

90 1367 39 26 ligt
154 1368 66 20 under
244 1368 66 26 nägra
334 1367 147 22 förhällanden
507 1370 32 18 att
566 1374 26 14 en
613 1368 52 26 högt
680 1368 89 20 betrodd
786 1368 131 20 embetsman

91 1395 86 21 dermed
193 1396 67 21 skulle
276 1396 97 26 afspisas,
389 1397 65 20 sedan
471 1396 41 21 han
527 1396 67 21 tillen
609 1396 43 22 viss
666 1396 53 26 grad
735 1396 66 21 brutit
816 1396 32 20 sin
860 1396 58 21 förra

92 1424 61 26 bana,
170 1426 39 19 den
224 1424 35 22 mä
274 1424 64 22 hafva
354 1425 54 21 varit
423 1425 57 21 inom
493 1424 124 22 affärslifvet
632 1424 52 22 eller
692 1424 69 22 säsom
768 1424 150 27 jordbrukare.

92 1452 48 21 Men
156 1452 12 21 å
178 1453 67 21 andra
258 1454 60 20 sidan
327 1453 37 21 ber
370 1453 37 26 jag
415 1453 21 21 få
445 1459 107 15 reservera
560 1454 43 25 mig
611 1455 45 19 mot
664 1453 41 21 dan
713 1453 94 27 tydning,
816 1459 44 15 som
868 1458 50 16 man

91 1481 61 26 gifvit
168 1481 59 21 detta
242 1482 117 24 uttalande,
375 1484 32 18 att
424 1482 36 21 det
474 1482 69 21 skulle
558 1482 103 20 innebära
676 1482 68 26 nägon
760 1481 115 27 anledning
885 1481 33 21 för

92 1509 107 27 Styrelsen
221 1512 32 19 att
275 1510 33 21 för
330 1510 114 21 framtiden
460 1510 56 27 gifva
532 1510 116 26 obefogade
664 1513 60 19 extra
739 1510 111 26 pensioner
866 1510 53 22 eller

827 1548 23 18 48
