1106 1739
363 114 119 22 Bordlagda
494 116 97 16 ärenden.
820 108 41 22 563

132 194 69 22 Bland
217 193 100 22 Ståndets
332 194 138 22 medlemmar
493 194 55 22 hade
563 194 95 21 utdelats
674 194 39 21 och
729 193 114 22 bordlades
858 193 32 21 till

63 225 63 19 nästa
140 223 96 27 plenum:

135 279 114 22 berättelse
274 280 32 20 till
328 280 101 20 Finlands
449 279 93 23 Ständer
557 286 34 14 om
607 279 120 27 Styrelsens
742 278 127 28 tillgörande
884 278 6 21 i

66 308 114 26 anledning
194 307 24 21 af
231 310 31 19 ett
285 308 44 21 utaf
352 308 77 21 aflidne
445 308 228 21 Medicinelicentiaten
689 308 94 20 Herman
800 306 93 22 Frithiof

65 337 108 21 Antell
189 337 7 20 i
210 336 93 22 lifstiden
319 336 31 22 till
366 337 83 21 förmån
465 338 33 20 för
513 336 102 22 Finlands
630 336 45 22 folk
683 336 71 26 gjordt
762 336 129 22 testamen-

64 365 91 22 tariskt
169 364 181 28 förordnande;

133 422 246 26 Bevillningsutskottets
402 422 135 22 betänkande
556 422 40 22 N:o
620 422 13 20 2
655 422 7 21 i
678 422 113 26 anledning
805 422 24 21 af
841 421 48 21 nåd.

64 456 59 21 prop.
141 451 39 21 N:o
200 452 24 20 15
241 451 107 26 angående
364 451 40 21 den
425 451 249 27 näringsbevillning,
693 457 44 15 som
753 451 55 21 skall
823 450 68 27 erläg-

63 485 39 21 gas
124 478 28 23 af
170 479 164 28 utländingar,
356 480 72 21 hvilka
449 480 6 21 i
478 480 90 21 Finland
591 480 51 20 idka
661 480 78 20 handel
755 480 51 20 eller
821 485 69 15 annan

64 508 85 27 näring;

133 565 223 21 Ekonomiutskottets
370 565 81 27 förslag
465 566 33 21 till
515 565 204 27 sammanjemkning
733 566 21 21 at
770 566 25 20 de
807 565 84 27 skiljak-

66 594 44 26 tiga
125 594 77 24 beslut,
218 594 6 20 i
240 594 72 20 hvilka
335 594 94 21 Stånden
445 596 86 19 stannat
546 594 35 21 vid
596 594 155 26 behandlingen
767 594 24 21 af
804 593 87 22 Utskot-

65 623 43 20 tets
123 622 135 21 betänkande
282 623 40 21 N:o
348 623 12 21 5
386 623 6 20 i
415 623 113 26 anledning
551 623 22 21 af
595 622 50 22 flere
660 623 57 21 inom
733 622 159 22 Bondeståndet

65 650 78 22 väckta
157 651 80 27 förslag
260 651 31 21 till
314 652 121 26 petitioner,
458 651 111 27 åsyftande
594 652 131 20 inrättandet
740 652 23 20 af
776 653 31 19 ett
823 653 68 19 större

66 680 58 20 antal
136 679 224 28 jordbruksskolor
374 680 30 21 uti
421 680 104 21 särskilda
541 680 60 22 delar
616 680 23 20 af
653 680 83 26 landet;

134 736 222 22 Ekonomiutskottets
372 737 135 21 betänkande
523 737 40 21 N:o
579 740 13 18 8
607 738 6 20 i
629 736 113 27 anledning
757 736 22 22 af
794 738 31 20 ett
835 737 56 21 inom

66 765 24 21 R.
107 771 18 15 o.
142 765 24 21 A.
181 765 63 21 väckt
259 765 80 27 förslag
354 766 32 21 till
402 766 89 26 petition
507 772 34 15 om
557 766 123 21 inrättande
702 765 23 21 af
742 772 26 14 en
784 766 107 21 entomo-

64 793 80 28 logisk
159 793 199 28 försöksstation;
375 797 55 18 samt

134 851 114 20 Allmänna
271 851 208 22 Besvärsutskottets
502 852 135 21 betänkande
659 852 40 21 N:o
716 853 25 20 14
757 852 6 20 i
779 851 113 26 anledning

66 878 24 21 af
103 879 105 21 särskilda
224 880 5 20 i
246 879 90 26 Preste-,
352 880 103 27 Borgare-
465 880 39 21 och
519 880 164 21 Bondestånden
695 881 76 20 väckta
781 880 110 27 petitions-

65 907 81 27 förslag
162 914 35 15 om
214 909 126 26 vidtagande
355 909 22 20 af
397 909 55 21 vissa
475 909 101 27 åtgärder
592 908 132 22 beträffande
740 909 129 27 zigenarne
885 908 6 21 i

67 936 78 21 landet.

134 993 78 22 Likaså
227 994 54 21 hade
297 994 67 21 under
378 994 108 27 förloppet
501 994 24 21 af
531 995 169 20 sammanträdet
707 995 93 20 utdelats
808 994 84 27 tryckta

66 1023 109 26 exemplar
197 1023 23 21 af
241 1023 40 20 den
297 1023 74 21 härvid
387 1023 32 21 till
435 1023 90 21 Ståndet
541 1023 156 21 öfverlemnade
713 1023 47 21 nåd.
777 1029 59 21 prop.
852 1023 39 20 N:o

66 1051 27 20 32
110 1051 48 21 med
174 1051 79 27 förslag
268 1051 32 22 till
316 1051 34 27 lag
366 1058 34 15 om
419 1051 156 28 utskrifuing
589 1051 28 22 af
629 1051 84 22 hästar
728 1051 40 22 för
782 1051 110 28 krigsbe-

66 1078 48 23 hof
126 1079 40 22 och
181 1080 113 21 bordlades
309 1080 61 21 äfven
386 1081 69 20 denna
470 1080 48 21 nåd.
536 1087 59 20 prop.
612 1081 31 20 till
660 1082 60 19 nästa
736 1081 91 26 plenum.

135 1137 41 21 Till
199 1137 67 20 första
290 1137 86 27 plenum
399 1137 5 21 i
426 1139 61 20 nästa
510 1137 67 24 yecka
600 1137 45 21 blef
664 1137 27 28 på
711 1137 80 26 förslag
814 1137 23 21 af
861 1136 31 21 Hr

69 1164 119 28 Stjernvall
203 1165 123 27 bordlagdt:

135 1222 54 27 Lag-
212 1222 39 21 och
274 1223 223 21 Ekonomiutskottets
518 1223 135 21 betänkande
673 1223 40 21 N:o
729 1223 12 20 2
758 1223 7 20 i
780 1223 113 26 anledning

66 1251 24 20 af
103 1250 48 22 nåd.
167 1257 60 21 prop.
242 1251 40 22 N:o
299 1252 11 20 7
327 1251 110 27 angående
452 1252 35 26 lag
502 1258 33 15 om
551 1251 148 28 aktiebolag.

136 1382 88 21 Plenum
238 1383 116 21 afslutades
369 1383 29 21 kl.
413 1384 20 20 9.
451 1383 26 21 10
493 1383 50 21 min.
559 1389 18 15 e.
589 1389 26 15 m.

691 1440 21 17 In
723 1439 61 18 fidem:

640 1474 51 21 Clas
707 1482 17 13 v.
742 1474 82 22 Collan.
