1109 1742
216 122 41 20 948
491 128 24 16 R.
528 132 18 12 o.
559 128 22 17 A.
594 128 57 17 1894.
676 128 20 16 11
709 128 48 21 Maj.

255 208 32 20 Hr
302 208 24 20 V.
340 214 40 14 von
396 208 168 21 Haartman:
588 208 50 21 Med
654 208 114 26 anledning
783 208 23 20 af
819 207 57 21 Frih.
892 214 40 14 von
946 208 68 20 Borns

186 236 140 26 anmärkning
348 238 33 19 att
398 236 258 22 Riddarhusdirektionen
673 237 46 21 icke
734 236 68 22 utfört
816 236 24 21 R.
857 243 19 15 o.
892 236 37 21 A:s
944 236 71 21 beslut

188 264 6 20 i
218 264 99 21 afseende
340 266 13 20 å
375 265 109 22 mellersta
500 265 104 25 läktaren,
621 265 33 22 får
667 265 37 26 jag
718 265 100 26 genmäla
833 267 32 19 att
880 265 34 21 vid
931 267 83 19 senaste

186 292 104 27 landtdag
311 293 135 22 framstäldes
470 293 48 22 från
539 293 123 22 dåvarande
684 293 229 22 Riddarhusutskottet
936 293 78 27 förslag

186 327 35 15 om
237 323 33 19 att
285 322 88 26 upplåta
388 322 61 21 äfven
465 323 93 20 nämnda
574 322 82 21 läktare
672 321 33 22 för
720 322 97 21 åhörare.
849 322 32 21 Då
893 321 121 22 Utskottets

186 349 135 22 betänkande
346 351 38 21 hos
409 351 25 21 R.
458 357 19 15 o.
500 352 26 20 A.
548 351 97 21 förekom
668 351 33 21 till
723 351 134 26 behandling,
873 351 23 20 sä
912 351 51 26 egde
980 357 33 14 om

187 378 70 21 denna
272 378 60 27 fräga
346 379 47 21 icke
408 379 40 21 alls
463 379 69 28 nägon
549 379 121 22 diskussion
686 386 54 19 rum,
749 379 39 22 och
798 379 122 22 densamma
930 379 84 26 gjordes

186 407 47 21 icke
255 407 67 22 heller
344 407 32 22 till
398 408 89 21 föremäl
510 408 34 21 för
560 408 68 27 nägon
652 408 91 21 särskild
761 409 141 26 proposition,
917 414 47 15 men
980 408 33 20 väl

186 435 66 27 nägra
267 437 67 20 andra
349 437 90 26 projekt,
456 443 45 15 som
517 437 7 21 i
540 437 90 21 Ständet
646 437 92 21 väcktes.
769 437 111 26 Förslaget
896 443 33 15 om
946 436 67 21 läkta-

186 471 50 14 rene
258 465 124 32 godkändes
405 466 65 20 sedan
492 466 7 20 i
522 468 31 19 ett
569 466 154 26 sammanhang
737 465 49 22 med
802 465 123 22 Utskottets
941 465 73 21 betän-

186 493 69 21 kande
276 493 6 21 i
298 494 69 26 öfrigt.
399 494 61 21 Hvad
476 501 28 14 nu
521 495 108 20 mellersta
645 495 107 20 läktarens
768 494 130 27 upplåtande
914 494 33 21 för
962 493 52 22 ähö-

186 528 48 14 rare
254 511 108 37 beträffar,
378 523 24 20 sä
417 523 39 21 har
471 523 263 22 Riddarhusdirektionen,
744 523 66 26 enligt
825 523 55 21 hvad
896 523 12 20 &
923 529 47 20 pag.
986 523 28 20 25

186 550 8 21 i
210 549 100 23 Ständets
330 544 85 34 tryckta
431 552 108 26 protokoll
554 552 34 21 för
603 552 144 21 innevarande
762 539 104 38 landtdag
880 551 112 24 inhemtas,
1008 551 6 20 i

186 579 33 21 sin
235 579 31 21 till
283 579 89 22 Ständet
388 580 79 26 atgifna
476 581 122 24 berättelse,
610 581 138 26 omständligt
761 580 71 21 anfört
842 581 26 20 de
879 580 52 25 skäl,
943 579 71 21 hvilka

186 607 257 23 Riddarhusdirektionen
460 609 69 21 funnit
544 609 44 21 tala
604 611 58 19 emot
676 612 33 18 att
724 611 52 24 göra
792 609 69 21 denna
876 597 82 33 läktare
973 607 41 22 till-

185 636 85 27 gänglig
292 637 33 21 för
347 637 96 21 ähörare.
474 638 40 26 Jag
537 638 37 21 ber
598 640 32 19 att
650 638 32 21 till
698 638 26 21 de
740 638 53 25 skäl,
810 644 44 15 som
871 637 37 21 der
924 639 36 19 äro
976 643 38 14 an-

185 665 68 26 förda,
280 667 56 20 ännu
360 666 22 21 fä
406 666 88 27 tillägga
520 667 64 20 ocksä
600 667 42 25 det,
659 669 39 22 att,
714 673 33 14 om
764 667 94 20 tillträde
875 666 32 21 för
923 666 91 20 ähörare

188 693 68 21 skulle
267 694 87 25 lemnas,
366 695 23 20 sä
400 695 55 20 hade
466 695 61 20 äfven
538 695 69 26 nägon
620 695 87 26 lämplig
718 695 99 26 uppgäng
828 695 30 20 dit
867 695 50 20 bort
925 695 32 20 för
966 694 47 21 dem

185 722 96 21 beredas.
303 723 65 21 Detta
378 723 55 22 hade
449 730 28 14 nu
492 724 82 21 kunnat
590 724 37 21 ske
643 724 47 21 frän
706 724 79 21 endera
801 724 51 21 eller
868 723 66 27 begge
951 723 22 20 af
987 723 26 20 de

185 751 68 20 andra
277 752 111 21 läktarena
410 759 75 20 genom
509 753 25 20 de
555 759 54 18 rum,
625 753 72 20 hvilka
713 752 12 21 &
741 753 104 20 hvardera
861 752 59 21 sidan
936 753 78 25 gränsa

185 779 33 21 till
241 780 40 21 den
304 781 108 20 mellersta
435 781 103 21 läktaren.
568 781 42 21 Det
633 781 39 21 har
688 787 28 14 nu
732 781 117 21 emellertid
866 781 54 20 visat
936 781 30 26 sig
982 782 32 19 att

185 808 36 21 det
234 815 54 19 rum,
303 815 45 15 som
365 809 66 27 ligger
446 809 33 22 till
494 812 84 19 venster
594 817 34 14 om
644 810 66 26 sagda
726 810 89 25 läktare,
833 809 45 21 helt
893 809 39 21 och
948 809 66 21 hället

184 837 110 26 upptagits
309 837 23 21 af
346 838 155 21 Riddarhusets
517 839 60 20 arkiv
593 839 39 20 och
649 839 89 20 sälunda
753 839 47 20 icke
815 845 65 20 gerna
896 839 41 20 kan
950 839 63 25 göras

184 865 33 21 till
226 868 31 18 ett
269 867 197 25 genomgängsrum.
484 867 74 21 Skulle
566 873 49 15 man
625 867 46 21 äter
682 867 64 21 hafva
755 867 133 27 genomgäng
899 867 45 20 frän
959 872 55 14 rum-

184 896 44 18 met
252 894 31 21 till
305 894 65 26 höger
393 902 33 14 om
442 896 108 20 mellersta
566 896 104 24 läktaren,
687 896 23 20 sä
726 896 42 20 kan
783 902 48 14 man
845 895 24 27 ju
884 895 46 21 icke
946 894 66 22 heller

184 922 73 21 vidare
273 923 77 27 uthyra
366 924 58 20 detta
440 930 54 19 rum,
511 924 86 21 hvarom
614 924 54 21 dock
684 924 23 21 af
720 924 24 21 R.
762 930 18 14 o.
798 925 23 19 A.
837 924 104 20 beslutits.
971 923 41 26 Jag

184 950 34 21 för
240 951 43 21 min
306 952 34 20 del
362 952 70 21 tvitlar
447 953 122 25 visserligen
592 953 34 26 pä,
642 952 105 22 huruvida
763 952 33 21 för
811 952 60 21 detta
886 958 46 15 rum
946 952 66 26 jemte

184 986 26 14 en
232 980 96 20 derinvid
350 980 88 27 belägen
454 981 86 21 tambur
555 982 42 20 kan
614 981 91 21 erhällas
721 981 95 27 antaglig
831 981 117 26 hyresgäst,
964 986 48 15 men

184 1008 7 20 i
216 1008 43 20 alla
284 1008 37 21 fall
344 1009 64 21 hafva
433 1010 61 20 dessa
515 1010 22 20 af
559 1010 43 26 mig
621 1016 27 14 nu
664 1010 90 21 anförda
769 1010 182 26 omständigheter
966 1009 46 21 icke

184 1036 83 21 kunnat
286 1037 23 21 af
322 1038 257 21 Riddarhusdirektionen
592 1039 81 21 lemnas
689 1038 45 22 helt
750 1038 39 21 och
805 1038 66 22 hället
886 1038 126 21 obeaktade.

184 1065 62 21 Huru
269 1072 47 14 man
338 1066 35 21 mä
389 1066 99 22 betrakta
503 1068 66 20 saken
585 1068 6 20 i
608 1067 70 27 öfrigt,
694 1067 24 21 sä
733 1067 40 21 har
788 1066 225 22 Riddarhusdirektio-

184 1100 42 14 nen
241 1094 61 26 lojalt
318 1095 141 21 underkastat
474 1096 75 26 frägan
564 1096 91 26 förnyad
670 1095 100 27 pröfning
785 1096 39 20 hos
839 1096 26 20 R.
881 1102 19 14 v.
916 1096 24 20 A.
952 1095 7 21 i
969 1094 45 22 för-

184 1122 109 28 hoppning
308 1126 32 18 att
356 1124 24 20 R.
396 1130 19 15 o.
428 1125 25 20 A.
469 1124 90 26 benäget
574 1124 54 22 skall
645 1124 98 22 meddela
755 1124 258 21 Riddarhusdirektionen

184 1150 126 23 indemnitet
325 1152 34 21 för
374 1152 32 21 sin
422 1153 234 27 underlätenhetssynd,
673 1160 47 14 men
736 1153 48 21 icke
799 1154 77 20 endast
890 1153 60 21 detta
961 1152 53 27 hop-

183 1185 39 21 pas
244 1180 43 26 jag,
311 1180 34 27 jag
368 1181 81 26 hoppas
472 1181 62 21 äfven
550 1184 32 18 att
598 1182 24 20 R.
640 1188 18 14 o.
675 1183 25 20 A.
716 1182 125 26 godkänner
857 1182 26 20 de
898 1181 53 25 skäl,
967 1187 46 15 som

183 1208 257 22 Riddarhusdirektionen
464 1210 77 25 anfört,
566 1210 38 21 och
629 1210 89 21 sålunda
740 1210 61 21 äfven
824 1210 125 26 godkänner
972 1210 41 20 den

184 1236 63 26 kläm,
264 1244 44 14 som
324 1238 229 22 Riddarhusutskottet
568 1239 6 20 i
592 1239 112 27 anledning
721 1239 61 21 deraf
794 1239 116 26 föreslagit.

454 1330 281 26 Omröstningsproposition
741 1338 5 13 :

248 1392 56 42 Den,
321 1404 44 14 som
382 1398 35 20 vill
433 1398 112 32 godkänna
561 1398 239 22 Riddarhusutskottets
811 1399 79 27 förslag
900 1399 32 21 uti
944 1398 66 22 kläm-

182 1430 47 16 men
246 1425 12 21 ä
274 1426 38 20 sid.
330 1426 18 24 3,
365 1432 74 15 svarar
452 1426 31 27 ja;

251 1493 40 21 blir
314 1494 32 26 nej
372 1494 161 27 öfvervägande,
555 1495 39 20 har
616 1495 24 21 R.
665 1501 18 15 o.
706 1496 24 20 A.
750 1495 100 22 omfattat
867 1496 36 21 det
918 1495 23 21 af
955 1495 61 21 Frih*

180 1527 40 15 von
237 1522 58 21 Born
310 1523 76 26 gjorda
402 1523 108 27 förslaget.
