1109 1742
244 117 42 21 534
488 124 24 17 R.
525 128 18 13 o.
556 124 22 16 A.
592 124 58 17 1894.
675 124 13 17 6
699 124 63 21 April.

282 203 57 22 Frih.
356 204 26 21 K.
398 210 40 16 von
454 204 129 22 Alfthan:
600 204 42 22 Det
657 205 109 21 förefaller
780 206 43 25 mig
837 210 46 16 som
898 210 35 16 om
949 204 39 22 den
1005 205 33 20 ut-

213 232 63 27 gäng,
291 238 45 16 som
352 233 190 26 petitionsärendet
550 232 41 22 fätt
605 234 3 20 i
618 233 84 21 Bonde-
715 233 39 22 och
765 232 192 27 Borgareständen,
970 232 70 22 skulle

213 260 132 28 &dagalägga
368 263 32 19 att
419 262 63 21 dessa
496 262 57 21 båda
568 262 67 21 Stånd
651 262 46 21 icke
712 262 34 21 för
762 262 31 21 sin
810 262 33 21 del
859 262 64 20 hafva
937 263 54 19 trott
1006 262 32 20 att

213 290 124 26 petitionen,
359 290 71 22 derest
445 294 41 18 den
501 290 69 22 skulle
585 290 24 21 af
622 290 122 22 Ständerna
758 294 96 23 antagas,
870 290 68 22 skulle
954 290 85 22 komma

213 320 33 19 att
268 318 95 22 medföra
386 319 26 21 de
434 319 111 27 praktiska
567 319 144 26 olägenheter,
727 325 45 15 som
788 319 40 21 här
842 320 58 20 emot
916 319 123 21 densamma

213 346 135 26 framhällits,
366 347 40 22 och
418 347 37 27 jag
470 348 68 21 mäste
553 350 53 24 säga
620 350 34 18 att
666 348 38 27 jag
718 348 66 21 ocksä
799 350 24 19 är
838 347 62 27 lifligt
915 346 123 28 öfvertygad

213 377 32 19 att
261 374 67 28 nägra
343 376 111 26 praktiska
469 376 137 27 olägenheter
621 376 23 22 af
658 377 128 26 petitionens
802 376 131 22 omfattande
948 376 7 20 i
969 376 71 20 denna

212 404 55 21 form
283 404 46 22 icke
345 404 68 22 skulle
428 405 84 27 uppstå,
528 407 22 25 ty
566 411 48 15 man
630 405 42 21 kan
688 405 33 21 väl
737 405 47 21 icke
798 407 79 25 antaga
892 406 33 20 att
938 404 100 26 Regerin-

212 438 41 21 gen
269 433 68 21 skulle
352 434 86 20 utfärda
450 434 66 21 sädan
531 434 125 26 förordning
671 434 52 21 eller
738 434 120 21 framställa
872 433 77 21 sädant
959 432 81 27 förslag

213 461 33 21 till
262 461 90 27 ändring
367 462 7 21 i
390 462 114 22 bestäende
519 462 41 27 lag,
577 462 84 21 hvilken
678 462 68 22 skulle
761 462 49 22 leda
825 462 32 21 till
872 462 93 21 absurda
975 461 65 27 prak-

212 490 58 20 tiska
292 490 162 27 konsegvenser.
486 490 40 22 Om
548 496 28 16 nu
596 491 118 27 petitionen
735 491 6 21 i
757 491 40 21 den
812 491 54 21 form
883 490 41 22 den
939 496 28 15 nu
982 490 56 21 före-

212 518 69 27 ligger
304 518 39 22 och
367 519 69 21 blifvit
454 521 91 25 antagen
560 519 24 21 af
597 521 79 19 tvänne
692 519 66 21 Ständ
774 520 40 21 och
829 519 123 27 antagligen
967 518 6 22 i
990 518 48 26 dag,

212 546 28 22 dä
256 547 40 21 den
312 547 107 28 företages
427 548 32 21 till
474 548 136 27 behandling,
625 548 97 21 kommer
733 550 32 19 att
775 548 23 22 af
807 548 48 21 dem
866 550 96 24 antagas,
973 546 67 22 också

212 576 24 21 af
249 576 59 21 detta
324 576 66 22 Ständ
407 577 67 21 skulle
490 576 108 27 omfattas,
614 577 24 21 sä
653 579 46 19 tror
711 577 38 27 jag
758 577 71 21 säsom
840 576 63 27 sagdt
910 582 48 15 man
969 576 69 21 skulle

212 604 72 27 uppnä
307 604 201 28 hufvudsyftemälet
526 606 48 20 med
593 606 129 25 densamma,
738 606 105 26 nämligen
859 607 33 19 att
906 605 132 26 Regeringen

212 634 32 20 uti
259 633 157 22 administrativ
430 636 40 25 väg
485 634 67 21 skulle
568 634 80 21 beakta
660 634 130 21 Ständernas
803 634 132 26 ständpunkt
943 633 27 27 pä
978 633 62 21 detta

212 661 88 21 omräde
323 662 46 26 och,
384 663 38 21 der
437 669 27 21 ny
481 663 131 27 lagstiftning
628 663 112 25 erfordras,
757 662 24 22 sä
796 662 54 27 begä
865 664 32 19 att
912 662 63 26 nädig
989 668 49 20 pro-

212 690 92 26 position
327 692 72 20 derom
412 691 6 21 i
434 692 66 20 sinom
516 692 31 20 tid
563 691 69 21 skulle
647 692 114 21 inkomma.
792 692 40 26 Jag
846 691 43 21 kan
905 690 71 22 derför
990 690 48 22 icke

212 722 35 18 tro
270 721 33 19 att
319 720 131 26 antagandet
464 720 24 21 af
500 720 70 21 denna
584 720 91 27 petition
691 720 68 21 skulle
775 720 72 21 kunna
862 719 94 22 medföra
971 718 67 28 nägra

212 754 45 14 som
273 748 56 21 helst
342 749 112 25 praktiska
468 749 66 21 vädor
549 749 33 21 för
598 748 48 22 värt
656 749 146 21 skolväsende.
822 748 39 21 Om
875 748 163 26 sammanjemk-

212 776 164 27 ningsförslaget
397 784 29 14 nu
444 777 106 21 förkastas
566 777 40 21 och
622 778 46 20 äter
683 777 124 27 hänskjutes
823 776 32 22 till
871 776 111 22 Allmänna
998 776 40 21 Be-

212 805 174 25 svärsutskottet,
403 806 23 20 sä
442 808 24 18 är
481 806 37 21 det
532 806 82 26 möjligt
630 808 32 19 att
678 806 112 21 Utskottet
805 806 39 20 och
860 805 118 21 Ständerna
990 804 47 22 icke

212 833 61 21 skola
287 833 22 21 fä
324 834 31 21 tid
371 836 32 19 att
418 834 46 22 äter
480 834 106 22 behandla
601 835 60 21 detta
676 835 84 23 ärende,
777 840 47 15 men
838 834 37 27 jag
888 836 45 18 tror
946 834 36 20 det
990 833 47 21 icke

212 863 24 20 är
252 862 69 26 nägon
340 863 94 21 särdeles
449 866 45 18 stor
509 864 62 23 vinst,
586 870 34 14 om
636 864 118 26 petitionen
770 862 33 23 fär
818 869 25 15 en
860 862 47 21 litet
921 862 117 21 förändrad

212 891 86 26 lydelse.
333 891 41 27 Jag
396 892 69 21 skulle
486 892 72 21 derför
578 892 91 21 oaktadi
691 892 56 21 hvad
769 892 40 21 här
831 891 89 25 anförts,
941 891 95 21 fortsätt-

211 919 95 27 ningsvis
328 920 26 21 be
376 919 21 22 fä
420 921 129 20 understöda
571 921 130 26 antagandet
716 921 23 20 af
753 920 123 21 Utskottets
891 920 64 24 kläm,
970 920 67 21 sädan

212 947 40 21 den
273 949 162 26 ursprungligen
450 955 38 15 var
503 949 39 21 och
558 949 67 21 sädan
641 949 41 21 den
697 949 7 21 i
720 948 318 27 sammanjemkningsförslaget

212 976 144 22 äterkommit.
386 977 41 27 Jag
448 984 63 14 anser
533 980 33 19 att
588 978 36 20 det
648 977 67 22 blefve
738 979 32 20 ett
790 978 72 21 enkelt
876 977 40 21 och
931 976 107 27 praktiskt

212 1006 42 20 sätt
271 1007 32 19 att
318 1008 51 18 utan
383 1007 71 20 vidare
470 1006 130 27 tidsutdrägt
615 1006 21 21 fä
652 1007 69 20 denna
735 1006 61 27 fräga
812 1006 49 21 löst.

281 1062 32 21 Hr
331 1063 141 21 Lindelöf:
496 1063 33 20 Dä
547 1063 61 21 äfven
624 1063 40 21 här
678 1063 68 27 gjorts
762 1063 124 26 upprepade
901 1062 136 21 anmärknin-

211 1096 39 20 gar
272 1093 45 18 mot
338 1091 40 21 den
400 1091 144 28 formulering,
567 1098 45 15 som
634 1092 24 21 R.
682 1098 19 15 o.
722 1093 24 20 A.
763 1093 72 20 senast
850 1091 122 24 omfattade,
989 1097 48 14 men

212 1119 147 22 hufvudsaken
379 1120 24 27 ju
422 1121 75 20 endast
518 1122 24 19 är
563 1122 33 19 att
619 1120 64 27 syftet
705 1121 31 20 uti
755 1121 25 20 R.
796 1126 19 15 o.
830 1120 38 21 A:s
883 1119 71 21 beslut
969 1119 69 21 skulle

212 1147 86 22 komma
313 1148 32 21 till
362 1149 31 20 sin
409 1151 49 23 rätt,
474 1149 24 21 sä
512 1155 34 15 ser
558 1149 38 27 jag
611 1149 46 21 icke
673 1149 69 26 nägon
758 1148 113 27 olägenhet
880 1148 31 21 uti
923 1150 33 18 att
964 1147 74 21 förena

212 1177 43 26 mig
264 1177 47 20 med
318 1177 57 20 Frih.
384 1177 78 22 Wrede
477 1178 71 20 derom
566 1180 32 19 att
614 1177 144 22 betänkandet
773 1177 23 20 af
809 1177 25 20 R.
850 1183 19 14 o.
886 1177 25 20 A.
927 1176 111 21 äterförvi-

212 1210 34 15 sas
262 1205 32 20 till
310 1205 112 22 Utskottet
436 1206 47 21 med
499 1207 106 20 anmodan
620 1208 32 19 att
667 1208 97 25 uppgöra
780 1208 32 19 ett
826 1207 48 25 nytt
886 1205 79 26 förslag
980 1204 6 21 i
1002 1205 36 20 det

212 1233 54 26 syfte
289 1233 24 22 R.
334 1241 19 14 o.
372 1235 24 20 A.
418 1235 93 20 beslutit.
542 1235 107 20 Måhända
664 1235 71 20 kunde
751 1234 165 26 formuleringen
932 1233 27 21 dä
974 1235 64 24 göras

211 1261 47 21 litet
274 1263 102 20 exaktare
392 1265 26 19 än
433 1263 55 21 hvad
504 1263 39 21 den
560 1263 44 21 blef
618 1264 6 20 i
640 1263 48 21 hast
703 1263 33 21 vid
754 1263 155 20 diskussionen.

281 1319 31 21 Hr
335 1320 24 20 A.
382 1320 28 21 M.
434 1320 160 21 Schauman:
611 1320 139 27 Fullkomligt
766 1325 49 16 ense
832 1319 48 21 med
896 1319 40 20 den
951 1320 87 19 senaste

210 1347 66 21 ärade
292 1348 82 21 talaren
390 1349 72 20 derom
478 1351 31 18 att
524 1349 114 20 Allmänna
652 1348 200 21 Besvärsutskottet
866 1347 35 21 vid
916 1348 121 25 uppgöran-

211 1376 37 21 det
272 1376 22 21 af
315 1376 144 27 föreliggande
482 1377 296 27 sammanjemkningsförslag
793 1376 46 21 icke
855 1376 84 21 förfarit
955 1375 82 26 riktigt,

210 1404 40 21 ber
262 1405 38 26 jag
314 1405 34 20 för
363 1406 43 21 min
422 1406 33 21 del
470 1405 21 22 fä
506 1406 74 21 förena
595 1406 42 26 mig
652 1406 48 21 med
716 1405 57 21 Frih.
786 1405 78 21 Wrede
873 1404 39 21 och
920 1403 32 22 Hr
960 1403 78 21 Linde-

210 1433 33 20 löf
264 1434 72 20 derom
358 1436 33 19 att
406 1434 318 27 sammanjemkningsförslaget
738 1434 68 21 måtte
822 1433 168 21 äterremitteras
1005 1431 33 21 till

210 1461 115 22 Allmänna
340 1462 203 26 Besvärsutskottet,
560 1469 44 15 som
621 1463 67 20 skulle
704 1463 87 26 äläggas
806 1462 108 21 inkomma
929 1461 47 20 med
990 1463 48 24 nytt

210 1490 297 28 sammanjemkningsförslag
524 1492 7 20 i
547 1491 149 27 hufvudsaklig
712 1490 220 22 öfverensstämmelse
948 1489 48 21 med
1013 1489 26 21 R.

211 1524 19 15 0.
247 1519 37 20 A:s
300 1519 58 21 förra
374 1520 76 21 beslut.
