1109 1739
407 101 202 33 Finansrelationen.
851 102 38 20 771

92 188 22 21 in
135 189 6 20 i
164 188 113 21 framtiden
293 188 40 21 och
348 190 49 19 veta
413 190 32 19 att
459 187 50 22 kort
525 187 72 27 derpå,
616 188 52 21 1891
686 187 39 21 och
744 187 59 25 1892,
819 187 102 20 missväxt

92 217 68 21 skulle
182 215 91 26 inträffa,
297 217 23 20 så
343 217 54 20 hade
417 216 108 27 Styrelsen
542 215 120 27 säkerligen
677 215 112 22 inskränkt
805 215 116 26 spanmåls-

91 245 157 27 försäljningen,
270 245 48 26 hyrt
339 251 43 20 upp
403 247 26 18 än
445 245 51 20 flere
512 245 96 26 magasin
625 244 39 21 och
679 245 78 20 samlat
773 250 95 15 reserver
887 244 33 21 till

93 274 159 21 missväxtåren.
283 273 47 22 Men
354 273 37 21 det
413 275 47 19 stod
482 280 28 14 nu
533 273 47 21 icke
598 273 6 21 i
621 273 119 26 Styrelsens
756 273 59 21 makt
830 275 33 18 att
878 273 41 20 för-

92 305 47 19 utse
163 303 66 20 detta.
259 302 40 26 Jag
321 302 36 21 vill
379 304 62 23 ännu,
456 302 33 21 för
503 304 32 19 att
550 302 73 27 belysa
640 302 40 21 den
696 301 23 21 af
732 301 113 21 Friherren
861 301 59 21 klan-

93 331 65 21 drade
180 330 267 27 spanmålsförsäljningen,
467 332 78 19 nämna
569 337 25 14 en
617 330 163 27 omständighet.
811 325 30 26 År
865 330 54 21 1888

92 360 99 21 nedsatte
214 359 107 26 Styrelsen
338 365 25 15 en
379 359 80 22 komité
474 359 110 27 angående
601 359 201 26 spanmålshandeln
818 359 6 20 i
840 358 78 21 landet.

92 389 75 20 Denna
189 388 80 21 komité
289 388 90 21 berörde
398 388 5 20 i
420 394 26 15 en
462 388 91 21 särskild
570 387 107 27 afdelning
693 387 61 21 äfven
770 387 149 26 spanmålsför-

93 417 117 26 säljningen
233 417 46 20 från
302 417 191 26 kronomagasinen
513 417 39 20 och
568 416 96 21 uttalade
680 416 37 21 der
733 417 38 24 att,
787 416 65 21 sedan
871 422 49 14 man

93 446 139 21 reserverat
227 440 13 37 i
248 446 121 26 magasinen
386 445 42 26 det,
445 452 50 15 sonx
506 445 72 21 kunde
594 451 61 15 anses
671 445 53 21 böra
740 445 37 21 der
793 444 126 27 gvarhällas,

93 474 24 21 så
140 474 65 21 borde
230 475 35 20 det
288 474 137 26 öfverflödiga
449 474 100 26 beloppet
573 474 53 20 först
642 474 98 26 försäljas
756 480 25 14 en
797 479 55 20 gros,
869 474 51 20 eller

92 502 90 22 sålunda
203 505 32 19 att
258 503 137 26 spekulanter
419 503 146 26 uppmanades
588 504 33 19 att
635 504 54 26 göra
704 502 69 21 anbud
789 502 28 27 på
833 502 86 26 uppköp

92 532 23 21 af
136 532 39 21 säd
191 531 46 21 från
254 532 91 20 kronans
361 532 96 26 magasin
473 532 6 20 i
493 533 70 19 större
579 532 86 26 partier,
682 537 47 15 men
745 537 34 15 om
801 531 62 20 dessa
882 536 35 15 an-

92 560 44 21 bud
158 560 47 22 icke
227 560 71 21 kunde
314 562 89 24 antagas
419 560 39 21 och
474 560 103 26 åtgärden
592 560 47 21 icke
654 560 61 20 ledde
731 560 31 20 till
779 559 91 21 önskadt
886 565 34 15 re-

92 590 71 24 sultat,
180 589 67 21 skulle
262 589 57 21 lokal
336 588 125 27 försäljning
476 595 39 20 ega
531 595 53 15 rum.
616 588 48 22 Men
680 595 34 14 om
730 588 61 21 äfven
807 588 34 20 vid
857 588 62 20 dessa

93 617 149 27 försäljningar
265 618 39 20 den
320 617 125 26 öfverflödig
467 618 95 20 ansedda
577 624 65 14 varan
657 618 47 20 icke
720 617 67 21 skulle
803 617 71 20 kunna
889 617 30 20 af-

94 648 72 24 sättas,
193 647 24 20 så
241 646 95 21 uttalade
359 646 94 21 komitén
476 648 32 19 att
533 646 40 21 den
590 646 108 21 oförsålda
713 645 123 27 spanmålen
853 645 67 21 måste

93 681 61 15 anses
169 681 51 15 vara
235 674 33 22 för
283 675 72 20 landet
371 675 39 20 och
427 676 47 20 dess
490 675 68 21 sunda
574 674 242 27 spanmålsspekulation
832 674 87 20 obehöf-

93 704 35 26 lig,
151 704 33 20 för
205 706 32 18 att
259 703 46 21 icke
321 706 52 23 säga
388 704 83 26 skadlig
486 704 39 20 och
541 705 34 19 att
590 704 59 20 detta
665 703 117 21 öfverskott
798 702 71 26 borde,
886 702 33 21 för

93 734 33 18 att
147 732 46 21 icke
216 732 101 21 räntelöst
340 734 94 24 upptaga
457 735 115 23 utrymmet
591 732 7 20 i
617 732 94 20 kronans
732 732 95 26 magasin
851 731 39 21 och
912 732 7 20 i

93 760 69 26 någon
186 760 47 21 män
249 760 90 22 förfaras
363 763 55 18 samt
433 760 33 21 för
481 763 32 18 att
528 761 47 21 icke
591 760 72 21 vidare
678 762 64 24 tynga
757 760 40 21 den
813 759 106 27 naturliga

94 789 198 27 spanmålshandeln
315 790 7 20 i
345 790 79 26 landet,
445 790 23 20 af
489 790 82 20 kronan
595 789 132 21 omedelbart
750 789 53 21 efter
818 794 49 21 nyss
883 788 35 21 be-

94 818 80 20 skrifna
197 818 111 21 auktioner
331 818 31 21 till
383 818 97 21 utlandet
495 818 98 26 försäljas
609 818 40 20 och
665 819 129 25 exporteras.
825 817 94 22 Sålunda

94 846 52 21 hade
163 846 115 28 Styrelsen,
295 853 33 14 om
345 847 42 20 den
403 846 84 21 förfarit
503 846 54 22 efter
573 846 105 21 komiténs
694 846 85 26 förslag,
791 846 66 21 under
869 845 49 21 åren

94 876 147 24 1887—1889,
265 874 71 27 hvarje
351 875 56 27 gång
423 875 40 21 den
479 874 121 27 obehöfliga
615 875 64 21 säden
696 875 45 20 icke
757 881 75 20 genom
849 875 70 21 lokala

92 904 114 20 auktioner
222 904 69 20 kunde
307 904 89 20 afsättas
412 904 32 20 till
460 904 105 26 antagligt
575 904 50 26 pris,
636 904 49 20 bort
696 904 137 25 omedelbart,
845 904 18 20 d.
876 910 19 13 v.
904 910 15 14 s.

92 932 42 24 vid,
150 933 159 26 navigationens
332 932 74 26 början
423 935 112 23 exportera
551 933 132 25 densamma;
699 938 47 15 men
763 932 53 21 hade
832 938 48 15 man
896 932 23 20 så

92 960 91 25 förfarit,
207 961 46 21 icke
276 961 54 21 hade
351 961 24 26 ju
397 961 33 23 då,
447 963 38 19 när
502 962 69 20 nöden
586 960 119 27 inträffade,
723 961 39 21 den
779 961 140 27 exporterade

92 990 65 20 säden
166 990 79 20 funnits
260 990 6 20 i
283 990 78 22 landet,
378 990 75 20 medan
470 996 34 20 nu,
522 990 33 21 vid
567 990 36 20 det
614 989 23 21 af
646 988 108 28 Styrelsen
765 990 101 26 vidtagna
877 988 42 21 för-

92 1018 153 26 faringssättet,
263 1018 36 21 det
314 1018 128 21 åtminstone
457 1018 47 21 fans
521 1018 69 27 någon
606 1018 34 21 del
656 1018 22 20 af
692 1018 40 21 den
748 1018 32 21 till
795 1018 124 26 försäljning

92 1046 111 22 bestämda
226 1048 64 20 säden
313 1053 52 21 qvar
388 1047 6 20 i
418 1047 77 21 landet.
528 1047 75 21 Såsom
627 1047 90 21 medlem
733 1047 6 20 i
755 1047 69 20 denna
839 1047 80 20 komité

92 1077 43 19 satt
157 1076 64 20 också
237 1076 57 20 Frih.
311 1081 38 15 von
367 1076 63 20 Born.
461 1076 42 20 Det
518 1076 40 20 har
573 1076 56 20 varit
644 1082 25 14 en
686 1076 84 25 hugnad
786 1076 33 20 för
841 1075 78 21 finans-

92 1104 155 26 förvaltningen
274 1106 31 19 att
328 1104 138 26 pluraliteten
489 1105 5 20 i
518 1104 112 21 Utskottet
652 1104 46 20 icke
717 1104 69 20 funnit
801 1104 47 20 skäl
864 1104 55 20 före-

92 1133 84 21 komma
192 1135 32 19 att
239 1132 27 27 på
281 1134 31 20 ett
327 1133 133 21 klandrande
475 1135 43 19 sätt
529 1133 78 21 beröra
618 1133 62 21 dessa
689 1132 117 28 Styrelsens
818 1132 101 27 åtgärder

92 1162 66 20 under
174 1162 26 20 de
215 1161 100 21 förflutna
330 1161 101 21 nödåren.

161 1218 32 21 Hr
209 1218 118 21 Alexander
341 1218 127 21 Aminoff:
485 1218 166 22 Statsutskottet
659 1218 62 21 berör
729 1218 26 27 på
762 1225 45 20 pag.
816 1218 27 21 49
853 1218 36 21 det
898 1218 22 20 af

92 1247 108 27 Styrelsen
223 1247 50 21 åren
298 1248 53 20 1892
376 1247 39 21 och
441 1248 53 20 1893
517 1247 76 27 gjorda
613 1247 64 26 inköp
694 1247 23 21 af
731 1248 42 26 råg.
805 1247 42 21 Det
863 1246 55 22 hade

92 1276 66 26 enligt
173 1276 48 20 mitt
236 1276 60 26 ringa
311 1275 136 21 förmenande
463 1276 55 20 varit
533 1276 134 26 synnerligen
679 1276 98 26 önskligt,
788 1277 31 19 att
829 1274 88 22 Utskot-

92 1307 37 20 tet,
145 1304 72 21 förrän
233 1304 36 21 det
284 1304 107 26 öfvergick
408 1304 33 21 till
456 1304 74 27 frågan
546 1310 34 15 om
597 1305 40 20 den
653 1304 78 27 nödiga
745 1304 172 21 beskaffenheten

92 1333 23 20 af
136 1333 40 21 den
196 1333 7 21 i
218 1333 191 26 kronomagasinen
424 1333 112 21 förvarade
552 1333 131 26 spanmålen,
699 1335 62 25 egnat
777 1334 60 20 dessa
853 1332 64 26 inköp

93 1361 38 21 och
154 1362 87 20 dermed
263 1362 7 20 i
293 1362 102 20 samband
416 1361 88 21 stående
519 1362 72 26 frågor
607 1368 32 17 en,
655 1362 69 20 såvidt
739 1362 87 26 möjligt,
843 1360 76 22 omfat-

92 1390 63 21 tande
171 1390 135 27 granskning.
338 1390 46 21 Den
397 1396 119 15 sommaren
529 1391 54 21 1892
595 1390 46 21 från
652 1390 97 21 utlandet
759 1390 88 26 inköpta
855 1396 63 20 span-

92 1418 69 22 målen
176 1418 23 22 af
213 1419 65 21 delvis
294 1419 79 20 okändt
389 1424 106 21 ursprung
505 1425 43 18 var,
562 1419 69 21 såsom
643 1418 110 22 Utskottet
763 1420 66 25 säger,
843 1418 75 21 afsedd

92 1449 31 19 att
146 1447 107 27 ,afbjelpa
273 1447 110 21 emotsedd
405 1447 54 21 brist
474 1447 23 21 af
510 1447 143 27 utsädesräg*.
683 1447 40 21 Till
739 1448 40 20 den
794 1446 125 27 utläggning

92 1476 22 20 af
128 1476 115 21 orsakerna
258 1476 32 20 till
306 1476 68 20 denna
389 1476 54 20 brist
458 1476 39 20 och
513 1476 36 21 det
565 1476 110 20 uttalande
693 1481 34 15 om
739 1482 26 14 en
775 1481 143 15 varsammare

92 1504 135 26 hushållning
248 1504 48 21 med
311 1504 93 21 kronans
422 1504 210 26 spanmålsintrader,
647 1510 45 15 som
709 1504 56 21 Frih.
782 1510 40 15 von
838 1504 58 20 Born
913 1504 7 20 i
