1109 1742
228 111 42 21 890
488 118 25 16 R.
526 122 18 13 o.
558 119 22 16 A.
594 118 56 17 1894.
676 118 12 17 2
700 118 48 21 Maj.

198 196 108 27 förslaget,
334 196 79 22 hvilket
437 197 74 21 härvid
537 197 24 21 af
584 198 24 20 R.
635 204 19 14 o.
671 198 25 21 A.
715 198 31 20 till
762 197 43 21 alla
824 197 58 21 delar
896 196 130 32 godkändes,

199 225 87 21 hvarvid
310 226 51 21 sista
383 232 62 15 mom.
466 226 7 21 i
495 227 23 20 11
536 226 12 28 &
565 229 75 23 antogs
655 226 7 21 i
667 226 51 24 den
734 226 79 27 lydelse
829 226 151 26 Lagutskottet
996 227 31 18 uti

199 253 157 22 ofvanberörda
371 254 139 22 rättelseblad
526 254 34 22 för
576 256 66 26 sagda
658 257 94 19 moment
766 254 116 27 föreslagit.

267 322 81 22 Härom
370 323 68 21 skulle
462 323 140 21 Medständen
626 323 39 21 och
686 323 151 27 Lagutskottet
859 323 27 26 pä
910 322 58 27 öfligt
983 323 43 20 sätt

198 351 141 21 underrättas.

266 493 68 22 Bland
350 494 25 21 R.
391 500 18 15 o.
426 495 37 20 A:s
479 494 137 22 medlemmar
632 494 54 21 hade
703 494 94 21 utdelats

264 561 221 28 Jernvägsutskottets
500 563 137 21 betänkande
660 563 40 20 N:o
718 564 9 19 1
743 563 6 20 i
763 563 113 27 anledning
887 563 23 20 af
920 562 106 22 särskilda

196 589 32 22 till
250 590 26 21 de
300 591 118 26 Höglofliga
438 591 95 22 Ständen
556 591 120 22 inlemnade
698 592 120 26 petitioner,
836 591 110 27 angående
959 592 66 27 jern-

196 619 244 28 vägsanläggningar.

264 687 10 21 I
290 687 60 27 fråga
365 693 34 16 om
414 687 156 28 bordläggning
586 688 23 21 af
622 689 59 20 detta
697 688 135 21 betänkande
847 689 85 26 yttrade

264 756 31 21 Hr
318 757 23 20 L.
362 756 204 27 Gripenberg:
598 757 95 26 Afsigten
709 757 55 21 hade
780 757 55 20 varit
850 759 33 19 att
899 757 31 20 till
947 757 78 26 dagens

194 784 85 27 plenum
295 785 73 20 utdela
387 785 79 27 jemväl
488 785 222 27 Jernvägsutskottets
733 785 135 22 betänkande
883 785 39 21 N:o
939 786 12 20 2
967 786 6 20 i
989 792 37 14 an-

195 813 86 26 ledning
296 813 23 21 af
332 814 48 20 nåd.
396 820 68 21 prop.,
480 814 110 27 angående
606 815 72 20 vidare
691 814 225 27 jernvägsbyggnader
931 814 93 21 ilandet.

194 841 66 22 Detta
284 842 132 21 betänkande
440 843 112 26 föreligger
575 843 64 20 också
660 843 7 20 i
690 843 60 26 tryck
774 843 27 26 på
816 843 96 26 svenska,
928 849 48 14 men
992 843 33 21 till

195 869 51 27 följd
262 870 23 21 af
298 870 138 22 oförutsedda
452 871 182 27 omständigheter
650 871 40 21 har
705 872 40 20 den
761 871 69 21 finska
845 871 107 26 upplagan
968 872 57 20 ännu

193 898 47 21 icke
264 898 80 22 kunnat
367 899 32 21 fås
414 900 74 26 färdig.
519 900 33 20 Då
568 900 36 20 det
620 900 117 21 emellertid
753 900 46 20 icke
815 906 50 14 vore
882 899 95 27 lämpligt
992 902 33 18 att

194 927 36 21 det
245 933 29 15 nu
289 928 143 26 föreliggande
450 928 150 27 betänkandet,
616 929 6 20 i
638 928 112 27 anledning
766 928 23 20 af
803 928 105 21 särskilda
916 928 108 26 jernvägs-

194 956 120 26 petitioner,
331 956 143 22 behandlades
490 956 45 22 före
551 956 123 22 Utskottets
691 957 141 25 betänkande,
850 957 46 21 med
911 957 114 27 anledning

193 983 23 21 af
230 984 139 21 förenämnda
384 985 48 21 nåd.
449 991 65 21 prop.,
531 985 56 21 helst
602 986 7 20 i
626 986 35 20 det
670 992 28 14 nu
710 986 100 20 utdelade
822 985 144 21 betänkandet
976 986 48 20 med

193 1012 100 22 afseende
308 1013 13 21 å
336 1014 142 26 petitionerna
500 1014 57 20 N:ris
575 1015 81 20 19—21
674 1014 12 21 &
701 1014 38 21 sid.
758 1014 40 21 146
814 1014 98 20 hänvisas
928 1014 33 20 till
976 1020 48 20 pro-

193 1041 257 27 positionsbetänkandet,
473 1042 80 22 tilläter
573 1042 37 27 jag
631 1043 42 27 mig
696 1042 78 22 föreslä
798 1045 32 18 att
852 1042 24 21 R.
891 1049 18 15 o.
921 1043 25 20 A.
956 1042 68 22 skulle

194 1069 118 27 bordlägga
327 1070 59 22 detta
402 1070 134 22 betänkande
552 1072 32 20 till
600 1078 81 14 samma
696 1071 92 27 plenum,
801 1072 34 20 vid
844 1071 80 21 hvilket
939 1071 24 21 R.
972 1077 18 15 o.
999 1071 25 21 A.

194 1098 96 22 kommer
306 1101 32 19 att
353 1100 97 26 företaga
466 1099 122 21 Utskottets
604 1100 134 20 betänkande
754 1100 6 20 i
776 1100 114 26 anledning
895 1094 16 36 af
912 1099 112 27 proposi-

193 1127 73 21 tionen
290 1133 34 15 om
350 1128 72 21 vidare
453 1128 229 26 jernvägsbyggnader.
713 1128 65 21 Detta
804 1128 134 21 betänkande
964 1128 60 21 torde

192 1154 73 22 kunna
280 1156 84 21 utdelas
380 1156 32 21 till
427 1158 63 19 nästa
504 1156 86 27 plenum
606 1157 7 21 i
628 1157 90 26 Fredag,
735 1163 46 15 men
798 1158 24 19 är
830 1157 60 21 detta
899 1157 47 21 icke
958 1157 66 21 allde-

192 1184 32 20 les
239 1184 79 28 säkert,
334 1184 27 22 dä
376 1185 132 27 olyckligtvis
524 1192 26 14 en
566 1185 92 27 helgdag
673 1185 62 21 faller
750 1186 97 20 emellan.

262 1252 69 22 Sedan
354 1253 32 21 Hr
406 1254 23 20 L.
453 1253 156 21 Mechelin
632 1253 98 21 häremot
752 1253 106 25 anmärkt,
878 1255 32 19 att
926 1253 36 21 det
977 1253 46 21 icke

192 1282 72 24 syntes
280 1283 43 19 rätt
338 1282 96 26 lämpligt
450 1284 32 19 att
497 1282 86 21 besluta
599 1288 34 15 om
650 1282 154 26 bordläggning
819 1282 23 20 af
856 1284 31 19 ett
900 1282 78 20 ärende
991 1282 32 20 till

192 1308 111 22 obestämd
320 1310 46 26 dag,
383 1310 43 22 blef
440 1310 28 27 pä
483 1310 31 21 Hr
535 1310 219 22 Landtmarskalkens
770 1310 156 27 framställning
941 1310 82 21 föreva-

192 1338 66 21 rande
275 1338 134 22 betänkande
425 1339 113 27 bordlagdt
554 1340 33 20 till
602 1340 67 20 första
684 1339 86 27 plenum
785 1339 7 21 i
808 1341 61 19 nästa
881 1339 73 21 vecka.
