978 1703
359 131 37 20 Den
409 133 22 18 20
443 127 34 24 okt.
722 126 39 23 129

45 193 54 21 talet
109 193 139 27 förminskas,
258 193 181 22 Fredrikshamns
450 193 137 22 kadettskola
598 194 39 21 och
648 195 141 27 lagmansrät-

44 229 63 19 terne
123 230 56 18 samt
194 227 80 21 endera
289 228 24 20 af
325 229 48 19 bro-
388 229 53 20 eller
457 228 244 28 skallfogdetjensterna
718 229 72 20 indra-

45 268 48 21 gas,
116 263 24 25 ty
163 261 61 21 desse
247 263 37 19 äro
307 261 34 21 för
356 262 75 21 landet
445 263 105 27 gagnlösa
566 263 39 20 och
621 263 108 27 onyttiga,
745 263 45 27 lag-

44 296 134 20 mansrätten
198 295 33 21 till
252 295 39 20 och
307 295 50 21 med
370 296 86 28 skadlig
471 297 48 20 med
535 296 101 21 afseende
652 297 13 20 &
680 296 110 28 tidspillan

45 329 40 20 och
97 329 131 21 ärendernas
238 329 110 28 uppehåll,
360 337 46 13 som
417 329 42 21 den
469 330 188 28 hufvudsakligast
666 330 125 21 förorsakar

44 363 75 22 folket,
149 363 185 21 Kronoboställen
354 363 67 22 borde
441 364 82 28 jemväl
545 364 109 28 försäljas,
675 366 24 26 ty
713 366 77 19 räntan

46 398 12 20 å
71 397 36 21 det
123 397 33 21 för
172 397 48 21 dem
237 398 124 21 erhållande
382 398 45 29 pris
443 399 70 21 skulle
528 398 101 28 inbringa
644 398 83 22 kronan
743 398 49 21 vida

44 438 61 15 mera
121 434 27 19 än
164 432 36 21 det
216 432 92 21 arrende
324 432 62 21 deras
401 432 151 22 arrendatorer
568 433 94 28 erlägga.

114 466 223 28 Landtdagsmannen
357 466 92 22 Slotte
469 468 100 28 uppläste
590 468 30 20 ett
636 467 104 38 skriftligt
754 474 37 14 an-

45 501 110 28 dragande
171 500 24 22 af
208 501 96 28 följande
320 501 105 21 innehåll:

113 536 11 20 I
135 535 71 21 denna
216 535 78 28 fråga
289 537 24 19 är
323 536 67 20 redan
401 536 24 20 så
434 535 88 28 mycket
533 535 54 21 både
598 535 68 21 taladt
677 536 40 20 och
728 535 62 21 skrif-

45 571 46 25 vet,
107 571 32 19 att
155 569 36 21 det
205 569 67 21 borde
288 576 64 14 anses
367 576 54 22 nog;
436 576 50 15 men
502 570 27 21 då
541 570 40 27 jag
595 570 7 20 i
617 570 49 20 mitt
681 570 58 21 förra
755 577 36 13 an-

45 604 111 28 dragande
180 604 101 27 anhållit,
304 606 32 19 att
354 604 22 21 få
391 606 57 26 yttra
463 604 68 28 några
546 604 39 21 ord
600 611 34 14 om
650 604 142 21 mossuttork-

45 639 82 27 ningen
145 638 8 21 i
173 646 65 14 norra
258 638 64 21 delen
341 639 23 21 af
376 638 84 28 landet,
477 639 39 21 och
532 639 66 27 ingen
613 646 71 14 annan
700 639 24 21 af
735 640 57 20 stån-

46 674 47 20 dets
108 673 142 21 medlemmar
264 673 40 21 har
319 674 99 20 närmare
433 673 82 21 vidrört
531 673 71 21 denna
617 674 34 20 del
667 674 23 20 af
707 673 86 28 frågan,

46 709 24 20 så
80 708 67 28 vågar
155 708 40 28 jag
205 707 87 22 anhålla
303 709 31 20 att
345 707 21 22 få
377 709 50 27 taga
443 707 97 22 ståndets
556 708 94 21 tålamod
665 707 7 21 i
688 707 106 28 anspråk,

47 743 40 20 och
102 744 58 26 yttra
175 742 108 28 följande:

111 777 39 21 Uti
172 777 56 22 hvad
254 777 50 21 herr
328 765 89 54 Östring
441 777 7 20 i
471 777 71 21 denna
566 777 35 20 del
622 777 24 20 af
666 777 68 20 saken
757 783 37 14 an-

45 811 45 21 fört
113 811 70 21 skulle
203 811 39 28 jag
264 811 77 21 förena
360 811 55 28 mig,
436 811 40 21 och
496 811 55 21 blott
567 811 90 27 tillägga
672 813 32 18 att
720 811 35 20 det
771 812 23 19 är

46 845 92 21 faktiskt
153 845 99 21 bevisadt
266 847 33 19 att
314 852 27 14 en
357 846 71 26 mark,
441 852 45 15 som
502 847 24 19 är
541 845 98 26 halftorr,
656 847 23 19 är
694 845 100 21 frostöm-

47 887 60 14 mare
123 881 28 19 än
167 879 41 21 den
225 887 46 13 som
287 881 23 19 är
326 880 7 20 i
348 880 38 20 sitt
406 880 109 27 naturliga
530 879 106 27 tillstånd;
660 879 40 21 och
716 885 79 22 genom

49 913 35 22 det
98 915 32 20 att
145 921 50 14 man
210 914 88 28 gräfver
308 915 59 20 stora
382 913 175 30 afloppskanaler
572 913 48 21 från
635 913 80 21 miltals
730 913 65 28 långa

47 955 92 20 mossor,
154 948 78 22 vinner
248 955 50 14 man
314 948 76 21 endast
406 948 36 21 det
464 950 32 19 att
511 948 128 21 flodvattnet
654 955 36 14 om
704 948 91 20 vårarne

48 983 80 21 afledes
146 983 7 20 i
175 988 26 15 en
221 983 60 26 hast,
296 982 95 28 hvilket,
407 989 35 14 om
458 983 36 20 det
509 982 59 28 legat
584 988 58 21 qvar,
658 981 138 28 naturligtvis

48 1017 50 21 med
118 1017 96 27 tillhjelp
234 1017 24 20 af
276 1017 122 21 solvärmen
415 1017 87 28 upplöst
517 1016 65 21 kälen
598 1023 27 13 en
639 1022 41 22 par
694 1015 103 21 månader

49 1052 100 27 tidigare.
179 1050 67 28 Iföljd
266 1051 24 21 af
308 1051 36 20 det
359 1051 91 21 anförda
466 1051 39 21 och
521 1051 28 27 pä
565 1056 27 15 en
607 1050 24 20 af
644 1050 153 20 erfarenheten

49 1085 98 28 grundad
159 1085 91 27 sanning
264 1091 65 15 anser
345 1085 39 27 jag
399 1085 131 27 gräfningen
545 1084 7 20 i
567 1083 81 27 Perho,
659 1083 40 21 och
714 1083 82 21 kanske

49 1119 64 21 äfven
135 1120 12 20 &
165 1119 65 21 Pelso
252 1125 90 21 mossor,
360 1118 34 22 för
415 1125 26 15 en
457 1118 94 22 fruktlös
567 1118 72 26 möda,
655 1118 8 20 i
679 1118 42 20 den
737 1117 60 21 skala

49 1160 46 15 som
115 1154 42 20 den
178 1160 29 14 nu
228 1154 24 20 är
272 1153 78 21 ämnad
370 1154 32 20 att
422 1153 89 21 utföras.
541 1152 45 21 För
601 1152 36 20 det
652 1152 68 20 första
735 1152 24 20 sä
774 1153 23 19 är

49 1188 66 27 högst
129 1189 14 26 1
159 1187 24 20 af
195 1186 72 22 Perho
283 1194 84 14 mossor
382 1187 132 28 odlingsbar,
524 1193 51 15 men
586 1192 35 14 om
633 1186 65 23 ocksä
708 1186 26 20 de
745 1192 51 14 vore

50 1221 46 27 det,
119 1222 24 20 sä
165 1222 111 20 hvarifrån
299 1221 70 21 skulle
392 1221 157 21 arbetskrafter
571 1222 61 26 tagas
652 1220 37 20 för
702 1221 31 19 att
749 1219 49 21 odla

50 1256 63 21 dessa
128 1256 155 21 hundradetals
299 1257 64 19 tusen
378 1255 120 22 tunnland?
514 1256 62 26 Föga
591 1254 32 21 lär
638 1254 74 28 nägon
727 1254 71 20 utlän-

49 1291 54 27 ning
119 1291 62 27 flytta
202 1290 34 20 till
259 1290 74 21 landet
356 1290 34 20 för
412 1291 31 20 att
463 1290 48 21 odla
532 1289 56 27 dem,
604 1289 40 20 och
660 1288 56 21 skall
730 1288 69 20 folket

51 1326 77 25 dragas
144 1324 48 20 frän
208 1331 27 13 en
251 1331 72 13 annan
338 1324 138 21 fruktbarare
491 1324 58 20 trakt
564 1323 59 20 inom
633 1322 84 26 landet,
728 1323 23 19 sä
761 1322 39 20 har

51 1359 72 20 staten
139 1358 76 20 endast
230 1358 78 20 vunnit
323 1357 46 27 det,
384 1359 32 19 att
432 1358 41 19 den
489 1357 39 20 har
544 1362 27 14 en
587 1357 70 20 större
672 1355 129 26 befolkning

51 1393 28 28 pä
98 1391 63 22 dessa
182 1391 128 22 frostömma
328 1391 84 21 träkter
432 1393 31 19 att
479 1390 78 21 lifnära
572 1389 69 22 under
656 1389 102 28 fattigare
774 1388 26 21 ti-

53 1427 48 27 der;
117 1428 24 27 ty
157 1425 236 29 öfvergängsperioden
408 1425 49 22 frän
473 1432 26 15 en
519 1424 108 22 vildmark
646 1423 34 22 till
695 1430 27 15 en
738 1422 63 22 odlad

98 1470 73 17 Hederv.
185 1470 123 17 bondeständets
318 1470 64 22 protok.
723 1465 12 18 9
