973 1703
362 134 35 17 Den
412 135 7 15 1
433 133 36 18 dec.
721 129 40 20 265

112 191 126 22 Justerades
254 193 131 27 protokollet
405 193 34 21 för
458 193 42 21 den
522 194 24 20 17
566 194 40 20 och
621 195 27 20 20
662 194 128 27 november;

42 226 110 21 hvarefter
167 227 209 27 landidagsmannen
393 227 90 21 Tiainen
503 227 73 22 anhöll
594 229 32 19 att
641 228 22 21 få
678 235 113 14 reservera

42 261 34 27 sig
96 263 44 18 mot
162 261 26 20 de
211 261 127 27 yttranden,
354 261 110 21 stridande
484 263 59 20 emot
566 261 104 22 Tiainens
690 263 100 27 mening,

42 295 74 20 hvilka
132 301 27 14 en
175 294 34 21 del
225 295 67 20 talare
312 295 132 21 sistnämnde
467 295 42 28 dag
531 295 108 28 afgifviti
654 295 77 28 frågan
754 303 36 14 an-

44 329 83 27 gäende
147 329 111 20 Pieliselfs
279 328 156 28 kanalisering,
452 329 39 20 och
506 329 130 27 förklarade,
651 332 31 18 att
698 329 26 21 de
738 330 53 20 tala-

42 369 35 20 re,
94 369 46 14 som
154 362 96 21 förordat
265 362 66 28 sagda
346 362 154 28 kanalisering,
511 363 49 21 icke
571 363 84 27 tycktes
666 364 67 21 hafva
748 366 43 18 rätt

42 397 66 21 insett
124 397 131 28 ställningen
275 397 3 20 i
293 396 104 29 Wiborgs
413 398 45 26 län;
481 398 101 20 hvarföre
599 398 92 21 Tiainen
714 398 52 20 ville
783 398 7 21 i

42 431 60 21 detta
117 431 103 21 afseende
237 430 99 22 meddela
351 438 151 21 noggrannare
525 431 123 29 uppgifter,
672 432 24 21 af
716 432 74 21 hvilka

45 466 69 20 skulle
130 465 94 28 framgå,
235 467 32 19 att
282 465 42 21 den
340 465 123 29 föreslagna
478 466 177 28 kanaliseringen
669 466 70 28 aldrig
754 466 37 21 nä-

44 501 77 27 gonsin
137 500 85 21 komme
238 502 42 24 att,
296 500 71 20 säsom
377 500 86 28 pästädt
473 500 82 27 blifvit,
566 508 72 20 gagna
647 501 51 21 hela
710 500 80 21 landet.

110 534 97 27 Beslöts,
223 536 31 19 att
270 534 92 21 Tiainen
377 534 55 28 egde
447 536 32 19 att
497 534 137 28 skrifteligen
655 535 82 28 afgifva
758 534 32 22 sin

43 570 140 26 reservation,
200 569 32 20 till
248 568 99 22 enskilda
357 568 206 28 besvärsutskottet,
579 569 31 21 dit
620 570 93 20 nämnde
729 569 61 28 fräga

44 604 138 28 hänskjutits.

111 672 34 21 En
161 672 133 28 deputation,
309 672 35 20 till
358 671 89 22 hvilken
462 672 223 21 ständsledamöterna
700 672 90 26 Pousar,

44 706 146 21 Liimatainen
206 705 40 22 och
260 705 127 22 Kotilainen
407 706 109 27 invaldes,
532 706 100 21 afsändes
650 706 34 21 för
706 707 32 20 att
759 706 31 20 in-

45 741 66 28 bjuda
123 740 142 21 medständen
281 742 31 19 att
328 740 85 28 deltaga
424 741 6 20 i
441 741 26 21 de
483 741 39 21 hos
537 741 162 20 bondeståndet
714 741 78 21 väckta

44 775 82 28 förslag
141 775 34 20 till
190 775 149 27 underdäniga
353 775 117 28 petitioner
485 775 93 21 rörande
595 776 31 19 1:o
643 775 104 28 rättighet
758 775 33 21 för

46 809 115 22 ständerna
184 811 31 19 att
237 809 87 21 besluta
347 816 34 14 om
404 809 102 28 beloppet
528 809 24 21 af
570 809 158 28 tullafgifterna
751 809 39 21 och

45 843 125 29 grunderna
184 844 34 20 för
238 843 119 21 desammas
378 843 141 28 erläggande,
536 845 55 20 samt
612 845 32 20 2:o
665 845 66 20 sättet
751 844 39 20 och

46 878 120 28 ordningen
181 878 55 21 huru
251 877 70 21 finska
336 877 88 29 spräket
444 879 35 20 mä
494 875 115 24 efterhand
624 880 64 26 göras
704 878 34 21 till
753 878 38 21 ku-

44 912 108 29 rialspräk
166 913 36 20 vid
216 912 85 21 landets
316 912 117 21 domstolar
449 913 41 20 och
506 912 68 28 öfrige
591 912 143 21 embetsverk.

113 946 117 28 Upplästes
250 947 41 20 och
306 947 125 26 godkändes
452 954 27 13 en
497 946 89 29 jemlikt
604 947 96 20 ständets
720 947 72 20 beslut

45 981 23 21 af
82 981 41 21 den
139 982 27 20 24
182 981 144 28 nyssförlidne
342 981 127 26 november,
485 983 87 26 uppsatt
586 981 112 21 skrifvelse
715 981 33 20 till
763 980 27 21 H.

46 1015 27 21 K.
88 1015 47 27 M:t,
151 1015 111 27 angäende
278 1015 136 27 sinnessjuke
430 1015 198 21 ständsledamoten
642 1014 92 21 Hiitola.

113 1083 122 28 Föredrogs
251 1084 6 20 i
272 1083 100 21 afseende
381 1084 12 20 ä
403 1084 114 28 intagning
532 1084 7 20 i
550 1082 131 28 protokollet
697 1082 95 28 följande

46 1118 23 21 af
82 1118 97 21 ständets
194 1118 140 21 medlemmar
349 1117 36 21 vid
400 1118 94 21 enskildt
509 1117 157 21 sammanträde
678 1116 114 28 godkända

47 1152 218 28 tacksägelse-adress
288 1152 33 21 till
344 1152 81 21 Finska
448 1151 238 27 Litteratursällskapet
708 1151 7 20 i
739 1150 53 21 Hel-

48 1187 100 27 singfors.

114 1221 12 21 I
140 1220 134 22 närvarande
289 1220 43 26 tid,
354 1220 25 21 dä
400 1221 83 21 landets
498 1219 129 23 församlade
643 1220 87 20 ständer
744 1219 48 21 räd-

47 1256 32 20 slä
95 1262 35 14 om
146 1256 23 20 sä
184 1255 79 28 mänga
277 1255 83 28 vigtiga
379 1256 100 26 ärender,
497 1255 39 21 har
552 1254 70 21 finska
636 1254 157 20 bondeständet

48 1290 19 27 ej
84 1290 82 20 kunnat
182 1290 94 28 glömma
290 1297 27 13 en
332 1289 71 28 fräga,
419 1297 46 13 som
479 1290 70 27 ligger
566 1289 35 20 det
617 1290 53 19 nära
685 1295 35 13 om
735 1288 57 27 hjer-

47 1326 37 18 tat.
114 1324 51 20 Med
180 1324 74 26 hvarje
270 1324 42 26 dag
326 1324 38 20 har
379 1324 38 20 allt
432 1331 61 13 mera
506 1324 72 20 blifvit
592 1322 84 28 yrkadt,
692 1322 39 20 allt
745 1329 47 13 var-

48 1364 59 14 mare
123 1357 103 26 önskadt,
242 1359 30 18 att
288 1357 70 20 finska
373 1358 87 26 spräket
475 1357 7 20 i
497 1358 48 19 värt
559 1356 153 21 fädernesland
727 1356 65 19 mätte

48 1393 64 27 göras
127 1391 33 20 till
178 1390 139 29 bildningens
337 1391 86 28 uttryck
439 1391 39 21 och
493 1391 91 20 insättas
599 1391 6 20 i
622 1389 47 22 dess
685 1389 108 28 naturliga

49 1425 134 29 rättigheter.
220 1425 34 22 En
270 1433 59 14 mera
343 1426 111 27 rättmätig
475 1425 93 27 önskan,
587 1432 27 13 en
631 1424 100 28 billigare
752 1424 42 21 for-
