973 1703
208 139 41 20 270
499 143 37 15 Den
550 143 6 14 1
572 141 34 17 dec.

247 201 220 28 Landtdagsmannen
484 201 111 20 Arvelin
619 200 73 21 anhöll
715 201 31 19 att
769 199 41 21 den
829 207 95 14 reserva-

181 237 56 26 tion,
260 235 168 21 bondeståndets
451 235 141 20 medlemmar
612 234 7 20 i
639 234 106 21 utskottet
764 234 86 28 afgifvit
865 234 7 20 i
888 241 36 14 an-

180 271 91 27 ledning
289 270 24 21 af
330 270 41 20 den
389 277 29 13 nu
436 269 131 28 föredragna
586 268 64 21 delen
667 268 24 21 af
711 268 117 21 utskottets
850 269 74 20 betän-

178 305 82 26 kande,
276 305 68 20 måtte
359 304 108 28 uppläsas.

246 339 174 21 Reservationen
435 338 119 28 upplästes.

247 372 222 28 Landtdagsmannen
490 371 105 21 Brusila
616 370 79 28 gillade
714 370 117 21 utskottets
851 370 75 21 betän-

177 407 71 22 kande
264 407 40 21 och
320 406 107 28 derjemte
442 405 92 22 berörda
549 405 141 21 reservation.

246 441 222 27 Landtdagsmannen
483 440 97 20 Holma
595 439 68 28 ansåg
678 439 36 21 det
729 439 81 27 bättre,
830 440 32 20 att
876 439 49 21 kro-

180 483 54 14 nans
258 474 207 30 spanmålsförråder
485 473 121 27 utlånades,
631 474 70 20 såsom
719 473 87 26 hittills,
830 475 45 19 mot
893 475 32 19 tre

179 510 95 28 kappars
296 510 62 26 växt,
381 508 90 21 emedan
494 508 60 20 detta
577 507 99 28 gagnade
699 508 58 20 såväl
777 508 85 20 kronan
880 514 45 14 som

179 544 129 28 låntagaren
332 543 39 21 och
395 542 91 21 emedan
510 542 89 21 sålunda
621 541 142 28 besparingar
786 541 88 28 gjordes
894 542 32 20 till

178 578 131 21 kommande
325 578 136 20 missväxtår.

246 612 222 27 Landtdagsmannen
473 610 156 21 Kotilainen
637 609 105 21 förenade
749 610 33 28 sig
787 610 50 20 med
843 610 83 21 stånds-

179 646 124 22 ledamoten
318 646 86 20 Holma.
644 650 6 4 N

247 680 222 27 TLandtdagsmännen
484 679 122 20 Heikura
621 678 40 21 och
677 678 109 21 Simolin
802 678 81 27 gillade
893 680 33 19 ut-

180 715 93 20 skottets
288 713 138 21 betänkande
439 714 69 27 jemte
524 712 173 27 reservationen,
720 712 91 21 Simolin
827 713 50 20 med
892 713 34 20 til-

179 749 61 28 lägg,
258 749 32 20 att
306 747 69 21 tillses
390 747 76 27 borde,
482 749 31 19 att
528 747 95 20 kronans
634 747 13 20 å
657 746 90 21 auktion
758 746 94 21 försälda
863 754 63 21 span-

179 783 44 20 mäl
241 782 49 21 icke
309 782 118 27 utskeppas
445 782 56 21 ifrän
520 781 83 27 landet,
622 783 51 18 utan
693 781 98 20 kommer
809 781 26 21 de
851 781 74 21 behöf-

178 817 72 21 vande
264 816 99 28 tillgodo.

248 850 221 28 Landtdagsmannen
489 850 99 21 Määttä
602 849 104 21 förenade
722 849 33 28 sig
770 849 50 21 med
835 849 91 22 Simolin

180 885 40 21 och
235 885 85 26 tillade,
342 886 31 19 att
393 884 63 21 äfven
475 885 37 20 det
526 884 68 21 borde
608 884 37 21 vid
661 883 67 28 sagda
742 883 115 22 auktioner
870 884 56 21 iakt-

179 921 72 26 tagas,
267 919 95 20 särdeles
378 919 7 20 i
401 919 26 20 de
443 919 101 27 nordliga
558 918 122 26 trakterna,
696 919 32 19 att
742 917 95 22 kronans
852 925 74 21 maga-

180 953 58 21 siner
256 953 48 21 icke
323 960 78 21 genom
421 953 158 28 försäljningen
595 952 67 21 mätte
679 953 126 26 uttömmas,
828 952 98 29 hvarige-

179 994 57 20 nom,
254 988 70 20 säsom
340 987 69 20 under
425 987 100 21 sednaste
540 986 136 27 missväxtär,
692 986 131 28 uppkomme
834 987 54 20 brist
898 987 28 28 pä

180 1021 75 28 duglig
270 1021 104 28 spanmäl.
404 1021 71 20 Deraf
488 1022 31 19 att
534 1021 66 21 säden
616 1020 48 21 icke
680 1021 102 27 sparades
798 1021 33 20 för
847 1021 80 21 sädana

179 1056 24 20 år
223 1056 27 20 dä
271 1055 92 21 skörden
379 1055 64 21 utföll
458 1054 169 29 missgynnande
642 1054 72 22 blefve
730 1054 83 28 följden
828 1055 99 21 otvifvel-

180 1090 71 28 aktigt
270 1090 51 26 den,
345 1092 30 18 att
394 1090 59 20 säväl
471 1089 126 28 spanmälen
613 1096 45 13 som
674 1089 151 28 penningarne
840 1090 86 20 komme

180 1126 32 19 att
234 1124 48 21 frän
306 1124 73 20 landet
401 1124 117 20 försvinna.
553 1123 11 21 I
584 1123 66 28 öfrigt
670 1124 86 27 yttrade
779 1124 83 20 talaren
885 1124 41 21 den

179 1159 67 27 äsigt,
262 1160 32 19 att
309 1158 94 21 kronans
419 1158 97 28 spanmål
531 1158 67 20 borde
614 1158 32 20 till
662 1164 28 14 en
706 1158 34 20 del
756 1158 78 28 säljas,
850 1158 33 20 till
899 1165 26 13 en

178 1200 73 14 annan
266 1192 35 21 del
316 1192 85 21 utlänas
417 1194 55 19 samt
486 1194 31 18 att
532 1192 36 21 vid
582 1192 158 28 försäljningen
750 1192 99 28 priserna
859 1192 67 21 borde

179 1227 69 20 hällas
270 1227 51 27 läga
343 1226 39 21 och
406 1226 71 21 tillika
498 1226 94 21 bevakas
616 1228 31 18 att
670 1226 26 20 de
719 1226 139 28 förmögnare
878 1227 48 20 icke

179 1260 58 28 finge
258 1260 102 28 uppköpa
380 1266 59 14 mera
459 1261 28 19 än
508 1260 41 20 den
570 1260 44 26 del,
638 1266 45 14 som
704 1260 69 27 enligt
787 1260 139 28 bestämning

180 1294 121 20 tillkomme
317 1293 54 21 dem.

247 1327 221 28 Landtdagsmannen
493 1327 112 21 Poikela
630 1327 106 22 instämde
762 1328 49 20 med
833 1328 92 26 Määttä,

180 1362 109 21 anseende
298 1363 32 20 att
346 1362 130 21 åtminstone
489 1363 48 20 från
550 1362 122 29 Uleåborgs
684 1362 242 29 länskronomagasiner

180 1397 97 28 spanmål
296 1397 48 21 icke
359 1397 66 21 borde
441 1397 109 28 försäljas,
566 1397 90 21 emedan
672 1397 36 21 det
723 1397 34 22 för
772 1397 153 29 Lappmarken

179 1432 39 21 och
234 1432 67 21 andra
318 1432 46 21 från
381 1432 151 28 magasinerne
548 1432 60 28 långt
624 1432 97 28 aflägsna
736 1432 122 21 landsorter
874 1439 50 15 vore
