975 1700
363 128 36 16 Den
412 126 10 16 7
435 127 34 17 okt.
732 121 25 20 59

40 185 144 22 svärsutskott
207 185 65 22 borde
295 186 79 27 finnas;
397 186 101 22 hvarföre
521 186 83 21 talaren
619 187 68 27 ansåg
703 188 40 25 att,
760 186 27 20 dä

39 221 58 20 inom
121 220 86 21 ständet
228 220 35 21 val
286 220 33 20 till
342 221 89 20 allmänt
446 221 175 21 besvärsutskott
636 221 66 21 redan
719 221 68 25 skett,

40 262 28 12 nu
84 254 54 20 blott
154 254 120 21 ledamöter
289 254 32 20 uti
337 254 36 21 det
389 254 98 21 enskilda
503 254 106 22 utskottet
625 254 65 22 borde
705 256 66 19 utses.

107 288 223 28 Landtdagsmannen
345 288 132 29 Hagman,
494 291 32 19 att
541 296 35 13 om
592 289 85 21 ståndet
691 296 26 13 en
729 289 58 27 gång

41 329 50 14 vore
114 329 52 14 ense
189 329 34 14 om
246 322 134 21 tillsättande
403 323 24 21 af
447 325 32 19 ett
494 322 94 22 enskildt
604 323 183 26 besvärsutskott,

40 357 24 20 sä
86 357 72 21 kunde
180 357 84 21 talaren
288 358 20 26 ej
329 357 58 26 inse,
402 357 88 21 hvartill
506 357 36 21 det
557 358 110 20 allmänna
681 357 107 21 utskottet

41 391 99 27 tjenade,
157 392 53 19 enär
225 391 59 21 detta
300 391 77 21 endast
391 391 72 22 kunde
478 392 50 20 leda
543 391 92 27 derhän,
646 393 31 19 att
692 391 24 21 af
729 391 58 21 stän-

41 425 37 21 det
100 425 68 22 redan
190 425 115 28 godkända
327 425 78 21 besvär
427 426 105 28 möjligen
555 426 72 21 blefve
642 426 25 21 af
680 426 26 21 de
721 425 67 21 andra

41 459 91 21 ständen
143 459 93 29 ogillade
252 460 40 21 och
307 459 135 29 förkastade;
457 460 101 21 hvarföre
570 461 83 21 talaren
664 461 35 20 för
709 460 33 21 sin
754 460 34 20 del

41 495 120 27 samtyckte
177 494 32 21 till
226 495 36 20 det
277 502 30 14 nu
322 495 77 27 gjorda
414 495 110 28 förslaget.

108 528 222 29 Landtdagsmannen
355 523 118 34 Östring
501 529 109 26 erinrade,
635 531 32 18 att
697 528 91 21 emedan

42 563 92 28 somliga
156 563 78 21 besvär
255 570 52 14 vore
331 563 90 27 sädana,
444 565 31 19 att
495 563 26 21 de
536 563 64 21 rörde
616 563 77 21 endast
708 563 80 21 bonde-

42 598 95 26 ståndet,
160 604 49 14 men
232 598 68 21 andra
315 598 98 20 deremot
428 598 82 21 kanske
526 598 107 21 befunnes
649 598 99 20 erfordra
763 597 26 21 de

43 631 70 28 öfriga
135 632 102 21 ständens
253 632 142 26 medverkan,
411 633 52 21 ville
478 632 84 21 talaren
578 632 37 21 det
628 632 111 20 allmänna
752 632 36 20 be-

42 666 178 20 svärsutskottets
236 665 161 21 bibehällande.

109 699 222 29 Landtdagsmannen
345 699 92 21 Klami
458 699 103 22 förenade
576 699 34 28 sig
624 699 51 21 med
689 694 100 33 Östring,

42 733 144 28 tilläggande,
202 735 31 19 att
249 735 31 19 ett
295 733 90 27 ärende,
402 741 46 13 som
463 734 87 28 engäng
564 734 124 20 remitteras
704 734 33 20 till
753 740 36 14 en-

42 767 70 21 skilda
134 768 206 27 besvärsutskottet,
363 768 48 20 icke
433 768 74 21 vidare
527 768 68 21 borde
618 768 123 20 remitteras
757 768 32 20 till

43 802 36 21 det
94 802 110 21 allmänna
226 802 206 27 besvärsutskottet,
455 803 28 28 pä
498 802 36 22 det
550 802 67 21 saken
632 802 107 22 förblefve
754 802 36 21 vid

43 836 97 22 ständets
154 837 78 21 beslut.

111 871 222 29 Landtdagsmannen
352 872 135 20 Puhakka
505 872 107 20 instämde
627 872 9 20 i
650 878 83 14 samma
748 873 42 26 ytt-

43 906 74 21 rande.

110 940 296 28 Landtdagsmännen
343 936 60 36 Keto
416 940 39 20 och
464 940 112 21 Simolin
584 940 100 21 biträdde
691 930 100 42 Östrings

42 975 90 27 mening
147 974 7 21 i
170 974 74 21 saken.

112 1008 148 22 Talemannen
275 1008 105 28 föreslog,
397 1010 32 19 att
443 1008 76 28 frägan
531 1015 34 15 om
579 1008 36 20 det
630 1008 110 21 allmänna
755 1008 36 21 be-

45 1043 177 27 svärsutskottet,
238 1043 89 21 hvilken
342 1045 58 19 ännu
415 1050 52 13 vore
483 1042 99 29 oafgjord
593 1043 7 20 i
611 1043 26 21 de
653 1042 67 22 andra
734 1043 57 21 stän-

44 1078 52 27 den,
119 1080 59 18 utom
201 1078 190 28 borgareständet,
415 1078 66 20 måtte
505 1078 50 20 bero
571 1077 58 21 intill
644 1078 49 20 dess
709 1078 82 20 erfaras

44 1112 58 28 finge
122 1112 57 21 hvad
198 1112 152 28 ridderskapet
365 1112 40 20 och
421 1112 62 21 adeln
500 1114 55 19 samt
570 1112 161 28 prestaständet
746 1112 46 20 deri

44 1147 106 27 beslutat,
172 1147 113 21 hvaremot
308 1147 140 21 talemannen
466 1146 139 27 hemställde,
621 1154 36 13 om
671 1147 48 20 icke
735 1147 58 20 stän-

46 1182 47 20 dets
116 1181 100 21 enskilda
237 1181 174 21 besvärsutskott
427 1181 72 21 kunde
515 1181 102 21 tillsättas
633 1181 24 20 sä
672 1182 59 19 snart
747 1188 45 13 som

46 1216 86 28 möjligt
148 1216 39 21 och
204 1215 73 21 dertill
291 1215 70 28 väljas
377 1223 26 13 en
419 1215 93 22 medlem
528 1216 48 20 frän
591 1215 63 20 hvart
670 1215 43 21 län.

114 1249 223 29 Landtdagsmannen
352 1250 134 21 Puhakka
501 1250 73 21 anhöll
588 1257 35 13 om
637 1249 97 28 uppskof
742 1249 6 20 i
760 1256 32 14 sa-

46 1286 43 20 kon
112 1285 34 20 till
168 1291 27 15 en
216 1292 72 13 annan
310 1285 69 28 gäng,
396 1285 29 27 pä
439 1285 36 20 det
489 1285 81 21 enhvar
586 1285 57 27 finge
659 1284 86 21 rädrum
762 1286 31 18 att

47 1326 81 20 nogare
143 1319 91 21 besinna
250 1319 34 27 sig
298 1319 73 27 derpä.

115 1352 222 28 Landtdagsmannen
345 1352 107 21 Arvelin
463 1352 68 28 ansäg
541 1351 105 22 likaledes
657 1352 135 28 lämpligarc,

48 1388 31 20 att
101 1386 142 21 ledamöter
236 1382 12 36 i
260 1386 36 21 det
318 1386 98 21 enskilda
438 1386 196 22 besvärsutskottet
655 1386 48 20 icke
723 1386 70 21 skulle

49 1422 69 28 väljas
134 1421 73 22 förrän
223 1421 36 21 det
274 1421 72 22 blefve
362 1421 107 28 afgjordt,
485 1422 55 21 huru
556 1420 36 22 det
607 1421 98 21 kommer
720 1422 32 20 att
767 1421 28 27 gä
