981 1709
217 130 27 19 48
507 135 38 16 Den
557 135 10 15 5
580 134 34 17 okt.

189 194 72 21 kunde
284 200 51 14 vara
357 194 85 27 längre,
464 193 141 28 hvarigenom
627 192 253 29 gästgifvaregårdarnes
896 193 40 21 och

189 228 164 28 posthästarnes
368 228 60 20 antal
444 228 70 21 skulle
528 227 129 28 ytterligare
672 227 138 21 förminskas.

256 262 59 22 Från
334 262 170 28 landsvägarnes
523 262 114 21 underhåll
652 262 62 27 torde
727 262 145 28 jordbrukare
888 261 48 22 icke

190 297 33 21 för
245 297 135 21 närvarande
402 297 74 21 kunna
497 296 93 28 befrias,
612 304 51 14 men
683 296 33 21 till
731 296 75 22 broars
821 296 116 28 byggande

191 332 38 21 och
245 332 91 21 backars
352 332 108 28 sänkning
475 332 39 21 bör
530 333 71 19 staten
617 332 91 28 bidraga
723 331 50 22 med
783 332 24 20 af
820 331 117 22 ständerna

190 367 33 21 för
233 367 76 27 hvarje
324 366 37 21 fall
372 366 110 22 faststäldt
492 367 87 27 anslag;
590 368 33 19 att
637 366 62 22 anslå
715 372 27 15 en
757 366 104 21 lånefond
876 366 61 21 torde

190 402 97 20 deremot
303 402 20 27 ej
339 408 52 14 vara
406 401 106 29 lämpligt.

257 436 59 28 Väg-
332 436 54 21 eller
400 436 162 28 bropenningar
572 436 54 20 böra
637 437 20 27 ej
669 436 92 27 införas,
773 436 91 21 emedan
876 436 62 21 dessa

190 472 34 20 till
239 472 80 20 största
334 471 64 21 delen
422 471 61 21 skola
505 472 53 27 utgå
576 478 25 13 ur
616 471 184 21 landtbrukarens
815 470 68 22 fickor
898 470 40 22 och

190 506 108 28 betydligt
320 506 112 28 medtagas
447 506 24 20 af
491 505 270 29 uppbördskostnaderna,
777 508 56 19 samt
848 506 7 21 i
872 505 66 28 öfrigt

190 540 57 21 vålla
262 540 103 29 uppehåll
380 541 40 20 och
436 541 84 21 förtret.

258 576 39 20 Att
307 574 72 22 införa
394 576 99 28 ploglag,
510 576 58 20 emot
583 575 105 21 flertalets
703 575 95 27 önskan,
809 577 23 19 är
847 574 91 22 betänk-

190 610 50 28 ligt,
256 610 27 20 då
299 610 36 20 det
349 610 57 20 visat
420 610 43 28 sig,
478 611 32 19 att
529 610 47 27 just
596 609 37 27 de,
649 616 46 14 som
710 610 28 20 bo
757 611 96 19 närmast
868 611 70 26 vägen

192 644 38 21 och
254 644 73 21 kunna
349 644 65 28 åtaga
436 645 35 27 sig
492 644 122 28 ploglaget,
638 646 37 19 äro
699 644 26 22 de
747 644 68 21 första
838 646 32 19 att
884 644 54 28 yrka

192 679 76 28 derpå,
291 681 55 19 samt
368 680 33 19 att
423 680 105 26 vägarne,
544 678 37 21 der
599 678 89 28 ploglag
710 678 89 27 införts,
815 680 37 19 äro
868 681 70 19 sämre

192 713 161 21 underhållna."

259 747 222 28 Landtdagsmannen
496 747 126 28 Hagman
637 747 51 21 sade
704 748 33 28 sig
756 750 43 24 tro,
815 749 32 19 att
864 748 74 28 hvarje

192 782 143 22 rättänkande
359 782 71 21 skulle
452 782 112 28 medgifva
586 782 142 27 obilligheten
749 782 24 21 af
785 784 32 18 att
832 782 107 28 ifrågava-

191 816 67 22 rande
269 824 54 14 onus
337 816 70 22 hvilar
418 816 136 22 uteslutande
565 816 29 28 på
605 810 168 34 jordbrukaren.
796 816 143 29 Gästgifveri-

192 851 99 29 hållning
313 853 55 20 samt
390 851 53 21 håll-
464 852 40 21 och
522 851 176 29 postskjutsning
714 852 68 28 ansåg
797 851 95 28 talaren,
908 853 32 20 att

192 887 67 21 borde
270 886 28 28 på
308 886 146 29 entreprenad
469 886 100 28 utbjudas
586 886 40 20 och
640 886 148 22 kostnaderna
802 886 96 22 fördelas
912 887 29 28 på

193 921 42 21 alla
251 921 188 21 samhällsklasser
454 921 8 21 i
474 921 81 21 landet.
585 920 140 22 Beträffande
740 921 145 29 vägbyggnad
895 921 45 21 höll

192 956 85 21 talaren
292 956 45 27 för,
352 958 32 19 att
400 956 43 21 alla
458 958 67 26 vägar
540 956 66 20 borde
622 958 87 19 taxeras
719 958 57 19 samt
789 956 104 28 beloppet
903 956 36 21 de-

193 991 81 21 biteras
285 990 40 21 och
336 991 24 21 af
368 991 136 27 kronofogde
515 990 118 29 uppbäras,
648 990 69 21 likaså
732 990 25 21 af
769 991 44 21 alla
828 991 112 21 samhälls-

193 1024 84 22 klasser
293 1026 69 27 enligt
377 1025 107 28 grunder,
499 1032 46 14 som
561 1025 37 21 vid
612 1025 72 21 denna
699 1025 104 29 landtdag
816 1026 73 21 kunde
904 1026 36 21 be-

194 1062 109 19 stämmas.
333 1060 60 21 Ifrån
409 1060 79 28 sjelfva
501 1060 254 28 vägbyggnadsarbetets
769 1061 116 21 utförande
903 1068 37 14 an-

194 1095 38 27 såg
247 1095 85 21 talaren
347 1095 98 21 deremot
457 1095 160 27 jordbrukaren
633 1095 68 21 under
719 1096 125 20 nuvarande
859 1096 81 20 förhål-

194 1128 79 22 landen
288 1129 49 21 icke
351 1129 75 22 kunna
440 1129 90 27 befrias,
541 1136 50 14 men
604 1130 161 27 jordbrukaren
779 1130 68 21 borde
858 1130 82 21 erhålla

195 1164 121 28 ersättning
338 1163 74 21 derför
434 1164 48 20 från
505 1164 26 20 de
554 1164 34 20 för
611 1164 77 21 sådant
711 1164 100 21 ändamål
826 1164 114 28 uppburna

194 1198 93 21 medlen.

261 1232 222 28 Landtdagsmannen
504 1232 107 22 Simula
630 1233 74 21 tillade
719 1232 34 22 till
769 1227 101 34 Östrings
886 1233 54 21 utlå-

195 1266 74 27 tande,
292 1268 32 20 att
346 1266 26 21 de
395 1266 29 28 på
438 1266 54 22 hans
506 1266 86 21 hemort
607 1266 33 20 till
655 1267 84 21 kronan
755 1268 109 26 utgående
880 1268 60 26 ,fisk-

196 1302 173 27 transporterne*
380 1300 64 21 äfven
455 1300 66 21 borde
532 1301 34 20 till
576 1300 117 28 hållskjuts
704 1302 131 20 förvandlas.
857 1302 83 21 Lands-

194 1335 142 28 vägaarbetet
349 1334 68 22 borde
433 1335 73 28 åligga
528 1336 42 20 alla
593 1335 73 28 stånd,
687 1336 26 21 de
729 1336 38 21 der
789 1336 54 28 egde
859 1338 33 20 att
907 1344 33 14 er-

194 1370 65 28 lägga
282 1377 26 14 en
331 1369 93 22 särskild
439 1370 206 28 ,landsvägaskatt*,
661 1378 50 14 men
731 1371 172 23 verkställandet
918 1372 24 21 af

195 1405 84 21 arbetet
302 1404 66 22 borde
391 1404 66 22 likväl
472 1405 84 21 lemnas
571 1406 22 20 åt
604 1405 171 29 jordbrukaren,
791 1407 91 21 emedan
897 1406 42 23 han

195 1439 72 22 kunde
283 1440 22 21 få
320 1439 36 22 det
371 1439 84 22 utfördt
470 1440 33 21 för
518 1440 107 28 billigare.
