<?xml version="1.0" encoding="UTF-8"?>
<alto xmlns="http://www.loc.gov/standards/alto/ns-v3#" xmlns:xlink="http://www.w3.org/1999/xlink" xmlns:xsi="http://www.w3.org/2001/XMLSchema-instance" xsi:schemaLocation="http://www.loc.gov/standards/alto/ns-v3# http://www.loc.gov/alto/v3/alto-3-0.xsd">
	<Description>
		<MeasurementUnit>pixel</MeasurementUnit>
		<sourceImageInformation>
			<fileName>/tmp/tess_x4l6idfx_input.PNG</fileName>
		</sourceImageInformation>
		<OCRProcessing ID="OCR_0">
			<ocrProcessingStep>
				<processingSoftware>
					<softwareName>tesseract 5.3.4</softwareName>
				</processingSoftware>
			</ocrProcessingStep>
		</OCRProcessing>
	</Description>
	<Layout>
		<Page WIDTH="978" HEIGHT="1700" PHYSICAL_IMG_NR="0" ID="page_0">
			<PrintSpace HPOS="0" VPOS="0" WIDTH="978" HEIGHT="1700">
				<ComposedBlock ID="cblock_0" HPOS="360" VPOS="121" WIDTH="407" HEIGHT="25">
					<TextBlock ID="block_0" HPOS="360" VPOS="121" WIDTH="407" HEIGHT="25">
						<TextLine ID="line_0" HPOS="360" VPOS="121" WIDTH="407" HEIGHT="25">
							<String ID="string_0" HPOS="360" VPOS="126" WIDTH="38" HEIGHT="20" WC="0.96" CONTENT="Den"/><SP WIDTH="12" VPOS="126" HPOS="398"/>
							<String ID="string_1" HPOS="410" VPOS="125" WIDTH="22" HEIGHT="20" WC="0.93" CONTENT="20"/><SP WIDTH="12" VPOS="125" HPOS="432"/>
							<String ID="string_2" HPOS="444" VPOS="126" WIDTH="36" HEIGHT="20" WC="0.95" CONTENT="okt."/><SP WIDTH="246" VPOS="126" HPOS="480"/>
							<String ID="string_3" HPOS="726" VPOS="121" WIDTH="41" HEIGHT="23" WC="0.96" CONTENT="125"/>
						</TextLine>
					</TextBlock>
				</ComposedBlock>
				<ComposedBlock ID="cblock_1" HPOS="45" VPOS="187" WIDTH="752" HEIGHT="1272">
					<TextBlock ID="block_1" HPOS="45" VPOS="187" WIDTH="752" HEIGHT="1126">
						<TextLine ID="line_1" HPOS="48" VPOS="187" WIDTH="747" HEIGHT="23">
							<String ID="string_4" HPOS="48" VPOS="188" WIDTH="45" HEIGHT="22" WC="0.90" CONTENT="ska."/><SP WIDTH="22" VPOS="188" HPOS="93"/>
							<String ID="string_5" HPOS="115" VPOS="201" WIDTH="29" HEIGHT="3" WC="0.90" CONTENT="—"/><SP WIDTH="21" VPOS="201" HPOS="144"/>
							<String ID="string_6" HPOS="165" VPOS="187" WIDTH="65" HEIGHT="23" WC="0.91" CONTENT="Hvad"/><SP WIDTH="22" VPOS="187" HPOS="230"/>
							<String ID="string_7" HPOS="252" VPOS="189" WIDTH="48" HEIGHT="21" WC="0.91" CONTENT="äter"/><SP WIDTH="21" VPOS="189" HPOS="300"/>
							<String ID="string_8" HPOS="321" VPOS="188" WIDTH="136" HEIGHT="22" WC="0.92" CONTENT="vidkommer"/><SP WIDTH="22" VPOS="188" HPOS="457"/>
							<String ID="string_9" HPOS="479" VPOS="188" WIDTH="316" HEIGHT="22" WC="0.92" CONTENT="kommunikationsväsendets"/>
						</TextLine>
						<TextLine ID="line_2" HPOS="47" VPOS="223" WIDTH="748" HEIGHT="28">
							<String ID="string_10" HPOS="47" VPOS="223" WIDTH="150" HEIGHT="21" WC="0.96" CONTENT="förbättrande"/><SP WIDTH="20" VPOS="223" HPOS="197"/>
							<String ID="string_11" HPOS="217" VPOS="223" WIDTH="93" HEIGHT="21" WC="0.92" CONTENT="medelst"/><SP WIDTH="19" VPOS="223" HPOS="310"/>
							<String ID="string_12" HPOS="329" VPOS="223" WIDTH="90" HEIGHT="21" WC="0.95" CONTENT="kanaler"/><SP WIDTH="20" VPOS="223" HPOS="419"/>
							<String ID="string_13" HPOS="439" VPOS="224" WIDTH="39" HEIGHT="20" WC="0.90" CONTENT="och"/><SP WIDTH="16" VPOS="224" HPOS="478"/>
							<String ID="string_14" HPOS="494" VPOS="224" WIDTH="125" HEIGHT="27" WC="0.90" CONTENT="jernvägar,"/><SP WIDTH="16" VPOS="224" HPOS="619"/>
							<String ID="string_15" HPOS="635" VPOS="224" WIDTH="23" HEIGHT="20" WC="0.97" CONTENT="sä"/><SP WIDTH="15" VPOS="224" HPOS="658"/>
							<String ID="string_16" HPOS="673" VPOS="224" WIDTH="70" HEIGHT="20" WC="0.97" CONTENT="skulle"/><SP WIDTH="13" VPOS="224" HPOS="743"/>
							<String ID="string_17" HPOS="756" VPOS="224" WIDTH="39" HEIGHT="27" WC="0.96" CONTENT="jag"/>
						</TextLine>
						<TextLine ID="line_3" HPOS="47" VPOS="257" WIDTH="747" HEIGHT="28">
							<String ID="string_18" HPOS="47" VPOS="257" WIDTH="88" HEIGHT="21" WC="0.92" CONTENT="förorda"/><SP WIDTH="17" VPOS="257" HPOS="135"/>
							<String ID="string_19" HPOS="152" VPOS="258" WIDTH="125" HEIGHT="27" WC="0.91" CONTENT="jernvägar,"/><SP WIDTH="21" VPOS="258" HPOS="277"/>
							<String ID="string_20" HPOS="298" VPOS="257" WIDTH="39" HEIGHT="21" WC="0.96" CONTENT="och"/><SP WIDTH="21" VPOS="257" HPOS="337"/>
							<String ID="string_21" HPOS="358" VPOS="258" WIDTH="76" HEIGHT="20" WC="0.96" CONTENT="endast"/><SP WIDTH="15" VPOS="258" HPOS="434"/>
							<String ID="string_22" HPOS="449" VPOS="258" WIDTH="8" HEIGHT="20" WC="0.96" CONTENT="i"/><SP WIDTH="15" VPOS="258" HPOS="457"/>
							<String ID="string_23" HPOS="472" VPOS="258" WIDTH="84" HEIGHT="20" WC="0.96" CONTENT="mindre"/><SP WIDTH="16" VPOS="258" HPOS="556"/>
							<String ID="string_24" HPOS="572" VPOS="258" WIDTH="50" HEIGHT="20" WC="0.93" CONTENT="män"/><SP WIDTH="13" VPOS="258" HPOS="622"/>
							<String ID="string_25" HPOS="635" VPOS="258" WIDTH="97" HEIGHT="26" WC="0.92" CONTENT="kanaler,"/><SP WIDTH="16" VPOS="258" HPOS="732"/>
							<String ID="string_26" HPOS="748" VPOS="264" WIDTH="46" HEIGHT="14" WC="0.96" CONTENT="som"/>
						</TextLine>
						<TextLine ID="line_4" HPOS="47" VPOS="292" WIDTH="748" HEIGHT="28">
							<String ID="string_27" HPOS="47" VPOS="292" WIDTH="77" HEIGHT="20" WC="0.95" CONTENT="endast"/><SP WIDTH="23" VPOS="292" HPOS="124"/>
							<String ID="string_28" HPOS="147" VPOS="292" WIDTH="70" HEIGHT="20" WC="0.93" CONTENT="skulle"/><SP WIDTH="23" VPOS="292" HPOS="217"/>
							<String ID="string_29" HPOS="240" VPOS="292" WIDTH="86" HEIGHT="20" WC="0.90" CONTENT="sträcka"/><SP WIDTH="22" VPOS="292" HPOS="326"/>
							<String ID="string_30" HPOS="348" VPOS="292" WIDTH="34" HEIGHT="27" WC="0.96" CONTENT="sig"/><SP WIDTH="21" VPOS="292" HPOS="382"/>
							<String ID="string_31" HPOS="403" VPOS="292" WIDTH="34" HEIGHT="20" WC="0.93" CONTENT="till"/><SP WIDTH="19" VPOS="292" HPOS="437"/>
							<String ID="string_32" HPOS="456" VPOS="294" WIDTH="126" HEIGHT="18" WC="0.92" CONTENT="strömmars"/><SP WIDTH="14" VPOS="294" HPOS="582"/>
							<String ID="string_33" HPOS="596" VPOS="292" WIDTH="150" HEIGHT="28" WC="0.92" CONTENT="upprensning"/><SP WIDTH="15" VPOS="292" HPOS="746"/>
							<String ID="string_34" HPOS="761" VPOS="292" WIDTH="34" HEIGHT="20" WC="0.97" CONTENT="för"/>
						</TextLine>
						<TextLine ID="line_5" HPOS="48" VPOS="325" WIDTH="746" HEIGHT="29">
							<String ID="string_35" HPOS="48" VPOS="326" WIDTH="179" HEIGHT="27" WC="0.72" CONTENT="stockflötningar"/><SP WIDTH="23" VPOS="326" HPOS="227"/>
							<String ID="string_36" HPOS="250" VPOS="326" WIDTH="40" HEIGHT="20" WC="0.93" CONTENT="och"/><SP WIDTH="22" VPOS="326" HPOS="290"/>
							<String ID="string_37" HPOS="312" VPOS="325" WIDTH="80" HEIGHT="28" WC="0.96" CONTENT="dylikt,"/><SP WIDTH="23" VPOS="325" HPOS="392"/>
							<String ID="string_38" HPOS="415" VPOS="326" WIDTH="40" HEIGHT="21" WC="0.96" CONTENT="och"/><SP WIDTH="23" VPOS="326" HPOS="455"/>
							<String ID="string_39" HPOS="478" VPOS="326" WIDTH="36" HEIGHT="20" WC="0.93" CONTENT="det"/><SP WIDTH="23" VPOS="326" HPOS="514"/>
							<String ID="string_40" HPOS="537" VPOS="326" WIDTH="143" HEIGHT="27" WC="0.90" CONTENT="derföre,"/><SP WIDTH="-33" VPOS="326" HPOS="680"/>
							<String ID="string_41" HPOS="647" VPOS="321" WIDTH="40" HEIGHT="37" WC="0.93" CONTENT="att"/><SP WIDTH="14" VPOS="321" HPOS="687"/>
							<String ID="string_42" HPOS="701" VPOS="326" WIDTH="93" HEIGHT="28" WC="0.92" CONTENT="jernväg"/>
						</TextLine>
						<TextLine ID="line_6" HPOS="46" VPOS="360" WIDTH="748" HEIGHT="27">
							<String ID="string_43" HPOS="46" VPOS="360" WIDTH="70" HEIGHT="21" WC="0.92" CONTENT="mäste"/><SP WIDTH="20" VPOS="360" HPOS="116"/>
							<String ID="string_44" HPOS="136" VPOS="360" WIDTH="30" HEIGHT="21" WC="0.95" CONTENT="bli"/><SP WIDTH="19" VPOS="360" HPOS="166"/>
							<String ID="string_45" HPOS="185" VPOS="360" WIDTH="110" HEIGHT="27" WC="0.93" CONTENT="billigare,"/><SP WIDTH="19" VPOS="360" HPOS="295"/>
							<String ID="string_46" HPOS="314" VPOS="361" WIDTH="138" HEIGHT="26" WC="0.92" CONTENT="transporten"/><SP WIDTH="16" VPOS="361" HPOS="452"/>
							<String ID="string_47" HPOS="468" VPOS="360" WIDTH="105" HEIGHT="21" WC="0.91" CONTENT="snabbare"/><SP WIDTH="16" VPOS="360" HPOS="573"/>
							<String ID="string_48" HPOS="589" VPOS="360" WIDTH="41" HEIGHT="21" WC="0.93" CONTENT="och"/><SP WIDTH="14" VPOS="360" HPOS="630"/>
							<String ID="string_49" HPOS="644" VPOS="360" WIDTH="150" HEIGHT="20" WC="0.91" CONTENT="kommunika-"/>
						</TextLine>
						<TextLine ID="line_7" HPOS="47" VPOS="394" WIDTH="748" HEIGHT="28">
							<String ID="string_50" HPOS="47" VPOS="395" WIDTH="75" HEIGHT="20" WC="0.92" CONTENT="tionen"/><SP WIDTH="22" VPOS="395" HPOS="122"/>
							<String ID="string_51" HPOS="144" VPOS="394" WIDTH="50" HEIGHT="21" WC="0.93" CONTENT="hela"/><SP WIDTH="22" VPOS="394" HPOS="194"/>
							<String ID="string_52" HPOS="216" VPOS="394" WIDTH="48" HEIGHT="21" WC="0.87" CONTENT="äret"/><SP WIDTH="22" VPOS="394" HPOS="264"/>
							<String ID="string_53" HPOS="286" VPOS="401" WIDTH="45" HEIGHT="20" WC="0.96" CONTENT="om,"/><SP WIDTH="19" VPOS="401" HPOS="331"/>
							<String ID="string_54" HPOS="350" VPOS="401" WIDTH="51" HEIGHT="14" WC="0.93" CONTENT="men"/><SP WIDTH="20" VPOS="401" HPOS="401"/>
							<String ID="string_55" HPOS="421" VPOS="394" WIDTH="57" HEIGHT="22" WC="0.92" CONTENT="hvad"/><SP WIDTH="20" VPOS="394" HPOS="478"/>
							<String ID="string_56" HPOS="498" VPOS="394" WIDTH="44" HEIGHT="21" WC="0.92" CONTENT="stär"/><SP WIDTH="15" VPOS="394" HPOS="542"/>
							<String ID="string_57" HPOS="557" VPOS="396" WIDTH="31" HEIGHT="19" WC="0.93" CONTENT="att"/><SP WIDTH="16" VPOS="396" HPOS="588"/>
							<String ID="string_58" HPOS="604" VPOS="396" WIDTH="64" HEIGHT="26" WC="0.92" CONTENT="göras"/><SP WIDTH="16" VPOS="396" HPOS="668"/>
							<String ID="string_59" HPOS="684" VPOS="395" WIDTH="39" HEIGHT="21" WC="0.93" CONTENT="och"/><SP WIDTH="16" VPOS="395" HPOS="723"/>
							<String ID="string_60" HPOS="739" VPOS="394" WIDTH="56" HEIGHT="21" WC="0.91" CONTENT="hvad"/>
						</TextLine>
						<TextLine ID="line_8" HPOS="47" VPOS="428" WIDTH="749" HEIGHT="29">
							<String ID="string_61" HPOS="47" VPOS="429" WIDTH="55" HEIGHT="21" WC="0.93" CONTENT="skall"/><SP WIDTH="16" VPOS="429" HPOS="102"/>
							<String ID="string_62" HPOS="118" VPOS="428" WIDTH="174" HEIGHT="28" WC="0.92" CONTENT="transporteras?"/><SP WIDTH="16" VPOS="428" HPOS="292"/>
							<String ID="string_63" HPOS="308" VPOS="428" WIDTH="28" HEIGHT="21" WC="0.93" CONTENT="Jo"/><SP WIDTH="15" VPOS="428" HPOS="336"/>
							<String ID="string_64" HPOS="351" VPOS="428" WIDTH="83" HEIGHT="21" WC="0.91" CONTENT="kanske"/><SP WIDTH="16" VPOS="428" HPOS="434"/>
							<String ID="string_65" HPOS="450" VPOS="428" WIDTH="99" HEIGHT="29" WC="0.91" CONTENT="plankor,"/><SP WIDTH="15" VPOS="428" HPOS="549"/>
							<String ID="string_66" HPOS="564" VPOS="429" WIDTH="78" HEIGHT="20" WC="0.92" CONTENT="bräder"/><SP WIDTH="21" VPOS="429" HPOS="642"/>
							<String ID="string_67" HPOS="663" VPOS="429" WIDTH="39" HEIGHT="20" WC="0.96" CONTENT="och"/><SP WIDTH="15" VPOS="429" HPOS="702"/>
							<String ID="string_68" HPOS="717" VPOS="428" WIDTH="42" HEIGHT="21" WC="0.96" CONTENT="ved"/><SP WIDTH="12" VPOS="428" HPOS="759"/>
							<String ID="string_69" HPOS="771" VPOS="429" WIDTH="25" HEIGHT="26" WC="0.96" CONTENT="ja"/>
						</TextLine>
						<TextLine ID="line_9" HPOS="47" VPOS="463" WIDTH="748" HEIGHT="28">
							<String ID="string_70" HPOS="47" VPOS="463" WIDTH="40" HEIGHT="21" WC="0.91" CONTENT="ock"/><SP WIDTH="20" VPOS="463" HPOS="87"/>
							<String ID="string_71" HPOS="107" VPOS="463" WIDTH="68" HEIGHT="28" WC="0.89" CONTENT="nägra"/><SP WIDTH="20" VPOS="463" HPOS="175"/>
							<String ID="string_72" HPOS="195" VPOS="463" WIDTH="71" HEIGHT="20" WC="0.93" CONTENT="bättre"/><SP WIDTH="21" VPOS="463" HPOS="266"/>
							<String ID="string_73" HPOS="287" VPOS="463" WIDTH="81" HEIGHT="21" WC="0.92" CONTENT="lottade"/><SP WIDTH="17" VPOS="463" HPOS="368"/>
							<String ID="string_74" HPOS="385" VPOS="470" WIDTH="45" HEIGHT="14" WC="0.96" CONTENT="som"/><SP WIDTH="16" VPOS="470" HPOS="430"/>
							<String ID="string_75" HPOS="446" VPOS="463" WIDTH="34" HEIGHT="21" WC="0.93" CONTENT="för"/><SP WIDTH="15" VPOS="463" HPOS="480"/>
							<String ID="string_76" HPOS="495" VPOS="463" WIDTH="62" HEIGHT="28" WC="0.92" CONTENT="nöjes"/><SP WIDTH="15" VPOS="463" HPOS="557"/>
							<String ID="string_77" HPOS="572" VPOS="463" WIDTH="56" HEIGHT="20" WC="0.97" CONTENT="skull"/><SP WIDTH="16" VPOS="463" HPOS="628"/>
							<String ID="string_78" HPOS="644" VPOS="465" WIDTH="39" HEIGHT="26" WC="0.96" CONTENT="gör"/><SP WIDTH="16" VPOS="465" HPOS="683"/>
							<String ID="string_79" HPOS="699" VPOS="469" WIDTH="27" HEIGHT="14" WC="0.96" CONTENT="en"/><SP WIDTH="16" VPOS="469" HPOS="726"/>
							<String ID="string_80" HPOS="742" VPOS="463" WIDTH="53" HEIGHT="20" WC="0.96" CONTENT="eller"/>
						</TextLine>
						<TextLine ID="line_10" HPOS="46" VPOS="497" WIDTH="748" HEIGHT="29">
							<String ID="string_81" HPOS="46" VPOS="505" WIDTH="39" HEIGHT="21" WC="0.93" CONTENT="par"/><SP WIDTH="15" VPOS="505" HPOS="85"/>
							<String ID="string_82" HPOS="100" VPOS="504" WIDTH="61" HEIGHT="14" WC="0.92" CONTENT="resor"/><SP WIDTH="16" VPOS="504" HPOS="161"/>
							<String ID="string_83" HPOS="177" VPOS="497" WIDTH="33" HEIGHT="21" WC="0.96" CONTENT="för"/><SP WIDTH="16" VPOS="497" HPOS="210"/>
							<String ID="string_84" HPOS="226" VPOS="499" WIDTH="32" HEIGHT="19" WC="0.96" CONTENT="att"/><SP WIDTH="14" VPOS="499" HPOS="258"/>
							<String ID="string_85" HPOS="272" VPOS="504" WIDTH="38" HEIGHT="14" WC="0.95" CONTENT="roa"/><SP WIDTH="16" VPOS="504" HPOS="310"/>
							<String ID="string_86" HPOS="326" VPOS="497" WIDTH="42" HEIGHT="28" WC="0.96" CONTENT="sig,"/><SP WIDTH="14" VPOS="497" HPOS="368"/>
							<String ID="string_87" HPOS="382" VPOS="498" WIDTH="24" HEIGHT="27" WC="0.96" CONTENT="jo"/><SP WIDTH="16" VPOS="498" HPOS="406"/>
							<String ID="string_88" HPOS="422" VPOS="499" WIDTH="32" HEIGHT="20" WC="0.93" CONTENT="att"/><SP WIDTH="15" VPOS="499" HPOS="454"/>
							<String ID="string_89" HPOS="469" VPOS="498" WIDTH="61" HEIGHT="28" WC="0.92" CONTENT="släpa"/><SP WIDTH="14" VPOS="498" HPOS="530"/>
							<String ID="string_90" HPOS="544" VPOS="498" WIDTH="53" HEIGHT="27" WC="0.89" CONTENT="mjöl"/><SP WIDTH="10" VPOS="498" HPOS="597"/>
							<String ID="string_91" HPOS="607" VPOS="497" WIDTH="57" HEIGHT="22" WC="0.89" CONTENT="ifrän"/><SP WIDTH="14" VPOS="497" HPOS="664"/>
							<String ID="string_92" HPOS="678" VPOS="497" WIDTH="116" HEIGHT="28" WC="0.96" CONTENT="Ryssland,"/>
						</TextLine>
						<TextLine ID="line_11" HPOS="45" VPOS="531" WIDTH="749" HEIGHT="29">
							<String ID="string_93" HPOS="45" VPOS="539" WIDTH="50" HEIGHT="14" WC="0.96" CONTENT="men"/><SP WIDTH="16" VPOS="539" HPOS="95"/>
							<String ID="string_94" HPOS="111" VPOS="532" WIDTH="35" HEIGHT="21" WC="0.93" CONTENT="för"/><SP WIDTH="15" VPOS="532" HPOS="146"/>
							<String ID="string_95" HPOS="161" VPOS="531" WIDTH="66" HEIGHT="28" WC="0.96" CONTENT="hvad,"/><SP WIDTH="15" VPOS="531" HPOS="227"/>
							<String ID="string_96" HPOS="242" VPOS="532" WIDTH="27" HEIGHT="21" WC="0.96" CONTENT="dä"/><SP WIDTH="15" VPOS="532" HPOS="269"/>
							<String ID="string_97" HPOS="284" VPOS="531" WIDTH="21" HEIGHT="21" WC="0.96" CONTENT="vi"/><SP WIDTH="14" VPOS="531" HPOS="305"/>
							<String ID="string_98" HPOS="319" VPOS="532" WIDTH="65" HEIGHT="27" WC="0.96" CONTENT="lägga"/><SP WIDTH="20" VPOS="532" HPOS="384"/>
							<String ID="string_99" HPOS="404" VPOS="533" WIDTH="42" HEIGHT="20" WC="0.93" CONTENT="alla"/><SP WIDTH="20" VPOS="533" HPOS="446"/>
							<String ID="string_100" HPOS="466" VPOS="532" WIDTH="52" HEIGHT="21" WC="0.96" CONTENT="våra"/><SP WIDTH="14" VPOS="532" HPOS="518"/>
							<String ID="string_101" HPOS="532" VPOS="532" WIDTH="125" HEIGHT="28" WC="0.96" CONTENT="tillgångar,"/><SP WIDTH="15" VPOS="532" HPOS="657"/>
							<String ID="string_102" HPOS="672" VPOS="531" WIDTH="122" HEIGHT="28" WC="0.96" CONTENT="penningar"/>
						</TextLine>
						<TextLine ID="line_12" HPOS="46" VPOS="566" WIDTH="748" HEIGHT="29">
							<String ID="string_103" HPOS="46" VPOS="567" WIDTH="122" HEIGHT="28" WC="0.92" CONTENT="nemligen,"/><SP WIDTH="22" VPOS="567" HPOS="168"/>
							<String ID="string_104" HPOS="190" VPOS="566" WIDTH="33" HEIGHT="21" WC="0.96" CONTENT="för"/><SP WIDTH="23" VPOS="566" HPOS="223"/>
							<String ID="string_105" HPOS="246" VPOS="568" WIDTH="32" HEIGHT="20" WC="0.93" CONTENT="att"/><SP WIDTH="20" VPOS="568" HPOS="278"/>
							<String ID="string_106" HPOS="298" VPOS="566" WIDTH="22" HEIGHT="21" WC="0.93" CONTENT="få"/><SP WIDTH="12" VPOS="566" HPOS="320"/>
							<String ID="string_107" HPOS="332" VPOS="567" WIDTH="119" HEIGHT="27" WC="0.90" CONTENT="jernvägar"/><SP WIDTH="15" VPOS="567" HPOS="451"/>
							<String ID="string_108" HPOS="466" VPOS="567" WIDTH="40" HEIGHT="21" WC="0.93" CONTENT="och"/><SP WIDTH="15" VPOS="567" HPOS="506"/>
							<String ID="string_109" HPOS="521" VPOS="567" WIDTH="97" HEIGHT="27" WC="0.95" CONTENT="kanaler,"/><SP WIDTH="17" VPOS="567" HPOS="618"/>
							<String ID="string_110" HPOS="635" VPOS="567" WIDTH="39" HEIGHT="21" WC="0.96" CONTENT="och"/><SP WIDTH="16" VPOS="567" HPOS="674"/>
							<String ID="string_111" HPOS="690" VPOS="573" WIDTH="38" HEIGHT="15" WC="0.96" CONTENT="sen"/><SP WIDTH="15" VPOS="573" HPOS="728"/>
							<String ID="string_112" HPOS="743" VPOS="573" WIDTH="51" HEIGHT="14" WC="0.96" CONTENT="vara"/>
						</TextLine>
						<TextLine ID="line_13" HPOS="46" VPOS="600" WIDTH="749" HEIGHT="30">
							<String ID="string_113" HPOS="46" VPOS="603" WIDTH="53" HEIGHT="19" WC="0.96" CONTENT="utan"/><SP WIDTH="22" VPOS="603" HPOS="99"/>
							<String ID="string_114" HPOS="121" VPOS="600" WIDTH="64" HEIGHT="28" WC="0.96" CONTENT="bröd,"/><SP WIDTH="23" VPOS="600" HPOS="185"/>
							<String ID="string_115" HPOS="208" VPOS="601" WIDTH="24" HEIGHT="21" WC="0.96" CONTENT="sä"/><SP WIDTH="22" VPOS="601" HPOS="232"/>
							<String ID="string_116" HPOS="254" VPOS="603" WIDTH="32" HEIGHT="19" WC="0.93" CONTENT="att"/><SP WIDTH="19" VPOS="603" HPOS="286"/>
							<String ID="string_117" HPOS="305" VPOS="600" WIDTH="63" HEIGHT="22" WC="0.93" CONTENT="deraf"/><SP WIDTH="13" VPOS="600" HPOS="368"/>
							<String ID="string_118" HPOS="381" VPOS="601" WIDTH="43" HEIGHT="21" WC="0.93" CONTENT="kan"/><SP WIDTH="15" VPOS="601" HPOS="424"/>
							<String ID="string_119" HPOS="439" VPOS="602" WIDTH="55" HEIGHT="20" WC="0.93" CONTENT="intet"/><SP WIDTH="15" VPOS="602" HPOS="494"/>
							<String ID="string_120" HPOS="509" VPOS="608" WIDTH="68" HEIGHT="22" WC="0.93" CONTENT="gerna"/><SP WIDTH="14" VPOS="608" HPOS="577"/>
							<String ID="string_121" HPOS="591" VPOS="601" WIDTH="31" HEIGHT="21" WC="0.93" CONTENT="bli"/><SP WIDTH="16" VPOS="601" HPOS="622"/>
							<String ID="string_122" HPOS="638" VPOS="603" WIDTH="66" HEIGHT="19" WC="0.96" CONTENT="annat"/><SP WIDTH="16" VPOS="603" HPOS="704"/>
							<String ID="string_123" HPOS="720" VPOS="602" WIDTH="27" HEIGHT="20" WC="0.96" CONTENT="än"/><SP WIDTH="16" VPOS="602" HPOS="747"/>
							<String ID="string_124" HPOS="763" VPOS="602" WIDTH="32" HEIGHT="20" WC="0.94" CONTENT="ett"/>
						</TextLine>
						<TextLine ID="line_14" HPOS="45" VPOS="635" WIDTH="749" HEIGHT="29">
							<String ID="string_125" HPOS="45" VPOS="635" WIDTH="91" HEIGHT="29" WC="0.92" CONTENT="lysande"/><SP WIDTH="16" VPOS="635" HPOS="136"/>
							<String ID="string_126" HPOS="152" VPOS="635" WIDTH="87" HEIGHT="27" WC="0.91" CONTENT="elände,"/><SP WIDTH="16" VPOS="635" HPOS="239"/>
							<String ID="string_127" HPOS="255" VPOS="636" WIDTH="101" HEIGHT="21" WC="0.92" CONTENT="hvarföre"/><SP WIDTH="13" VPOS="636" HPOS="356"/>
							<String ID="string_128" HPOS="369" VPOS="636" WIDTH="40" HEIGHT="28" WC="0.96" CONTENT="jag"/><SP WIDTH="16" VPOS="636" HPOS="409"/>
							<String ID="string_129" HPOS="425" VPOS="636" WIDTH="69" HEIGHT="21" WC="0.93" CONTENT="skulle"/><SP WIDTH="16" VPOS="636" HPOS="494"/>
							<String ID="string_130" HPOS="510" VPOS="636" WIDTH="87" HEIGHT="26" WC="0.93" CONTENT="föreslä,"/><SP WIDTH="16" VPOS="636" HPOS="597"/>
							<String ID="string_131" HPOS="613" VPOS="638" WIDTH="31" HEIGHT="18" WC="0.96" CONTENT="att"/><SP WIDTH="13" VPOS="638" HPOS="644"/>
							<String ID="string_132" HPOS="657" VPOS="636" WIDTH="137" HEIGHT="28" WC="0.96" CONTENT="jordbruket,"/>
						</TextLine>
						<TextLine ID="line_15" HPOS="47" VPOS="670" WIDTH="747" HEIGHT="28">
							<String ID="string_133" HPOS="47" VPOS="677" WIDTH="46" HEIGHT="14" WC="0.96" CONTENT="som"/><SP WIDTH="20" VPOS="677" HPOS="93"/>
							<String ID="string_134" HPOS="113" VPOS="672" WIDTH="24" HEIGHT="19" WC="0.96" CONTENT="är"/><SP WIDTH="19" VPOS="672" HPOS="137"/>
							<String ID="string_135" HPOS="156" VPOS="670" WIDTH="39" HEIGHT="21" WC="0.93" CONTENT="vär"/><SP WIDTH="18" VPOS="670" HPOS="195"/>
							<String ID="string_136" HPOS="213" VPOS="670" WIDTH="163" HEIGHT="28" WC="0.92" CONTENT="hufvudnäring"/><SP WIDTH="20" VPOS="670" HPOS="376"/>
							<String ID="string_137" HPOS="396" VPOS="671" WIDTH="55" HEIGHT="20" WC="0.96" CONTENT="först"/><SP WIDTH="20" VPOS="671" HPOS="451"/>
							<String ID="string_138" HPOS="471" VPOS="670" WIDTH="70" HEIGHT="22" WC="0.93" CONTENT="skulle"/><SP WIDTH="16" VPOS="670" HPOS="541"/>
							<String ID="string_139" HPOS="557" VPOS="670" WIDTH="130" HEIGHT="28" WC="0.92" CONTENT="upphjelpas"/><SP WIDTH="16" VPOS="670" HPOS="687"/>
							<String ID="string_140" HPOS="703" VPOS="670" WIDTH="40" HEIGHT="21" WC="0.93" CONTENT="och"/><SP WIDTH="15" VPOS="670" HPOS="743"/>
							<String ID="string_141" HPOS="758" VPOS="670" WIDTH="36" HEIGHT="21" WC="0.92" CONTENT="be-"/>
						</TextLine>
						<TextLine ID="line_16" HPOS="46" VPOS="704" WIDTH="748" HEIGHT="29">
							<String ID="string_142" HPOS="46" VPOS="705" WIDTH="102" HEIGHT="28" WC="0.91" CONTENT="främjas;"/><SP WIDTH="11" VPOS="705" HPOS="148"/>
							<String ID="string_143" HPOS="159" VPOS="704" WIDTH="101" HEIGHT="22" WC="0.93" CONTENT="hvarföre"/><SP WIDTH="10" VPOS="704" HPOS="260"/>
							<String ID="string_144" HPOS="270" VPOS="711" WIDTH="27" HEIGHT="15" WC="0.93" CONTENT="en"/><SP WIDTH="10" VPOS="711" HPOS="297"/>
							<String ID="string_145" HPOS="307" VPOS="704" WIDTH="121" HEIGHT="29" WC="0.90" CONTENT="bevillning"/><SP WIDTH="11" VPOS="704" HPOS="428"/>
							<String ID="string_146" HPOS="439" VPOS="705" WIDTH="65" HEIGHT="22" WC="0.93" CONTENT="borde"/><SP WIDTH="11" VPOS="705" HPOS="504"/>
							<String ID="string_147" HPOS="515" VPOS="705" WIDTH="53" HEIGHT="28" WC="0.93" CONTENT="utgä"/><SP WIDTH="11" VPOS="705" HPOS="568"/>
							<String ID="string_148" HPOS="579" VPOS="705" WIDTH="39" HEIGHT="21" WC="0.93" CONTENT="och"/><SP WIDTH="11" VPOS="705" HPOS="618"/>
							<String ID="string_149" HPOS="629" VPOS="705" WIDTH="87" HEIGHT="21" WC="0.88" CONTENT="derutaf"/><SP WIDTH="9" VPOS="705" HPOS="716"/>
							<String ID="string_150" HPOS="725" VPOS="705" WIDTH="69" HEIGHT="21" WC="0.96" CONTENT="skulle"/>
						</TextLine>
						<TextLine ID="line_17" HPOS="46" VPOS="739" WIDTH="748" HEIGHT="29">
							<String ID="string_151" HPOS="46" VPOS="740" WIDTH="70" HEIGHT="21" WC="0.91" CONTENT="bildas"/><SP WIDTH="21" VPOS="740" HPOS="116"/>
							<String ID="string_152" HPOS="137" VPOS="746" WIDTH="27" HEIGHT="14" WC="0.93" CONTENT="en"/><SP WIDTH="21" VPOS="746" HPOS="164"/>
							<String ID="string_153" HPOS="185" VPOS="739" WIDTH="62" HEIGHT="28" WC="0.91" CONTENT="fond,"/><SP WIDTH="21" VPOS="739" HPOS="247"/>
							<String ID="string_154" HPOS="268" VPOS="746" WIDTH="47" HEIGHT="15" WC="0.95" CONTENT="som"/><SP WIDTH="21" VPOS="746" HPOS="315"/>
							<String ID="string_155" HPOS="336" VPOS="747" WIDTH="39" HEIGHT="14" WC="0.95" CONTENT="sen"/><SP WIDTH="15" VPOS="747" HPOS="375"/>
							<String ID="string_156" HPOS="390" VPOS="740" WIDTH="70" HEIGHT="21" WC="0.96" CONTENT="skulle"/><SP WIDTH="16" VPOS="740" HPOS="460"/>
							<String ID="string_157" HPOS="476" VPOS="740" WIDTH="104" HEIGHT="28" WC="0.96" CONTENT="antingen"/><SP WIDTH="15" VPOS="740" HPOS="580"/>
							<String ID="string_158" HPOS="595" VPOS="742" WIDTH="52" HEIGHT="19" WC="0.93" CONTENT="utan"/><SP WIDTH="16" VPOS="742" HPOS="647"/>
							<String ID="string_159" HPOS="663" VPOS="741" WIDTH="63" HEIGHT="20" WC="0.92" CONTENT="ränta"/><SP WIDTH="15" VPOS="741" HPOS="726"/>
							<String ID="string_160" HPOS="741" VPOS="740" WIDTH="53" HEIGHT="21" WC="0.96" CONTENT="eller"/>
						</TextLine>
						<TextLine ID="line_18" HPOS="47" VPOS="774" WIDTH="747" HEIGHT="30">
							<String ID="string_161" HPOS="47" VPOS="775" WIDTH="41" HEIGHT="21" WC="0.91" CONTENT="ock"/><SP WIDTH="13" VPOS="775" HPOS="88"/>
							<String ID="string_162" HPOS="101" VPOS="774" WIDTH="50" HEIGHT="22" WC="0.92" CONTENT="med"/><SP WIDTH="15" VPOS="774" HPOS="151"/>
							<String ID="string_163" HPOS="166" VPOS="776" WIDTH="73" HEIGHT="26" WC="0.92" CONTENT="ränta,"/><SP WIDTH="15" VPOS="776" HPOS="239"/>
							<String ID="string_164" HPOS="254" VPOS="782" WIDTH="51" HEIGHT="14" WC="0.96" CONTENT="men"/><SP WIDTH="16" VPOS="782" HPOS="305"/>
							<String ID="string_165" HPOS="321" VPOS="775" WIDTH="87" HEIGHT="28" WC="0.93" CONTENT="mycket"/><SP WIDTH="15" VPOS="775" HPOS="408"/>
							<String ID="string_166" HPOS="423" VPOS="776" WIDTH="46" HEIGHT="28" WC="0.92" CONTENT="läg,"/><SP WIDTH="15" VPOS="776" HPOS="469"/>
							<String ID="string_167" HPOS="484" VPOS="776" WIDTH="111" HEIGHT="21" WC="0.91" CONTENT="hvarifrän"/><SP WIDTH="19" VPOS="776" HPOS="595"/>
							<String ID="string_168" HPOS="614" VPOS="775" WIDTH="42" HEIGHT="21" WC="0.93" CONTENT="den"/><SP WIDTH="18" VPOS="775" HPOS="656"/>
							<String ID="string_169" HPOS="674" VPOS="775" WIDTH="64" HEIGHT="28" WC="0.92" CONTENT="idoge"/><SP WIDTH="17" VPOS="775" HPOS="738"/>
							<String ID="string_170" HPOS="755" VPOS="776" WIDTH="39" HEIGHT="20" WC="0.96" CONTENT="och"/>
						</TextLine>
						<TextLine ID="line_19" HPOS="47" VPOS="810" WIDTH="747" HEIGHT="28">
							<String ID="string_171" HPOS="47" VPOS="810" WIDTH="167" HEIGHT="28" WC="0.91" CONTENT="företagsamme"/><SP WIDTH="14" VPOS="810" HPOS="214"/>
							<String ID="string_172" HPOS="228" VPOS="810" WIDTH="160" HEIGHT="28" WC="0.91" CONTENT="jordbrukaren"/><SP WIDTH="16" VPOS="810" HPOS="388"/>
							<String ID="string_173" HPOS="404" VPOS="810" WIDTH="70" HEIGHT="21" WC="0.96" CONTENT="skulle"/><SP WIDTH="14" VPOS="810" HPOS="474"/>
							<String ID="string_174" HPOS="488" VPOS="810" WIDTH="88" HEIGHT="21" WC="0.96" CONTENT="komma"/><SP WIDTH="3" VPOS="810" HPOS="576"/>
							<String ID="string_175" HPOS="579" VPOS="806" WIDTH="16" HEIGHT="37" WC="0.93" CONTENT="i"/><SP WIDTH="19" VPOS="806" HPOS="595"/>
							<String ID="string_176" HPOS="614" VPOS="810" WIDTH="86" HEIGHT="21" WC="0.92" CONTENT="tillfälle"/><SP WIDTH="16" VPOS="810" HPOS="700"/>
							<String ID="string_177" HPOS="716" VPOS="812" WIDTH="32" HEIGHT="19" WC="0.93" CONTENT="att"/><SP WIDTH="14" VPOS="812" HPOS="748"/>
							<String ID="string_178" HPOS="762" VPOS="817" WIDTH="32" HEIGHT="14" WC="0.93" CONTENT="er-"/>
						</TextLine>
						<TextLine ID="line_20" HPOS="46" VPOS="840" WIDTH="748" HEIGHT="33">
							<String ID="string_179" HPOS="46" VPOS="844" WIDTH="59" HEIGHT="22" WC="0.95" CONTENT="hålla"/><SP WIDTH="14" VPOS="844" HPOS="105"/>
							<String ID="string_180" HPOS="119" VPOS="844" WIDTH="46" HEIGHT="28" WC="0.93" CONTENT="län,"/><SP WIDTH="16" VPOS="844" HPOS="165"/>
							<String ID="string_181" HPOS="181" VPOS="844" WIDTH="40" HEIGHT="21" WC="0.96" CONTENT="och"/><SP WIDTH="16" VPOS="844" HPOS="221"/>
							<String ID="string_182" HPOS="237" VPOS="844" WIDTH="90" HEIGHT="22" WC="0.96" CONTENT="sålunda"/><SP WIDTH="15" VPOS="844" HPOS="327"/>
							<String ID="string_183" HPOS="342" VPOS="845" WIDTH="22" HEIGHT="21" WC="0.93" CONTENT="få"/><SP WIDTH="15" VPOS="845" HPOS="364"/>
							<String ID="string_184" HPOS="379" VPOS="845" WIDTH="182" HEIGHT="28" WC="0.92" CONTENT="modernäringen"/><SP WIDTH="18" VPOS="845" HPOS="561"/>
							<String ID="string_185" HPOS="579" VPOS="840" WIDTH="130" HEIGHT="33" WC="0.96" CONTENT="jordbruket"/><SP WIDTH="14" VPOS="840" HPOS="709"/>
							<String ID="string_186" HPOS="723" VPOS="846" WIDTH="29" HEIGHT="27" WC="0.96" CONTENT="pä"/><SP WIDTH="15" VPOS="846" HPOS="752"/>
							<String ID="string_187" HPOS="767" VPOS="852" WIDTH="27" HEIGHT="14" WC="0.96" CONTENT="en"/>
						</TextLine>
						<TextLine ID="line_21" HPOS="46" VPOS="879" WIDTH="748" HEIGHT="28">
							<String ID="string_188" HPOS="46" VPOS="879" WIDTH="72" HEIGHT="21" WC="0.92" CONTENT="bättre"/><SP WIDTH="23" VPOS="879" HPOS="118"/>
							<String ID="string_189" HPOS="141" VPOS="879" WIDTH="133" HEIGHT="28" WC="0.92" CONTENT="ständpunkt"/><SP WIDTH="22" VPOS="879" HPOS="274"/>
							<String ID="string_190" HPOS="296" VPOS="881" WIDTH="28" HEIGHT="19" WC="0.96" CONTENT="än"/><SP WIDTH="19" VPOS="881" HPOS="324"/>
							<String ID="string_191" HPOS="343" VPOS="880" WIDTH="36" HEIGHT="20" WC="0.96" CONTENT="det"/><SP WIDTH="15" VPOS="880" HPOS="379"/>
							<String ID="string_192" HPOS="394" VPOS="887" WIDTH="30" HEIGHT="13" WC="0.96" CONTENT="nu"/><SP WIDTH="15" VPOS="887" HPOS="424"/>
							<String ID="string_193" HPOS="439" VPOS="880" WIDTH="34" HEIGHT="20" WC="0.96" CONTENT="för"/><SP WIDTH="15" VPOS="880" HPOS="473"/>
							<String ID="string_194" HPOS="488" VPOS="879" WIDTH="135" HEIGHT="21" WC="0.96" CONTENT="närvarande"/><SP WIDTH="15" VPOS="879" HPOS="623"/>
							<String ID="string_195" HPOS="638" VPOS="880" WIDTH="98" HEIGHT="20" WC="0.96" CONTENT="befinner"/><SP WIDTH="16" VPOS="880" HPOS="736"/>
							<String ID="string_196" HPOS="752" VPOS="880" WIDTH="42" HEIGHT="27" WC="0.97" CONTENT="sig,"/>
						</TextLine>
						<TextLine ID="line_22" HPOS="47" VPOS="914" WIDTH="747" HEIGHT="28">
							<String ID="string_197" HPOS="47" VPOS="914" WIDTH="40" HEIGHT="20" WC="0.94" CONTENT="och"/><SP WIDTH="23" VPOS="914" HPOS="87"/>
							<String ID="string_198" HPOS="110" VPOS="920" WIDTH="38" HEIGHT="14" WC="0.92" CONTENT="sen"/><SP WIDTH="22" VPOS="920" HPOS="148"/>
							<String ID="string_199" HPOS="170" VPOS="920" WIDTH="51" HEIGHT="14" WC="0.92" CONTENT="vore"/><SP WIDTH="19" VPOS="920" HPOS="221"/>
							<String ID="string_200" HPOS="240" VPOS="914" WIDTH="32" HEIGHT="20" WC="0.96" CONTENT="tid"/><SP WIDTH="15" VPOS="914" HPOS="272"/>
							<String ID="string_201" HPOS="287" VPOS="916" WIDTH="32" HEIGHT="18" WC="0.96" CONTENT="att"/><SP WIDTH="15" VPOS="916" HPOS="319"/>
							<String ID="string_202" HPOS="334" VPOS="914" WIDTH="66" HEIGHT="21" WC="0.96" CONTENT="tänka"/><SP WIDTH="16" VPOS="914" HPOS="400"/>
							<String ID="string_203" HPOS="416" VPOS="914" WIDTH="28" HEIGHT="28" WC="0.93" CONTENT="pä"/><SP WIDTH="14" VPOS="914" HPOS="444"/>
							<String ID="string_204" HPOS="458" VPOS="914" WIDTH="97" HEIGHT="27" WC="0.92" CONTENT="kanaler,"/><SP WIDTH="13" VPOS="914" HPOS="555"/>
							<String ID="string_205" HPOS="568" VPOS="914" WIDTH="118" HEIGHT="28" WC="0.92" CONTENT="jernvägar"/><SP WIDTH="16" VPOS="914" HPOS="686"/>
							<String ID="string_206" HPOS="702" VPOS="914" WIDTH="39" HEIGHT="21" WC="0.93" CONTENT="och"/><SP WIDTH="17" VPOS="914" HPOS="741"/>
							<String ID="string_207" HPOS="758" VPOS="914" WIDTH="36" HEIGHT="28" WC="0.92" CONTENT="dy-"/>
						</TextLine>
						<TextLine ID="line_23" HPOS="46" VPOS="948" WIDTH="749" HEIGHT="28">
							<String ID="string_208" HPOS="46" VPOS="948" WIDTH="47" HEIGHT="21" WC="0.88" CONTENT="likt."/><SP WIDTH="23" VPOS="948" HPOS="93"/>
							<String ID="string_209" HPOS="116" VPOS="948" WIDTH="51" HEIGHT="21" WC="0.93" CONTENT="Men"/><SP WIDTH="18" VPOS="948" HPOS="167"/>
							<String ID="string_210" HPOS="185" VPOS="948" WIDTH="57" HEIGHT="21" WC="0.93" CONTENT="hvad"/><SP WIDTH="14" VPOS="948" HPOS="242"/>
							<String ID="string_211" HPOS="256" VPOS="948" WIDTH="26" HEIGHT="21" WC="0.96" CONTENT="de"/><SP WIDTH="11" VPOS="948" HPOS="282"/>
							<String ID="string_212" HPOS="293" VPOS="948" WIDTH="111" HEIGHT="28" WC="0.93" CONTENT="egentliga"/><SP WIDTH="15" VPOS="948" HPOS="404"/>
							<String ID="string_213" HPOS="419" VPOS="949" WIDTH="79" HEIGHT="21" WC="0.92" CONTENT="skatte-"/><SP WIDTH="15" VPOS="949" HPOS="498"/>
							<String ID="string_214" HPOS="513" VPOS="948" WIDTH="40" HEIGHT="21" WC="0.93" CONTENT="och"/><SP WIDTH="16" VPOS="948" HPOS="553"/>
							<String ID="string_215" HPOS="569" VPOS="948" WIDTH="226" HEIGHT="28" WC="0.91" CONTENT="kronolägenheterna"/>
						</TextLine>
						<TextLine ID="line_24" HPOS="46" VPOS="983" WIDTH="749" HEIGHT="28">
							<String ID="string_216" HPOS="46" VPOS="983" WIDTH="135" HEIGHT="21" WC="0.92" CONTENT="vidkommer"/><SP WIDTH="15" VPOS="983" HPOS="181"/>
							<String ID="string_217" HPOS="196" VPOS="983" WIDTH="24" HEIGHT="21" WC="0.96" CONTENT="sä"/><SP WIDTH="14" VPOS="983" HPOS="220"/>
							<String ID="string_218" HPOS="234" VPOS="990" WIDTH="64" HEIGHT="14" WC="0.96" CONTENT="anser"/><SP WIDTH="13" VPOS="990" HPOS="298"/>
							<String ID="string_219" HPOS="311" VPOS="983" WIDTH="39" HEIGHT="28" WC="0.96" CONTENT="jag"/><SP WIDTH="16" VPOS="983" HPOS="350"/>
							<String ID="string_220" HPOS="366" VPOS="983" WIDTH="48" HEIGHT="21" WC="0.96" CONTENT="dem"/><SP WIDTH="16" VPOS="983" HPOS="414"/>
							<String ID="string_221" HPOS="430" VPOS="984" WIDTH="66" HEIGHT="20" WC="0.96" CONTENT="redan"/><SP WIDTH="15" VPOS="984" HPOS="496"/>
							<String ID="string_222" HPOS="511" VPOS="990" WIDTH="52" HEIGHT="14" WC="0.96" CONTENT="vara"/><SP WIDTH="11" VPOS="990" HPOS="563"/>
							<String ID="string_223" HPOS="574" VPOS="983" WIDTH="23" HEIGHT="21" WC="0.93" CONTENT="sä"/><SP WIDTH="10" VPOS="983" HPOS="597"/>
							<String ID="string_224" HPOS="607" VPOS="983" WIDTH="123" HEIGHT="28" WC="0.92" CONTENT="betungade"/><SP WIDTH="15" VPOS="983" HPOS="730"/>
							<String ID="string_225" HPOS="745" VPOS="983" WIDTH="50" HEIGHT="21" WC="0.96" CONTENT="med"/>
						</TextLine>
						<TextLine ID="line_25" HPOS="48" VPOS="1017" WIDTH="746" HEIGHT="29">
							<String ID="string_226" HPOS="48" VPOS="1017" WIDTH="119" HEIGHT="28" WC="0.93" CONTENT="utskylder;"/><SP WIDTH="17" VPOS="1017" HPOS="167"/>
							<String ID="string_227" HPOS="184" VPOS="1018" WIDTH="24" HEIGHT="20" WC="0.96" CONTENT="sä"/><SP WIDTH="15" VPOS="1018" HPOS="208"/>
							<String ID="string_228" HPOS="223" VPOS="1019" WIDTH="31" HEIGHT="19" WC="0.97" CONTENT="att"/><SP WIDTH="14" VPOS="1019" HPOS="254"/>
							<String ID="string_229" HPOS="268" VPOS="1017" WIDTH="27" HEIGHT="21" WC="0.96" CONTENT="de"/><SP WIDTH="15" VPOS="1017" HPOS="295"/>
							<String ID="string_230" HPOS="310" VPOS="1018" WIDTH="67" HEIGHT="20" WC="0.93" CONTENT="borde"/><SP WIDTH="17" VPOS="1018" HPOS="377"/>
							<String ID="string_231" HPOS="394" VPOS="1025" WIDTH="87" HEIGHT="14" WC="0.92" CONTENT="snarare"/><SP WIDTH="15" VPOS="1025" HPOS="481"/>
							<String ID="string_232" HPOS="496" VPOS="1018" WIDTH="82" HEIGHT="20" WC="0.92" CONTENT="befrias"/><SP WIDTH="15" VPOS="1018" HPOS="578"/>
							<String ID="string_233" HPOS="593" VPOS="1019" WIDTH="27" HEIGHT="19" WC="0.93" CONTENT="än"/><SP WIDTH="14" VPOS="1019" HPOS="620"/>
							<String ID="string_234" HPOS="634" VPOS="1018" WIDTH="105" HEIGHT="28" WC="0.91" CONTENT="päläggas"/><SP WIDTH="19" VPOS="1018" HPOS="739"/>
							<String ID="string_235" HPOS="758" VPOS="1018" WIDTH="36" HEIGHT="21" WC="0.92" CONTENT="nä-"/>
						</TextLine>
						<TextLine ID="line_26" HPOS="48" VPOS="1052" WIDTH="746" HEIGHT="28">
							<String ID="string_236" HPOS="48" VPOS="1059" WIDTH="38" HEIGHT="20" WC="0.96" CONTENT="gra"/><SP WIDTH="11" VPOS="1059" HPOS="86"/>
							<String ID="string_237" HPOS="97" VPOS="1058" WIDTH="49" HEIGHT="22" WC="0.96" CONTENT="nya,"/><SP WIDTH="11" VPOS="1058" HPOS="146"/>
							<String ID="string_238" HPOS="157" VPOS="1058" WIDTH="50" HEIGHT="14" WC="0.96" CONTENT="men"/><SP WIDTH="16" VPOS="1058" HPOS="207"/>
							<String ID="string_239" HPOS="223" VPOS="1052" WIDTH="34" HEIGHT="21" WC="0.96" CONTENT="för"/><SP WIDTH="16" VPOS="1052" HPOS="257"/>
							<String ID="string_240" HPOS="273" VPOS="1054" WIDTH="31" HEIGHT="19" WC="0.96" CONTENT="ett"/><SP WIDTH="16" VPOS="1054" HPOS="304"/>
							<String ID="string_241" HPOS="320" VPOS="1052" WIDTH="23" HEIGHT="21" WC="0.93" CONTENT="sä"/><SP WIDTH="15" VPOS="1052" HPOS="343"/>
							<String ID="string_242" HPOS="358" VPOS="1052" WIDTH="56" HEIGHT="21" WC="0.96" CONTENT="både"/><SP WIDTH="15" VPOS="1052" HPOS="414"/>
							<String ID="string_243" HPOS="429" VPOS="1052" WIDTH="49" HEIGHT="21" WC="0.96" CONTENT="kärt"/><SP WIDTH="16" VPOS="1052" HPOS="478"/>
							<String ID="string_244" HPOS="494" VPOS="1052" WIDTH="39" HEIGHT="21" WC="0.93" CONTENT="och"/><SP WIDTH="15" VPOS="1052" HPOS="533"/>
							<String ID="string_245" HPOS="548" VPOS="1052" WIDTH="80" HEIGHT="28" WC="0.91" CONTENT="vigtigt"/><SP WIDTH="10" VPOS="1052" HPOS="628"/>
							<String ID="string_246" HPOS="638" VPOS="1052" WIDTH="106" HEIGHT="26" WC="0.96" CONTENT="ändamål,"/><SP WIDTH="11" VPOS="1052" HPOS="744"/>
							<String ID="string_247" HPOS="755" VPOS="1052" WIDTH="39" HEIGHT="21" WC="0.96" CONTENT="bör"/>
						</TextLine>
						<TextLine ID="line_27" HPOS="46" VPOS="1086" WIDTH="749" HEIGHT="28">
							<String ID="string_248" HPOS="46" VPOS="1086" WIDTH="54" HEIGHT="20" WC="0.92" CONTENT="hvar"/><SP WIDTH="15" VPOS="1086" HPOS="100"/>
							<String ID="string_249" HPOS="115" VPOS="1093" WIDTH="51" HEIGHT="14" WC="0.93" CONTENT="man"/><SP WIDTH="15" VPOS="1093" HPOS="166"/>
							<String ID="string_250" HPOS="181" VPOS="1093" WIDTH="69" HEIGHT="21" WC="0.91" CONTENT="gerna"/><SP WIDTH="15" VPOS="1093" HPOS="250"/>
							<String ID="string_251" HPOS="265" VPOS="1086" WIDTH="87" HEIGHT="28" WC="0.92" CONTENT="deltaga"/><SP WIDTH="15" VPOS="1086" HPOS="352"/>
							<String ID="string_252" HPOS="367" VPOS="1087" WIDTH="41" HEIGHT="27" WC="0.90" CONTENT="uti,"/><SP WIDTH="17" VPOS="1087" HPOS="408"/>
							<String ID="string_253" HPOS="425" VPOS="1087" WIDTH="85" HEIGHT="21" WC="0.92" CONTENT="derföre"/><SP WIDTH="16" VPOS="1087" HPOS="510"/>
							<String ID="string_254" HPOS="526" VPOS="1086" WIDTH="70" HEIGHT="21" WC="0.96" CONTENT="skulle"/><SP WIDTH="17" VPOS="1086" HPOS="596"/>
							<String ID="string_255" HPOS="613" VPOS="1088" WIDTH="40" HEIGHT="26" WC="0.93" CONTENT="jag"/><SP WIDTH="15" VPOS="1088" HPOS="653"/>
							<String ID="string_256" HPOS="668" VPOS="1087" WIDTH="81" HEIGHT="21" WC="0.91" CONTENT="föreslä"/><SP WIDTH="15" VPOS="1087" HPOS="749"/>
							<String ID="string_257" HPOS="764" VPOS="1088" WIDTH="31" HEIGHT="20" WC="0.96" CONTENT="att"/>
						</TextLine>
						<TextLine ID="line_28" HPOS="47" VPOS="1120" WIDTH="748" HEIGHT="29">
							<String ID="string_258" HPOS="47" VPOS="1120" WIDTH="26" HEIGHT="21" WC="0.96" CONTENT="de"/><SP WIDTH="22" VPOS="1120" HPOS="73"/>
							<String ID="string_259" HPOS="95" VPOS="1120" WIDTH="70" HEIGHT="21" WC="0.93" CONTENT="skulle"/><SP WIDTH="20" VPOS="1120" HPOS="165"/>
							<String ID="string_260" HPOS="185" VPOS="1120" WIDTH="87" HEIGHT="29" WC="0.96" CONTENT="deltaga"/><SP WIDTH="19" VPOS="1120" HPOS="272"/>
							<String ID="string_261" HPOS="291" VPOS="1122" WIDTH="33" HEIGHT="21" WC="0.96" CONTENT="uti"/><SP WIDTH="18" VPOS="1122" HPOS="324"/>
							<String ID="string_262" HPOS="342" VPOS="1121" WIDTH="43" HEIGHT="21" WC="0.96" CONTENT="den"/><SP WIDTH="16" VPOS="1121" HPOS="385"/>
							<String ID="string_263" HPOS="401" VPOS="1122" WIDTH="109" HEIGHT="21" WC="0.93" CONTENT="allmänna"/><SP WIDTH="15" VPOS="1122" HPOS="510"/>
							<String ID="string_264" HPOS="525" VPOS="1121" WIDTH="159" HEIGHT="28" WC="0.91" CONTENT="bevillningen,"/><SP WIDTH="16" VPOS="1121" HPOS="684"/>
							<String ID="string_265" HPOS="700" VPOS="1128" WIDTH="47" HEIGHT="15" WC="0.96" CONTENT="som"/><SP WIDTH="15" VPOS="1128" HPOS="747"/>
							<String ID="string_266" HPOS="762" VPOS="1121" WIDTH="33" HEIGHT="21" WC="0.96" CONTENT="till"/>
						</TextLine>
						<TextLine ID="line_29" HPOS="48" VPOS="1155" WIDTH="747" HEIGHT="29">
							<String ID="string_267" HPOS="48" VPOS="1161" WIDTH="26" HEIGHT="14" WC="0.96" CONTENT="en"/><SP WIDTH="16" VPOS="1161" HPOS="74"/>
							<String ID="string_268" HPOS="90" VPOS="1155" WIDTH="78" HEIGHT="28" WC="0.96" CONTENT="början"/><SP WIDTH="21" VPOS="1155" HPOS="168"/>
							<String ID="string_269" HPOS="189" VPOS="1155" WIDTH="69" HEIGHT="21" WC="0.93" CONTENT="skulle"/><SP WIDTH="21" VPOS="1155" HPOS="258"/>
							<String ID="string_270" HPOS="279" VPOS="1155" WIDTH="121" HEIGHT="28" WC="0.93" CONTENT="medgifvas"/><SP WIDTH="16" VPOS="1155" HPOS="400"/>
							<String ID="string_271" HPOS="416" VPOS="1156" WIDTH="76" HEIGHT="21" WC="0.96" CONTENT="endast"/><SP WIDTH="15" VPOS="1156" HPOS="492"/>
							<String ID="string_272" HPOS="507" VPOS="1156" WIDTH="28" HEIGHT="28" WC="0.96" CONTENT="pä"/><SP WIDTH="15" VPOS="1156" HPOS="535"/>
							<String ID="string_273" HPOS="550" VPOS="1157" WIDTH="33" HEIGHT="20" WC="0.93" CONTENT="tre"/><SP WIDTH="16" VPOS="1157" HPOS="583"/>
							<String ID="string_274" HPOS="599" VPOS="1157" WIDTH="34" HEIGHT="20" WC="0.95" CONTENT="års"/><SP WIDTH="15" VPOS="1157" HPOS="633"/>
							<String ID="string_275" HPOS="648" VPOS="1156" WIDTH="41" HEIGHT="27" WC="0.96" CONTENT="tid,"/><SP WIDTH="17" VPOS="1156" HPOS="689"/>
							<String ID="string_276" HPOS="706" VPOS="1156" WIDTH="36" HEIGHT="21" WC="0.96" CONTENT="det"/><SP WIDTH="16" VPOS="1156" HPOS="742"/>
							<String ID="string_277" HPOS="758" VPOS="1156" WIDTH="37" HEIGHT="20" WC="0.95" CONTENT="vill"/>
						</TextLine>
						<TextLine ID="line_30" HPOS="48" VPOS="1189" WIDTH="749" HEIGHT="29">
							<String ID="string_278" HPOS="48" VPOS="1191" WIDTH="52" HEIGHT="26" WC="0.91" CONTENT="säga"/><SP WIDTH="22" VPOS="1191" HPOS="100"/>
							<String ID="string_279" HPOS="122" VPOS="1189" WIDTH="33" HEIGHT="20" WC="0.94" CONTENT="till"/><SP WIDTH="23" VPOS="1189" HPOS="155"/>
							<String ID="string_280" HPOS="178" VPOS="1191" WIDTH="62" HEIGHT="19" WC="0.93" CONTENT="nästa"/><SP WIDTH="15" VPOS="1191" HPOS="240"/>
							<String ID="string_281" HPOS="255" VPOS="1190" WIDTH="113" HEIGHT="28" WC="0.90" CONTENT="landtdag,"/><SP WIDTH="17" VPOS="1190" HPOS="368"/>
							<String ID="string_282" HPOS="385" VPOS="1197" WIDTH="50" HEIGHT="14" WC="0.96" CONTENT="men"/><SP WIDTH="16" VPOS="1197" HPOS="435"/>
							<String ID="string_283" HPOS="451" VPOS="1190" WIDTH="77" HEIGHT="21" WC="0.96" CONTENT="endast"/><SP WIDTH="15" VPOS="1190" HPOS="528"/>
							<String ID="string_284" HPOS="543" VPOS="1190" WIDTH="50" HEIGHT="21" WC="0.96" CONTENT="med"/><SP WIDTH="16" VPOS="1190" HPOS="593"/>
							<String ID="string_285" HPOS="609" VPOS="1197" WIDTH="26" HEIGHT="14" WC="0.93" CONTENT="en"/><SP WIDTH="16" VPOS="1197" HPOS="635"/>
							<String ID="string_286" HPOS="651" VPOS="1190" WIDTH="107" HEIGHT="27" WC="0.93" CONTENT="fjerdedel"/><SP WIDTH="15" VPOS="1190" HPOS="758"/>
							<String ID="string_287" HPOS="773" VPOS="1190" WIDTH="24" HEIGHT="21" WC="0.97" CONTENT="af"/>
						</TextLine>
						<TextLine ID="line_31" HPOS="47" VPOS="1223" WIDTH="748" HEIGHT="29">
							<String ID="string_288" HPOS="47" VPOS="1223" WIDTH="56" HEIGHT="21" WC="0.92" CONTENT="hvad"/><SP WIDTH="15" VPOS="1223" HPOS="103"/>
							<String ID="string_289" HPOS="118" VPOS="1223" WIDTH="78" HEIGHT="28" WC="0.91" CONTENT="nädiga"/><SP WIDTH="16" VPOS="1223" HPOS="196"/>
							<String ID="string_290" HPOS="212" VPOS="1224" WIDTH="165" HEIGHT="28" WC="0.93" CONTENT="propositionen"/><SP WIDTH="15" VPOS="1224" HPOS="377"/>
							<String ID="string_291" HPOS="392" VPOS="1226" WIDTH="114" HEIGHT="26" WC="0.91" CONTENT="upptager,"/><SP WIDTH="12" VPOS="1226" HPOS="506"/>
							<String ID="string_292" HPOS="518" VPOS="1224" WIDTH="101" HEIGHT="21" WC="0.92" CONTENT="hvarföre"/><SP WIDTH="12" VPOS="1224" HPOS="619"/>
							<String ID="string_293" HPOS="631" VPOS="1225" WIDTH="39" HEIGHT="26" WC="0.96" CONTENT="jag"/><SP WIDTH="10" VPOS="1225" HPOS="670"/>
							<String ID="string_294" HPOS="680" VPOS="1224" WIDTH="51" HEIGHT="21" WC="0.96" CONTENT="ville"/><SP WIDTH="14" VPOS="1224" HPOS="731"/>
							<String ID="string_295" HPOS="745" VPOS="1224" WIDTH="50" HEIGHT="21" WC="0.96" CONTENT="med"/>
						</TextLine>
						<TextLine ID="line_32" HPOS="47" VPOS="1257" WIDTH="747" HEIGHT="29">
							<String ID="string_296" HPOS="47" VPOS="1258" WIDTH="45" HEIGHT="20" WC="0.91" CONTENT="min"/><SP WIDTH="20" VPOS="1258" HPOS="92"/>
							<String ID="string_297" HPOS="112" VPOS="1257" WIDTH="63" HEIGHT="28" WC="0.91" CONTENT="ringa"/><SP WIDTH="20" VPOS="1257" HPOS="175"/>
							<String ID="string_298" HPOS="195" VPOS="1260" WIDTH="45" HEIGHT="18" WC="0.92" CONTENT="röst"/><SP WIDTH="16" VPOS="1260" HPOS="240"/>
							<String ID="string_299" HPOS="256" VPOS="1258" WIDTH="57" HEIGHT="21" WC="0.91" CONTENT="fästa"/><SP WIDTH="20" VPOS="1258" HPOS="313"/>
							<String ID="string_300" HPOS="333" VPOS="1258" WIDTH="117" HEIGHT="21" WC="0.92" CONTENT="utskottets"/><SP WIDTH="16" VPOS="1258" HPOS="450"/>
							<String ID="string_301" HPOS="466" VPOS="1258" WIDTH="141" HEIGHT="21" WC="0.96" CONTENT="medlemmar"/><SP WIDTH="14" VPOS="1258" HPOS="607"/>
							<String ID="string_302" HPOS="621" VPOS="1259" WIDTH="29" HEIGHT="27" WC="0.93" CONTENT="pä"/><SP WIDTH="14" VPOS="1259" HPOS="650"/>
							<String ID="string_303" HPOS="664" VPOS="1258" WIDTH="57" HEIGHT="21" WC="0.93" CONTENT="hvad"/><SP WIDTH="12" VPOS="1258" HPOS="721"/>
							<String ID="string_304" HPOS="733" VPOS="1259" WIDTH="40" HEIGHT="27" WC="0.96" CONTENT="jag"/><SP WIDTH="15" VPOS="1259" HPOS="773"/>
							<String ID="string_305" HPOS="788" VPOS="1258" WIDTH="6" HEIGHT="20" WC="0.96" CONTENT="i"/>
						</TextLine>
						<TextLine ID="line_33" HPOS="47" VPOS="1291" WIDTH="385" HEIGHT="22">
							<String ID="string_306" HPOS="47" VPOS="1291" WIDTH="139" HEIGHT="21" WC="0.90" CONTENT="omförmäldt"/><SP WIDTH="15" VPOS="1291" HPOS="186"/>
							<String ID="string_307" HPOS="201" VPOS="1292" WIDTH="125" HEIGHT="21" WC="0.93" CONTENT="hänseende"/><SP WIDTH="15" VPOS="1292" HPOS="326"/>
							<String ID="string_308" HPOS="341" VPOS="1292" WIDTH="91" HEIGHT="21" WC="0.92" CONTENT="anfört.*"/>
						</TextLine>
					</TextBlock>
					<TextBlock ID="block_2" HPOS="47" VPOS="1326" WIDTH="747" HEIGHT="55">
						<TextLine ID="line_34" HPOS="115" VPOS="1326" WIDTH="679" HEIGHT="28">
							<String ID="string_309" HPOS="115" VPOS="1326" WIDTH="221" HEIGHT="27" WC="0.91" CONTENT="Landtdagsmannen"/><SP WIDTH="15" VPOS="1326" HPOS="336"/>
							<String ID="string_310" HPOS="351" VPOS="1327" WIDTH="105" HEIGHT="20" WC="0.90" CONTENT="Retula"/><SP WIDTH="15" VPOS="1327" HPOS="456"/>
							<String ID="string_311" HPOS="471" VPOS="1326" WIDTH="86" HEIGHT="28" WC="0.92" CONTENT="yttrade"/><SP WIDTH="16" VPOS="1326" HPOS="557"/>
							<String ID="string_312" HPOS="573" VPOS="1327" WIDTH="33" HEIGHT="26" WC="0.93" CONTENT="sig"/><SP WIDTH="16" VPOS="1327" HPOS="606"/>
							<String ID="string_313" HPOS="622" VPOS="1326" WIDTH="124" HEIGHT="28" WC="0.92" CONTENT="skriftligen"/><SP WIDTH="16" VPOS="1326" HPOS="746"/>
							<String ID="string_314" HPOS="762" VPOS="1327" WIDTH="32" HEIGHT="20" WC="0.93" CONTENT="sä-"/>
						</TextLine>
						<TextLine ID="line_35" HPOS="47" VPOS="1358" WIDTH="76" HEIGHT="23">
							<String ID="string_315" HPOS="47" VPOS="1358" WIDTH="76" HEIGHT="23" WC="0.92" CONTENT="lunda:"/>
						</TextLine>
					</TextBlock>
					<TextBlock ID="block_3" HPOS="48" VPOS="1393" WIDTH="746" HEIGHT="66">
						<TextLine ID="line_36" HPOS="115" VPOS="1393" WIDTH="679" HEIGHT="30">
							<String ID="string_316" HPOS="115" VPOS="1393" WIDTH="84" HEIGHT="23" WC="0.96" CONTENT="Härvid"/><SP WIDTH="22" VPOS="1393" HPOS="199"/>
							<String ID="string_317" HPOS="221" VPOS="1394" WIDTH="38" HEIGHT="22" WC="0.95" CONTENT="vill"/><SP WIDTH="19" VPOS="1394" HPOS="259"/>
							<String ID="string_318" HPOS="278" VPOS="1394" WIDTH="40" HEIGHT="29" WC="0.93" CONTENT="jag"/><SP WIDTH="20" VPOS="1394" HPOS="318"/>
							<String ID="string_319" HPOS="338" VPOS="1394" WIDTH="76" HEIGHT="22" WC="0.92" CONTENT="förena"/><SP WIDTH="16" VPOS="1394" HPOS="414"/>
							<String ID="string_320" HPOS="430" VPOS="1394" WIDTH="45" HEIGHT="29" WC="0.95" CONTENT="mig"/><SP WIDTH="15" VPOS="1394" HPOS="475"/>
							<String ID="string_321" HPOS="490" VPOS="1394" WIDTH="50" HEIGHT="22" WC="0.96" CONTENT="med"/><SP WIDTH="15" VPOS="1394" HPOS="540"/>
							<String ID="string_322" HPOS="555" VPOS="1394" WIDTH="27" HEIGHT="22" WC="0.93" CONTENT="de"/><SP WIDTH="15" VPOS="1394" HPOS="582"/>
							<String ID="string_323" HPOS="597" VPOS="1393" WIDTH="78" HEIGHT="29" WC="0.92" CONTENT="talare,"/><SP WIDTH="16" VPOS="1393" HPOS="675"/>
							<String ID="string_324" HPOS="691" VPOS="1401" WIDTH="46" HEIGHT="15" WC="0.93" CONTENT="som"/><SP WIDTH="14" VPOS="1401" HPOS="737"/>
							<String ID="string_325" HPOS="751" VPOS="1394" WIDTH="43" HEIGHT="22" WC="0.93" CONTENT="för-"/>
						</TextLine>
						<TextLine ID="line_37" HPOS="48" VPOS="1429" WIDTH="746" HEIGHT="30">
							<String ID="string_326" HPOS="48" VPOS="1431" WIDTH="72" HEIGHT="21" WC="0.89" CONTENT="svarat"/><SP WIDTH="15" VPOS="1431" HPOS="120"/>
							<String ID="string_327" HPOS="135" VPOS="1429" WIDTH="190" HEIGHT="30" WC="0.91" CONTENT="nödvändigheten"/><SP WIDTH="16" VPOS="1429" HPOS="325"/>
							<String ID="string_328" HPOS="341" VPOS="1430" WIDTH="23" HEIGHT="22" WC="0.93" CONTENT="af"/><SP WIDTH="14" VPOS="1430" HPOS="364"/>
							<String ID="string_329" HPOS="378" VPOS="1430" WIDTH="126" HEIGHT="21" WC="0.91" CONTENT="folkskolor."/><SP WIDTH="30" VPOS="1430" HPOS="504"/>
							<String ID="string_330" HPOS="534" VPOS="1429" WIDTH="44" HEIGHT="22" WC="0.96" CONTENT="Det"/><SP WIDTH="14" VPOS="1429" HPOS="578"/>
							<String ID="string_331" HPOS="592" VPOS="1432" WIDTH="23" HEIGHT="19" WC="0.93" CONTENT="är"/><SP WIDTH="16" VPOS="1432" HPOS="615"/>
							<String ID="string_332" HPOS="631" VPOS="1432" WIDTH="64" HEIGHT="19" WC="0.93" CONTENT="sannt"/><SP WIDTH="15" VPOS="1432" HPOS="695"/>
							<String ID="string_333" HPOS="710" VPOS="1432" WIDTH="31" HEIGHT="19" WC="0.93" CONTENT="att"/><SP WIDTH="14" VPOS="1432" HPOS="741"/>
							<String ID="string_334" HPOS="755" VPOS="1430" WIDTH="39" HEIGHT="21" WC="0.92" CONTENT="fol-"/>
						</TextLine>
					</TextBlock>
				</ComposedBlock>
			</PrintSpace>
		</Page>
	</Layout>
</alto>
