989 1703
377 134 37 17 Den
428 134 8 16 1
450 134 39 16 Okt.
750 131 27 21 27

125 193 49 21 Den
190 199 47 15 som
252 192 37 22 det
303 193 21 27 ej
340 193 45 28 vill,
399 194 88 21 voterar

410 228 43 28 nej.

124 261 85 21 Vinner
224 262 43 26 nej,
283 268 63 14 anses
356 262 159 21 bondeståndet
527 263 112 21 remittera
650 263 66 28 sagda
726 271 78 21 propo-

57 296 65 20 sition
138 296 33 20 till
184 295 150 29 lagutskottet.

125 329 62 22 Efter
202 329 139 28 voteringens
357 330 43 21 slut
414 331 92 20 befanns
517 331 36 21 det
563 333 32 19 att
605 333 100 20 rösterna
715 332 91 21 utfallit:

394 365 24 28 ja
433 366 33 20 22.

396 401 36 28 nej
449 401 34 20 21.

125 433 91 22 Ståndet
231 433 121 29 åtskiljdes.

611 471 20 15 In
644 470 59 17 fidem:

538 503 65 20 Felix
615 503 33 20 Th.
661 504 121 20 Mechelin.

264 596 49 21 Den
328 596 12 21 1
357 596 82 22 oktober
453 597 89 21 klockan
558 596 25 22 11
595 596 51 29 före
661 597 117 29 middagen.

125 642 137 21 Protokollet
277 642 73 22 fördes
366 642 24 21 af
403 642 164 22 undertecknad
581 642 189 29 brukspredikant.

125 676 122 28 Föredrogs
270 677 81 27 vidare,
372 677 28 21 H.
420 677 26 21 K.
461 678 50 20 M:ts
526 677 80 28 nådiga
620 678 135 27 proposition
770 685 36 14 n:o

59 712 17 26 1,
101 711 31 21 till
155 711 105 21 Finlands
280 711 94 27 ständer,
394 712 113 28 angående
525 712 55 27 ogift
601 712 90 27 qvinnas
707 713 98 28 myndig-

56 746 39 21 het
115 745 37 22 vid
174 746 44 21 viss
234 746 66 27 ålder,
322 746 89 21 hvilken
431 747 134 28 proposition
583 746 36 22 vid
634 747 100 22 sednaste
750 755 56 15 sam-

58 780 112 22 manträde
185 780 72 21 blifvit
272 781 112 28 bordlagd.

125 814 221 29 Landtdagsmannen
370 815 112 22 Simolin
504 816 147 28 tillkännagaf
669 817 33 28 sig
717 817 7 21 i
741 817 65 28 öfrigt

58 850 53 29 gilla
125 850 170 28 propositionen,
311 857 50 14 men
375 850 68 28 ansåg
456 851 168 28 bestämningen
635 857 33 15 om
680 851 55 28 ogift
746 852 60 28 gvin-

57 892 40 13 nas
117 884 124 29 skyldighet
260 887 32 18 att
312 885 36 21 vid
363 885 108 28 ingående
487 885 24 21 af
523 885 111 28 giftermål
649 885 97 22 inhemta
762 886 42 21 för-

58 919 82 21 äldrars
155 919 61 21 bifall
232 919 110 28 olämplig,
359 921 55 19 samt
433 919 115 22 förordade
565 927 26 14 en
609 919 134 29 förordning,
759 921 46 20 deri

57 954 49 21 icke
122 954 55 21 blott
192 954 104 27 rättighet
311 954 66 21 borde
394 954 54 28 ogift
462 955 79 27 qvinna
556 954 142 22 tillerkännas
712 957 32 18 att
754 955 53 22 söka

59 989 91 28 ändring
176 989 7 21 i
208 989 146 21 föräldrarnas
380 989 85 28 yttrade
487 989 60 28 vilja,
570 991 52 19 utan
645 990 40 20 ock
707 991 99 20 närmare

59 1023 86 28 stadgas
167 1030 34 14 om
224 1023 26 21 de
273 1023 101 21 särskilta
398 1023 44 27 fall,
463 1023 6 20 i
488 1023 73 21 hvilka
581 1023 73 21 dessas
675 1023 61 22 bifall
755 1031 51 14 vore

58 1057 110 28 behöfligt.

127 1091 102 22 Ståndets
245 1091 135 22 sekreterare
396 1092 123 21 förklarade
534 1092 83 27 härvid,
633 1094 31 19 att
674 1092 132 21 bestämnin-

59 1133 38 20 gar
112 1126 7 20 i
135 1125 76 22 sådant
226 1126 57 28 syfte
298 1126 68 21 redan
382 1126 135 21 förekomma
531 1126 8 21 i
554 1126 110 21 allmänna
681 1127 71 27 lagen,
768 1127 40 21 och

59 1161 38 26 att,
121 1160 90 21 emedan
233 1161 190 28 propositionerna
443 1161 48 21 icke
511 1167 29 14 nu
555 1160 116 21 förehades
685 1161 33 20 till
734 1160 74 29 slutlig

59 1194 130 27 diskussion,
206 1195 96 21 ståndets
317 1195 120 21 ledamöter
452 1195 67 21 måtte
534 1195 37 20 vid
581 1195 47 20 sina
638 1195 116 28 yttranden
764 1195 44 21 för-

59 1229 117 28 nämligast
191 1229 46 21 afse
253 1229 36 22 det
304 1229 141 28 hvarigenom
460 1229 25 22 de
500 1229 51 22 ville
567 1229 90 21 inverka
672 1230 29 27 på
715 1229 92 22 riktnin-

60 1271 42 21 gen
118 1264 24 20 af
153 1264 124 21 utskottens
292 1264 110 21 blifvande
418 1265 144 20 verksamhet.

127 1298 222 29 Landtdagsmannen
364 1299 193 28 Kumpulainen
573 1299 96 28 föreslog
679 1298 129 29 propositio-

60 1339 54 14 nens
129 1333 156 21 remitterande
301 1334 33 19 till
349 1333 150 28 lagutskottet.

128 1366 222 28 Landtdagsmannen
371 1366 88 21 Klami
477 1367 58 26 ville,
558 1366 46 21 ifall
619 1366 189 28 propositionerna

60 1401 67 21 innan
143 1400 63 22 deras
221 1400 162 28 remitterande,
399 1400 69 22 skulle
479 1401 143 21 underkastas
638 1407 27 14 en
676 1400 132 28 föregäende

61 1436 133 27 diskussion,
217 1436 7 21 i
247 1436 76 28 frågan
347 1443 34 15 om
402 1436 105 29 gvinnans
527 1435 128 30 myndighet
670 1435 39 22 och
725 1435 83 21 hennes
