973 1700
364 128 37 20 Den
415 128 10 19 i
437 126 36 22 dec.
725 121 41 23 285

113 188 221 30 Landtdagsmannen
345 190 113 21 Simolin
469 190 106 21 förenade
590 188 34 29 sig
633 188 50 22 med
693 189 101 28 Hagman

45 225 39 21 och
100 225 135 26 förklarade,
251 226 32 19 att
298 231 35 14 om
349 224 41 21 den
405 224 70 21 finska
491 224 88 28 språket
601 223 87 21 talande
711 223 83 21 befolk-

44 259 82 27 ningen
142 259 7 20 i
163 259 74 20 landet
257 258 51 21 ville
324 258 83 21 skänka
428 259 67 27 nägot
515 259 22 20 ät
556 257 239 28 litteratursällskapet,

46 293 24 20 sä
84 299 52 14 vore
153 292 36 21 det
204 292 48 21 dem
268 292 111 27 obetaget;
399 299 50 14 men
464 292 67 27 nägot
553 292 78 27 anslag
653 291 56 21 ifrän
732 293 63 19 stats-

47 327 79 21 kassan
141 326 67 21 borde
223 327 49 20 icke
287 326 88 21 komma
389 327 7 20 i
412 327 68 27 fräga.

113 361 222 28 Landtdagsmannen
352 361 142 20 Pelkonen
513 361 68 27 ansäg
596 359 199 22 ständsledamoten

45 396 101 28 Hagman
162 403 52 14 vara
229 395 74 22 alltför
319 395 102 28 ömtålig,
441 395 27 21 dä
482 395 43 21 han
541 395 48 21 icke
612 395 51 21 ville
685 394 110 29 medgifva

46 431 184 27 öfversättningar
245 430 49 21 från
310 430 93 21 svenska
418 430 33 21 till
466 430 70 21 finska
552 429 53 22 eller
621 431 174 19 tvertom
726 425 16 37 —
754 425 44 37 en-

47 467 56 20 samt
114 465 59 21 detta
183 465 55 21 hade
248 465 83 21 talaren
340 465 81 28 äsyftat
434 465 49 20 med
496 464 111 28 uttrycket
620 464 174 27 ,sammansmäl-

46 502 42 19 ta.
119 499 41 22 Om
175 500 102 27 Hagman
297 499 72 21 funnit
385 500 66 27 något
466 499 29 21 fel
511 500 7 20 i
533 499 132 28 petitionens
687 498 107 29 uttrycks-

47 536 49 25 sätt,
112 535 24 20 sä
151 534 55 21 hade
221 535 43 20 han
279 534 64 21 bordt
365 536 57 19 rätta
445 534 35 21 det
495 533 106 28 felaktiga
623 533 40 21 och
678 533 48 21 icke
741 535 54 19 mot-

46 571 56 19 sätta
117 570 33 28 sig
165 570 122 27 petitionen
302 570 7 20 i
325 569 48 21 dess
389 569 81 21 helhet.
501 569 10 21 I
528 568 66 28 öfrigt
610 568 87 22 föreföll
713 571 36 21 det
764 572 31 19 ta-

46 604 61 21 laren
122 604 117 28 underligt,
255 605 32 20 att
302 604 111 28 äsigterna
424 604 7 20 i
442 604 77 26 saken,
535 604 88 20 hvilken
638 604 59 22 förut
712 605 36 21 vid
758 612 37 14 en-

46 638 67 21 skildt
122 637 159 22 sammanträde
292 638 112 21 omfattats
415 638 25 21 af
448 638 42 21 alla
501 637 96 22 ständets
608 639 148 28 medlemmar,
766 646 30 14 nu

44 673 123 21 förändrats
181 673 34 20 till
230 672 91 21 alldeles
339 674 109 19 motsatta.

113 707 222 28 Landtdagsmannen
350 707 122 28 Hagman
491 707 135 28 förklarade,
641 710 32 19 att
688 708 43 21 han
746 708 50 21 med

46 743 94 26 mängen
155 749 72 13 annan
243 741 56 21 ända
319 741 48 21 frän
382 741 143 28 landtdagens
540 741 78 28 början
634 743 49 20 med
698 743 98 28 fördrag-

46 776 84 21 samhet
145 776 62 21 ähört
223 776 26 20 de
265 775 96 29 ständigt
371 776 7 21 i
389 776 32 20 tid
437 777 39 20 och
493 776 44 21 otid
553 776 139 28 framdragna
707 778 88 27 ansprä-

45 811 43 20 ken
104 817 35 14 om
155 811 69 20 finska
245 810 98 27 språkets
365 811 136 27 rättigheter.
540 810 95 21 Oaktadt
651 811 66 27 detta,
740 811 55 21 hade

46 845 43 20 han
105 845 59 21 säväl
179 852 46 13 som
241 844 71 29 öfriga
323 845 92 21 svenska
426 845 86 20 talande
523 845 171 21 medlenimarne
706 845 24 22 af
738 847 57 20 stän-

47 879 42 27 det,
105 879 36 21 vid
157 879 96 21 enskildt
268 879 167 27 sammanträde,
451 879 129 21 understödt
595 879 107 28 förslaget
713 887 34 14 om
758 887 37 14 an-

46 914 48 27 slag
109 913 33 21 till
157 913 83 21 Finska
254 913 239 29 Litteratursälskapet.
523 913 34 21 De
567 914 56 21 hade
633 914 71 21 likasä
718 914 78 21 under-

48 948 89 21 tecknat
159 948 250 28 tacksägelse-adressen
429 949 33 20 till
482 955 83 14 samma
579 949 216 28 litteratursällskap
787 944 13 37 ;

47 982 79 21 hvaraf
144 983 83 20 säledes
243 982 67 21 borde
333 989 52 15 vara
399 983 67 26 klart,
482 984 32 19 ait
537 983 83 21 talaren
643 983 48 21 icke
707 985 89 20 motsatt

48 1017 33 28 sig
96 1017 79 28 sjelfva
190 1017 78 27 saken,
291 1019 52 19 utan
359 1017 26 21 de
401 1017 6 20 i
423 1017 122 28 petitionen
567 1017 113 29 befintliga
696 1018 99 21 stötande

46 1052 123 27 uttrycken.

114 1086 221 28 Landtdagsmannen
351 1086 114 21 Brusila
480 1085 104 22 förenade
599 1086 33 28 sig
647 1086 50 21 med
712 1086 84 21 stånds-

46 1120 123 22 ledamoten
184 1120 121 22 Pelkonen.

114 1155 33 21 På
161 1155 83 28 förslag
259 1155 24 22 af
296 1155 197 22 ståndsledamoten
513 1155 100 21 Mansten
629 1155 116 22 bordlades
760 1162 37 22 pe-

47 1185 188 37 titionsförslaget.
372 1219 7 3 N

114 1260 138 30 Föredrogos
275 1263 80 20 tvenne
378 1261 24 21 af
423 1260 198 23 ständsledamoten
645 1260 92 23 Tiainen
759 1268 37 15 an-

46 1295 62 30 gifna
125 1296 200 29 petitionsförslag,
347 1296 113 28 angående
484 1296 32 21 1:o
539 1302 78 15 ansvar
636 1296 35 21 för
693 1296 105 28 gäldenär

47 1339 46 12 som
108 1338 95 21 rymmer
225 1331 49 20 frän
289 1330 186 27 fordringsegare,
498 1331 39 19 hos
561 1331 88 19 hvilken
669 1331 44 20 han
729 1331 69 27 enligt

48 1363 178 29 domstolsutslag
243 1364 74 21 blifvit
338 1364 89 20 inställd
440 1364 35 20 för
497 1365 32 19 att
551 1363 50 21 med
624 1364 75 20 arbete
715 1364 83 27 aftjena

47 1399 34 22 sin
96 1397 63 24 skuld
175 1397 39 23 och
229 1399 34 21 2:o
279 1397 120 30 skärpning
414 1397 23 22 af
450 1399 102 20 ansvaret
567 1397 35 22 för
618 1397 169 28 skogsäverkan.

115 1434 127 22 Bordlades.
