984 1703
372 140 37 16 Den
421 139 11 16 2
444 139 34 17 okt.
742 133 27 21 43

53 198 81 28 ningen
148 197 37 22 vid
200 197 42 23 den
257 198 92 22 sednare
364 200 96 27 tjensten
475 206 52 14 vore
543 198 94 29 mindre,
649 199 92 22 särskild
755 198 42 23 till-

53 232 92 28 ökning,
160 232 151 22 motsvarande
326 232 124 28 skilnaden,
466 233 69 21 skulle
550 234 79 21 bestäs.

120 266 168 29 Propositionen
303 267 151 21 remitterades
468 268 34 20 till
518 268 167 21 statsutskottet.

122 302 46 20 12:o
183 301 29 20 H.
222 301 28 21 K.
261 301 50 21 M:ts
322 301 78 28 nådiga
415 302 134 28 proposition
560 309 35 14 n:o
606 303 37 26 39,
656 310 34 13 om
705 302 92 29 ändring

53 335 24 21 af
90 342 29 14 nu
134 335 100 28 gällande
250 336 170 27 lagstadganden
436 342 34 15 om
485 336 96 28 egofred.

120 369 222 29 Landtdagsmannen
356 369 99 22 Uotila
472 370 145 22 understödde
633 371 162 28 propositionen

53 404 33 21 till
100 404 42 21 alla
156 404 67 21 delar.
365 432 4 5 ,

120 439 220 29 Landtdagsmannen
361 433 118 36 Östring
499 440 113 22 anmärkte
632 442 44 19 mot
697 441 12 21 2
728 441 21 27 8,
765 441 32 21 att

52 474 28 28 pä
91 474 155 29 skogbevuxen
256 474 63 21 mark
328 474 102 29 vallgäng
441 475 19 28 ej
471 475 73 21 kunde
555 482 63 14 anses
629 477 76 26 utgöra
721 475 76 22 sädant

53 510 63 26 värn,
127 516 46 14 som
189 516 81 14 samma
285 509 12 28 $
312 509 67 27 afser,
394 512 52 19 utan
460 509 67 22 borde
543 509 38 22 der
595 510 70 21 finnas
679 510 117 28 hägnader.

120 542 221 30 Landtdagsmannen
355 544 146 21 Pelkonen
517 544 62 27 sade,
595 546 31 20 att
641 544 82 28 gärden
730 538 14 39 &
766 546 30 20 ta-

52 578 72 21 larens
144 578 85 21 hemort
248 579 59 20 ännu
326 584 51 15 vore
393 578 23 21 af
429 578 71 22 nöden
517 578 100 29 omkring
633 578 108 29 odlingar,
758 579 39 21 och

53 614 31 19 att
100 620 26 13 en
141 612 53 21 hvar
210 612 52 28 sjelf
274 612 66 21 borde
355 613 73 27 hägna
442 612 81 22 sädana
538 620 61 20 egor,
611 615 55 19 samt
676 615 31 19 att
717 613 79 27 hästar,

53 647 47 21 svin
120 646 40 22 och
180 646 34 22 får
232 647 68 21 borde
320 647 24 21 af
362 654 79 21 egaren
461 647 77 21 vårdas
554 648 33 26 sä,
603 649 31 19 att
649 647 26 21 de
690 648 21 28 ej
727 647 71 29 slippa

53 682 47 21 frän
116 681 91 21 samfäld
222 681 134 27 betesmark,
371 682 39 20 och
426 683 31 20 att
472 681 52 28 den,
539 689 47 14 som
601 682 55 21 läter
671 682 33 21 sin
715 682 81 28 boskap

53 716 27 28 gä
94 716 29 28 pä
137 715 60 28 bete,
208 715 70 22 skulle
292 723 52 14 vara
358 716 86 28 skyldig
459 717 32 20 att
506 716 85 21 anmäla
610 716 33 21 för
655 716 140 29 jordegaren,

53 757 34 15 om
102 751 43 20 han
160 757 88 15 varsnar
264 751 72 28 öppna
352 751 77 21 ställen
444 751 7 20 i
466 751 93 28 hägnad.

120 785 220 28 Landtdagsmannen
358 785 92 21 Klami
470 785 107 21 instämde
593 785 7 20 i
615 785 124 22 Pelkonens
754 787 42 26 ytt-

52 820 67 21 rande
139 819 35 22 för
194 819 76 28 öfrigt,
290 826 50 15 men
356 820 68 27 ansäg
438 820 85 27 glesare
539 819 81 28 gärden
636 820 91 21 emellan
744 819 52 28 byar

53 855 53 28 göra
119 854 113 28 tillfyllest.
262 854 62 21 Inom
347 854 53 27 byar
422 854 46 21 åter
490 854 67 21 borde
579 854 83 27 hägnas
682 855 68 27 enligt
766 855 30 23 öf-

52 889 207 26 verenskommelse,
282 890 56 19 samt
360 890 32 19 att
413 889 29 27 pä
464 889 70 28 grund
556 889 24 20 af
597 889 110 20 urminnes
723 889 73 21 häfd
784 885 17 37 i

53 924 82 27 nägons
150 923 120 28 besittning
285 923 93 21 varande
395 929 52 22 egor
462 923 58 21 inom
536 930 82 14 annans
632 923 91 28 jordlott
741 924 56 27 jem-

52 958 35 21 väl
102 957 68 22 borde
185 957 24 21 af
221 957 156 22 innehafvaren
393 964 74 15 ensam
482 958 89 27 hägnas.

120 991 222 29 Landtdagsmannen
357 992 125 28 Hagman
497 992 52 22 ville
565 993 80 26 erinra,
655 993 31 20 att
699 992 96 28 proposi-

53 1027 84 26 tionen,
146 1033 46 14 som
200 1026 35 21 väl
244 1026 74 28 afsäge
331 1025 66 29 nägot
408 1026 62 28 godt,
480 1033 52 14 vore
545 1026 90 21 alldeles
650 1025 93 22 förfelad
757 1026 40 21 och

53 1061 103 28 olämplig
178 1061 7 20 i
207 1061 53 21 flere
282 1060 152 28 hänseenden,
456 1061 128 21 hvaribland
603 1060 84 21 talaren
702 1067 29 14 nu
745 1060 52 21 ville

53 1096 76 21 anföra
148 1096 70 21 såsom
239 1096 109 27 exempel,
367 1097 32 19 att
414 1096 26 21 23
456 1097 12 26 &
483 1095 108 29 upphäfde
615 1095 41 20 den
676 1096 12 20 3
704 1095 23 27 $,
742 1095 54 21 hvil-

53 1125 46 27 ken
118 1130 24 21 af
162 1130 84 21 talaren
264 1130 124 28 upplästes;
411 1129 140 22 förmodande
575 1129 81 21 talaren
677 1131 31 19 att
723 1129 6 21 i
746 1129 50 21 eko-

52 1164 176 27 nomiutskottet,
252 1165 30 20 dit
308 1165 161 28 propositionen
497 1165 86 21 komme
606 1165 32 20 att
660 1163 137 28 hänskjutas,

53 1199 78 21 funnes
147 1199 160 28 sakkunnigare
322 1205 115 22 personer,
453 1205 47 14 som
514 1198 73 21 kunde
603 1197 148 22 ästadkomma
767 1199 30 20 ett

53 1240 59 15 mera
128 1233 212 28 sammanhängande
355 1233 87 28 förslag.

121 1267 83 22 Härvid
226 1268 112 21 anmärkte
362 1268 160 26 sekreteraren,
537 1269 32 19 att
587 1267 96 21 talarens
697 1267 100 21 anmärk-

54 1303 53 28 ning
121 1302 62 22 torde
198 1302 58 21 hvila
271 1302 29 29 pä
315 1303 31 20 ett
361 1302 100 29 misstag,
477 1302 138 21 alldenstund
629 1301 83 22 talaren
724 1301 6 20 i
747 1302 50 20 stäl-

53 1337 31 21 let
99 1337 33 21 för
148 1338 12 19 3
177 1338 11 26 $
203 1337 7 20 i
226 1337 104 27 förslaget
344 1337 87 27 uppläst
454 1338 4 19 3
474 1343 63 14 mom.
552 1337 7 20 i
575 1337 126 20 motiverna.

121 1370 221 28 Landtdagsmannen
361 1370 126 28 Hagman
505 1370 90 28 medgaf
608 1371 31 19 att
654 1370 104 27 möjligen
774 1369 24 21 sä

54 1405 72 21 kunde
146 1412 62 20 vara,
228 1405 50 23 med
293 1405 116 27 förmälan,
425 1406 31 20 att
471 1405 43 21 han
529 1405 21 28 ej
567 1404 23 21 sä
605 1411 56 21 noga
677 1404 120 28 genomläst

54 1440 169 30 propositionen,
