975 1700
361 130 38 17 Den
411 130 22 18 23
446 130 34 18 okt.
729 124 40 22 149

116 189 64 22 Hvad
195 190 46 21 åter
256 189 135 22 vidkommer
406 190 170 21 forstväsendets
592 190 53 28 dyra
661 191 39 21 och
711 190 84 22 mindre

48 224 104 28 lämpliga
167 224 152 28 uppsättning,
335 224 60 21 delar
413 226 39 26 jag
467 225 42 20 den
524 224 100 28 mening,
640 232 46 14 som
702 226 93 27 troligen

48 260 24 19 är
87 258 55 21 blott
158 264 27 14 en
200 258 7 20 i
223 258 50 21 hela
287 258 85 27 landet;
395 265 51 15 men
461 258 101 21 deröfver
577 259 39 20 bör
631 259 101 21 klandret
747 259 48 21 icke

48 292 24 20 så
87 292 63 28 djupt
165 292 105 28 utgjutas.
292 292 51 20 Med
358 292 160 21 forstväsendet
533 292 85 28 tillgick
633 293 37 20 det
685 300 46 14 som
746 293 50 21 med

47 326 95 28 mången
166 333 71 14 annan
260 326 121 28 inrättning
401 326 7 20 i
427 326 81 21 landet.
537 326 138 22 Forststaten
690 327 83 28 tilltogs
788 328 21 24 i.

48 362 44 19 stor
116 360 39 21 och
171 360 39 28 dyr
226 360 60 21 skala
305 360 40 20 och
361 360 70 21 skulle
447 361 7 20 i
471 362 31 20 ett
517 368 29 14 nu
561 362 123 27 uppsättas,
699 362 96 22 besattes

48 395 49 21 med
113 397 57 25 män,
186 402 46 14 som
248 394 48 21 icke
311 401 52 14 voro
380 395 37 20 sitt
432 395 53 28 yrke
502 402 81 20 vuxne,
599 396 78 21 hvaraf
691 397 40 20 ock
746 397 49 28 följ-

48 429 41 21 den
109 429 80 26 blifvit,
210 430 32 19 att
262 429 78 28 någras
361 429 139 21 verksamhet
515 429 114 22 inskränkt
645 431 34 27 sig
694 431 33 20 till
742 433 53 20 nära

47 464 28 27 på
86 463 64 28 sagdt
163 463 56 21 blott
234 463 37 21 det
287 465 31 19 att
332 463 55 28 lyfta
402 464 47 20 sina
465 464 115 27 qvartaler,
596 465 38 20 allt
650 465 59 21 detta
725 467 23 19 är
759 467 36 20 nå-

48 499 44 27 got,
108 505 46 14 som
167 498 40 27 jag
223 499 45 19 tror
284 497 107 28 styrelsen
407 505 43 20 nog
465 498 83 21 erfarit.
579 498 45 21 Och
641 506 27 13 en
684 501 111 27 reorgani-

48 532 70 21 sation
138 532 34 20 till
192 533 31 20 ett
242 532 101 27 billigare
362 532 40 21 och
421 532 209 28 ändamålsenligare
646 533 149 23 forstväsende

48 568 23 20 är
86 566 35 22 väl
137 568 59 19 snart
211 568 32 19 att
258 566 107 21 förvänta.

115 600 140 22 Beträffande
276 601 47 21 åter
343 601 26 21 de
389 601 65 21 åboer
469 602 41 20 och
524 602 124 28 nybyggen,
665 610 45 14 som
726 604 69 22 finnas

47 636 59 21 inom
128 636 231 27 kronoallmänningar
382 636 39 20 och
437 636 86 28 skogar,
540 636 23 21 så
577 636 67 22 borde
661 637 61 22 desse
738 642 59 18 emot

48 670 58 21 skatt
116 670 41 21 och
172 671 63 20 ränta
250 670 33 21 till
298 670 84 20 kronan
398 670 22 21 fä
434 670 110 22 bibehälla
559 670 41 22 den
613 671 52 27 jord
680 672 26 21 de
722 673 75 22 bebott

48 705 40 21 och
104 704 136 28 upparbetat,
257 711 34 14 om
308 704 65 21 också
389 704 62 21 desse
467 705 104 27 antingen
587 712 78 21 genom
682 713 54 21 egen
752 715 44 14 me-

48 740 108 20 dellöshet
179 739 39 21 och
233 738 115 29 häglöshet
363 739 66 21 vällat
445 739 144 21 osäkerheten
605 740 7 20 i
628 740 33 21 sin
676 741 120 29 besittning

48 774 54 20 eller
117 773 43 21 den
175 773 133 21 förorsakats
324 780 79 20 genom
419 774 143 27 tjenstemäns
583 774 151 22 försummelse
750 777 46 20 deri

48 810 31 18 att
95 807 43 21 dei
150 808 52 20 flere
218 808 34 20 års
267 807 33 21 tid
314 807 95 21 förhalat
424 808 60 20 tiden
500 808 50 20 med
565 808 140 22 utfärdandet
721 811 23 20 af
756 811 40 21 im-

48 842 152 21 missionsbref
213 842 12 20 &
241 842 63 20 deras
320 841 157 28 ansökningar;
493 844 24 26 ty
531 842 119 28 ingalunda
665 844 39 21 har
714 845 35 21 väl
760 846 37 20 nä-

48 884 43 21 gon
113 876 73 21 bosatt
208 876 34 28 sig
262 876 12 21 &
294 876 95 21 kronans
409 876 62 21 mark
490 876 40 21 och
549 876 37 22 der
601 877 72 28 börjat
688 879 109 29 nedlägga

48 912 37 20 sitt
101 911 75 21 arbete
191 913 53 19 utan
260 912 32 20 att
307 910 24 21 af
343 912 109 20 närmaste
467 911 186 29 kronobetjening
668 912 72 22 dertill
750 914 47 22 haft

48 946 66 28 nägot
129 946 61 21 löfte.

115 980 222 29 Landtdagsmannen
361 974 118 34 Östring
502 980 114 28 genmälde
640 981 33 21 till
693 982 36 21 det
750 990 45 14 som

48 1016 73 20 Klami
136 1016 7 20 i
159 1015 67 21 saken
242 1015 68 27 ordat,
327 1016 31 19 att
376 1015 84 21 talaren
479 1015 50 21 med
544 1016 38 20 sitt
597 1016 82 28 afgifna
695 1018 100 26 yttrande

48 1050 47 21 icke
116 1050 66 21 afsett
201 1051 32 19 att
253 1049 53 29 gilla
326 1049 37 21 det
383 1050 59 20 förra
458 1051 104 26 systemet
578 1052 32 18 att
624 1050 64 22 locka
703 1052 46 20 folk
764 1054 32 19 att

47 1085 86 20 bosätta
149 1084 33 27 sig
198 1084 12 20 &
225 1084 161 27 kronoskogen,
402 1085 27 19 än
445 1083 84 21 mindre
544 1084 58 20 velat
617 1084 88 22 förorda
724 1086 71 28 nägon

48 1119 106 28 återgång
177 1118 32 21 till
231 1118 120 21 detsamma
372 1118 54 20 eller
441 1118 98 21 försvara
554 1118 36 21 det
606 1119 112 28 hastande,
733 1120 63 21 hvar-

48 1153 50 20 med
112 1160 51 13 man
178 1159 30 14 nu
222 1152 52 21 ville
290 1152 69 21 drifva
375 1152 72 21 denna
461 1152 129 29 befolkning
609 1153 48 21 från
676 1154 120 22 kronosko-

48 1194 67 21 garne
131 1187 53 20 eller
200 1187 75 28 tvinga
290 1186 50 21 dem
356 1187 33 20 till
403 1187 69 20 krono
488 1189 97 26 torpare;
604 1188 40 20 och
660 1189 68 27 ansäg
743 1190 54 21 tala-

48 1229 46 20 ren,
106 1229 46 14 som
167 1221 108 21 instämde
286 1221 50 21 med
351 1221 57 21 Keto
424 1229 35 13 om
474 1221 139 22 forststatens
628 1223 169 28 nödvändighet,

49 1258 71 18 staten
130 1263 52 14 vara
193 1256 47 20 icke
252 1256 92 20 allenast
355 1255 86 28 skyldig
457 1257 31 19 att
504 1258 51 26 taga
566 1254 56 22 värd
638 1263 35 14 om
689 1257 108 28 skogarna

49 1290 40 21 och
111 1290 103 20 befordra
234 1289 62 21 deras
316 1289 93 27 tillväxt,
430 1291 52 19 utan
502 1290 42 20 ock
562 1289 71 21 dertill
650 1298 60 13 mera
726 1292 71 27 egnad

49 1326 27 18 än
92 1324 41 20 den
150 1324 110 26 enskilde;
283 1330 50 14 men
354 1323 75 20 trodde
451 1324 97 20 deremot
563 1324 41 20 den
622 1324 97 20 enskilde
736 1326 61 20 alltid

48 1358 51 20 med
114 1359 70 19 större
200 1357 68 21 fördel
284 1357 74 20 kunna
373 1357 146 27 tillgodogöra
534 1357 33 27 sig
586 1357 147 27 produkterne
749 1359 48 20 från

49 1392 92 27 skogen;
162 1391 100 21 hvarföre
283 1390 84 22 talaren
389 1390 92 28 ogillade
500 1390 26 22 de
542 1390 24 21 af
580 1391 107 27 styrelsen
702 1392 36 20 vid
753 1392 44 20 för-

49 1426 96 29 säljning
165 1425 23 22 af
205 1426 86 21 stockar
311 1425 122 22 fastställda
452 1425 58 29 höga
529 1425 85 21 minimi
632 1426 77 29 priser,
723 1426 74 24 hvilka
