973 1703
205 135 40 21 152
489 142 38 16 Den
539 140 22 18 23
573 141 36 17 okt.

176 202 61 19 mänt
256 199 84 27 bifölls,
356 200 23 21 så
400 200 69 20 skulle
490 200 122 28 petitionen
628 201 69 27 jemte
721 200 78 28 utdrag
814 200 25 21 af
852 202 72 26 proto-

176 234 69 21 kollet
267 234 62 21 öfver
351 234 139 22 förestående
512 232 122 23 diskussion
654 234 33 22 till
711 235 67 28 sagda
793 234 83 22 utskott
891 242 33 14 re-

177 265 105 37 mitteras.
593 299 7 3 N

245 337 222 28 Landtdagsmannen
478 338 186 29 Warpenius',
676 339 13 20 &
699 338 126 21 Orimattila
836 339 89 21 sockne-

178 373 61 20 mäns
255 373 82 27 vägnar
352 379 79 20 genom
447 372 93 28 ingifvet
558 373 292 28 socknestämmoprotokoll,
861 373 63 21 fram-

179 406 78 21 ställda
278 406 189 29 petitionsförslag
489 407 152 20 remitterades
663 407 33 20 till
716 407 96 21 ständets
828 407 99 22 enskilda

178 436 179 37 besvärsutskott,
483 454 7 3 -

247 509 222 28 Landtdagsmannen
489 510 225 28 Kumpulainens
733 510 119 27 bordlagda
872 510 55 28 peti-

179 544 151 28 tionsförslag,
353 544 113 28 angäende
488 545 131 28 försäljning
634 545 24 20 af
670 545 185 26 kronoboställen,
870 545 58 21 före-

180 578 65 29 drogs
260 578 103 21 härefter.

247 613 223 28 Landtdagsmannen
486 606 118 35 Östring
619 613 52 21 fann
685 613 104 28 förslaget
803 613 49 21 icke
867 613 62 22 stöda

181 647 32 28 sig
229 647 13 21 å
257 647 72 28 någon
345 648 98 28 antaglig
457 648 229 21 nationalekonomisk
701 648 116 28 grundsats
828 649 56 20 samt
894 655 34 21 yr-

180 681 56 21 kade
251 681 94 28 derföre,
361 682 40 21 och
420 682 92 22 emedan
527 682 42 21 den
584 682 119 28 inflytande
719 682 187 28 köpeskillingen,
921 683 7 21 i

181 716 82 20 saknad
277 716 25 20 af
319 717 102 27 ansvarig
440 716 167 22 finanskontroll
630 717 159 28 äfventyrades,
805 718 32 20 att
852 717 76 21 försla-

180 752 37 26 get
232 750 67 22 borde
314 750 119 29 förkastas;
448 751 95 21 hvarhos
558 752 83 20 talaren
658 752 119 26 anmärkte,
789 753 31 19 att
836 758 35 14 om
887 752 41 20 den

180 785 125 30 föreslagna
325 785 159 29 försäljningen
501 786 70 21 skulle
587 786 59 21 skett
661 786 34 21 för
711 786 30 21 tio
758 786 53 21 eller
827 786 63 28 tjugu
906 786 23 22 år

181 820 72 26 sedan,
264 820 95 28 mången
369 820 67 21 redan
451 828 30 13 nu
498 820 69 22 skulle
582 820 102 21 klandrat
699 820 42 22 den
757 821 71 20 såsom
844 828 27 14 en
885 822 44 20 stor

181 854 100 28 dårskap.
310 854 44 21 För
375 854 67 29 öfrigt
461 855 52 21 ville
528 855 85 21 talaren
627 855 64 21 hafva
707 855 103 27 erinradt,
826 855 103 22 hurusom

181 888 36 21 det
232 895 51 15 vore
300 895 27 15 en
342 888 59 22 känd
415 889 46 27 sak,
475 890 32 20 att
523 890 64 21 äfven
603 889 41 21 den
660 889 35 21 del
709 890 24 20 af
746 889 113 29 Englands
872 890 57 28 jord,

182 930 46 14 som
243 923 132 21 förvaltades
391 931 79 21 genom
486 924 159 27 arrendatorer,
661 930 51 15 vore
727 924 97 21 utmärkt
834 924 36 21 väl
879 925 50 21 bru-

182 957 49 27 kad,
254 958 40 20 och
317 960 37 24 att,
378 960 53 19 enär
453 959 44 21 alla
516 959 48 21 icke
581 958 54 28 egde
650 958 77 29 nödigt
741 959 83 28 kapital
840 961 32 19 att
887 960 43 20 till-

181 992 80 20 handla
277 992 33 28 sig
323 992 56 28 jord,
395 993 37 20 det
446 1000 52 14 vore
513 994 92 27 lyckligt
620 994 32 20 att
667 993 62 21 desse
745 993 85 21 mindre
843 994 87 21 bemed-

182 1025 56 28 lade,
261 1033 79 20 genom
363 1027 102 21 tillvaron
484 1027 24 21 af
528 1027 165 28 ifrågavarande
709 1027 115 27 boställen,
840 1029 68 20 sattes
924 1029 7 19 i

182 1060 87 21 tillfälle
285 1062 32 19 att
331 1061 22 20 få
368 1061 118 22 arrendera
502 1062 33 28 sig
547 1061 161 28 jordlägenhet.

250 1095 222 28 Landtdagsmannen
480 1096 146 21 Pelkonen
637 1096 114 27 förmälde,
759 1098 32 19 att
800 1097 69 27 enligt
877 1097 54 20 hans

183 1129 124 21 erfarenhet
328 1129 165 28 ifrägavarande
504 1130 117 24 boställen
637 1130 33 21 för
685 1131 36 20 det
736 1132 69 19 mesta
820 1137 52 14 voro
888 1131 43 20 för-

183 1163 68 20 fallna
267 1163 39 21 och
322 1164 143 26 vanhäfdade,
481 1166 56 19 samt
552 1165 32 20 att
603 1164 59 21 detta
680 1165 147 26 förhällande,
843 1165 89 20 oaktadt

183 1197 37 21 det
235 1197 92 28 myckna
343 1198 77 21 besvär
442 1199 177 27 tjenstemännen
635 1198 56 21 hade
709 1198 34 21 för
759 1206 65 20 syner
839 1199 40 21 och
894 1199 37 21 be-

184 1231 121 27 sigtningar
326 1232 13 20 &
359 1232 48 20 dem
430 1232 49 21 icke
495 1234 74 26 syntes
584 1232 74 21 kunna
673 1232 153 26 förekommas,
842 1240 34 13 om
892 1233 40 21 ock

184 1264 153 21 arrendetiden
359 1265 133 21 utsträcktes
515 1266 34 20 till
571 1266 108 27 tjugufem
701 1266 24 20 år
749 1266 52 20 eller
822 1266 109 27 deröfver;

183 1298 108 27 hvarföre,
301 1299 40 20 och
356 1306 46 14 som
417 1306 80 21 genom
513 1300 64 20 dessa
591 1300 118 20 boställens
725 1299 134 29 försäljande
874 1307 58 21 myc-

183 1333 38 21 ket
241 1333 55 21 bräk
315 1333 40 21 och
373 1334 80 28 mänga
468 1334 139 28 tvistigheter
622 1334 111 22 undvekes
749 1336 56 20 samt
820 1334 67 29 sagda
902 1334 30 22 lä-

184 1367 105 28 genheter
310 1368 24 21 af
351 1368 48 21 sina
417 1369 111 21 blifvande
549 1375 65 22 egare
629 1368 72 22 blefve
717 1369 71 21 bättre
804 1369 73 22 skötta
892 1369 40 22 och

184 1403 84 20 säledes
292 1409 59 14 mera
374 1403 33 21 till
429 1403 86 22 landets
531 1403 76 28 fördel,
623 1404 84 21 talaren
723 1405 67 27 ansäg
805 1404 34 28 sig
857 1404 7 21 i
878 1406 54 20 mot-

184 1439 44 20 sats
243 1439 46 20 mot
305 1431 90 35 Östring
418 1439 54 22 böra
494 1438 142 29 understödja
651 1439 128 28 petitionen.
809 1439 123 22 Erinrande
