<?xml version="1.0" encoding="UTF-8"?>
<alto xmlns="http://www.loc.gov/standards/alto/ns-v3#" xmlns:xlink="http://www.w3.org/1999/xlink" xmlns:xsi="http://www.w3.org/2001/XMLSchema-instance" xsi:schemaLocation="http://www.loc.gov/standards/alto/ns-v3# http://www.loc.gov/alto/v3/alto-3-0.xsd">
	<Description>
		<MeasurementUnit>pixel</MeasurementUnit>
		<sourceImageInformation>
			<fileName>/tmp/tess_up90o7w1_input.PNG</fileName>
		</sourceImageInformation>
		<OCRProcessing ID="OCR_0">
			<ocrProcessingStep>
				<processingSoftware>
					<softwareName>tesseract 5.3.4</softwareName>
				</processingSoftware>
			</ocrProcessingStep>
		</OCRProcessing>
	</Description>
	<Layout>
		<Page WIDTH="964" HEIGHT="1703" PHYSICAL_IMG_NR="0" ID="page_0">
			<PrintSpace HPOS="0" VPOS="0" WIDTH="964" HEIGHT="1703">
				<ComposedBlock ID="cblock_0" HPOS="353" VPOS="125" WIDTH="400" HEIGHT="22">
					<TextBlock ID="block_0" HPOS="353" VPOS="125" WIDTH="400" HEIGHT="22">
						<TextLine ID="line_0" HPOS="353" VPOS="125" WIDTH="400" HEIGHT="22">
							<String ID="string_0" HPOS="353" VPOS="131" WIDTH="36" HEIGHT="16" WC="0.96" CONTENT="Den"/><SP WIDTH="14" VPOS="131" HPOS="389"/>
							<String ID="string_1" HPOS="403" VPOS="130" WIDTH="20" HEIGHT="16" WC="0.96" CONTENT="12"/><SP WIDTH="14" VPOS="130" HPOS="423"/>
							<String ID="string_2" HPOS="437" VPOS="131" WIDTH="33" HEIGHT="16" WC="0.85" CONTENT="okt."/><SP WIDTH="257" VPOS="131" HPOS="470"/>
							<String ID="string_3" HPOS="727" VPOS="125" WIDTH="26" HEIGHT="19" WC="0.97" CONTENT="69"/>
						</TextLine>
					</TextBlock>
				</ComposedBlock>
				<ComposedBlock ID="cblock_1" HPOS="39" VPOS="188" WIDTH="742" HEIGHT="91">
					<TextBlock ID="block_1" HPOS="39" VPOS="188" WIDTH="742" HEIGHT="91">
						<TextLine ID="line_1" HPOS="106" VPOS="188" WIDTH="675" HEIGHT="29">
							<String ID="string_4" HPOS="106" VPOS="188" WIDTH="198" HEIGHT="27" WC="0.68" CONTENT="Besvärsskrifton,"/><SP WIDTH="16" VPOS="188" HPOS="304"/>
							<String ID="string_5" HPOS="320" VPOS="189" WIDTH="102" HEIGHT="21" WC="0.96" CONTENT="författad"/><SP WIDTH="16" VPOS="189" HPOS="422"/>
							<String ID="string_6" HPOS="438" VPOS="190" WIDTH="27" HEIGHT="27" WC="0.96" CONTENT="pä"/><SP WIDTH="16" VPOS="190" HPOS="465"/>
							<String ID="string_7" HPOS="481" VPOS="190" WIDTH="91" HEIGHT="21" WC="0.93" CONTENT="svenska"/><SP WIDTH="22" VPOS="190" HPOS="572"/>
							<String ID="string_8" HPOS="594" VPOS="190" WIDTH="97" HEIGHT="27" WC="0.71" CONTENT="språket,"/><SP WIDTH="15" VPOS="190" HPOS="691"/>
							<String ID="string_9" HPOS="706" VPOS="190" WIDTH="75" HEIGHT="27" WC="0.93" CONTENT="upplä-"/>
						</TextLine>
						<TextLine ID="line_2" HPOS="39" VPOS="223" WIDTH="742" HEIGHT="28">
							<String ID="string_10" HPOS="39" VPOS="225" WIDTH="53" HEIGHT="24" WC="0.91" CONTENT="stes;"/><SP WIDTH="16" VPOS="225" HPOS="92"/>
							<String ID="string_11" HPOS="108" VPOS="223" WIDTH="52" HEIGHT="20" WC="0.92" CONTENT="derä"/><SP WIDTH="14" VPOS="223" HPOS="160"/>
							<String ID="string_12" HPOS="174" VPOS="223" WIDTH="90" HEIGHT="20" WC="0.93" CONTENT="ärendet"/><SP WIDTH="15" VPOS="223" HPOS="264"/>
							<String ID="string_13" HPOS="279" VPOS="223" WIDTH="110" HEIGHT="21" WC="0.85" CONTENT="lemnades"/><SP WIDTH="15" VPOS="223" HPOS="389"/>
							<String ID="string_14" HPOS="404" VPOS="223" WIDTH="107" HEIGHT="22" WC="0.96" CONTENT="beroende"/><SP WIDTH="15" VPOS="223" HPOS="511"/>
							<String ID="string_15" HPOS="526" VPOS="225" WIDTH="33" HEIGHT="20" WC="0.96" CONTENT="till"/><SP WIDTH="16" VPOS="225" HPOS="559"/>
							<String ID="string_16" HPOS="575" VPOS="231" WIDTH="71" HEIGHT="13" WC="0.96" CONTENT="annan"/><SP WIDTH="11" VPOS="231" HPOS="646"/>
							<String ID="string_17" HPOS="657" VPOS="224" WIDTH="51" HEIGHT="27" WC="0.93" CONTENT="dag,"/><SP WIDTH="11" VPOS="224" HPOS="708"/>
							<String ID="string_18" HPOS="719" VPOS="224" WIDTH="62" HEIGHT="21" WC="0.90" CONTENT="hvar-"/>
						</TextLine>
						<TextLine ID="line_3" HPOS="39" VPOS="257" WIDTH="505" HEIGHT="22">
							<String ID="string_19" HPOS="39" VPOS="257" WIDTH="32" HEIGHT="20" WC="0.93" CONTENT="till"/><SP WIDTH="16" VPOS="257" HPOS="71"/>
							<String ID="string_20" HPOS="87" VPOS="257" WIDTH="92" HEIGHT="20" WC="0.92" CONTENT="skriften"/><SP WIDTH="15" VPOS="257" HPOS="179"/>
							<String ID="string_21" HPOS="194" VPOS="257" WIDTH="67" HEIGHT="21" WC="0.96" CONTENT="borde"/><SP WIDTH="15" VPOS="257" HPOS="261"/>
							<String ID="string_22" HPOS="276" VPOS="258" WIDTH="34" HEIGHT="20" WC="0.96" CONTENT="till"/><SP WIDTH="15" VPOS="258" HPOS="310"/>
							<String ID="string_23" HPOS="325" VPOS="257" WIDTH="70" HEIGHT="22" WC="0.92" CONTENT="finska"/><SP WIDTH="14" VPOS="257" HPOS="395"/>
							<String ID="string_24" HPOS="409" VPOS="257" WIDTH="135" HEIGHT="22" WC="0.92" CONTENT="öfversättas."/>
						</TextLine>
					</TextBlock>
				</ComposedBlock>
				<GraphicalElement ID="cblock_2" HPOS="361" VPOS="299" WIDTH="98" HEIGHT="2"></GraphicalElement >
				<ComposedBlock ID="cblock_3" HPOS="36" VPOS="325" WIDTH="750" HEIGHT="1124">
					<TextBlock ID="block_2" HPOS="37" VPOS="325" WIDTH="745" HEIGHT="267">
						<TextLine ID="line_4" HPOS="106" VPOS="325" WIDTH="675" HEIGHT="29">
							<String ID="string_25" HPOS="106" VPOS="325" WIDTH="149" HEIGHT="21" WC="0.92" CONTENT="Talemannen"/><SP WIDTH="15" VPOS="325" HPOS="255"/>
							<String ID="string_26" HPOS="270" VPOS="325" WIDTH="62" HEIGHT="27" WC="0.92" CONTENT="ingaf"/><SP WIDTH="14" VPOS="325" HPOS="332"/>
							<String ID="string_27" HPOS="346" VPOS="325" WIDTH="77" HEIGHT="28" WC="0.91" CONTENT="utdrag"/><SP WIDTH="10" VPOS="325" HPOS="423"/>
							<String ID="string_28" HPOS="433" VPOS="326" WIDTH="24" HEIGHT="20" WC="0.93" CONTENT="af"/><SP WIDTH="12" VPOS="326" HPOS="457"/>
							<String ID="string_29" HPOS="469" VPOS="326" WIDTH="131" HEIGHT="28" WC="0.92" CONTENT="protokollet"/><SP WIDTH="10" VPOS="326" HPOS="600"/>
							<String ID="string_30" HPOS="610" VPOS="325" WIDTH="58" HEIGHT="21" WC="0.92" CONTENT="fördt"/><SP WIDTH="10" VPOS="325" HPOS="668"/>
							<String ID="string_31" HPOS="678" VPOS="326" WIDTH="13" HEIGHT="21" WC="0.92" CONTENT="&amp;"/><SP WIDTH="10" VPOS="326" HPOS="691"/>
							<String ID="string_32" HPOS="701" VPOS="327" WIDTH="80" HEIGHT="19" WC="0.96" CONTENT="allmän"/>
						</TextLine>
						<TextLine ID="line_5" HPOS="39" VPOS="359" WIDTH="742" HEIGHT="29">
							<String ID="string_33" HPOS="39" VPOS="360" WIDTH="91" HEIGHT="19" WC="0.91" CONTENT="stämma"/><SP WIDTH="10" VPOS="360" HPOS="130"/>
							<String ID="string_34" HPOS="140" VPOS="359" WIDTH="7" HEIGHT="20" WC="0.96" CONTENT="i"/><SP WIDTH="10" VPOS="359" HPOS="147"/>
							<String ID="string_35" HPOS="157" VPOS="359" WIDTH="101" HEIGHT="21" WC="0.95" CONTENT="Parkano"/><SP WIDTH="16" VPOS="359" HPOS="258"/>
							<String ID="string_36" HPOS="274" VPOS="360" WIDTH="129" HEIGHT="27" WC="0.96" CONTENT="församling"/><SP WIDTH="15" VPOS="360" HPOS="403"/>
							<String ID="string_37" HPOS="418" VPOS="359" WIDTH="42" HEIGHT="21" WC="0.96" CONTENT="den"/><SP WIDTH="16" VPOS="359" HPOS="460"/>
							<String ID="string_38" HPOS="476" VPOS="361" WIDTH="12" HEIGHT="19" WC="0.92" CONTENT="6"/><SP WIDTH="16" VPOS="361" HPOS="488"/>
							<String ID="string_39" HPOS="504" VPOS="360" WIDTH="132" HEIGHT="20" WC="0.92" CONTENT="sistförlidne"/><SP WIDTH="16" VPOS="360" HPOS="636"/>
							<String ID="string_40" HPOS="652" VPOS="360" WIDTH="129" HEIGHT="28" WC="0.96" CONTENT="september,"/>
						</TextLine>
						<TextLine ID="line_6" HPOS="38" VPOS="393" WIDTH="744" HEIGHT="29">
							<String ID="string_41" HPOS="38" VPOS="393" WIDTH="152" HEIGHT="21" WC="0.95" CONTENT="innehållande"/><SP WIDTH="24" VPOS="393" HPOS="190"/>
							<String ID="string_42" HPOS="214" VPOS="395" WIDTH="34" HEIGHT="19" WC="0.91" CONTENT="att"/><SP WIDTH="21" VPOS="395" HPOS="248"/>
							<String ID="string_43" HPOS="269" VPOS="394" WIDTH="158" HEIGHT="20" WC="0.96" CONTENT="bondeståndet"/><SP WIDTH="22" VPOS="394" HPOS="427"/>
							<String ID="string_44" HPOS="449" VPOS="394" WIDTH="66" HEIGHT="21" WC="0.96" CONTENT="måtte"/><SP WIDTH="23" VPOS="394" HPOS="515"/>
							<String ID="string_45" HPOS="538" VPOS="394" WIDTH="27" HEIGHT="28" WC="0.93" CONTENT="pä"/><SP WIDTH="26" VPOS="394" HPOS="565"/>
							<String ID="string_46" HPOS="591" VPOS="394" WIDTH="130" HEIGHT="28" WC="0.35" CONTENT="besvärsväg"/><SP WIDTH="21" VPOS="394" HPOS="721"/>
							<String ID="string_47" HPOS="742" VPOS="394" WIDTH="40" HEIGHT="20" WC="0.96" CONTENT="hos"/>
						</TextLine>
						<TextLine ID="line_7" HPOS="39" VPOS="427" WIDTH="743" HEIGHT="29">
							<String ID="string_48" HPOS="39" VPOS="427" WIDTH="27" HEIGHT="21" WC="0.96" CONTENT="H."/><SP WIDTH="16" VPOS="427" HPOS="66"/>
							<String ID="string_49" HPOS="82" VPOS="427" WIDTH="27" HEIGHT="21" WC="0.93" CONTENT="K."/><SP WIDTH="16" VPOS="427" HPOS="109"/>
							<String ID="string_50" HPOS="125" VPOS="427" WIDTH="41" HEIGHT="21" WC="0.96" CONTENT="M:t"/><SP WIDTH="14" VPOS="427" HPOS="166"/>
							<String ID="string_51" HPOS="180" VPOS="428" WIDTH="7" HEIGHT="20" WC="0.93" CONTENT="i"/><SP WIDTH="16" VPOS="428" HPOS="187"/>
							<String ID="string_52" HPOS="203" VPOS="428" WIDTH="174" HEIGHT="27" WC="0.92" CONTENT="underdänighet"/><SP WIDTH="22" VPOS="428" HPOS="377"/>
							<String ID="string_53" HPOS="399" VPOS="428" WIDTH="82" HEIGHT="21" WC="0.96" CONTENT="ansöka"/><SP WIDTH="18" VPOS="428" HPOS="481"/>
							<String ID="string_54" HPOS="499" VPOS="428" WIDTH="64" HEIGHT="21" WC="0.96" CONTENT="bland"/><SP WIDTH="16" VPOS="428" HPOS="563"/>
							<String ID="string_55" HPOS="579" VPOS="430" WIDTH="66" HEIGHT="18" WC="0.96" CONTENT="annat"/><SP WIDTH="15" VPOS="430" HPOS="645"/>
							<String ID="string_56" HPOS="660" VPOS="430" WIDTH="31" HEIGHT="19" WC="0.93" CONTENT="att"/><SP WIDTH="15" VPOS="430" HPOS="691"/>
							<String ID="string_57" HPOS="706" VPOS="428" WIDTH="76" HEIGHT="28" WC="0.96" CONTENT="åtgärd"/>
						</TextLine>
						<TextLine ID="line_8" HPOS="38" VPOS="462" WIDTH="743" HEIGHT="28">
							<String ID="string_58" HPOS="38" VPOS="462" WIDTH="73" HEIGHT="20" WC="0.93" CONTENT="kunde"/><SP WIDTH="23" VPOS="462" HPOS="111"/>
							<String ID="string_59" HPOS="134" VPOS="462" WIDTH="98" HEIGHT="28" WC="0.93" CONTENT="vidtagas"/><SP WIDTH="22" VPOS="462" HPOS="232"/>
							<String ID="string_60" HPOS="254" VPOS="462" WIDTH="34" HEIGHT="21" WC="0.93" CONTENT="till"/><SP WIDTH="15" VPOS="462" HPOS="288"/>
							<String ID="string_61" HPOS="303" VPOS="462" WIDTH="150" HEIGHT="22" WC="0.92" CONTENT="förbättrande"/><SP WIDTH="16" VPOS="462" HPOS="453"/>
							<String ID="string_62" HPOS="469" VPOS="462" WIDTH="24" HEIGHT="21" WC="0.96" CONTENT="af"/><SP WIDTH="18" VPOS="462" HPOS="493"/>
							<String ID="string_63" HPOS="511" VPOS="462" WIDTH="41" HEIGHT="21" WC="0.93" CONTENT="den"/><SP WIDTH="16" VPOS="462" HPOS="552"/>
							<String ID="string_64" HPOS="568" VPOS="462" WIDTH="62" HEIGHT="21" WC="0.93" CONTENT="svära"/><SP WIDTH="14" VPOS="462" HPOS="630"/>
							<String ID="string_65" HPOS="644" VPOS="462" WIDTH="137" HEIGHT="28" WC="0.92" CONTENT="belägenhet,"/>
						</TextLine>
						<TextLine ID="line_9" HPOS="38" VPOS="496" WIDTH="744" HEIGHT="29">
							<String ID="string_66" HPOS="38" VPOS="496" WIDTH="60" HEIGHT="21" WC="0.92" CONTENT="hvari"/><SP WIDTH="16" VPOS="496" HPOS="98"/>
							<String ID="string_67" HPOS="114" VPOS="496" WIDTH="42" HEIGHT="20" WC="0.93" CONTENT="den"/><SP WIDTH="16" VPOS="496" HPOS="156"/>
							<String ID="string_68" HPOS="172" VPOS="497" WIDTH="12" HEIGHT="20" WC="0.91" CONTENT="&amp;"/><SP WIDTH="14" VPOS="497" HPOS="184"/>
							<String ID="string_69" HPOS="198" VPOS="496" WIDTH="68" HEIGHT="21" WC="0.92" CONTENT="krono"/><SP WIDTH="17" VPOS="496" HPOS="266"/>
							<String ID="string_70" HPOS="283" VPOS="496" WIDTH="225" HEIGHT="29" WC="0.92" CONTENT="öfverloppsjordarne"/><SP WIDTH="16" VPOS="496" HPOS="508"/>
							<String ID="string_71" HPOS="524" VPOS="497" WIDTH="6" HEIGHT="20" WC="0.93" CONTENT="i"/><SP WIDTH="16" VPOS="497" HPOS="530"/>
							<String ID="string_72" HPOS="546" VPOS="496" WIDTH="79" HEIGHT="27" WC="0.93" CONTENT="Ikalis,"/><SP WIDTH="11" VPOS="496" HPOS="625"/>
							<String ID="string_73" HPOS="636" VPOS="497" WIDTH="96" HEIGHT="21" WC="0.96" CONTENT="Ruovesi"/><SP WIDTH="10" VPOS="497" HPOS="732"/>
							<String ID="string_74" HPOS="742" VPOS="497" WIDTH="40" HEIGHT="20" WC="0.96" CONTENT="och"/>
						</TextLine>
						<TextLine ID="line_10" HPOS="37" VPOS="530" WIDTH="745" HEIGHT="28">
							<String ID="string_75" HPOS="37" VPOS="530" WIDTH="150" HEIGHT="28" WC="0.92" CONTENT="Kankaanpää"/><SP WIDTH="15" VPOS="530" HPOS="187"/>
							<String ID="string_76" HPOS="202" VPOS="531" WIDTH="91" HEIGHT="21" WC="0.92" CONTENT="socknar"/><SP WIDTH="15" VPOS="531" HPOS="293"/>
							<String ID="string_77" HPOS="308" VPOS="531" WIDTH="85" HEIGHT="21" WC="0.92" CONTENT="bosatta"/><SP WIDTH="14" VPOS="531" HPOS="393"/>
							<String ID="string_78" HPOS="407" VPOS="531" WIDTH="128" HEIGHT="27" WC="0.92" CONTENT="befolkning"/><SP WIDTH="13" VPOS="531" HPOS="535"/>
							<String ID="string_79" HPOS="548" VPOS="531" WIDTH="71" HEIGHT="26" WC="0.93" CONTENT="räkat,"/><SP WIDTH="19" VPOS="531" HPOS="619"/>
							<String ID="string_80" HPOS="638" VPOS="531" WIDTH="65" HEIGHT="21" WC="0.93" CONTENT="sedan"/><SP WIDTH="16" VPOS="531" HPOS="703"/>
							<String ID="string_81" HPOS="719" VPOS="531" WIDTH="63" HEIGHT="20" WC="0.93" CONTENT="forst-"/>
						</TextLine>
						<TextLine ID="line_11" HPOS="39" VPOS="564" WIDTH="552" HEIGHT="28">
							<String ID="string_82" HPOS="39" VPOS="566" WIDTH="70" HEIGHT="19" WC="0.93" CONTENT="staten"/><SP WIDTH="17" VPOS="566" HPOS="109"/>
							<String ID="string_83" HPOS="126" VPOS="564" WIDTH="117" HEIGHT="28" WC="0.89" CONTENT="öfvertagit"/><SP WIDTH="15" VPOS="564" HPOS="243"/>
							<String ID="string_84" HPOS="258" VPOS="564" WIDTH="80" HEIGHT="22" WC="0.93" CONTENT="värden"/><SP WIDTH="16" VPOS="564" HPOS="338"/>
							<String ID="string_85" HPOS="354" VPOS="572" WIDTH="35" HEIGHT="14" WC="0.93" CONTENT="om"/><SP WIDTH="16" VPOS="572" HPOS="389"/>
							<String ID="string_86" HPOS="405" VPOS="565" WIDTH="92" HEIGHT="21" WC="0.92" CONTENT="nämnde"/><SP WIDTH="12" VPOS="565" HPOS="497"/>
							<String ID="string_87" HPOS="509" VPOS="565" WIDTH="82" HEIGHT="27" WC="0.93" CONTENT="jordar."/>
						</TextLine>
					</TextBlock>
					<TextBlock ID="block_3" HPOS="36" VPOS="598" WIDTH="747" HEIGHT="578">
						<TextLine ID="line_12" HPOS="105" VPOS="598" WIDTH="677" HEIGHT="30">
							<String ID="string_88" HPOS="105" VPOS="598" WIDTH="72" HEIGHT="29" WC="0.92" CONTENT="Sagda"/><SP WIDTH="10" VPOS="598" HPOS="177"/>
							<String ID="string_89" HPOS="187" VPOS="599" WIDTH="198" HEIGHT="29" WC="0.89" CONTENT="protokollsutdrag"/><SP WIDTH="14" VPOS="599" HPOS="385"/>
							<String ID="string_90" HPOS="399" VPOS="600" WIDTH="120" HEIGHT="28" WC="0.92" CONTENT="upplästes,"/><SP WIDTH="12" VPOS="600" HPOS="519"/>
							<String ID="string_91" HPOS="531" VPOS="599" WIDTH="51" HEIGHT="21" WC="0.93" CONTENT="derä"/><SP WIDTH="15" VPOS="599" HPOS="582"/>
							<String ID="string_92" HPOS="597" VPOS="600" WIDTH="138" HEIGHT="20" WC="0.92" CONTENT="talemannen"/><SP WIDTH="11" VPOS="600" HPOS="735"/>
							<String ID="string_93" HPOS="746" VPOS="599" WIDTH="36" HEIGHT="20" WC="0.85" CONTENT="be-"/>
						</TextLine>
						<TextLine ID="line_13" HPOS="37" VPOS="633" WIDTH="744" HEIGHT="28">
							<String ID="string_94" HPOS="37" VPOS="633" WIDTH="67" HEIGHT="28" WC="0.92" CONTENT="gärde"/><SP WIDTH="16" VPOS="633" HPOS="104"/>
							<String ID="string_95" HPOS="120" VPOS="634" WIDTH="61" HEIGHT="20" WC="0.92" CONTENT="ordet"/><SP WIDTH="15" VPOS="634" HPOS="181"/>
							<String ID="string_96" HPOS="196" VPOS="634" WIDTH="40" HEIGHT="20" WC="0.93" CONTENT="och"/><SP WIDTH="16" VPOS="634" HPOS="236"/>
							<String ID="string_97" HPOS="252" VPOS="634" WIDTH="74" HEIGHT="20" WC="0.91" CONTENT="anhöll"/><SP WIDTH="14" VPOS="634" HPOS="326"/>
							<String ID="string_98" HPOS="340" VPOS="634" WIDTH="28" HEIGHT="26" WC="0.96" CONTENT="pä"/><SP WIDTH="15" VPOS="634" HPOS="368"/>
							<String ID="string_99" HPOS="383" VPOS="634" WIDTH="70" HEIGHT="27" WC="0.96" CONTENT="grund"/><SP WIDTH="15" VPOS="634" HPOS="453"/>
							<String ID="string_100" HPOS="468" VPOS="634" WIDTH="24" HEIGHT="20" WC="0.96" CONTENT="af"/><SP WIDTH="12" VPOS="634" HPOS="492"/>
							<String ID="string_101" HPOS="504" VPOS="634" WIDTH="80" HEIGHT="20" WC="0.91" CONTENT="honom"/><SP WIDTH="15" VPOS="634" HPOS="584"/>
							<String ID="string_102" HPOS="599" VPOS="634" WIDTH="69" HEIGHT="27" WC="0.91" CONTENT="gifvet"/><SP WIDTH="14" VPOS="634" HPOS="668"/>
							<String ID="string_103" HPOS="682" VPOS="633" WIDTH="99" HEIGHT="28" WC="0.92" CONTENT="uppdrag"/>
						</TextLine>
						<TextLine ID="line_14" HPOS="37" VPOS="667" WIDTH="744" HEIGHT="28">
							<String ID="string_104" HPOS="37" VPOS="669" WIDTH="32" HEIGHT="18" WC="0.92" CONTENT="att"/><SP WIDTH="22" VPOS="669" HPOS="69"/>
							<String ID="string_105" HPOS="91" VPOS="667" WIDTH="22" HEIGHT="21" WC="0.92" CONTENT="fä"/><SP WIDTH="23" VPOS="667" HPOS="113"/>
							<String ID="string_106" HPOS="136" VPOS="668" WIDTH="33" HEIGHT="19" WC="0.93" CONTENT="till"/><SP WIDTH="19" VPOS="668" HPOS="169"/>
							<String ID="string_107" HPOS="188" VPOS="667" WIDTH="96" HEIGHT="20" WC="0.91" CONTENT="ständets"/><SP WIDTH="22" VPOS="667" HPOS="284"/>
							<String ID="string_108" HPOS="306" VPOS="668" WIDTH="104" HEIGHT="27" WC="0.91" CONTENT="pröfning"/><SP WIDTH="22" VPOS="668" HPOS="410"/>
							<String ID="string_109" HPOS="432" VPOS="668" WIDTH="133" HEIGHT="20" WC="0.91" CONTENT="öfverlemna"/><SP WIDTH="22" VPOS="668" HPOS="565"/>
							<String ID="string_110" HPOS="587" VPOS="667" WIDTH="92" HEIGHT="21" WC="0.93" CONTENT="berörda"/><SP WIDTH="15" VPOS="667" HPOS="679"/>
							<String ID="string_111" HPOS="694" VPOS="667" WIDTH="87" HEIGHT="25" WC="0.91" CONTENT="ärende,"/>
						</TextLine>
						<TextLine ID="line_15" HPOS="38" VPOS="700" WIDTH="744" HEIGHT="29">
							<String ID="string_112" HPOS="38" VPOS="702" WIDTH="112" HEIGHT="20" WC="0.89" CONTENT="hvaremot"/><SP WIDTH="22" VPOS="702" HPOS="150"/>
							<String ID="string_113" HPOS="172" VPOS="701" WIDTH="70" HEIGHT="28" WC="0.89" CONTENT="öfrige"/><SP WIDTH="16" VPOS="701" HPOS="242"/>
							<String ID="string_114" HPOS="258" VPOS="701" WIDTH="6" HEIGHT="20" WC="0.93" CONTENT="i"/><SP WIDTH="16" VPOS="701" HPOS="264"/>
							<String ID="string_115" HPOS="280" VPOS="701" WIDTH="121" HEIGHT="21" WC="0.89" CONTENT="ännämnde"/><SP WIDTH="23" VPOS="701" HPOS="401"/>
							<String ID="string_116" HPOS="424" VPOS="701" WIDTH="199" HEIGHT="28" WC="0.89" CONTENT="protokollsutdrag"/><SP WIDTH="18" VPOS="701" HPOS="623"/>
							<String ID="string_117" HPOS="641" VPOS="700" WIDTH="141" HEIGHT="21" WC="0.92" CONTENT="omförmälda"/>
						</TextLine>
						<TextLine ID="line_16" HPOS="38" VPOS="735" WIDTH="744" HEIGHT="28">
							<String ID="string_118" HPOS="38" VPOS="736" WIDTH="72" HEIGHT="27" WC="0.91" CONTENT="frägor"/><SP WIDTH="23" VPOS="736" HPOS="110"/>
							<String ID="string_119" HPOS="133" VPOS="735" WIDTH="58" HEIGHT="28" WC="0.90" CONTENT="finge"/><SP WIDTH="21" VPOS="735" HPOS="191"/>
							<String ID="string_120" HPOS="212" VPOS="735" WIDTH="97" HEIGHT="27" WC="0.88" CONTENT="förfalla;"/><SP WIDTH="23" VPOS="735" HPOS="309"/>
							<String ID="string_121" HPOS="332" VPOS="736" WIDTH="39" HEIGHT="20" WC="0.93" CONTENT="och"/><SP WIDTH="23" VPOS="736" HPOS="371"/>
							<String ID="string_122" HPOS="394" VPOS="736" WIDTH="73" HEIGHT="20" WC="0.90" CONTENT="tillade"/><SP WIDTH="24" VPOS="736" HPOS="467"/>
							<String ID="string_123" HPOS="491" VPOS="735" WIDTH="138" HEIGHT="22" WC="0.90" CONTENT="talemannen"/><SP WIDTH="23" VPOS="735" HPOS="629"/>
							<String ID="string_124" HPOS="652" VPOS="735" WIDTH="83" HEIGHT="26" WC="0.95" CONTENT="vidare,"/><SP WIDTH="16" VPOS="735" HPOS="735"/>
							<String ID="string_125" HPOS="751" VPOS="736" WIDTH="31" HEIGHT="19" WC="0.96" CONTENT="att"/>
						</TextLine>
						<TextLine ID="line_17" HPOS="37" VPOS="769" WIDTH="746" HEIGHT="28">
							<String ID="string_126" HPOS="37" VPOS="770" WIDTH="127" HEIGHT="21" WC="0.92" CONTENT="forststaten"/><SP WIDTH="8" VPOS="770" HPOS="164"/>
							<String ID="string_127" HPOS="172" VPOS="769" WIDTH="30" HEIGHT="21" WC="0.93" CONTENT="uti"/><SP WIDTH="9" VPOS="769" HPOS="202"/>
							<String ID="string_128" HPOS="211" VPOS="769" WIDTH="164" HEIGHT="28" WC="0.92" CONTENT="ifrägavarande"/><SP WIDTH="11" VPOS="769" HPOS="375"/>
							<String ID="string_129" HPOS="386" VPOS="770" WIDTH="89" HEIGHT="27" WC="0.92" CONTENT="trakter,"/><SP WIDTH="8" VPOS="770" HPOS="475"/>
							<String ID="string_130" HPOS="483" VPOS="770" WIDTH="91" HEIGHT="21" WC="0.93" CONTENT="likasom"/><SP WIDTH="10" VPOS="770" HPOS="574"/>
							<String ID="string_131" HPOS="584" VPOS="770" WIDTH="7" HEIGHT="20" WC="0.96" CONTENT="i"/><SP WIDTH="8" VPOS="770" HPOS="591"/>
							<String ID="string_132" HPOS="599" VPOS="770" WIDTH="50" HEIGHT="20" WC="0.93" CONTENT="hela"/><SP WIDTH="9" VPOS="770" HPOS="649"/>
							<String ID="string_133" HPOS="658" VPOS="769" WIDTH="125" HEIGHT="21" WC="0.92" CONTENT="Satakunda"/>
						</TextLine>
						<TextLine ID="line_18" HPOS="36" VPOS="803" WIDTH="746" HEIGHT="29">
							<String ID="string_134" HPOS="36" VPOS="804" WIDTH="77" HEIGHT="27" WC="0.91" CONTENT="härad,"/><SP WIDTH="11" VPOS="804" HPOS="113"/>
							<String ID="string_135" HPOS="124" VPOS="803" WIDTH="112" HEIGHT="22" WC="0.92" CONTENT="medförde"/><SP WIDTH="15" VPOS="803" HPOS="236"/>
							<String ID="string_136" HPOS="251" VPOS="803" WIDTH="34" HEIGHT="22" WC="0.93" CONTENT="för"/><SP WIDTH="14" VPOS="803" HPOS="285"/>
							<String ID="string_137" HPOS="299" VPOS="804" WIDTH="83" HEIGHT="21" WC="0.92" CONTENT="kronan"/><SP WIDTH="17" VPOS="804" HPOS="382"/>
							<String ID="string_138" HPOS="399" VPOS="806" WIDTH="58" HEIGHT="19" WC="0.97" CONTENT="stora"/><SP WIDTH="14" VPOS="806" HPOS="457"/>
							<String ID="string_139" HPOS="471" VPOS="804" WIDTH="100" HEIGHT="28" WC="0.96" CONTENT="utgifter,"/><SP WIDTH="15" VPOS="804" HPOS="571"/>
							<String ID="string_140" HPOS="586" VPOS="811" WIDTH="50" HEIGHT="14" WC="0.93" CONTENT="men"/><SP WIDTH="16" VPOS="811" HPOS="636"/>
							<String ID="string_141" HPOS="652" VPOS="803" WIDTH="51" HEIGHT="28" WC="0.92" CONTENT="föga"/><SP WIDTH="10" VPOS="803" HPOS="703"/>
							<String ID="string_142" HPOS="713" VPOS="805" WIDTH="69" HEIGHT="26" WC="0.92" CONTENT="nytta,"/>
						</TextLine>
						<TextLine ID="line_19" HPOS="39" VPOS="837" WIDTH="743" HEIGHT="30">
							<String ID="string_143" HPOS="39" VPOS="840" WIDTH="30" HEIGHT="19" WC="0.93" CONTENT="att"/><SP WIDTH="15" VPOS="840" HPOS="69"/>
							<String ID="string_144" HPOS="84" VPOS="839" WIDTH="96" HEIGHT="20" WC="0.96" CONTENT="kronans"/><SP WIDTH="16" VPOS="839" HPOS="180"/>
							<String ID="string_145" HPOS="196" VPOS="838" WIDTH="86" HEIGHT="21" WC="0.91" CONTENT="marker"/><SP WIDTH="15" VPOS="838" HPOS="282"/>
							<String ID="string_146" HPOS="297" VPOS="839" WIDTH="13" HEIGHT="20" WC="0.91" CONTENT="&amp;"/><SP WIDTH="14" VPOS="839" HPOS="310"/>
							<String ID="string_147" HPOS="324" VPOS="838" WIDTH="67" HEIGHT="29" WC="0.96" CONTENT="sagda"/><SP WIDTH="14" VPOS="838" HPOS="391"/>
							<String ID="string_148" HPOS="405" VPOS="837" WIDTH="67" HEIGHT="22" WC="0.96" CONTENT="härad"/><SP WIDTH="15" VPOS="837" HPOS="472"/>
							<String ID="string_149" HPOS="487" VPOS="839" WIDTH="34" HEIGHT="21" WC="0.96" CONTENT="för"/><SP WIDTH="14" VPOS="839" HPOS="521"/>
							<String ID="string_150" HPOS="535" VPOS="839" WIDTH="36" HEIGHT="21" WC="0.97" CONTENT="det"/><SP WIDTH="15" VPOS="839" HPOS="571"/>
							<String ID="string_151" HPOS="586" VPOS="840" WIDTH="69" HEIGHT="19" WC="0.93" CONTENT="mesta"/><SP WIDTH="17" VPOS="840" HPOS="655"/>
							<String ID="string_152" HPOS="672" VPOS="845" WIDTH="51" HEIGHT="14" WC="0.93" CONTENT="vore"/><SP WIDTH="22" VPOS="845" HPOS="723"/>
							<String ID="string_153" HPOS="745" VPOS="839" WIDTH="37" HEIGHT="20" WC="0.79" CONTENT="be-"/>
						</TextLine>
						<TextLine ID="line_20" HPOS="40" VPOS="872" WIDTH="742" HEIGHT="29">
							<String ID="string_154" HPOS="40" VPOS="875" WIDTH="65" HEIGHT="19" WC="0.92" CONTENT="växta"/><SP WIDTH="14" VPOS="875" HPOS="105"/>
							<String ID="string_155" HPOS="119" VPOS="873" WIDTH="50" HEIGHT="21" WC="0.93" CONTENT="med"/><SP WIDTH="15" VPOS="873" HPOS="169"/>
							<String ID="string_156" HPOS="184" VPOS="873" WIDTH="36" HEIGHT="27" WC="0.93" CONTENT="låg"/><SP WIDTH="22" VPOS="873" HPOS="220"/>
							<String ID="string_157" HPOS="242" VPOS="873" WIDTH="96" HEIGHT="28" WC="0.92" CONTENT="löfskog,"/><SP WIDTH="16" VPOS="873" HPOS="338"/>
							<String ID="string_158" HPOS="354" VPOS="873" WIDTH="88" HEIGHT="21" WC="0.96" CONTENT="hvilken"/><SP WIDTH="23" VPOS="873" HPOS="442"/>
							<String ID="string_159" HPOS="465" VPOS="873" WIDTH="70" HEIGHT="28" WC="0.93" CONTENT="aldrig"/><SP WIDTH="15" VPOS="873" HPOS="535"/>
							<String ID="string_160" HPOS="550" VPOS="873" WIDTH="87" HEIGHT="21" WC="0.95" CONTENT="komme"/><SP WIDTH="15" VPOS="873" HPOS="637"/>
							<String ID="string_161" HPOS="652" VPOS="874" WIDTH="31" HEIGHT="19" WC="0.93" CONTENT="att"/><SP WIDTH="15" VPOS="874" HPOS="683"/>
							<String ID="string_162" HPOS="698" VPOS="872" WIDTH="84" HEIGHT="21" WC="0.92" CONTENT="afkasta"/>
						</TextLine>
						<TextLine ID="line_21" HPOS="39" VPOS="907" WIDTH="743" HEIGHT="28">
							<String ID="string_163" HPOS="39" VPOS="908" WIDTH="55" HEIGHT="21" WC="0.92" CONTENT="hvad"/><SP WIDTH="22" VPOS="908" HPOS="94"/>
							<String ID="string_164" HPOS="116" VPOS="907" WIDTH="230" HEIGHT="28" WC="0.92" CONTENT="forsttjenstemännen"/><SP WIDTH="24" VPOS="907" HPOS="346"/>
							<String ID="string_165" HPOS="370" VPOS="907" WIDTH="90" HEIGHT="21" WC="0.92" CONTENT="kostade"/><SP WIDTH="20" VPOS="907" HPOS="460"/>
							<String ID="string_166" HPOS="480" VPOS="908" WIDTH="39" HEIGHT="21" WC="0.96" CONTENT="och"/><SP WIDTH="15" VPOS="908" HPOS="519"/>
							<String ID="string_167" HPOS="534" VPOS="909" WIDTH="32" HEIGHT="20" WC="0.96" CONTENT="att"/><SP WIDTH="15" VPOS="909" HPOS="566"/>
							<String ID="string_168" HPOS="581" VPOS="907" WIDTH="37" HEIGHT="21" WC="0.93" CONTENT="det"/><SP WIDTH="16" VPOS="907" HPOS="618"/>
							<String ID="string_169" HPOS="634" VPOS="907" WIDTH="82" HEIGHT="20" WC="0.92" CONTENT="säledes"/><SP WIDTH="15" VPOS="907" HPOS="716"/>
							<String ID="string_170" HPOS="731" VPOS="914" WIDTH="51" HEIGHT="14" WC="0.92" CONTENT="vore"/>
						</TextLine>
						<TextLine ID="line_22" HPOS="39" VPOS="941" WIDTH="744" HEIGHT="28">
							<String ID="string_171" HPOS="39" VPOS="942" WIDTH="166" HEIGHT="27" WC="0.91" CONTENT="fördelaktigast"/><SP WIDTH="14" VPOS="942" HPOS="205"/>
							<String ID="string_172" HPOS="219" VPOS="941" WIDTH="34" HEIGHT="22" WC="0.96" CONTENT="för"/><SP WIDTH="15" VPOS="941" HPOS="253"/>
							<String ID="string_173" HPOS="268" VPOS="943" WIDTH="71" HEIGHT="20" WC="0.96" CONTENT="staten"/><SP WIDTH="15" VPOS="943" HPOS="339"/>
							<String ID="string_174" HPOS="354" VPOS="944" WIDTH="33" HEIGHT="19" WC="0.95" CONTENT="att"/><SP WIDTH="15" VPOS="944" HPOS="387"/>
							<String ID="string_175" HPOS="402" VPOS="942" WIDTH="24" HEIGHT="21" WC="0.97" CONTENT="af"/><SP WIDTH="12" VPOS="942" HPOS="426"/>
							<String ID="string_176" HPOS="438" VPOS="942" WIDTH="63" HEIGHT="21" WC="0.93" CONTENT="dessa"/><SP WIDTH="10" VPOS="942" HPOS="501"/>
							<String ID="string_177" HPOS="511" VPOS="942" WIDTH="86" HEIGHT="21" WC="0.92" CONTENT="marker"/><SP WIDTH="10" VPOS="942" HPOS="597"/>
							<String ID="string_178" HPOS="607" VPOS="941" WIDTH="59" HEIGHT="21" WC="0.91" CONTENT="bilda"/><SP WIDTH="9" VPOS="941" HPOS="666"/>
							<String ID="string_179" HPOS="675" VPOS="941" WIDTH="108" HEIGHT="26" WC="0.93" CONTENT="hemman,"/>
						</TextLine>
						<TextLine ID="line_23" HPOS="39" VPOS="975" WIDTH="744" HEIGHT="28">
							<String ID="string_180" HPOS="39" VPOS="977" WIDTH="140" HEIGHT="26" WC="0.96" CONTENT="hvarigenom"/><SP WIDTH="16" VPOS="977" HPOS="179"/>
							<String ID="string_181" HPOS="195" VPOS="976" WIDTH="41" HEIGHT="20" WC="0.96" CONTENT="ock"/><SP WIDTH="14" VPOS="976" HPOS="236"/>
							<String ID="string_182" HPOS="250" VPOS="976" WIDTH="42" HEIGHT="21" WC="0.93" CONTENT="den"/><SP WIDTH="16" VPOS="976" HPOS="292"/>
							<String ID="string_183" HPOS="308" VPOS="977" WIDTH="12" HEIGHT="20" WC="0.85" CONTENT="&amp;"/><SP WIDTH="15" VPOS="977" HPOS="320"/>
							<String ID="string_184" HPOS="335" VPOS="976" WIDTH="49" HEIGHT="21" WC="0.93" CONTENT="dem"/><SP WIDTH="16" VPOS="976" HPOS="384"/>
							<String ID="string_185" HPOS="400" VPOS="976" WIDTH="85" HEIGHT="21" WC="0.95" CONTENT="bosatta"/><SP WIDTH="14" VPOS="976" HPOS="485"/>
							<String ID="string_186" HPOS="499" VPOS="976" WIDTH="141" HEIGHT="27" WC="0.96" CONTENT="befolkning,"/><SP WIDTH="10" VPOS="976" HPOS="640"/>
							<String ID="string_187" HPOS="650" VPOS="975" WIDTH="64" HEIGHT="21" WC="0.93" CONTENT="hvars"/><SP WIDTH="10" VPOS="975" HPOS="714"/>
							<String ID="string_188" HPOS="724" VPOS="975" WIDTH="59" HEIGHT="21" WC="0.92" CONTENT="med-"/>
						</TextLine>
						<TextLine ID="line_24" HPOS="39" VPOS="1010" WIDTH="744" HEIGHT="28">
							<String ID="string_189" HPOS="39" VPOS="1011" WIDTH="100" HEIGHT="25" WC="0.96" CONTENT="lemmar,"/><SP WIDTH="16" VPOS="1011" HPOS="139"/>
							<String ID="string_190" HPOS="155" VPOS="1010" WIDTH="68" HEIGHT="20" WC="0.95" CONTENT="ehuru"/><SP WIDTH="20" VPOS="1010" HPOS="223"/>
							<String ID="string_191" HPOS="243" VPOS="1010" WIDTH="79" HEIGHT="21" WC="0.95" CONTENT="bröder"/><SP WIDTH="15" VPOS="1010" HPOS="322"/>
							<String ID="string_192" HPOS="337" VPOS="1011" WIDTH="33" HEIGHT="19" WC="0.96" CONTENT="till"/><SP WIDTH="15" VPOS="1011" HPOS="370"/>
							<String ID="string_193" HPOS="385" VPOS="1010" WIDTH="85" HEIGHT="21" WC="0.96" CONTENT="landets"/><SP WIDTH="15" VPOS="1010" HPOS="470"/>
							<String ID="string_194" HPOS="485" VPOS="1011" WIDTH="100" HEIGHT="27" WC="0.95" CONTENT="allmoge,"/><SP WIDTH="16" VPOS="1011" HPOS="585"/>
							<String ID="string_195" HPOS="601" VPOS="1017" WIDTH="30" HEIGHT="13" WC="0.96" CONTENT="nu"/><SP WIDTH="14" VPOS="1017" HPOS="631"/>
							<String ID="string_196" HPOS="645" VPOS="1016" WIDTH="52" HEIGHT="14" WC="0.93" CONTENT="vore"/><SP WIDTH="15" VPOS="1016" HPOS="697"/>
							<String ID="string_197" HPOS="712" VPOS="1010" WIDTH="71" HEIGHT="20" WC="0.92" CONTENT="beröf-"/>
						</TextLine>
						<TextLine ID="line_25" HPOS="39" VPOS="1044" WIDTH="744" HEIGHT="28">
							<String ID="string_198" HPOS="39" VPOS="1044" WIDTH="53" HEIGHT="22" WC="0.92" CONTENT="vade"/><SP WIDTH="16" VPOS="1044" HPOS="92"/>
							<String ID="string_199" HPOS="108" VPOS="1044" WIDTH="132" HEIGHT="28" WC="0.96" CONTENT="rättigheten"/><SP WIDTH="22" VPOS="1044" HPOS="240"/>
							<String ID="string_200" HPOS="262" VPOS="1046" WIDTH="32" HEIGHT="20" WC="0.96" CONTENT="att"/><SP WIDTH="22" VPOS="1046" HPOS="294"/>
							<String ID="string_201" HPOS="316" VPOS="1046" WIDTH="41" HEIGHT="26" WC="0.96" CONTENT="äga"/><SP WIDTH="23" VPOS="1046" HPOS="357"/>
							<String ID="string_202" HPOS="380" VPOS="1044" WIDTH="41" HEIGHT="21" WC="0.96" CONTENT="den"/><SP WIDTH="20" VPOS="1044" HPOS="421"/>
							<String ID="string_203" HPOS="441" VPOS="1045" WIDTH="50" HEIGHT="27" WC="0.96" CONTENT="jord"/><SP WIDTH="15" VPOS="1045" HPOS="491"/>
							<String ID="string_204" HPOS="506" VPOS="1044" WIDTH="26" HEIGHT="22" WC="0.97" CONTENT="de"/><SP WIDTH="16" VPOS="1044" HPOS="532"/>
							<String ID="string_205" HPOS="548" VPOS="1044" WIDTH="115" HEIGHT="26" WC="0.95" CONTENT="innehade,"/><SP WIDTH="16" VPOS="1044" HPOS="663"/>
							<String ID="string_206" HPOS="679" VPOS="1044" WIDTH="104" HEIGHT="20" WC="0.96" CONTENT="räddades"/>
						</TextLine>
						<TextLine ID="line_26" HPOS="40" VPOS="1078" WIDTH="743" HEIGHT="30">
							<String ID="string_207" HPOS="40" VPOS="1079" WIDTH="56" HEIGHT="21" WC="0.96" CONTENT="ifrån"/><SP WIDTH="24" VPOS="1079" HPOS="96"/>
							<String ID="string_208" HPOS="120" VPOS="1079" WIDTH="33" HEIGHT="20" WC="0.96" CONTENT="sin"/><SP WIDTH="23" VPOS="1079" HPOS="153"/>
							<String ID="string_209" HPOS="176" VPOS="1079" WIDTH="124" HEIGHT="21" WC="0.71" CONTENT="nuvarande"/><SP WIDTH="23" VPOS="1079" HPOS="300"/>
							<String ID="string_210" HPOS="323" VPOS="1079" WIDTH="47" HEIGHT="21" WC="0.96" CONTENT="usla"/><SP WIDTH="23" VPOS="1079" HPOS="370"/>
							<String ID="string_211" HPOS="393" VPOS="1078" WIDTH="140" HEIGHT="30" WC="0.95" CONTENT="belägenhet,"/><SP WIDTH="22" VPOS="1078" HPOS="533"/>
							<String ID="string_212" HPOS="555" VPOS="1078" WIDTH="89" HEIGHT="21" WC="0.93" CONTENT="hvilken"/><SP WIDTH="22" VPOS="1078" HPOS="644"/>
							<String ID="string_213" HPOS="666" VPOS="1078" WIDTH="71" HEIGHT="21" WC="0.91" CONTENT="blefve"/><SP WIDTH="19" VPOS="1078" HPOS="737"/>
							<String ID="string_214" HPOS="756" VPOS="1080" WIDTH="27" HEIGHT="18" WC="0.96" CONTENT="än"/>
						</TextLine>
						<TextLine ID="line_27" HPOS="40" VPOS="1112" WIDTH="743" HEIGHT="29">
							<String ID="string_215" HPOS="40" VPOS="1115" WIDTH="69" HEIGHT="19" WC="0.96" CONTENT="större"/><SP WIDTH="17" VPOS="1115" HPOS="109"/>
							<String ID="string_216" HPOS="126" VPOS="1113" WIDTH="38" HEIGHT="21" WC="0.96" CONTENT="och"/><SP WIDTH="16" VPOS="1113" HPOS="164"/>
							<String ID="string_217" HPOS="180" VPOS="1113" WIDTH="33" HEIGHT="21" WC="0.96" CONTENT="för"/><SP WIDTH="16" VPOS="1113" HPOS="213"/>
							<String ID="string_218" HPOS="229" VPOS="1114" WIDTH="114" HEIGHT="21" WC="0.96" CONTENT="samhället"/><SP WIDTH="15" VPOS="1114" HPOS="343"/>
							<String ID="string_219" HPOS="358" VPOS="1115" WIDTH="27" HEIGHT="19" WC="0.96" CONTENT="än"/><SP WIDTH="16" VPOS="1115" HPOS="385"/>
							<String ID="string_220" HPOS="401" VPOS="1120" WIDTH="60" HEIGHT="15" WC="0.96" CONTENT="mera"/><SP WIDTH="15" VPOS="1120" HPOS="461"/>
							<String ID="string_221" HPOS="476" VPOS="1112" WIDTH="145" HEIGHT="29" WC="0.96" CONTENT="betungande,"/><SP WIDTH="16" VPOS="1112" HPOS="621"/>
							<String ID="string_222" HPOS="637" VPOS="1120" WIDTH="34" HEIGHT="14" WC="0.96" CONTENT="om"/><SP WIDTH="16" VPOS="1120" HPOS="671"/>
							<String ID="string_223" HPOS="687" VPOS="1113" WIDTH="26" HEIGHT="21" WC="0.93" CONTENT="de"/><SP WIDTH="16" VPOS="1113" HPOS="713"/>
							<String ID="string_224" HPOS="729" VPOS="1113" WIDTH="54" HEIGHT="21" WC="0.91" CONTENT="tvin-"/>
						</TextLine>
						<TextLine ID="line_28" HPOS="41" VPOS="1148" WIDTH="245" HEIGHT="28">
							<String ID="string_225" HPOS="41" VPOS="1148" WIDTH="65" HEIGHT="28" WC="0.90" CONTENT="gades"/><SP WIDTH="16" VPOS="1148" HPOS="106"/>
							<String ID="string_226" HPOS="122" VPOS="1150" WIDTH="32" HEIGHT="18" WC="0.93" CONTENT="att"/><SP WIDTH="15" VPOS="1150" HPOS="154"/>
							<String ID="string_227" HPOS="169" VPOS="1148" WIDTH="117" HEIGHT="28" WC="0.92" CONTENT="bortflytta."/>
						</TextLine>
					</TextBlock>
					<TextBlock ID="block_4" HPOS="40" VPOS="1182" WIDTH="744" HEIGHT="165">
						<TextLine ID="line_29" HPOS="107" VPOS="1182" WIDTH="677" HEIGHT="29">
							<String ID="string_228" HPOS="107" VPOS="1182" WIDTH="220" HEIGHT="28" WC="0.91" CONTENT="Landtdagsmannen"/><SP WIDTH="16" VPOS="1182" HPOS="327"/>
							<String ID="string_229" HPOS="343" VPOS="1182" WIDTH="91" HEIGHT="22" WC="0.92" CONTENT="Klami"/><SP WIDTH="16" VPOS="1182" HPOS="434"/>
							<String ID="string_230" HPOS="450" VPOS="1182" WIDTH="92" HEIGHT="29" WC="0.96" CONTENT="yttrade,"/><SP WIDTH="16" VPOS="1182" HPOS="542"/>
							<String ID="string_231" HPOS="558" VPOS="1184" WIDTH="31" HEIGHT="19" WC="0.96" CONTENT="att"/><SP WIDTH="16" VPOS="1184" HPOS="589"/>
							<String ID="string_232" HPOS="605" VPOS="1182" WIDTH="41" HEIGHT="21" WC="0.96" CONTENT="den"/><SP WIDTH="14" VPOS="1182" HPOS="646"/>
							<String ID="string_233" HPOS="660" VPOS="1182" WIDTH="124" HEIGHT="21" WC="0.96" CONTENT="nuvarande"/>
						</TextLine>
						<TextLine ID="line_30" HPOS="41" VPOS="1216" WIDTH="743" HEIGHT="28">
							<String ID="string_234" HPOS="41" VPOS="1218" WIDTH="125" HEIGHT="20" WC="0.92" CONTENT="forststaten"/><SP WIDTH="16" VPOS="1218" HPOS="166"/>
							<String ID="string_235" HPOS="182" VPOS="1218" WIDTH="47" HEIGHT="20" WC="0.96" CONTENT="icke"/><SP WIDTH="16" VPOS="1218" HPOS="229"/>
							<String ID="string_236" HPOS="245" VPOS="1217" WIDTH="135" HEIGHT="21" WC="0.96" CONTENT="motsvarade"/><SP WIDTH="15" VPOS="1217" HPOS="380"/>
							<String ID="string_237" HPOS="395" VPOS="1218" WIDTH="37" HEIGHT="20" WC="0.96" CONTENT="sitt"/><SP WIDTH="15" VPOS="1218" HPOS="432"/>
							<String ID="string_238" HPOS="447" VPOS="1218" WIDTH="99" HEIGHT="20" WC="0.96" CONTENT="ändamål"/><SP WIDTH="16" VPOS="1218" HPOS="546"/>
							<String ID="string_239" HPOS="562" VPOS="1217" WIDTH="38" HEIGHT="21" WC="0.96" CONTENT="och"/><SP WIDTH="17" VPOS="1217" HPOS="600"/>
							<String ID="string_240" HPOS="617" VPOS="1218" WIDTH="33" HEIGHT="20" WC="0.96" CONTENT="att"/><SP WIDTH="14" VPOS="1218" HPOS="650"/>
							<String ID="string_241" HPOS="664" VPOS="1216" WIDTH="26" HEIGHT="22" WC="0.92" CONTENT="de"/><SP WIDTH="19" VPOS="1216" HPOS="690"/>
							<String ID="string_242" HPOS="709" VPOS="1216" WIDTH="75" HEIGHT="28" WC="0.91" CONTENT="betyd-"/>
						</TextLine>
						<TextLine ID="line_31" HPOS="40" VPOS="1250" WIDTH="744" HEIGHT="29">
							<String ID="string_243" HPOS="40" VPOS="1252" WIDTH="45" HEIGHT="27" WC="0.96" CONTENT="liga"/><SP WIDTH="15" VPOS="1252" HPOS="85"/>
							<String ID="string_244" HPOS="100" VPOS="1258" WIDTH="95" HEIGHT="14" WC="0.72" CONTENT="summor"/><SP WIDTH="14" VPOS="1258" HPOS="195"/>
							<String ID="string_245" HPOS="209" VPOS="1258" WIDTH="45" HEIGHT="14" WC="0.96" CONTENT="som"/><SP WIDTH="16" VPOS="1258" HPOS="254"/>
							<String ID="string_246" HPOS="270" VPOS="1252" WIDTH="42" HEIGHT="20" WC="0.96" CONTENT="den"/><SP WIDTH="14" VPOS="1252" HPOS="312"/>
							<String ID="string_247" HPOS="326" VPOS="1252" WIDTH="91" HEIGHT="21" WC="0.96" CONTENT="kostade"/><SP WIDTH="16" VPOS="1252" HPOS="417"/>
							<String ID="string_248" HPOS="433" VPOS="1252" WIDTH="83" HEIGHT="21" WC="0.96" CONTENT="således"/><SP WIDTH="15" VPOS="1252" HPOS="516"/>
							<String ID="string_249" HPOS="531" VPOS="1258" WIDTH="51" HEIGHT="14" WC="0.96" CONTENT="vore"/><SP WIDTH="16" VPOS="1258" HPOS="582"/>
							<String ID="string_250" HPOS="598" VPOS="1250" WIDTH="34" HEIGHT="22" WC="0.96" CONTENT="för"/><SP WIDTH="15" VPOS="1250" HPOS="632"/>
							<String ID="string_251" HPOS="647" VPOS="1250" WIDTH="73" HEIGHT="22" WC="0.93" CONTENT="landet"/><SP WIDTH="22" VPOS="1250" HPOS="720"/>
							<String ID="string_252" HPOS="742" VPOS="1250" WIDTH="42" HEIGHT="20" WC="0.93" CONTENT="för-"/>
						</TextLine>
						<TextLine ID="line_32" HPOS="41" VPOS="1285" WIDTH="743" HEIGHT="29">
							<String ID="string_253" HPOS="41" VPOS="1286" WIDTH="79" HEIGHT="28" WC="0.92" CONTENT="spilda,"/><SP WIDTH="14" VPOS="1286" HPOS="120"/>
							<String ID="string_254" HPOS="134" VPOS="1286" WIDTH="110" HEIGHT="21" WC="0.93" CONTENT="anseende"/><SP WIDTH="10" VPOS="1286" HPOS="244"/>
							<String ID="string_255" HPOS="254" VPOS="1286" WIDTH="74" HEIGHT="21" WC="0.92" CONTENT="Klami"/><SP WIDTH="11" VPOS="1286" HPOS="328"/>
							<String ID="string_256" HPOS="339" VPOS="1286" WIDTH="87" HEIGHT="21" WC="0.93" CONTENT="derföre"/><SP WIDTH="11" VPOS="1286" HPOS="426"/>
							<String ID="string_257" HPOS="437" VPOS="1288" WIDTH="32" HEIGHT="19" WC="0.93" CONTENT="att"/><SP WIDTH="14" VPOS="1288" HPOS="469"/>
							<String ID="string_258" HPOS="483" VPOS="1286" WIDTH="128" HEIGHT="20" WC="0.92" CONTENT="forststaten"/><SP WIDTH="14" VPOS="1286" HPOS="611"/>
							<String ID="string_259" HPOS="625" VPOS="1285" WIDTH="66" HEIGHT="21" WC="0.93" CONTENT="borde"/><SP WIDTH="15" VPOS="1285" HPOS="691"/>
							<String ID="string_260" HPOS="706" VPOS="1292" WIDTH="78" HEIGHT="13" WC="0.92" CONTENT="annor-"/>
						</TextLine>
						<TextLine ID="line_33" HPOS="40" VPOS="1320" WIDTH="609" HEIGHT="27">
							<String ID="string_261" HPOS="40" VPOS="1320" WIDTH="66" HEIGHT="20" WC="0.90" CONTENT="lunda"/><SP WIDTH="15" VPOS="1320" HPOS="106"/>
							<String ID="string_262" HPOS="121" VPOS="1320" WIDTH="137" HEIGHT="27" WC="0.96" CONTENT="organiseras"/><SP WIDTH="16" VPOS="1320" HPOS="258"/>
							<String ID="string_263" HPOS="274" VPOS="1320" WIDTH="54" HEIGHT="20" WC="0.96" CONTENT="eller"/><SP WIDTH="15" VPOS="1320" HPOS="328"/>
							<String ID="string_264" HPOS="343" VPOS="1320" WIDTH="45" HEIGHT="20" WC="0.96" CONTENT="helt"/><SP WIDTH="15" VPOS="1320" HPOS="388"/>
							<String ID="string_265" HPOS="403" VPOS="1321" WIDTH="40" HEIGHT="19" WC="0.96" CONTENT="och"/><SP WIDTH="15" VPOS="1321" HPOS="443"/>
							<String ID="string_266" HPOS="458" VPOS="1320" WIDTH="67" HEIGHT="21" WC="0.93" CONTENT="hållet"/><SP WIDTH="15" VPOS="1320" HPOS="525"/>
							<String ID="string_267" HPOS="540" VPOS="1320" WIDTH="109" HEIGHT="20" WC="0.91" CONTENT="afskaffas."/>
						</TextLine>
					</TextBlock>
					<TextBlock ID="block_5" HPOS="41" VPOS="1352" WIDTH="745" HEIGHT="97">
						<TextLine ID="line_34" HPOS="108" VPOS="1352" WIDTH="676" HEIGHT="28">
							<String ID="string_268" HPOS="108" VPOS="1352" WIDTH="220" HEIGHT="28" WC="0.90" CONTENT="Landtdagsmannen"/><SP WIDTH="24" VPOS="1352" HPOS="328"/>
							<String ID="string_269" HPOS="352" VPOS="1354" WIDTH="93" HEIGHT="20" WC="0.88" CONTENT="Slotte"/><SP WIDTH="24" VPOS="1354" HPOS="445"/>
							<String ID="string_270" HPOS="469" VPOS="1352" WIDTH="102" HEIGHT="21" WC="0.96" CONTENT="förenade"/><SP WIDTH="20" VPOS="1352" HPOS="571"/>
							<String ID="string_271" HPOS="591" VPOS="1353" WIDTH="33" HEIGHT="26" WC="0.96" CONTENT="sig"/><SP WIDTH="15" VPOS="1353" HPOS="624"/>
							<String ID="string_272" HPOS="639" VPOS="1352" WIDTH="7" HEIGHT="21" WC="0.96" CONTENT="i"/><SP WIDTH="14" VPOS="1352" HPOS="646"/>
							<String ID="string_273" HPOS="660" VPOS="1352" WIDTH="57" HEIGHT="21" WC="0.93" CONTENT="hvad"/><SP WIDTH="15" VPOS="1352" HPOS="717"/>
							<String ID="string_274" HPOS="732" VPOS="1352" WIDTH="52" HEIGHT="19" WC="0.92" CONTENT="tale-"/>
						</TextLine>
						<TextLine ID="line_35" HPOS="41" VPOS="1385" WIDTH="745" HEIGHT="30">
							<String ID="string_275" HPOS="41" VPOS="1394" WIDTH="94" HEIGHT="14" WC="0.95" CONTENT="mannen"/><SP WIDTH="10" VPOS="1394" HPOS="135"/>
							<String ID="string_276" HPOS="145" VPOS="1387" WIDTH="73" HEIGHT="21" WC="0.95" CONTENT="anfört"/><SP WIDTH="15" VPOS="1387" HPOS="218"/>
							<String ID="string_277" HPOS="233" VPOS="1389" WIDTH="39" HEIGHT="19" WC="0.93" CONTENT="och"/><SP WIDTH="16" VPOS="1389" HPOS="272"/>
							<String ID="string_278" HPOS="288" VPOS="1386" WIDTH="106" HEIGHT="21" WC="0.90" CONTENT="förbehöll"/><SP WIDTH="16" VPOS="1386" HPOS="394"/>
							<String ID="string_279" HPOS="410" VPOS="1387" WIDTH="33" HEIGHT="28" WC="0.95" CONTENT="sig"/><SP WIDTH="15" VPOS="1387" HPOS="443"/>
							<String ID="string_280" HPOS="458" VPOS="1389" WIDTH="31" HEIGHT="18" WC="0.93" CONTENT="att"/><SP WIDTH="16" VPOS="1389" HPOS="489"/>
							<String ID="string_281" HPOS="505" VPOS="1387" WIDTH="115" HEIGHT="20" WC="0.92" CONTENT="framdeles"/><SP WIDTH="15" VPOS="1387" HPOS="620"/>
							<String ID="string_282" HPOS="635" VPOS="1386" WIDTH="21" HEIGHT="21" WC="0.96" CONTENT="få"/><SP WIDTH="10" VPOS="1386" HPOS="656"/>
							<String ID="string_283" HPOS="666" VPOS="1385" WIDTH="120" HEIGHT="21" WC="0.96" CONTENT="framställa"/>
						</TextLine>
						<TextLine ID="line_36" HPOS="41" VPOS="1419" WIDTH="743" HEIGHT="30">
							<String ID="string_284" HPOS="41" VPOS="1422" WIDTH="43" HEIGHT="21" WC="0.95" CONTENT="den"/><SP WIDTH="24" VPOS="1422" HPOS="84"/>
							<String ID="string_285" HPOS="108" VPOS="1422" WIDTH="109" HEIGHT="27" WC="0.90" CONTENT="olyckliga"/><SP WIDTH="23" VPOS="1422" HPOS="217"/>
							<String ID="string_286" HPOS="240" VPOS="1421" WIDTH="139" HEIGHT="28" WC="0.96" CONTENT="belägenhet,"/><SP WIDTH="17" VPOS="1421" HPOS="379"/>
							<String ID="string_287" HPOS="396" VPOS="1422" WIDTH="6" HEIGHT="21" WC="0.96" CONTENT="i"/><SP WIDTH="16" VPOS="1422" HPOS="402"/>
							<String ID="string_288" HPOS="418" VPOS="1422" WIDTH="87" HEIGHT="21" WC="0.91" CONTENT="hvilken"/><SP WIDTH="16" VPOS="1422" HPOS="505"/>
							<String ID="string_289" HPOS="521" VPOS="1421" WIDTH="40" HEIGHT="22" WC="0.93" CONTENT="den"/><SP WIDTH="17" VPOS="1421" HPOS="561"/>
							<String ID="string_290" HPOS="578" VPOS="1421" WIDTH="12" HEIGHT="21" WC="0.90" CONTENT="å"/><SP WIDTH="15" VPOS="1421" HPOS="590"/>
							<String ID="string_291" HPOS="605" VPOS="1421" WIDTH="95" HEIGHT="20" WC="0.93" CONTENT="kronans"/><SP WIDTH="16" VPOS="1421" HPOS="700"/>
							<String ID="string_292" HPOS="716" VPOS="1419" WIDTH="68" HEIGHT="22" WC="0.93" CONTENT="öfver-"/>
						</TextLine>
					</TextBlock>
				</ComposedBlock>
			</PrintSpace>
		</Page>
	</Layout>
</alto>
