973 1698
364 120 38 18 Den
414 119 11 17 6
437 124 38 14 nov,
727 115 40 23 187

113 178 222 30 Landtdagsmannen
355 180 71 22 Keto
447 180 52 22 fann
518 181 37 21 det
573 182 110 28 underligt
698 183 33 20 att
745 189 49 21 pro-

45 214 134 27 positionen,
195 220 46 14 som
256 221 52 13 vore
324 214 24 21 så
363 215 34 21 väl
417 214 124 28 utarbetad,
557 216 72 21 kunde
645 216 59 28 gifva
719 217 75 21 anled-

44 248 54 27 ning
113 248 33 20 till
163 248 24 21 så
202 248 93 28 mycken
310 248 133 27 diskussion,
460 251 56 19 samt
531 251 32 19 att
578 250 72 28 någon
665 250 82 28 yrkade
763 251 31 20 bi-

44 281 129 22 behållande
189 282 24 20 af
227 282 128 27 spöstraffet.
385 283 64 21 Dock
468 283 76 21 trodde
565 284 84 20 talaren
664 285 39 25 att,
719 284 6 20 i
741 284 53 20 hän-

45 316 59 20 delse
120 316 75 21 derom
211 316 70 20 skulle
297 318 116 26 omröstas,
429 318 27 20 de
475 324 51 14 vore
546 318 83 27 ganska
644 318 32 27 få,
691 324 47 14 som
754 318 39 27 gil-

44 350 48 21 lade
108 350 60 21 detta
183 350 67 22 straff.
281 350 104 22 Yrkande
405 352 84 20 talaren
510 353 31 19 att
562 352 165 28 propositionen
742 354 51 19 utan

44 384 74 21 vidare
133 384 122 22 diskussion
271 384 67 22 måtte
353 385 34 21 till
403 385 143 29 lagutskottet
561 386 130 21 remitteras.

112 418 222 29 Landtdagsmannen
349 419 128 22 Puhakka
499 420 68 28 ansåg
589 420 36 21 det
645 428 52 13 vara
711 420 82 28 högeli-

43 460 42 21 gen
101 453 28 27 på
144 453 59 21 tiden
219 455 32 19 att
267 453 133 27 föregående
419 454 148 21 århundrades
587 454 122 22 föråldrade
725 455 67 21 brott-

42 487 55 21 måls
112 487 139 29 lagstiftning
266 488 40 20 hos
322 494 34 14 oss
372 488 71 21 blefve
459 488 92 27 ändrad,
562 488 40 21 och
618 489 51 21 fann
685 490 107 27 ifrågava-

42 522 68 21 rande
120 522 135 28 proposition
267 528 52 15 vara
333 522 23 21 så
371 522 101 28 lämpligt
488 523 39 21 och
543 522 113 29 tidsenligt
671 524 122 26 utarbetad,

43 558 32 19 att
96 556 109 28 befogade
228 556 169 28 anmärkningar
420 557 52 28 föga
494 557 73 21 kunde
591 559 58 19 emot
664 557 42 21 den
721 559 71 27 göras.

42 590 12 22 I
69 590 66 28 öfrigt
150 590 80 28 gillade
246 591 84 21 talaren
346 591 7 20 i
368 591 54 27 allo,
437 592 57 20 hvad
508 592 103 27 Hagman
627 592 40 21 och
681 592 58 21 Keto
755 599 37 14 an-

42 625 44 21 fört
102 626 55 19 samt
172 625 86 27 yttrade
274 625 33 22 sin
323 625 84 21 undran
421 625 101 22 deröfver
532 627 32 20 att
575 626 71 27 någon
657 625 72 22 kunde
740 626 53 28 vilja

42 666 78 21 genom
142 659 141 28 användning
305 659 24 22 af
349 659 37 22 det
408 660 118 28 olämpliga
549 659 40 22 och
610 660 117 29 ohyggliga
743 663 48 26 spö-

42 693 84 22 straffet
142 693 41 22 öka
198 694 153 28 fängelsernas
366 693 67 22 redan
449 694 79 21 talrika
544 694 135 29 befolkning.
708 695 83 28 Propo-

42 728 94 21 sitionen
151 729 151 20 remitterades
318 729 33 20 till
366 729 152 27 lagutskottet;
539 729 40 21 och
598 729 69 21 skulle
685 729 105 22 remissen

42 762 87 29 åtföljas
145 762 24 22 af
181 763 201 29 protokollsutdrag
398 763 60 21 öfver
473 763 133 28 föregående
622 763 130 22 diskussion.

109 832 124 28 Föredrogs
253 832 119 28 bordlagda
390 832 166 29 propositionen
575 839 34 14 n:o
628 832 35 27 13,
679 832 112 29 angående

42 867 123 28 antagande
187 867 24 21 af
232 874 27 14 en
281 867 130 29 författning
433 874 34 14 om
484 866 134 22 afskaffande
633 866 24 22 af
670 867 58 21 vissa
743 867 48 21 här-

40 901 102 22 förinnan
166 902 98 27 nyttjade
287 902 64 20 straff
371 902 40 21 och
434 902 62 20 deras
517 902 124 20 ersättande
657 901 45 21 tills
717 901 73 22 vidare

40 942 80 22 genom
143 936 68 21 andra
233 936 127 27 straffarter,
383 937 56 20 samt
453 936 25 22 af
492 943 26 15 en
534 936 128 29 förordning
677 943 35 14 om
728 936 62 21 verk-

41 970 111 28 ställighet
167 970 24 22 af
204 970 149 28 frihetsstraff;
369 970 52 22 derå

108 1005 222 28 Landtdagsmannen
346 1005 66 21 Keto
428 1005 85 28 yttrade
522 1006 32 20 att
564 1004 166 29 ifrågavarande
742 1012 48 21 pro-

40 1040 95 28 position
158 1047 52 14 vore
231 1040 24 21 så
269 1040 35 20 väl
320 1040 114 20 utarbetad
450 1040 40 21 och
507 1040 37 20 det
559 1039 47 21 deri
621 1042 112 26 upptagna
748 1040 42 20 för-

41 1074 46 28 slag
109 1074 23 21 så
155 1074 122 28 tidsenligt,
300 1075 31 20 att
355 1074 126 21 densamma
500 1074 67 20 borde
583 1075 52 23 utan
651 1074 139 28 vidlyftigare

40 1108 124 22 diskussion
179 1109 123 21 remitteras
318 1108 32 21 till
365 1108 151 28 lagutskottet.

108 1143 223 28 Landtdagsmannen
346 1143 122 28 Nyrönen
484 1143 113 21 anmärkte
609 1144 40 25 att,
661 1143 7 21 i
683 1144 17 26 $$
713 1143 25 21 13
749 1143 40 20 och

41 1178 26 21 14
82 1178 34 20 för
131 1178 89 20 hädelse
239 1179 58 20 emot
317 1177 48 21 Gud
385 1178 125 28 föreslagits
525 1177 85 21 mindre
626 1177 70 27 straff,
713 1179 27 19 än
755 1177 34 20 för

41 1212 113 21 enahanda
170 1212 130 28 förbrytelse
316 1213 58 19 cmot
389 1212 28 20 H.
433 1212 28 21 M.
477 1212 119 28 Kejsaren,
607 1211 83 21 hvilket
705 1212 84 21 talaren

42 1246 67 28 ansåg
125 1246 119 28 olämpligt.
275 1246 82 21 Vidare
372 1253 52 14 voro
440 1246 26 21 de
481 1246 7 21 i
502 1247 23 27 8$
542 1246 37 26 13,
596 1246 36 26 15,
649 1247 36 25 16,
703 1246 32 26 17,
753 1246 36 26 18,

42 1282 35 25 19,
93 1281 37 26 20,
146 1282 36 25 21,
199 1282 36 25 22,
252 1282 27 20 23
295 1280 40 22 och
351 1281 27 20 24
393 1280 125 28 föreslagna
533 1280 256 21 ansvarsbestämmelser

40 1314 74 22 alltför
133 1315 94 26 lindriga
248 1315 6 20 i
274 1314 136 21 förhållande
431 1315 33 20 till
479 1315 25 20 de
520 1315 7 20 i
544 1316 82 19 samma
641 1315 24 26 $$
681 1314 108 21 omtalade

40 1348 77 27 grofva
131 1348 65 20 brott.
227 1348 46 21 Och
294 1349 102 19 motsatte
416 1347 33 28 sig
472 1348 84 20 talaren
573 1347 82 28 jemväl
674 1347 58 27 förty
747 1347 42 21 den

40 1382 96 27 lindring
152 1381 8 21 i
176 1382 125 20 nuvarande
324 1381 233 27 straffbestämmelser,
581 1381 66 28 sagda
669 1381 25 27 $$
713 1381 75 28 afsägo

40 1418 32 21 att
86 1416 83 28 införa,
186 1416 49 22 med
251 1416 145 28 anmärkning
411 1417 32 20 att
458 1416 62 21 dessa
536 1415 59 22 brott
610 1417 58 19 ännu
681 1415 48 21 icke
740 1415 48 24 allt-
