975 1703
357 125 37 17 Den
407 125 10 17 7
429 125 34 17 okt.
729 117 27 21 57

106 185 11 21 I
132 184 102 22 afseende
257 185 13 20 å
281 185 111 28 justering
406 185 111 28 upplästes
533 185 20 27 ej
569 185 84 21 mindre
673 185 113 28 åtskilliga

37 219 199 28 protokollsutdrag
258 219 34 20 för
307 219 42 21 den
366 221 18 25 1,
400 220 12 19 2
428 220 40 20 och
491 220 12 20 5
518 219 8 20 i
542 219 71 20 denne
635 220 89 26 månad,
746 227 38 14 an-

37 254 85 27 gående
137 253 154 21 remitterande
301 253 25 20 af
339 254 79 27 nådiga
428 253 189 28 propositionerna
628 254 52 21 n:ris
692 255 22 25 3,
725 255 23 26 5,
760 255 23 26 6,

38 289 23 25 8,
77 289 22 25 9,
121 288 32 25 11,
175 288 39 26 14,
235 289 37 26 15,
289 288 36 26 19,
342 288 36 26 20,
395 288 37 26 21,
448 289 37 25 22,
500 289 37 25 40,
553 289 38 25 36,
604 289 37 26 35,
658 289 26 20 33
701 288 39 20 och
757 289 27 20 24

38 322 33 20 till
87 321 162 21 vederbörande
267 321 94 27 utskott,
372 324 28 18 än
416 321 40 21 ock
470 322 199 28 protokollsutdrag
691 323 93 20 rörande

39 356 97 20 ståndets
151 355 71 21 beslut
238 362 34 14 om
288 356 116 27 tryckning
420 356 24 20 af
456 356 124 20 utskottens
595 356 161 20 betänkanden.

106 390 87 21 Ankom
213 397 27 13 en
261 390 126 28 deputation
402 390 48 20 från
463 390 189 28 borgareståndet,
668 390 78 21 anförd
764 390 24 21 af

38 424 135 21 rådmannen
195 424 86 28 Bergh,
301 431 46 13 som
370 424 104 27 anmälte,
495 426 30 19 att
544 424 99 21 bemälda
659 424 63 21 stånd
737 425 48 20 låtit

39 458 77 28 frågan
132 465 34 14 om
182 458 35 21 val
232 458 24 21 af
268 458 142 21 medlemmar
425 458 33 21 till
473 460 31 19 ett
525 458 127 21 ständernas
675 456 111 24 allmänna

39 492 173 22 besvärsutskott
227 486 98 33 förfalla,
342 493 39 20 och
396 493 7 20 i
420 493 71 21 stället
505 495 68 19 utsett
589 494 31 20 ett
635 493 95 21 enskildt
750 493 35 21 be-

41 528 144 20 svärsutskott
206 527 34 21 för
258 527 189 28 borgareståndet,
471 528 39 20 och
533 530 32 18 att
586 528 200 27 protokollsutdrag

40 561 74 21 derom
130 562 87 20 komme
233 563 32 19 att
279 561 159 21 bondeståndet
452 562 117 20 meddelas.

109 596 221 27 Landtdagsmannen
346 590 10 26 Ö
371 596 86 28 string
475 596 99 27 anförde,
589 598 32 19 att
636 603 47 13 som
704 596 82 28 kejser-

41 631 45 27 liga
108 632 100 24 senaten,
230 630 89 21 hvilken
343 630 111 21 förordnat
472 630 50 21 herr
537 631 86 20 lektorn
639 630 52 21 Karl
709 630 80 21 Gustaf

41 664 59 27 Borg
114 666 31 19 att
160 664 7 20 i
186 664 110 27 egenskap
319 664 24 21 af
356 664 57 20 finsk
427 665 47 20 tolk
488 665 27 26 gä
530 665 86 20 ständet
630 664 106 21 tillhanda
751 664 35 20 vid

42 699 71 20 denna
123 698 114 27 landtdag
230 694 9 36 ,
248 698 48 21 icke
307 698 87 27 tillaggt
409 699 85 20 lektorn
509 699 66 27 nägot
591 698 79 21 arvode
686 699 34 20 för
732 699 54 20 hans

42 733 165 27 ifrågavarande
219 733 124 27 besvärliga
356 732 40 21 och
409 733 190 28 maktpäliggande
613 733 111 28 uppdrag,
732 733 54 21 hvil-

41 767 39 21 ket
101 767 86 20 lektorn
210 767 34 20 till
267 767 96 21 ständets
386 768 125 27 synnerliga
533 774 58 21 gagn
606 767 40 21 och
661 767 126 21 belåtenhet

42 801 128 28 fullgjorde,
186 801 23 21 så
231 801 97 28 föreslog
350 791 91 42 Östring
459 803 31 19 att
505 801 86 21 ståndet
605 801 67 21 borde
687 801 52 28 ingå
754 801 33 21 till

41 836 55 28 kejs.
112 837 91 19 senaten
218 835 49 21 med
282 835 123 28 ansökning
420 843 35 14 om
471 836 79 27 skäligt
565 836 79 21 arvode
660 836 22 20 åt
700 836 86 21 lektorn

42 870 34 21 för
90 871 55 20 hans
160 870 91 21 berörde
267 870 119 27 sysslande.

109 904 221 28 Landtdagsmannen
350 905 92 20 Klami
462 904 107 21 instämde
588 905 59 26 häri,
663 904 125 27 erinrande,

42 939 103 20 hurusom
160 939 71 20 lektor
245 939 69 27 Borg,
330 939 50 20 med
395 939 102 20 afseende
513 939 58 20 såväl
586 939 13 20 å
614 939 33 20 sin
663 939 125 28 synnerliga

42 973 128 28 färdighet
161 969 15 36 i
184 973 111 28 tolkning,
312 980 45 14 som
374 973 40 21 ock
425 973 62 27 derå,
498 975 31 19 att
547 973 72 28 någon
637 979 71 14 annan
724 981 63 13 sann-

43 1008 54 20 olikt
119 1008 48 20 icke
189 1007 56 21 hade
261 1008 99 27 förmåga
374 1010 32 18 att
421 1007 44 21 lika
480 1008 58 20 klart
553 1008 40 20 och
608 1007 138 29 fullständigt
757 1008 31 20 öf-

42 1044 96 19 versätta
152 1042 56 21 hvad
223 1049 46 13 som
284 1042 7 20 i
307 1042 85 21 ståndet
407 1042 67 27 talas,
484 1044 53 19 utan
552 1042 89 21 fastmer
657 1042 72 21 kunde
745 1042 42 21 för-

42 1076 62 28 dröja
127 1076 40 22 och
186 1076 81 28 jemväl
289 1076 131 21 bortblanda
434 1077 95 20 ståndets
545 1076 173 28 förhandlingar,
735 1084 52 20 nog-

43 1112 55 20 samt
120 1118 52 14 vore
192 1111 127 28 välförtjent
335 1111 23 21 af
372 1113 31 19 ett
418 1111 101 21 särskildt
534 1111 78 21 arvode
628 1111 34 21 för
678 1112 37 20 sitt
730 1113 58 19 stora

42 1146 78 20 besvär
135 1145 36 21 vid
188 1145 96 21 ståndets
299 1146 181 20 sammanträden.

110 1180 222 27 Landtdagsmannen
346 1180 127 20 Puhakka
489 1180 38 20 och
542 1181 52 20 flere
605 1180 66 20 andre
682 1180 106 20 instämde

44 1214 6 20 i
66 1214 25 20 de
107 1214 132 28 föregående
253 1214 96 21 talarnes
364 1214 88 28 förslag.

110 1248 222 28 Landtdagsmannen
342 1248 63 21 Kum
412 1248 124 28 pulainen
549 1248 95 28 yttrade,
653 1250 32 18 att
693 1248 36 20 det
736 1255 52 13 vore

44 1282 127 27 önskvärdt,
182 1290 34 13 om
227 1282 71 21 lektor
313 1282 60 28 Borg
386 1283 65 27 åtoge
467 1282 32 28 sig
514 1283 78 20 mödan
609 1284 31 18 att
654 1282 60 21 tolka
725 1282 63 21 äfven

43 1318 7 20 i
66 1317 153 27 lagutskottet,
242 1317 40 20 och
304 1319 32 18 att
358 1316 73 21 derför
454 1318 31 19 ett
507 1316 102 21 särskildt
627 1316 79 21 arvode
722 1316 67 21 borde

43 1350 86 21 lektorn
145 1350 148 20 tillerkännas.

111 1384 81 21 Härtill
213 1384 90 20 svarade
324 1383 209 29 landtdagsmannen
553 1377 130 34 Östring,
699 1385 31 18 att
745 1384 43 19 han

44 1419 66 21 redan
126 1419 7 20 i
149 1419 38 27 går
203 1419 73 20 derom
292 1418 90 22 vidtalat
397 1419 71 20 lektor
483 1418 68 28 Borg,
567 1418 40 21 och
622 1419 32 20 att
669 1418 120 27 lagutskot-
