973 1700
345 132 37 16 Den
395 133 22 15 11
430 132 35 17 dec.
709 127 41 21 333

34 190 81 27 genhet
129 190 8 21 i
152 198 39 20 par
207 192 32 19 tre
255 191 34 21 års
305 191 40 27 tid,
355 192 33 20 till
397 192 48 20 dess
460 192 54 21 hans
529 192 113 21 medförda
655 192 123 27 förmögen-

33 224 37 20 het
82 226 23 19 är
117 225 52 26 slut,
186 225 26 20 då
227 225 43 20 han
285 225 48 21 icke
349 233 60 13 mera
424 226 43 20 kan
481 226 94 21 existera
591 226 119 27 derstädes,
726 228 52 19 utan

33 259 69 20 måste
118 258 54 28 sälja
188 259 63 27 ånyo.
280 259 95 22 Sålunda
390 260 114 21 inträffade
520 260 33 21 för
568 261 36 19 två
619 261 23 20 år
658 261 73 26 sedan,
747 262 32 19 att

33 299 27 14 en
75 294 86 26 torpare
176 293 49 20 från
241 301 26 13 en
283 301 72 14 annan
369 295 133 27 församling,
514 294 88 21 hvilken
611 295 54 27 egde
680 296 31 19 ett
722 296 56 26 torp,

31 326 162 28 underlydande
210 329 30 18 ett
255 328 102 21 hemman
371 335 34 14 om
421 330 30 19 ett
462 328 135 21 åttondedels
613 329 90 26 mantal,
721 328 58 21 sålde

32 361 58 20 detta
109 363 48 26 torp
174 361 33 21 för
223 363 41 20 700
278 362 62 21 rubel
361 365 55 18 samt
435 363 66 28 köpte
517 363 33 28 sig
565 363 34 20 för
615 370 81 14 samma
712 363 66 28 köpe-

32 395 89 28 skilling
144 397 310 28 sjutton-fyratioåttondedels
477 397 82 21 mantal
578 397 7 20 i
601 397 83 21 Kalsila
707 397 28 28 by
750 410 28 3 —

31 437 49 14 men
97 431 79 28 ångrar
193 431 32 28 sig
241 439 29 13 nu
285 431 76 21 bittert
377 432 105 21 deröfver.

98 465 82 28 Dylika
195 465 37 21 fall
256 466 74 21 kunna
349 466 88 21 anföras
452 467 48 20 från
524 466 67 21 andra
615 468 57 19 orter
688 467 7 20 i
710 466 67 21 Wasa

30 499 43 20 län.
102 499 101 21 Kandala
218 500 173 21 skattehemman
407 507 34 14 om
457 501 201 20 nio-sextondedels
673 501 82 20 mantal
770 501 7 20 i

31 533 117 28 Saarijärvi
164 534 87 27 socken,
268 541 51 21 eger
335 535 62 26 3,700
422 535 81 20 tunland
511 535 57 28 jord,
585 535 26 20 då
627 535 97 21 deremot
735 535 41 20 den

30 568 35 28 by,
81 568 110 21 hvarifrån
205 570 40 26 jag
260 571 24 18 är
299 569 92 27 hemma,
407 570 121 20 Weikars
523 564 15 37 i
544 570 129 20 Mustasaari
689 570 86 27 socken,

31 610 34 13 om
81 604 12 20 5
110 603 40 21 och
166 603 179 28 sju-åttondedels
359 604 81 20 mantal
451 604 77 27 skatte,
544 604 48 21 icke
603 604 38 20 har
653 611 37 13 ens
707 604 70 20 denna

30 637 109 27 jordvidd,
156 637 40 21 och
212 637 73 21 dertill
301 645 26 14 en
342 638 63 20 mark
423 638 91 28 uppfyld
536 638 23 21 af
573 638 141 27 stenhölster,
731 645 45 14 som

31 671 106 29 knappast
152 672 72 27 någon
240 672 69 21 skulle
325 671 40 28 bry
388 672 32 27 sig
439 679 35 14 om
489 674 32 19 att
536 679 47 21 ega.
621 672 75 21 Såsom
713 679 27 14 en
755 673 24 20 af

30 705 26 21 de
71 706 125 27 bördigaste
212 708 58 19 orter
285 707 8 20 i
307 706 59 21 länet
389 714 62 13 anses
473 707 96 20 Ylistaro
585 707 72 27 kapell
680 707 23 20 af
717 707 58 21 Stor-

31 741 51 26 kyro
100 741 86 20 socken.
216 741 39 20 Ett
269 741 56 20 halft
338 743 73 18 mantal
435 741 70 21 skatte
514 741 67 28 köpes
590 741 37 20 der
636 741 68 21 under
713 743 62 25 2,000

30 775 60 20 rubel
106 775 83 26 silfver,
212 775 27 20 dä
261 775 98 21 deremot
378 775 8 20 i
402 775 140 28 Lappajärvi,
559 775 68 28 enligt
646 776 57 21 hvad
725 783 50 14 man

30 809 88 28 nyligen
146 809 84 27 erfarit,
258 811 30 19 ett
303 810 181 27 tjugufjerdedels
507 810 82 21 mantal
617 810 82 21 betalas
726 811 50 20 med

30 844 62 26 2,000
107 843 68 21 rubel.
212 844 67 21 Detta
301 844 61 21 torde
382 844 128 28 tillräckligt
532 844 71 21 utvisa
625 844 41 21 den
689 845 86 28 ojemna

30 878 151 28 fördelningen
201 878 24 21 af
241 879 112 20 skatterna
369 879 55 20 efter
442 879 88 21 mantal.
567 879 44 20 Det
630 879 119 28 tryckande
768 879 7 20 i

30 913 58 21 detta
108 913 136 21 förhållande
271 913 64 21 faller
359 915 58 19 ännu
438 914 96 28 bjertare
557 914 7 20 i
585 915 59 26 ögat,
668 921 34 14 om
725 921 50 14 man

30 949 60 27 tager
108 948 83 21 indelta
212 948 110 21 militären
337 948 7 21 i
359 948 149 22 betraktande.
538 948 50 21 Den
608 948 57 21 förut
681 949 93 21 nämnda

30 982 94 21 Wehniä
144 982 170 29 frälselägenhet
330 989 34 14 om
385 985 31 18 ett
431 983 39 21 och
494 985 31 19 ett
547 983 55 21 halft
625 983 90 27 mantal,
738 991 37 13 an-

30 1024 72 14 svarar
125 1025 29 12 nu
177 1018 93 27 troligen
292 1017 35 21 för
349 1024 27 14 en
400 1018 39 20 och
462 1025 27 14 en
516 1017 47 22 half
587 1019 58 26 rota,
672 1018 27 21 då
726 1018 47 21 der-

30 1053 56 19 emot
106 1051 97 28 Lillkyro
224 1052 80 20 socken
323 1052 50 20 med
394 1059 81 14 samma
490 1052 102 28 jordvidd
611 1059 72 13 svarar
698 1053 33 20 för
747 1053 26 20 52

30 1088 66 25 rotar;
118 1086 101 20 Kandala
241 1086 101 21 hemman
365 1086 33 20 för
419 1094 26 13 en
461 1086 119 28 tredjedels
595 1088 48 19 rota
658 1087 39 20 och
713 1087 60 21 Wei-

30 1120 48 21 kars
101 1120 35 28 by,
159 1120 50 21 med
229 1120 84 21 mindre
326 1120 103 28 jordvidd
443 1121 34 21 för
495 1122 13 20 4
522 1122 65 20 rotar.
623 1121 150 28 Mängfaldiga

30 1155 103 20 likartade
153 1155 99 28 exempel
270 1155 72 21 kunde
361 1155 141 28 framdragas.
532 1155 159 28 Militärfrågan
707 1157 23 20 är
746 1163 27 14 en

30 1189 92 21 Gordisk
138 1189 54 20 knut
207 1190 6 19 i
227 1190 48 20 vårt
289 1189 60 27 land,
365 1190 88 21 hvilken
467 1191 39 27 jag
519 1190 49 21 icke
583 1190 38 21 vill
636 1191 92 20 vidröra.

95 1224 39 20 Att
154 1223 66 21 tänka
240 1225 29 26 på
289 1224 25 20 de
330 1224 90 21 anförda
435 1225 181 28 olägenheternas
632 1225 140 28 afhjelpande

30 1258 89 21 medelst
134 1265 28 14 en
178 1258 195 28 skattejemkning,
389 1259 60 21 torde
465 1259 48 21 icke
529 1259 48 21 föra
587 1259 33 20 till
630 1260 73 20 målet.
729 1259 43 22 Till

30 1299 25 14 en
71 1292 66 21 sådan
151 1292 125 21 erfarenhet
291 1293 38 20 har
344 1300 51 13 man
410 1293 91 21 kommit
515 1293 63 22 äfven
593 1293 7 21 i
616 1293 100 28 Sverige,
735 1294 38 21 der

30 1327 105 20 motioner
150 1333 36 14 om
201 1327 169 26 grundskattens
389 1327 117 27 aflyftande
524 1328 75 20 väckts
615 1328 36 20 vid
666 1328 106 20 särskilda

30 1361 118 26 riksdagar,
164 1360 39 21 och
220 1361 87 20 sednast
322 1361 7 19 i
345 1361 24 20 år
383 1362 79 19 tvenne
478 1361 90 27 sådana,
591 1361 74 21 hvilka
680 1361 43 21 fört
739 1362 33 20 till

30 1394 34 21 det
84 1394 103 27 resultat,
209 1396 32 19 att
263 1401 50 14 man
333 1394 89 22 beslutit
440 1395 99 22 nedsätta
553 1401 27 15 en
595 1395 81 22 komité
692 1395 33 22 för
741 1397 31 20 att
