978 1711
202 136 40 19 212
488 138 36 16 Den
538 138 21 16 13
572 142 36 12 nov.

244 199 69 22 Mätte
334 197 59 21 Guds
413 197 57 21 hand
492 197 71 20 städse
578 196 59 21 hvila
652 196 125 27 skyddande
793 197 61 20 öfver
870 196 52 21 Sve-

175 235 57 27 riges
247 233 52 21 land
314 232 40 21 och
369 231 57 20 folk!

320 290 42 20 Till
375 289 216 29 generalyuvernören
606 288 60 28 öfver
681 288 100 21 Finland.

243 330 105 22 Finlands
368 336 29 14 nu
418 328 130 22 församlade
569 328 88 21 ständer
676 328 65 21 hafva
761 328 105 29 enhälligt
887 329 37 21 be-

176 366 60 21 slutit
252 367 32 19 att
299 365 32 21 uti
347 364 106 21 särskilda
468 363 98 21 adresser
582 362 33 22 till
629 362 121 28 Rysslands
766 363 39 21 och
822 363 102 29 Sveriges

177 400 45 21 folk
237 399 101 29 uttrycka
353 399 36 20 det
404 398 70 20 finska
490 398 80 20 folkets
581 397 134 21 tacksamhet
726 397 34 21 för
771 398 25 20 de
807 398 116 28 frikostiga

177 435 76 27 bidrag
273 434 34 20 till
326 432 114 22 lindrande
460 432 24 21 af
502 432 42 20 den
564 432 7 20 i
589 432 55 27 följd
659 432 24 20 af
697 431 99 21 sistlidna
810 432 35 21 års
861 432 62 21 svåra

177 469 105 21 missväxt
301 468 39 20 här
359 468 7 20 i
386 467 74 20 landet
479 466 115 21 inträffade
614 466 53 26 nöd,
689 466 75 21 hvilka
784 466 59 21 såväl
862 466 59 21 inom

176 502 161 29 kejsaredömet
352 508 47 14 som
414 502 6 19 i
435 500 95 22 nämnda
544 500 151 28 konungarike
710 500 72 21 blifvit
796 501 129 21 insamlade.

177 538 69 20 Dessa
261 536 99 22 adresser
374 536 22 20 få
406 534 176 22 undertecknade
592 534 88 27 talmän,
695 535 29 28 på
735 534 127 22 ständernas
873 537 51 26 väg-

178 579 45 20 nar,
239 573 53 19 äran
306 570 134 21 härmedelst
455 570 32 20 till
504 569 62 21 eders
581 569 110 20 excellens
706 569 135 21 öfverlemna
854 570 70 27 jemte

177 598 102 29 anhållan
302 606 32 20 att
355 605 111 20 desamma
488 604 67 21 måtte
575 609 78 22 genom
674 603 62 21 eders
757 604 115 21 excellens”
888 604 37 21 be-

179 642 71 27 nägna
266 639 76 28 åtgärd
356 638 66 22 varda
438 638 56 27 dem,
510 645 45 14 som
570 637 113 28 vederbör,
698 638 127 21 meddelade
841 639 40 21 och
892 639 32 21 så-

178 674 66 22 lunda
259 674 65 21 äfven
340 672 185 29 offentliggjorda.
554 672 139 28 Helsingfors
708 672 41 21 den
767 673 24 21 13
807 673 118 22 november

181 710 59 20 1863.

246 777 108 22 Afsändes
374 783 27 14 en
421 776 137 28 deputation,
580 776 116 21 bestäende
715 776 24 21 af
751 777 175 28 landtdagsmän-

179 819 42 14 nen
242 812 126 26 Mannsten,
392 811 91 21 Simolin
504 811 40 20 och
564 810 131 29 Blomgvist,
719 811 42 21 den
776 812 150 21 förstnämnda

181 847 70 21 säsom
267 845 140 27 ordförande,
424 847 30 19 att
470 845 126 21 underrätta
611 845 101 27 samtliga
727 846 152 27 medständen,
896 848 32 19 att

179 880 161 22 bondeståndet
361 880 89 20 beslutit
471 879 33 21 till
526 879 135 28 underdänig
683 880 123 28 ansökning
828 887 36 14 om
884 880 43 22 för-

180 916 106 28 längning
306 915 24 21 af
348 914 60 21 tiden
428 914 34 21 för
481 914 143 28 landtdagens
643 921 149 14 sammanvaro
809 915 33 21 till
858 915 41 22 den
917 916 8 20 1

181 950 43 28 maj
240 948 180 23 nästkommande
436 949 24 21 är
476 950 54 20 1864
546 948 40 22 och
601 948 96 28 godkänt
713 948 26 22 de
750 949 23 21 af
782 949 145 28 expeditions-

182 984 107 22 utskottet
311 985 103 26 uppsatta
436 983 234 28 tacksägelseadresser
692 984 34 20 till
747 984 121 28 Rysslands
888 984 40 21 och

183 1019 102 27 Sveriges
304 1018 46 21 folk
368 1018 34 21 för
417 1018 26 20 de
459 1018 47 20 frän
523 1017 63 21 dessa
600 1018 76 20 länder
691 1018 97 21 erhällna
803 1018 77 28 bidrag
895 1019 33 20 till

182 1052 114 22 lindrande
319 1052 24 21 af
362 1052 41 20 den
426 1059 78 20 genom
528 1051 99 21 sistlidna
645 1052 34 20 års
695 1052 104 21 missväxt
814 1052 114 22 inträffade

182 1087 43 21 nöd
240 1088 7 20 i
262 1087 80 21 landet.

250 1156 103 21 Härefter
368 1155 114 28 föredrogs
497 1155 118 28 bordlagda
624 1155 164 28 propositionen
799 1162 35 14 n:o
845 1156 34 27 28,
893 1163 37 14 an-

184 1190 83 29 gäende
290 1190 94 21 revision
408 1190 23 20 af
451 1190 184 28 författningarna
657 1197 34 13 om
714 1190 123 28 personella
852 1190 78 22 krono-

183 1224 152 29 utskyldernas
357 1224 80 28 belopp
460 1224 40 20 och
523 1224 123 28 grunderna
665 1224 34 20 för
719 1224 62 21 deras
799 1225 131 27 utgörande,

185 1260 54 18 samt
255 1265 34 13 om
305 1264 28 14 en
348 1258 80 19 allmän
444 1258 110 26 reglering
569 1258 24 20 af
605 1258 64 20 dessa
681 1258 119 27 utskylder.

252 1291 222 27 Landtdagsmannen
493 1291 69 21 Keto
585 1291 60 27 ville,
669 1292 74 20 sävida
764 1292 166 28 ifrägavarande

185 1325 134 29 proposition
338 1325 74 27 afsäge
428 1327 31 19 att
474 1325 100 21 förenkla
588 1325 178 28 uppbördssättet
780 1326 40 21 och
836 1328 53 26 göra
905 1327 25 21 de

185 1360 123 28 personella
323 1359 141 29 utskylderna
479 1359 45 22 lika
539 1360 60 21 öfver
615 1360 49 21 hela
683 1360 84 28 landet,
788 1361 143 29 understödja

185 1394 136 26 densamma,
337 1394 55 21 dock
407 1394 50 20 med
472 1394 76 27 vilkor,
564 1396 31 19 att
611 1394 41 22 den
667 1394 127 29 förhöjning
808 1395 25 21 af
845 1396 27 21 de
882 1403 49 21 per-

186 1429 82 20 sonella
288 1428 150 27 utskylderna,
462 1435 44 14 som
528 1428 68 28 enligt
615 1429 164 28 propositionen
798 1429 86 22 komme
900 1432 31 19 att
