995 1706
197 133 13 20 6
477 137 37 15 Den
528 136 19 16 17
561 136 44 20 sept.

169 198 99 28 lyckligt"
280 197 43 21 slut
342 196 102 21 befordra
464 196 26 20 de
506 195 79 27 många
601 194 39 22 och
656 194 81 27 vigtiga
753 191 103 28 ärenden,
873 198 45 14 som

171 232 87 21 komma
273 232 32 20 att
320 230 97 22 ståndets
432 230 103 28 pröfning
550 229 150 21 underställas.

239 266 117 20 Olikheten
371 265 8 20 i
395 264 65 28 språk
474 264 66 22 bland
556 264 96 21 ståndets
664 264 141 21 medlemmar
814 263 108 22 försvårar

170 301 35 21 väl
224 300 200 27 förhandlingarna.
458 299 52 21 Men
529 298 37 21 det
586 300 23 18 är
625 298 48 21 icke
689 298 86 28 möjligt
791 300 31 19 att
837 298 41 21 den
894 304 28 14 nu

171 335 107 27 afhjelpa,
305 334 118 20 likasålitet
450 340 46 14 som
521 333 73 27 någon
618 332 43 21 kan
687 332 33 21 för
743 333 42 20 den
807 332 115 28 beskyllas.

172 368 186 30 Språkskilnaden
380 368 40 20 har
440 368 65 28 ingen
524 368 73 20 vållat.
634 367 49 21 Den
705 369 23 19 är
749 374 27 14 en
791 368 56 28 följd
862 368 22 20 af
898 368 26 20 de

172 404 103 28 politiska
297 403 82 21 skiften
398 402 94 21 Finland
507 402 123 28 undergätt.
663 402 34 20 De
720 402 140 28 olägenheter
883 402 42 22 den

172 438 85 22 medför
272 438 69 21 måste
357 438 61 20 tälas.
449 436 46 21 Och
510 437 43 27 håg
569 437 40 21 och
623 436 60 21 kraft
698 436 70 21 dertill
787 436 93 21 skänker
890 444 35 13 oss

174 473 42 21 den
236 472 165 28 försonlighets-
422 471 40 21 och
481 471 225 28 tillgifvenhetsanda,
722 478 46 14 som
784 472 71 20 städse
871 471 55 21 skall

174 508 54 20 lifva
246 507 52 21 våra
315 506 201 28 öfverläggningar,
533 506 76 21 endast
624 506 21 20 vi
660 506 70 28 aldrig
744 506 136 28 förglömma,
896 508 31 19 att

175 542 21 21 vi
212 542 43 20 alla
278 543 37 19 äro
334 540 141 22 medlemmar
494 540 23 21 af
531 547 82 14 samma
628 540 51 26 folk,
695 540 64 20 hvars
773 546 55 22 egen
844 540 83 21 välfärd

176 576 160 28 oeftergifligen
359 575 85 21 fordrar
464 577 32 19 att
517 575 36 21 det
574 575 49 21 icke
645 575 90 20 söndrar
758 575 33 29 sig
813 575 58 21 inom
894 575 34 28 sig

180 610 70 28 sjelft,
274 610 40 21 och
333 611 32 19 att
380 610 48 20 vårt
450 610 42 21 mål
515 611 24 19 är
561 610 90 20 allmänt
672 609 44 27 väl,
736 616 50 14 men
805 609 48 21 icke
874 616 55 22 egen

176 645 91 27 vinning
282 645 41 20 och
338 644 140 21 utmärkelse.

242 678 165 28 Rättrådighet,
428 678 77 21 kärlek
525 678 32 21 till
573 678 93 21 monark
681 678 39 21 och
736 678 128 26 fosterland,
880 679 47 20 akt-

176 714 53 27 ning
251 714 34 20 för
306 713 119 21 bestående
444 714 36 27 lag
503 713 61 21 skola
586 713 119 21 förestafva
727 713 44 27 mig
793 713 26 21 de
834 713 38 21 råd
888 713 40 21 och

176 748 163 28 upplysningar,
353 748 40 27 jag
407 748 44 20 min
472 748 56 27 pligt
543 747 109 27 likmätigt
667 748 39 20 har
721 749 32 19 att
768 748 85 20 ståndet
869 748 59 20 med-

177 783 58 21 dela:
252 782 39 21 och
311 783 40 27 jag
370 782 65 28 hyser
456 783 41 20 den
512 782 56 21 fasta
583 782 120 28 tillförsigt,
718 784 32 19 att
764 782 112 21 enahanda
890 783 37 21 be-

176 816 185 28 vekelsegrunder
383 818 53 26 göra
459 816 33 28 sig
514 817 100 27 gällande
637 817 65 21 äfven
724 817 39 20 hos
787 824 26 14 en
834 817 52 21 hvar
907 817 24 21 af

177 851 97 21 ståndets
300 851 147 21 medlemmar.
485 851 43 28 Jag
549 852 84 27 hoppas
654 851 41 21 ock
710 853 31 19 att
757 851 86 21 ståndet
858 852 71 27 aldrig

176 886 100 26 förbiser,
292 887 32 19 att
347 885 48 21 dess
419 893 55 20 egen
494 886 114 28 värdighet
631 886 20 27 ej
674 886 84 20 mindre
779 887 27 19 än
825 886 103 21 sakernas

177 920 65 28 helgd
264 920 87 21 kräfver
375 921 30 20 att
425 920 75 28 hvarje
522 920 49 21 dess
590 920 94 21 medlem
707 920 142 21 underkastar
872 920 56 22 före-

176 954 131 21 kommande
335 954 96 21 ärenden
454 962 26 14 en
508 955 138 27 sjelfständig
672 955 39 21 och
734 962 79 21 mogen
839 956 89 26 gransk-

177 988 64 29 ning,
261 989 28 20 fri
309 989 49 21 från
377 989 175 28 bi-inflytanden,
567 990 87 28 pröfvar
670 990 38 20 allt
724 990 39 20 och
782 989 95 21 behåller
892 990 37 20 det

179 1024 52 27 godt
247 1025 29 19 är.

245 1057 68 32 Måtte
329 1058 20 21 vi
365 1058 62 20 alltid
442 1058 138 28 ihågkomma
595 1060 32 19 att
639 1059 156 26 efterverlden,
811 1059 117 27 historien,

177 1092 56 22 skall
252 1099 27 14 en
301 1092 42 28 dag
363 1093 61 20 öfver
446 1100 34 13 oss
496 1093 52 21 fälla
564 1093 32 20 sin
612 1093 57 21 dom.
699 1093 42 21 Väl
757 1101 46 19 oss,
818 1101 35 13 om
869 1093 21 22 vi
906 1094 23 20 så

177 1127 96 26 handlat,
286 1128 31 19 att
329 1127 42 20 den
386 1127 48 22 icke
449 1128 44 21 kan
508 1128 28 27 på
550 1128 48 21 vårt
614 1128 73 21 minne
703 1128 69 21 vältra
783 1129 71 27 någon
865 1129 64 22 skuld

177 1161 35 20 för
234 1161 26 20 de
283 1161 140 28 vidrigheter,
441 1169 46 14 som
509 1162 7 21 i
539 1169 27 14 en
587 1162 71 21 okänd
679 1163 87 20 framtid
781 1163 74 21 kunna
870 1165 59 20 möta

176 1195 48 21 vårt
236 1195 171 21 fädernesland.*

246 1230 87 21 Beslöts
346 1231 31 20 att
388 1230 96 21 ståndets
494 1231 141 20 medlemmar
645 1231 69 20 skulle
726 1231 73 28 intaga
811 1233 46 20 sina
868 1234 61 19 säten

178 1263 98 26 sålunda,
299 1264 31 20 att
346 1263 107 21 ombuden
471 1264 48 21 från
534 1264 97 27 Nylands
647 1265 36 20 län
703 1265 68 20 skulle
788 1265 51 21 sitta
854 1266 76 21 främst

180 1297 40 20 och
235 1297 95 21 derefter
346 1297 26 21 de
386 1297 47 21 från
444 1287 58 42 Åbo,
513 1298 110 29 Wiborgs,
635 1299 140 27 Tavastehus,
787 1299 32 22 S:t
829 1300 101 28 Michels,

178 1331 94 29 Kuopio,
294 1332 69 21 Wasa
385 1333 39 20 och
447 1332 121 29 Uleåborgs
590 1334 43 27 län,
649 1334 88 27 länevis,
753 1334 7 21 i
777 1334 41 21 den
839 1335 91 29 ordning

178 1366 65 21 länen
258 1374 29 13 nu
303 1367 141 28 uppräknats.

246 1401 44 22 För
319 1403 32 20 att
373 1403 85 27 aflägga
480 1402 168 22 bondeståndets
671 1404 136 22 vördsamma
830 1405 100 29 helsning

179 1436 41 21 hos
242 1436 26 22 de
291 1437 69 22 andra
380 1437 102 28 stånden,
503 1438 72 21 valdes
596 1446 28 14 en
639 1439 127 28 deputation
781 1440 24 21 af
818 1447 39 14 sex
871 1441 60 21 leda-
