1134 1700
512 120 38 17 Den
564 120 21 17 15
597 120 35 21 dec.
877 116 40 24 347

203 180 63 20 väckt
286 179 62 28 fråga
361 180 56 20 huru
431 179 116 30 rätteligen
566 179 91 26 förfaras
679 179 76 29 skulle,
772 180 27 21 dä
814 180 26 21 de
855 179 89 29 respek-

204 214 43 21 tive
271 213 100 27 stånden,
393 214 36 20 vid
451 214 160 29 behandlingen
629 214 26 28 af
666 214 78 28 någon
760 214 50 28 utaf
826 214 27 26 de
864 214 82 28 nådiga

203 248 190 28 propositonerna,
416 249 87 19 stannat
524 246 14 22 i
554 248 25 21 så
601 248 57 21 olika
677 247 72 21 beslut
767 250 32 19 att
813 248 111 28 pluralitet
939 249 7 21 i

203 282 91 21 ärendet
308 282 90 21 stånden
414 282 92 21 emellan
521 282 48 21 icke
579 289 52 14 vore
641 282 80 28 gifven,
736 282 94 21 beslutat
840 284 31 19 att
882 289 65 21 expe-

204 316 197 26 ditionsutskottet,
420 316 33 20 till
468 316 64 21 hvars
548 316 73 21 vidare
637 316 131 28 tillgörande
788 316 108 21 ärendena
916 316 31 22 ef-

204 352 32 20 ter
256 350 63 24 deras
332 350 125 29 ;afgörande
476 351 57 23 inom
544 346 92 37 ståndet
650 350 62 26 alltid
727 350 70 26 skulle
812 350 134 29 hänskjutas,

203 385 7 21 i
225 384 92 22 berörda
337 385 38 20 fall
396 384 54 28 egde
468 385 38 21 hos
527 384 86 22 ståndet
633 392 34 14 om
687 384 145 22 förhållandet
850 385 96 27 anmäla;

203 419 109 21 hvarefter
336 419 86 28 frågan,
438 419 13 21 i
473 419 102 28 afseende
598 419 13 26 å
632 419 211 29 tillvägabringande
863 420 24 26 af
905 420 41 20 den

203 453 211 30 sammanjemkning
434 453 23 22 af
476 453 101 28 ständens
591 453 77 26 beslut
689 460 48 20 gom
752 450 51 31 vore
819 454 23 30 af
863 454 81 27 nöden,

203 488 67 21 borde
286 489 170 28 äterremitteras
471 489 33 21 till
521 484 31 38 det
555 488 101 30 utskott,
668 489 37 29 till
721 484 58 38 hvars
792 484 154 38 förberedande

204 523 132 28 behandling
350 523 90 21 ärendet
455 523 139 21 derförinnan
609 523 56 21 varit
681 523 164 22 öfverlemnadt.

270 558 33 21 På
323 557 121 22 framställd
464 557 135 29 proposition
617 557 104 27 förenade
741 558 33 30 sig
789 557 158 26 bondeståndet

204 593 31 21 uti
255 592 112 22 enahanda
386 592 72 22 beslut
471 593 55 21 ,med
543 592 202 30 det.ridderskapet
754 593 46 27 och
814 592 64 22 adeln
893 594 8 20 i
916 592 31 22 fö-

204 627 114 23 restående
332 627 68 27 måtto
422 628 73 26 fattat;
509 627 47 22 .och
568 627 73 28 skulle
653 627 144 27 medständen
813 629 53 21 samt
881 634 66 22 expe-

204 661 189 27 ditionsutskottet
408 662 74 27 derom
498 662 136 25 underrättas
650 668 78 23 genom
740 662 207 28 protokollsutdrag.

271 731 122 28 Föredrogs
416 731 23 21 af
460 730 244 28 expeditionsutskottet
725 731 118 29 uppgjordt
867 731 82 28 förslag

204 766 33 20 till
257 766 21 27 ej
296 766 84 21 mindre
400 765 105 27 Finlands
519 766 105 26 ;ständers
644 764 148 28 underdäniga
811 772 49 15 svar
874 766 19 27 å
911 766 36 27 nä-

205 800 50 28 diga
273 800 174 28 propositionen,
461 800 114 28 angående
591 800 198 28 saltpetergärdens
804 800 145 26 afskaffande,

204 836 27 20 än
247 834 40 26 ock
305 835 40 21 den
367 834 114 22 skrifvelse
496 834 209 29 ;hvarjemte.sagda
720 841 49 19 svar
784 834 69 22 skulle
869 834 33 27 till
912 841 37 21 ge-

204 870 198 28 neralguvernören
422 870 62 21 öfver
503 869 96 28 Finland
618 869 50 29 afgä
693 868 33 22 för
747 870 31 20 att
794 868 27 21 H.
845 868 26 22 K.
887 868 62 22 M:t
938 864 16 39 i

205 904 172 28 underdänighet
392 904 129 28 föreläggas.

272 938 97 22 Berörda
384 938 82 29 förslag
480 938 112 28 upplästes
606 933 39 38 och
652 937 72 30 blefvo
739 938 110 28 desamma
863 938 23 28 af
891 938 57 24 bon-

206 973 114 22 deständet
338 973 124 28 godkända;
480 973 93 28 hvarom
593 972 26 22 de
633 972 76 30 öfriga
719 972 95 26 stånden
829 973 41 27 och
885 980 64 21 expe-

207 1007 187 26 ditionsutskottet
413 1007 70 28 skulle
498 1007 138 27 underrättas
649 1013 80 22 genom
745 1006 204 29 protokollsutdrag.

274 1076 122 28 Föredrogs
417 1076 24 22 af
457 1076 247 28 expeditionsutskottet
729 1075 118 29 uppgjordt
869 1076 82 28 förslag

207 1111 33 21 till
263 1112 23 21 sä
308 1110 35 22 väl
364 1110 105 28 Finlands
490 1110 99 23 ständers
609 1110 148 29 underdäniga
777 1116 48 19 syar
843 1110 14 21 &
871 1110 80 28 nädiga

207 1146 163 29 propositionen
389 1145 114 28 angående
518 1145 80 27 allmän
613 1145 102 28 tillåtelse
729 1145 34 23 till
779 1144 134 29 .anställande
926 1145 27 21 af

208 1181 128 28 urtimating
345 1181 12 25 i
377 1180 63 26 civila
458 1180 96 27 ärenden
569 1180 39 21 och
624 1173 81 40 mindre
720 1173 113 40 brottmäl,
849 1186 46 15 som
909 1180 42 21 ock

208 1215 42 21 den
265 1215 122 26 skrifvelse,
403 1215 120 28 hvarjemte
539 1215 94 21 nämnda
649 1221 47 14 svar
715 1213 70 27 skulle
800 1214 50 27 afgä
865 1214 33 26 till
913 1221 37 21 ge-

208 1249 199 28 neralguvernören
423 1249 60 26 öfver
497 1249 94 26 Finland
610 1249 33 21 för
658 1250 32 25 att
704 1248 28 22 H.
746 1248 29 25 K.
791 1248 61 21 M:t
845 1243 13 38 i
870 1247 80 28 under-

209 1284 103 28 dänighet
327 1283 130 29 föreläggas.

276 1317 144 26 Omförmälta
434 1318 82 27 förslag
531 1318 111 27 upplästes
657 1317 40 25 och
709 1316 79 23 :blefvo
804 1317 110 26 desamma
926 1316 26 26 af

210 1350 158 28 bondeständet
382 1351 121 28 godkända.

276 1385 198 27 Medständen
433 1380 42 38 och
490 1384 243 30 expeditionsutskottet
748 1384 69 24 skulle
827 1385 76 27 härom
913 1391 38 16 un-

210 1421 106 25 dorräftas
327 1427 82 22 genom
415 1420 214 30 protokellautdras.
