970 1703
210 123 40 20 182
496 127 38 17 Den
547 127 9 16 3
570 131 37 13 nov,

180 188 54 27 telig
250 188 120 27 bevisning.
399 187 91 20 Talaren
510 187 67 27 ansåg
597 193 27 13 en
646 185 66 22 sådan
728 185 122 28 anordning
864 185 62 22 desto

181 229 59 14 mera
255 221 134 28 nödvändig,
405 228 46 13 som
467 220 44 21 ofta
526 220 103 26 inträffat,
647 221 33 19 att
694 219 26 22 de
736 220 36 21 vid
787 219 112 22 underrätt
914 219 13 22 å

181 256 70 21 finska
266 256 88 28 språket
374 255 83 28 afgifna
476 254 153 22 vittnesmålen
644 254 111 21 befunnits
770 255 7 20 i
792 254 27 21 de
835 254 93 21 svenska

181 290 163 28 protokollerna
354 296 52 14 vara
416 289 91 28 oriktigt
517 290 112 27 upptagna
640 288 40 21 och
691 288 42 21 det'
743 288 109 21 dessutom
867 288 60 22 mån-

182 331 42 21 gen
240 325 57 27 gång
311 330 52 15 vore
378 323 93 28 möjligt,
487 325 32 19 att
533 330 27 14 en
576 322 40 21 sak
630 322 73 21 kunde
713 323 60 21 ledas
784 323 7 20 i
801 323 61 21 bevis
873 323 54 21 först

181 358 7 22 i
204 358 156 28 sammanhang
381 356 50 23 med
453 357 96 21 sökande
569 356 24 22 af
611 356 91 28 ändring
718 357 6 21 i
741 356 46 22 deri
805 356 68 22 redan
888 356 39 23 fal-

181 393 35 21 len
233 393 55 21 dom.

249 426 222 28 Landtdagsmannen
486 425 209 29 Kumpulainen
711 425 52 21 fann
774 425 48 21 icke
834 425 47 21 skäl
894 426 33 21 till

181 461 96 28 uppskof
296 460 50 21 med
367 460 209 28 lagmansrätternas
598 459 144 28 indragande,
759 459 90 21 emedan
866 460 62 21 dessa

182 495 117 21 domstolar
314 501 52 14 voro
382 494 153 28 fullkomligen
551 494 129 28 obehöfliga,
696 494 40 20 och
751 493 81 28 yrkade
844 494 83 21 talaren

181 530 86 21 derföre
291 528 133 29 petitionens
446 528 156 22 remitterande
626 528 32 22 till
681 528 98 21 enskilda
805 528 122 21 besvärsut-

183 564 87 21 skottet.

250 597 222 29 Landtdagsmannen
488 597 199 22 Teräsrautila
702 596 108 22 instämde
825 597 7 21 i
844 596 41 22 den
896 597 31 22 fö-

182 633 110 28 regående
308 633 95 20 talarens
419 633 62 27 åsigt.

250 666 215 29 Petitionsförslaget
487 666 151 22 remitterades
661 666 33 22 till
714 665 96 23 ståndets
830 665 98 23 enskilda

182 700 178 23 besvärsutskott.
587 731 20 2 W

250 769 221 29 Landtdagsmannen
479 769 89 22 Kiuru
579 770 63 28 ingaf
650 771 31 19 ett
688 769 194 29 petitionsförslag,
891 777 36 14 an-

182 804 84 28 gående
287 811 151 21 noggrannare
458 804 190 28 lagbestämmelse
664 811 34 14 om
714 804 117 21 sabbatens
847 804 81 22 firande

183 839 39 20 och
239 838 119 28 skärpning
373 838 24 21 af
410 840 101 19 ansvaret
526 839 33 21 för
574 838 154 21 sabbatsbrott.

249 872 222 30 Landtdagsmannen
493 872 92 22 Klami
607 873 69 28 ansåg
695 874 32 20 att
745 874 111 28 förslaget,
871 880 57 14 eme-

182 907 42 21 dan
244 907 35 21 det
298 909 53 19 nära
367 907 63 21 rörde
446 907 115 22 nationens
578 908 58 20 såväl
651 907 102 29 kyrkliga
768 915 46 14 som
830 908 99 28 statsliga

182 942 158 27 förhållanden,
360 942 125 21 erfordrade
505 944 100 19 närmare
624 942 153 28 begrundning
792 943 40 21 och
847 942 82 29 yrkade

182 976 86 22 derföre
284 976 130 22 detsammas
429 976 159 29 bordläggning
604 977 58 28 uppå
677 984 26 14 en
719 977 74 21 vecka.

250 1011 127 22 Bordlades.

250 1079 123 28 Föredrogs
388 1079 74 22 vidare
477 1080 211 27 landtdagsmannen
703 1080 84 21 Klamis
801 1081 41 20 den
854 1081 27 20 12
891 1081 38 20 ok-

182 1114 62 21 tober
266 1113 79 28 gjorda
368 1114 82 28 förslag
464 1114 33 21 till
512 1114 92 29 petition
621 1121 34 14 om
671 1116 66 19 sättet
753 1115 39 20 och
808 1115 120 28 ordningen

182 1148 34 21 för
231 1148 69 21 finska
316 1148 99 28 språkets
431 1149 114 20 införande
556 1149 70 20 såsom
638 1149 143 28 kurialspråk,
792 1149 83 22 hvilket
885 1150 43 21 för-

183 1182 47 27 slag
250 1182 26 21 då
296 1183 92 20 lemnats
408 1183 110 21 beroende
538 1183 57 20 intill
611 1183 49 21 dess
674 1183 81 22 erfaras
774 1184 57 27 finge
847 1191 34 14 om
897 1185 32 20 ett

182 1218 136 26 gemensamt
331 1217 174 22 besvärsutskott
520 1217 33 22 för
569 1218 114 28 samtelige
699 1218 90 21 stånden
800 1218 86 22 komme
897 1220 31 20 att

183 1250 69 21 bildas
268 1251 53 20 eller
336 1251 56 20 icke.

250 1283 222 28 Landtdagsmannen
482 1284 86 21 Klami
584 1285 161 21 öfverlemnade
757 1285 32 21 till
801 1287 86 20 ståndet
897 1289 31 19 att

181 1318 121 21 bestämma
317 1325 35 14 om
367 1318 90 22 ärendet
472 1318 66 22 borde
557 1320 123 21 remitteras
701 1320 33 21 till
748 1320 110 22 allmänna
873 1321 53 21 eller

183 1352 99 21 enskilda
301 1353 197 22 besvärsutskottet
518 1354 40 21 och
577 1355 52 20 ville
649 1355 56 21 blott
721 1355 92 28 tillägga
828 1356 41 20 den
885 1356 42 21 för-

182 1387 96 28 klaring,
293 1387 113 28 angående
421 1388 91 21 motivet
527 1388 33 21 för
576 1389 36 21 det
626 1389 135 21 framställda
771 1389 115 29 förslaget,
897 1392 31 19 att

182 1421 43 22 han
238 1421 48 22 icke
296 1421 117 23 betviflade
428 1422 163 23 vederbörande
607 1424 138 29 myndighets
761 1424 167 31 beredvillighet
