992 1703
367 122 38 16 Den
417 121 22 17 17
452 124 42 20 sept.
762 117 14 21 5

52 180 66 28 delar,
144 180 41 22 och
211 180 138 22 eftersträfva
372 181 77 22 endast
471 182 53 22 allas
547 188 163 22 gemensamma
734 182 69 28 bästa,

51 215 43 28 Jag
116 216 46 26 vet,
186 217 31 19 att
239 215 67 22 sädan
329 217 23 20 är
373 216 61 27 eder,
453 217 78 21 liksom
547 217 41 21 ock
602 217 55 27 min,
672 224 75 14 varma
762 218 41 20 och

50 249 105 29 hjertliga
181 250 94 27 önskan,
298 250 40 22 och
362 251 41 27 jag
425 251 33 21 får
480 251 74 21 härtill
576 252 64 27 lägga
663 251 77 22 endast
761 252 42 21 den

52 283 103 28 ödmjuka
170 284 111 27 anhällan,
297 286 32 19 att
345 284 20 28 J,
384 285 58 21 mine
457 285 89 21 älskade
560 285 162 28 ständsbröder,
735 286 68 21 mätte

51 318 89 21 bemöta
155 318 45 27 mig
214 318 40 21 och
269 319 49 21 mitt
341 326 76 21 svaga,
439 319 36 21 vid
491 320 23 21 sä
528 319 39 22 här
580 320 84 27 vigtiga
674 320 50 22 värf
735 327 69 15 ovana

51 352 118 33 beteende,
185 352 50 22 med
250 352 95 29 benäget
360 353 131 22 undseende.

119 387 73 21 Afven
206 387 42 21 den
262 387 34 21 för
309 387 86 22 ståndet
413 389 7 20 i
439 388 67 21 nåder
521 387 117 22 utnämnde
648 385 157 25 sekreteraren

52 421 32 21 fär
102 421 40 28 jag
161 421 102 28 vänligen
282 422 70 27 helsa,
368 422 6 21 i
391 423 35 21 det
444 423 68 28 hopp,
528 424 32 20 att
576 423 124 21 förtroende
716 423 41 21 och
771 423 33 21 in-

52 455 79 22 bördes
148 457 69 27 sämja
237 456 54 22 skall
311 457 80 28 uppstä
411 458 39 20 och
470 457 91 22 fortfara
582 457 58 21 säväl
658 458 95 21 emellan
768 457 37 22 det

52 490 135 22 hedervärda
201 491 86 22 ständet
303 491 39 22 och
357 491 90 28 honom,
464 499 45 14 som
525 492 41 22 ock
582 492 93 22 emellan
690 499 35 14 oss
737 492 62 22 bäda.

121 525 51 21 Med
187 525 64 21 dessa
266 526 63 20 korta
345 526 40 21 och
401 527 65 20 enkla
481 527 38 21 ord
534 527 39 28 gär
585 527 40 27 jag
640 526 7 21 i
663 526 60 22 Guds
738 534 66 14 namn

53 561 32 20 att
100 560 185 28 omedelbarligen
300 560 102 29 begynna
417 561 49 21 mitt
479 561 84 28 vigtiga
577 560 55 22 värf.

122 594 156 22 Sekreteraren
293 595 46 21 höll
354 595 96 22 derefter
464 595 34 21 till
513 595 87 22 ståndet
614 595 97 29 följande
727 596 37 20 tal:

120 646 9 10 »
132 629 177 29 Välförständige
327 630 96 21 taleman
445 630 39 21 och
500 630 114 27 samtelige
627 630 142 22 medlemmar
783 630 25 21 af

54 663 36 22 det
104 663 136 22 hedervärda
254 664 166 21 bondeständet.

121 698 29 21 H.
165 697 40 22 M:t
219 697 119 29 Kejsaren,
353 698 105 21 Finlands
469 698 129 27 Storfurste,
612 698 38 22 har
663 698 143 29 allernädigst

53 732 95 28 behagat
173 733 104 21 utnämna
299 732 46 29 mig
366 733 31 20 till
422 733 36 21 det
480 732 134 22 hedervärda
636 733 169 22 bondeständets

54 767 137 21 sekreterare
206 767 36 22 vid
257 767 72 21 denna
344 767 109 28 landtdag.

122 801 76 29 Lifligt
220 802 83 21 känner
323 803 40 27 jag
381 802 75 27 vigten
474 802 24 21 af
512 801 59 22 detta
584 802 54 21 värf.
668 801 34 22 De
716 801 90 30 förplig-

55 837 67 20 telser
140 836 37 21 det
195 837 89 28 ålägger
302 837 51 28 mig,
373 836 54 21 skall
440 837 40 28 jag
495 836 54 21 söka
564 837 32 20 att
611 838 72 26 troget
697 836 109 29 uppfylla,

55 873 53 19 utan
123 871 204 21 menniskofruktan
343 871 39 21 och
398 871 142 28 sjelfviskhet.
570 870 28 22 H.
614 871 27 21 K.
652 870 58 27 M:ts,
722 871 85 21 landets

56 905 141 28 Storfurstes,
213 905 85 22 landets
313 905 40 22 och
369 905 96 22 ständets
480 907 44 19 rätt
538 905 40 21 och
588 905 62 22 bästa
660 905 62 22 skola
732 905 75 22 dervid

54 947 53 14 vara
128 940 50 21 mitt
198 939 114 29 orubbliga
333 939 112 29 syftemäi,
468 939 55 22 efter
543 941 91 26 yttersta
654 939 98 22 förstånd
767 939 40 22 och

56 975 103 21 samvete.

124 1008 50 21 Den
194 1008 31 21 tid
245 1010 24 19 är
289 1009 47 21 icke
356 1008 61 28 långt
437 1008 101 27 tillbaka,
556 1008 28 22 dä
598 1008 210 21 sammankallandet

56 1043 23 21 af
91 1043 106 21 Finlands
212 1043 88 21 ständer
315 1043 24 21 af
353 1050 26 14 en
394 1043 53 21 hvar
457 1042 139 22 betraktades
608 1042 76 21 endast
694 1043 71 21 säsom
777 1044 31 19 ett

57 1077 173 28 önskningsmäl,
253 1077 36 22 det
311 1077 39 22 der
372 1077 55 22 först
446 1085 28 14 en
492 1077 121 29 aflägsnare
632 1077 89 21 framtid
735 1077 73 21 kunde

58 1112 140 27 förverkliga.
235 1112 68 21 Detta
324 1112 44 21 mäl
390 1113 24 20 är
436 1111 55 22 dock
513 1119 29 14 nu
560 1111 67 22 redan
642 1113 88 20 vunnet.
759 1112 49 21 Den

57 1147 221 27 tacksamhetsskuld,
293 1147 7 21 i
315 1147 89 22 hvilken
419 1146 94 22 Finland
528 1146 86 22 derföre
630 1146 44 21 stär
686 1147 32 20 till
728 1146 29 21 H.
769 1146 40 21 M:t

57 1181 80 28 Kejsar
160 1181 125 22 Alexander
307 1181 42 21 den
371 1181 73 28 andre,
466 1183 24 20 är
508 1183 51 19 stor.
590 1180 84 22 Samtid
688 1181 41 22 och
744 1182 64 21 efter-

58 1216 61 21 verld
134 1215 56 21 skall
205 1215 42 22 den
263 1216 96 21 erkänna
375 1216 40 21 och
430 1215 70 29 aldrig
515 1216 92 28 förgäta.

126 1250 49 21 Mer
195 1251 27 20 än
245 1252 32 19 ett
293 1250 55 21 halft
365 1250 136 22 ärhundrade
519 1251 39 20 har
574 1249 86 28 förgätt,
676 1249 67 22 sedan
757 1249 52 22 Fin-

58 1285 62 21 lands
136 1284 88 22 ständer
237 1285 57 21 varit
304 1285 137 21 församlade.
463 1284 75 22 Under
546 1284 71 21 denna
625 1284 31 21 tid
664 1284 40 21 har
714 1284 97 21 arbetets

59 1319 131 28 myckenhet
214 1319 71 26 vuxit,
310 1326 50 14 men
385 1319 113 27 förmägan
523 1320 32 19 att
580 1318 109 21 allmänna
714 1319 96 20 ärenden

58 1353 125 27 handlägga
205 1353 124 27 säkerligen
351 1353 48 21 icke
421 1353 8 19 i
452 1359 82 14 samma
552 1351 51 21 män
621 1352 95 27 tilltagit.
746 1351 65 22 Hvad

60 1394 34 14 oss
116 1386 81 22 brister
219 1387 24 21 af
260 1387 91 28 insigter
371 1386 40 22 och
430 1386 132 27 erfarenhet,
577 1385 37 21 det
628 1386 55 21 skall
698 1385 56 22 dock
768 1386 43 28 god

59 1422 54 29 vilja
132 1422 88 22 ersätta.
250 1421 46 22 Och
316 1421 77 22 endast
412 1420 90 22 sålunda
520 1420 42 22 blir
578 1419 36 23 det
629 1420 86 29 möjligt
730 1422 33 21 att
777 1420 34 22 till
