978 1703
216 143 39 19 194
502 149 37 16 Den
552 149 11 16 6
575 153 37 12 nov.

187 207 54 27 folk;
258 207 39 21 och
313 207 106 20 måhända
434 207 99 20 fruktade
550 207 116 26 styrelsen,
682 209 31 18 att
728 206 68 21 folket
811 206 70 22 skulle
896 207 34 20 för

187 241 87 28 mycket
294 241 62 26 ökas,
377 247 34 14 om
427 240 41 21 den
483 241 81 21 erhölle
580 240 91 28 behörig
685 240 121 21 hälsovård.
836 241 93 20 Talaren

185 275 86 27 yttrade
286 275 84 26 vidare,
385 276 31 19 att
431 275 73 20 läkare
519 274 66 21 borde
600 275 129 20 stationeras
740 275 12 20 å
762 275 102 28 lämpliga
880 274 50 21 stäl-

186 309 35 21 len
236 309 28 28 på
279 309 85 27 landet,
380 311 56 18 samt
451 309 98 21 erinrade
564 310 32 19 att
612 309 73 20 dervid
696 309 67 21 borde
773 309 156 28 ihågkommas,

186 344 31 20 att
237 343 176 28 tjenstemännen
433 350 50 13 voro
504 342 33 22 för
557 342 167 28 befolkningens
740 343 56 21 skull
811 343 119 26 anställde,

186 377 47 20 icke
249 378 100 20 tvertom.

253 411 220 28 Landtdagsmannen
489 411 123 21 Puhakka
626 411 52 21 fann
693 412 78 26 frågan
786 418 33 14 om
834 412 95 20 nödvän-

185 446 104 28 digheten
312 446 24 20 af
356 445 84 21 läkares
463 446 159 21 stationerande
645 446 28 27 på
687 446 74 20 landet
780 452 78 22 genom
873 446 57 21 hvad

186 480 69 21 Slotte
278 480 40 21 och
340 480 99 28 Hagman
463 482 68 26 yttrat
552 480 136 28 fullständigt
711 480 85 26 utredd,
812 488 50 14 men
876 481 52 21 ville

186 515 55 21 dock
255 515 74 21 vidare
345 515 82 26 erinra,
447 516 32 19 att
496 515 46 27 just
562 514 41 22 den
618 514 124 22 nuvarande
758 514 82 22 bristen
855 515 28 28 pä
898 515 30 21 lä-

183 551 52 20 kare
251 556 51 15 vore
318 549 92 21 orsaken
421 549 71 21 dertill
503 550 31 20 att
545 548 152 28 gvacksalvare
709 548 40 22 och
760 549 99 28 zigenare
870 551 57 20 ännu

184 584 34 21 för
240 583 133 22 närvarande
396 584 39 20 hos
457 583 41 21 den
522 583 110 27 okunniga
654 583 157 28 befolkningen
833 584 55 20 hade
904 585 24 20 sä

184 621 54 19 stort
260 618 120 29 inflytande
402 618 49 21 med
472 618 47 21 sina
539 618 107 28 signerier
662 618 40 20 och
717 618 72 20 kunde
804 618 80 21 afsätta
900 626 26 13 en

183 654 42 28 hop
242 653 46 21 ofta
303 652 97 27 skadliga
415 654 79 19 ämnen
509 652 68 21 under
592 659 66 13 namn
669 652 24 20 af
705 652 127 22 läkemedel.
862 652 64 22 Tala-

183 694 39 14 ren
233 687 67 27 ansåg
310 685 85 22 derföre
406 686 113 21 läkarenes
530 686 58 21 antal
598 686 54 21 böra
668 685 61 28 ökas,
745 686 66 21 likväl
827 687 100 26 sålunda,

184 724 31 19 att
230 722 42 21 den
288 728 41 14 ena
343 720 124 21 landsorten
483 721 20 26 ej
519 720 71 21 blefve
605 720 101 28 missbytt
721 721 6 20 i
743 721 135 21 förhållande
894 722 32 20 till

184 757 41 22 den
241 756 73 21 andra.
523 785 16 2 W

251 825 99 22 Anlände
361 825 40 20 och
412 826 106 26 emottogs
529 831 26 14 en
571 824 127 28 deputation
714 824 47 21 frän
775 824 153 29 borgarestän-

183 861 46 26 det,
245 860 77 21 anförd
337 859 24 20 af
373 859 133 21 rädmannen
521 859 83 27 Bergh,
621 866 46 13 som
682 859 134 27 meddelade,
831 860 33 20 att
878 859 49 21 bor-

183 895 139 28 gareständet
336 893 80 22 bifallit
431 893 24 22 af
467 894 154 20 sammansatta
636 893 110 22 ekonomi-
757 893 39 22 och
806 893 121 28 lagutskot-

183 931 31 19 tet
236 929 32 21 uti
290 928 112 21 memorial
417 927 24 22 af
457 927 42 22 den
519 929 12 20 4
547 927 81 21 dennes
643 927 123 22 framstäldt
781 928 92 27 förslag,
889 935 38 14 an-

183 963 83 28 gäende
282 962 147 21 ombildandet
444 962 24 21 af
476 963 140 20 sammansatt
627 962 110 21 ekonomi-
749 963 39 20 och
798 962 127 28 lagutskott.

251 997 148 20 Talemannen
419 995 90 22 tackade
528 996 35 21 för
581 995 152 21 meddelandet
749 996 39 21 och
804 996 122 28 deputatio-

183 1038 41 14 nen
240 1030 105 21 afträdde.

250 1099 82 21 Vidare
352 1098 78 21 ankom
451 1098 40 21 och
510 1100 107 26 emottogs
632 1106 28 12 en
675 1098 125 28 deputation
816 1098 46 21 frän
879 1106 48 20 pre-

183 1134 129 25 staständet,
328 1132 67 21 under
411 1132 118 22 anförande
544 1132 24 21 af
580 1134 88 26 prosten
687 1133 118 26 Borenius,
821 1139 46 15 som
883 1132 43 21 till-

182 1167 120 28 kännagaf,
317 1169 31 19 att
364 1167 63 21 äfven
441 1166 160 28 prestaständet
610 1166 80 21 bifallit
706 1168 154 19 sammansatta
875 1167 51 20 eko-

182 1202 68 20 nomi-
266 1201 40 21 och
321 1201 154 27 lagutskottets
489 1201 81 27 förslag
580 1201 7 20 i
597 1201 114 20 memorial
725 1200 24 21 af
762 1200 41 21 den
814 1201 12 20 4
837 1201 7 20 i
855 1200 72 22 denne

182 1236 84 20 mänad.

250 1268 73 21 Sedan
338 1268 138 20 talemannen
491 1268 72 20 tackat
579 1268 154 27 deputationen
749 1268 33 20 för
801 1268 125 21 meddelan-

181 1302 46 28 det,
243 1302 98 21 afträdde
356 1301 132 21 densamma.
662 1318 11 3 =

248 1371 36 21 Då
306 1371 150 21 diskussionen
480 1378 34 14 om
536 1371 115 28 Nyrönens
677 1370 188 29 petitionsförslag
886 1378 38 14 an-

181 1406 83 27 gäende
280 1405 94 27 läkares,
390 1405 144 28 apothekares
550 1406 39 21 och
604 1405 195 22 veterinärläkares
820 1405 104 22 statione-

181 1441 65 21 rande
262 1440 8 21 i
286 1440 106 28 Kivijärvi
408 1440 128 27 församling
552 1441 116 20 fortsattes.
