973 1703
358 125 38 17 Den
408 125 11 16 8
432 124 35 19 dec.
716 120 42 21 305

40 184 88 20 rantera
143 190 27 14 en
185 184 43 21 viss
244 183 70 29 skälig
328 185 62 20 ränta
405 184 34 21 för
455 184 37 22 det
506 184 92 29 kapital,
614 184 26 22 de
655 185 86 21 komme
755 186 32 20 att

39 218 8 20 i
61 218 109 28 företaget
185 218 114 28 nedlägga.

108 252 221 29 Landtdagsmannen
351 253 103 27 Holma,
478 254 32 20 att
528 253 65 21 äfven
607 253 43 21 han
666 254 68 28 ansåg
749 254 37 21 det

40 286 164 28 ifrågavarande
225 288 109 27 företaget
352 287 49 21 icke
416 287 53 21 böra
482 287 68 21 blifva
566 295 26 13 en
608 288 102 26 statssak,
734 290 52 19 utan

39 321 126 28 lämpligast
185 321 74 21 kunna
278 322 22 20 åt
320 321 97 21 enskilda
438 321 122 22 öfverlåtas.
594 321 58 22 Hela
670 323 116 20 inrättnin-

40 362 42 20 gen
102 362 52 14 vore
174 355 109 22 dessutom
304 357 58 20 ännu
381 355 34 22 för
432 355 158 22 bondeståndet
610 356 34 21 till
658 356 55 21 både
729 363 57 21 gagn

40 389 40 21 och
95 389 118 22 kostnader
230 390 82 27 okänd;
335 390 100 21 hvarföre
451 390 40 21 och
507 397 46 14 som
570 390 87 21 osäkert
671 397 62 20 vore,
748 391 38 21 hu-

39 423 76 22 ruvida
130 424 125 22 densamma
270 425 87 21 komme
372 426 31 19 att
418 425 53 21 bära
485 425 43 28 sig,
544 427 56 19 samt
614 425 82 28 förslag
706 425 34 21 till
750 432 37 14 an-

40 458 111 22 skaffande
174 459 24 21 af
218 459 72 21 medel
312 459 34 21 till
367 459 111 28 åtskilliga
496 459 67 22 andra
578 459 208 22 kommunikations-

40 493 104 22 anstalter
162 493 68 22 redan
245 494 105 28 förelagts
365 494 126 27 ständerne,
514 494 84 21 talaren
615 494 75 21 trodde
706 494 80 21 företa-

40 530 37 25 get
91 528 54 21 böra
164 528 116 22 öfverlåtas
299 529 22 20 åt
336 529 42 21 den
391 528 99 22 enskilda
505 529 209 28 företagsamheten,
737 536 49 14 men

39 563 48 20 icke
103 562 123 29 öfvertagas
242 563 24 21 af
279 565 78 20 staten.

107 597 222 29 Landtdagsmannen
345 598 111 22 Simolin
471 605 38 14 var
525 605 52 15 ense
590 598 51 22 med
654 598 132 29 föregående

40 632 68 22 talare
124 639 34 14 om
174 634 32 20 att
220 633 111 28 tillstyrka
340 633 121 28 petitionen
477 633 99 27 sålunda,
593 635 33 19 att
635 633 109 28 företaget
755 633 31 21 öf-

39 667 151 21 verlemnades
209 667 23 21 åt
251 668 66 27 något
337 667 74 27 bolag,
434 675 46 14 som
500 668 51 21 ville
572 667 63 29 åtaga
656 668 33 28 sig
709 667 77 27 saken,

40 701 56 21 helst
116 701 56 21 blott
192 702 69 26 några
280 702 58 20 vissa
358 702 187 21 samhällsklasser
565 702 125 28 egentligen
709 708 52 15 vore
778 702 9 20 i

40 735 68 21 behof
126 735 23 21 af
165 736 223 28 telegraf-inrättning
404 736 39 21 och
457 736 42 22 den
515 736 66 21 redan
598 736 112 28 befintliga
725 736 61 21 torde

40 770 98 21 medföra
154 770 38 21 allt
208 770 36 21 det
258 778 68 21 gagn,
342 770 109 22 desamma
462 771 63 21 deraf
536 770 73 22 kunde
618 771 91 29 begära;
724 771 63 21 hvar-

40 806 58 20 emot
118 804 71 28 öfriga
208 805 187 21 samhällsklasser
415 806 48 21 icke
483 805 67 21 borde
566 805 88 22 dermed
668 806 118 28 betungas,

39 839 84 22 hvilket
138 840 72 21 blefve
225 840 62 21 fallet
302 847 34 13 om
351 840 149 28 inrättningen
516 840 122 28 öfvertages
654 840 23 22 af
691 842 77 19 staten.

108 874 220 28 Landtdagsmannen
343 874 97 22 Retula
454 875 107 21 instämde
574 875 82 28 jemväl
669 875 51 21 med
729 875 57 21 före-

40 909 84 28 gående
139 909 98 22 talarene
253 909 57 28 deri,
326 911 31 19 att
371 910 210 28 petitionsförslaget
590 910 68 21 borde
672 910 8 20 i
695 909 92 22 hufvud-

41 944 67 21 saken
122 944 93 21 bifallas.

107 978 223 28 Landtdagsmannen
345 978 88 22 Klami
448 978 115 22 förordade
578 979 132 29 petitionens
726 980 60 20 anta-

42 1013 80 28 gande,
140 1012 50 21 med
205 1014 87 20 erinran
308 1015 32 18 att
354 1013 61 28 fråga
431 1020 29 14 nu
473 1020 52 14 vore
542 1014 76 20 endast
633 1020 35 14 om
683 1014 104 26 rättighet

41 1047 33 21 för
97 1047 107 28 styrelsen
226 1049 32 19 att
280 1047 112 28 öfvertaga
411 1047 85 22 landets
517 1047 197 28 telegrafväsende,
737 1054 50 14 men

41 1081 49 21 icke
107 1081 57 22 huru
183 1081 36 22 det
237 1081 67 22 borde
320 1082 145 28 organiseras,
488 1081 84 22 hvilket
586 1089 51 14 vore
653 1089 27 14 en
696 1081 92 21 särskild

42 1116 44 21 sak.
97 1129 28 2 —
136 1116 92 21 Talaren
239 1117 77 27 ansåg,
332 1118 31 19 att
379 1116 86 22 ståndet
480 1116 76 29 gjorde
572 1116 87 28 mycket
674 1117 62 26 orätt,
752 1123 35 14 om

42 1151 36 20 det
100 1150 83 29 afsloge
206 1151 131 28 petitionen,
360 1158 45 14 som
424 1151 129 28 ingalunda,
575 1151 29 28 på
619 1153 42 18 sätt
676 1158 27 14 en
719 1151 68 20 talare

42 1185 118 27 förmenat,
184 1185 74 28 afsåge
278 1186 32 20 att
324 1192 81 21 gagna,
428 1185 76 21 endast
519 1185 58 21 vissa
592 1185 194 26 samhällsklasser,

42 1220 52 20 utan
114 1219 90 21 fastmer
224 1219 100 28 samtliga
343 1219 120 28 inbyggare
483 1220 7 20 i
505 1219 80 21 landet.
616 1219 33 27 Ty
664 1219 71 21 fastän
750 1218 37 22 det

41 1254 73 21 kunde
130 1253 84 29 tyckas,
230 1255 32 19 att
277 1254 170 27 telegrafverket
461 1253 99 29 gagnade
576 1254 76 20 endast
664 1252 124 22 handlande

43 1288 40 21 och
98 1288 126 26 affärsmän,
247 1295 46 14 som
309 1288 150 28 förnämligast
475 1288 95 21 anlitade
585 1288 131 28 telegrafen,
732 1287 55 21 hade

43 1322 55 21 dock
116 1322 50 21 hela
185 1322 148 21 allmänheten
352 1322 70 21 fördel
437 1322 71 26 deraf,
532 1322 91 21 emedan
638 1322 43 20 alla
696 1322 26 20 de
738 1321 49 27 dry-

44 1363 51 20 gare
117 1356 125 26 kostnader,
265 1355 121 22 handlande
402 1356 7 19 i
425 1356 83 21 saknad
530 1356 24 21 af
570 1355 94 28 telegraf
677 1354 111 28 nödgades

43 1391 15 20 t.
74 1397 34 14 ex.
124 1390 34 21 för
172 1396 74 15 varors
265 1389 141 22 anskaffande
424 1389 131 28 vidkännas,
577 1389 7 21 i
600 1389 42 21 alla
657 1389 39 20 fall
710 1389 79 28 ytterst

44 1424 109 23 drabbade
168 1424 121 30 köparene,
307 1424 84 22 hvilket
406 1424 40 22 ock
461 1424 153 22 erfarenheten
629 1423 69 22 under
712 1423 76 22 sedna-

88 1463 73 17 Hederv.
175 1463 125 17 bondeständets
309 1463 64 22 protok.
699 1461 23 18 20
