956 1703
333 131 36 15 Den
384 131 20 15 19
417 129 34 19 okt.
697 125 40 19 109

17 196 38 21 par
70 190 150 26 guvernörens
235 188 151 28 befallningar,
402 188 72 21 kunde
490 188 62 21 desse
567 188 33 21 till
615 188 150 28 kronofogden

18 223 78 21 ställda
107 223 63 21 order
181 222 84 22 direkte
276 222 111 22 meddelas
398 223 153 25 länsmannen,
562 222 66 21 hvars
642 222 36 21 lön
694 222 71 21 skulle

17 257 97 27 förhöjas
129 256 50 20 med
194 256 161 27 kronofogdens
371 256 106 21 särskilda
487 256 127 26 inkomster,
625 256 40 20 och
676 256 42 21 den
729 257 35 20 lön

20 292 70 18 staten
102 290 70 26 erlagt
183 290 71 21 skulle
269 290 84 20 lemnas
363 290 34 20 för
408 292 31 21 att
455 290 70 20 lindra
540 290 228 27 bevillningsskatten,

6 338 2 7 '
18 324 39 19 och
73 324 50 19 bref
138 324 28 27 på
185 324 96 27 tjensten
298 323 69 20 skulle
382 323 111 21 meddelas
508 323 143 23 länsmannen
666 324 25 20 af
704 330 62 14 sena-

18 359 46 24 ten,
76 359 56 19 samt
143 359 179 26 samvetsgranna
336 357 41 21 och
391 364 129 21 noggranna
534 357 125 28 kunskaper
674 357 92 21 fordras.

85 392 34 20 4:0
134 391 99 22 Emedan
250 393 27 21 ön
292 391 102 22 Walamo
414 391 71 28 ligger
505 391 59 21 inom
582 391 105 22 Finlands
702 393 65 26 grän-

17 433 41 19 sor,
74 433 51 13 vore
142 426 96 27 önskligt
252 427 32 20 att
299 425 191 28 bevillningsskatt
506 425 85 23 erlades
607 425 55 21 efter
674 425 93 28 jordens

16 460 169 28 uppskattning,
208 460 113 21 äfvensom
343 460 35 21 för
400 460 26 21 de
445 460 127 26 inkomster,
588 467 46 13 som
650 459 49 22 från
714 460 53 21 Fin-

17 494 50 21 land
83 495 53 27 utgå
150 494 34 21 till
199 494 112 27 Walamo,
327 494 110 28 nemligen
456 494 36 23 för
505 493 121 24 Kexholms
642 494 40 21 och
698 493 69 29 Kym-

17 535 64 14 mene
97 529 114 21 laxfisken.

85 563 33 20 5:o
135 563 34 20 Då
189 563 36 20 det
245 570 30 14 nu
295 564 23 22 är
339 562 137 29 oundvikligt
496 564 32 19 att
543 563 224 28 skjutspenningarne

16 597 68 20 blifva
104 597 68 27 högre
192 599 27 18 än
241 597 69 26 förut,
330 597 24 20 så
374 597 40 20 bör
433 597 8 20 i
454 597 131 28 jemnbredd
600 597 92 22 härmed
705 598 61 27 ihåg-

16 631 108 26 kommas,
136 633 31 18 att
178 631 82 20 antalet
276 631 24 23 af
312 631 189 28 tjenstemännens
516 631 144 28 skjutshästar
675 631 91 21 förmin-

17 665 49 21 skas
77 666 33 26 så,
122 667 31 19 att
166 665 42 21 den
224 673 46 15 som
286 665 56 21 efter
358 665 72 27 gamla
444 665 154 28 förordningar
608 665 40 21 har
658 667 13 19 2
681 666 86 20 hästars

17 699 71 29 skjuts
107 699 98 22 kommer
221 701 32 19 att
268 699 22 21 få
306 700 70 27 skjuts
392 699 33 21 för
437 700 9 20 1
458 700 59 26 häst,
528 699 42 22 den
581 706 46 14 som
644 700 40 21 har
695 700 71 28 skjuts

17 734 34 21 för
66 735 13 19 3
98 734 70 21 skulle
191 734 23 21 få
229 734 34 21 för
279 734 23 28 2,
318 734 40 21 och
374 734 42 21 den
432 741 46 14 som
494 734 40 22 har
548 735 14 19 4
577 734 58 28 finge
650 734 34 22 för
699 736 13 20 2
727 735 39 21 hä-

18 770 50 25 star,
84 769 13 19 5
113 768 53 21 eller
189 769 5 20 6
210 768 87 21 komme
317 770 32 19 att
368 768 82 21 erhålla
465 769 13 20 3
493 768 153 29 skjutshästar,
662 769 40 21 och
717 769 48 21 der-

16 802 57 22 ifrån
88 802 74 21 vidare
178 802 62 21 alltid
255 802 83 21 hälften
354 802 86 22 mindre
454 804 28 19 än
497 802 65 21 förut.
593 802 41 22 Om
650 803 73 28 någon
733 804 32 20 uti

16 837 174 27 tjensteärender
205 837 93 21 behöfde
314 837 99 21 medföra
428 837 73 21 dertill
515 837 97 21 hörande
628 837 98 28 effekter,
742 838 24 22 så

18 871 65 22 borde
103 871 35 21 för
154 872 26 20 10
195 871 89 28 lispund
298 871 110 21 användas
424 871 92 21 särskild
531 871 55 24 häst.
616 871 32 21 Af
660 872 106 28 gammalt

16 907 24 19 är
50 905 78 27 kändt,
139 907 33 19 att
181 905 108 28 knappast
304 906 72 27 någon
391 906 132 27 tjensteman
538 906 29 27 på
581 912 61 14 resor
656 906 110 28 begagnat

17 940 26 20 de
54 940 59 20 förut
123 940 113 20 bestämda
251 940 112 26 hästarne,
374 939 79 21 hvaraf
465 939 99 29 uppstått
578 940 78 20 förlust
671 940 34 21 för
715 941 50 21 kro-

16 981 53 19 nan,
86 974 40 20 och
146 974 63 20 dessa
229 974 142 27 öfverflödiga
386 974 194 28 skjutspenningar
595 974 67 21 blifva
678 981 27 14 en
721 976 45 20 sär-

17 1008 56 20 skild
87 1008 59 21 vinst
160 1008 34 21 för
209 1009 187 27 tjenstemännen,
411 1008 85 21 hvilkas
512 1008 96 28 aflöning
623 1008 108 22 måhända
742 1010 25 20 af

16 1042 105 28 gammalt
136 1044 24 20 är
175 1042 127 28 tillräcklig,
318 1042 8 21 i
338 1042 128 28 jemförelse
481 1042 51 23 med
546 1043 60 27 lägre
622 1043 143 27 tjenstemäns

17 1077 102 27 aflöning.

85 1112 33 19 6:0
132 1110 32 21 Af
177 1111 219 28 skallfogdetjensten
411 1111 39 23 har
463 1111 48 28 jag,
526 1111 128 28 isynnerhet
668 1111 51 21 med
734 1111 31 21 af-

16 1145 80 21 seende
107 1145 13 20 å
130 1144 49 21 dess
190 1145 163 26 bestämmelse,
368 1145 49 21 icke
432 1145 84 24 kunnat
532 1145 58 20 finna
605 1145 72 28 någon
692 1147 73 26 nytta;

16 1179 27 20 då
53 1179 42 20 den
107 1179 49 20 icke
166 1179 119 27 befrämjar
295 1179 91 21 allmänt
399 1179 45 26 väl,
455 1186 64 14 anser
531 1180 40 26 jag
586 1180 32 19 att
633 1179 132 27 skallfogde-

15 1213 97 27 tjensten
132 1212 66 21 borde
219 1213 113 27 indragas,
352 1213 40 20 och
412 1213 150 22 inkomsterne
578 1212 64 22 deraf
654 1213 111 21 användas

15 1246 34 21 till
64 1246 68 21 andra
147 1246 106 22 ändamål.

83 1280 221 28 Landtdagsmannen
319 1281 171 28 Mynttinen:
502 1283 32 21 att
543 1281 76 28 hvarje
634 1281 130 28 församling

15 1314 67 22 borde
104 1315 23 21 få
149 1315 47 21 fritt
215 1316 131 26 bestämma,
365 1314 99 23 hurudan
485 1315 61 23 skola
565 1316 42 22 den
622 1316 51 20 ville
689 1316 75 25 hafva,

16 1348 112 21 äfvensom
144 1350 79 25 antaga
238 1349 70 20 lärare
324 1348 73 23 dertill
413 1349 41 22 och
470 1349 70 21 aflöna
555 1348 60 26 dem,
626 1350 51 19 utan
694 1350 32 18 att
736 1349 28 26 på

15 1383 67 27 något
101 1383 43 20 sätt
164 1389 52 14 vara
234 1382 110 21 beroende
360 1382 24 21 af
400 1381 208 28 lärareseminariet;
630 1389 50 14 men
696 1383 69 27 ansåg

16 1417 98 20 deremot
131 1417 119 27 jernvägar
270 1417 41 20 och
328 1416 97 27 kanaler,
446 1417 71 23 såsom
532 1416 74 23 alltför
621 1416 144 27 kostsamma,
