964 1728
215 136 25 21 KO
495 142 36 17 Den
546 142 20 17 12
579 141 33 16 okt.

186 202 130 22 församlade
339 202 127 21 ständernas
488 201 136 28 ovillkorliga
645 199 133 29 skyldighet,
793 201 32 20 att
840 200 33 21 för
883 206 45 15 mo-

186 237 82 22 narken
291 237 67 21 uttala
374 237 36 20 det
425 244 46 14 som
485 236 26 21 de
528 237 63 21 visste
608 243 50 14 vara
674 235 49 21 hela
738 235 84 21 landets
839 235 90 26 önskan,

186 273 40 21 och
248 275 32 19 att
302 274 31 20 ett
355 271 76 23 sådant
453 273 65 28 öppet
533 271 111 22 uttalande
660 270 23 21 af
696 270 84 21 landets
796 270 133 28 önskningar

187 308 49 21 icke
251 307 73 22 kunde
338 307 109 28 misshaga
462 314 27 15 en
505 307 48 21 ädel
568 306 40 21 och
623 305 121 29 högsinnad
757 305 75 22 furste,

254 343 221 27 Landtdagsmannen
489 341 91 22 Klami
595 340 103 22 förenade
713 340 33 28 sig
756 341 8 20 i
774 340 113 28 Hagmans
897 341 32 19 ut-

187 377 86 22 låtande
296 377 49 22 med
368 376 88 29 tillägg,
478 378 31 20 att
529 377 26 28 ju
570 375 69 21 oftare
655 374 103 29 landtdag
772 375 81 27 hölles,
869 375 60 21 desto

188 419 60 14 mera
270 412 70 21 skulle
362 412 69 21 folket
453 412 61 28 höjas
536 411 33 21 till
591 410 100 29 bildning
706 410 40 21 och
761 410 100 21 välstånd
875 412 55 19 samt

188 448 69 21 förmå
272 447 53 22 bära
339 446 238 29 landtdagskostnader.
593 459 28 2 —
636 445 94 22 Talaren
752 445 133 28 förklarade,
901 447 31 20 att

188 483 36 20 det
238 482 153 28 fullkomligen
406 481 117 22 förvånade
537 481 80 22 honom
632 482 32 19 att
674 487 50 14 man
736 480 82 21 befarat
828 482 33 19 att
870 480 62 22 miss-

188 518 57 27 haga
259 517 29 22 H.
304 517 29 21 M.
348 517 119 28 Kejsaren,
489 517 39 21 och
551 516 67 28 ansåg
640 517 32 19 att
694 515 37 21 det
753 517 91 20 tvertom
865 516 67 21 borde

188 559 52 15 vara
254 552 34 21 för
303 552 28 21 H.
347 552 40 21 M:t
400 552 145 28 misshagligt,
569 558 34 14 om
626 558 49 13 man
697 551 64 27 hyste
780 551 42 21 den
838 551 93 28 öfverty-

189 588 59 27 gelse
264 589 32 19 att
310 587 43 21 han
369 586 93 29 ogillade
477 586 120 21 uttalandet
608 585 24 22 af
644 585 84 22 landets
740 586 141 28 önskningar,
893 587 39 21 och

190 622 85 21 derföre
298 622 61 21 sökte
383 623 31 20 att
429 621 59 28 dölja
503 622 116 26 desamma,
635 621 141 28 hvarigenom
791 628 51 15 man
857 622 77 28 gjorde

190 657 33 28 sig
239 657 86 28 skyldig
340 657 33 20 till
387 657 138 28 förställning
540 656 41 21 och
593 655 61 27 svek,
662 663 50 14 men
727 656 118 28 ingalunda
856 657 77 28 ådaga-

189 692 48 20 lade
252 692 73 27 någon
340 691 134 28 undersätlig
489 692 77 20 trohet.
589 685 72 27 Äfven
676 691 66 21 borde
758 691 36 21 det
807 698 52 14 vara
869 691 65 28 klart,

191 728 31 19 att
246 728 30 19 ett
300 727 66 27 öppet
389 726 40 21 och
443 726 80 28 redligt
538 725 111 22 uttalande
665 725 23 21 af
701 725 56 22 hvad
772 733 50 14 man
838 726 96 22 önskade

189 762 49 20 icke
261 761 54 21 strid
338 762 58 20 emot
411 760 70 29 fjerde
496 761 76 27 budet,
587 760 93 21 likasom
695 760 41 22 ock
750 762 90 28 antagas
855 762 80 27 måste,

190 799 32 19 att
236 797 28 21 H.
280 796 40 21 M:t
334 796 118 28 Kejsaren,
473 796 89 21 hvilken
577 796 7 20 i
600 795 38 21 sitt
659 795 31 21 tal
712 796 33 21 till
767 796 105 22 Finlands
891 796 43 22 för-

190 831 95 21 samlade
308 831 87 21 ständer
417 831 115 28 ådagalagt
554 831 23 21 sä
599 832 45 20 stor
666 830 120 28 frisinthet,
808 832 49 21 icke
883 832 51 21 ville

190 866 98 22 förmena
304 866 46 21 sina
366 866 141 21 undersåtare
523 868 30 19 att
565 866 83 27 jemväl
663 866 92 21 förhålla
770 866 33 29 sig
818 868 66 27 öppet
895 868 40 21 och

191 901 122 22 frisinnadt.

258 936 221 28 Landtdagsmannen
488 935 209 29 Kumpulainen
706 936 104 21 förenade
819 937 34 28 sig
860 937 7 21 i
875 937 60 29 Hag-

192 978 60 14 mans
276 971 39 22 och
335 971 86 21 Klamis
435 971 128 28 yttranden,
579 971 39 20 och
633 971 51 21 fann
700 977 26 14 en
741 971 92 28 petition
849 979 34 14 om
898 979 37 21 pe-

191 1006 96 21 riodiska
308 1005 130 28 landtdagar
459 1013 52 14 vara
531 1005 94 28 befogad
643 1006 63 21 äfven
721 1006 24 21 af
758 1007 41 20 den
815 1007 74 27 orsak,
905 1009 32 19 att

192 1040 28 22 H.
236 1040 40 21 M:t
290 1040 120 28 Kejsarens
425 1040 104 28 lifslängd
544 1040 47 22 icke
607 1047 52 14 vore
675 1040 88 22 säkrare
778 1042 27 20 än
815 1042 73 28 någon
898 1049 37 14 an-

193 1082 53 14 nans
262 1075 40 21 och
318 1076 31 20 att
365 1075 37 21 det
417 1074 85 22 derföre
517 1082 52 14 vore
585 1075 24 21 af
621 1075 57 28 vigt,
694 1077 32 19 att
741 1076 26 20 de
780 1076 24 21 af
816 1076 29 21 H.
856 1077 40 21 M:t
906 1077 31 21 af-

194 1110 60 28 gifna
268 1110 70 21 löften
350 1110 27 27 ju
392 1110 45 21 förr
453 1110 47 21 dess
516 1110 67 21 hellre
599 1111 63 26 göras
677 1110 34 21 till
727 1110 116 22 bestående
858 1112 43 27 lag.

260 1143 220 28 Landtdagsmannen
496 1144 134 20 Puhakka
644 1152 38 13 var
692 1144 24 21 af
728 1152 80 13 samma
819 1145 63 28 åsigt,
891 1153 46 13 som

193 1178 112 28 Hagman,
320 1177 74 21 Klami
410 1177 40 21 och
465 1178 167 28 Kumpulainen.

262 1212 102 20 Ståndets
380 1212 135 20 sekreterare
534 1212 94 28 yttrade,
644 1214 32 18 att
690 1212 28 21 H.
734 1212 29 21 M.
779 1213 108 28 Kejsaren
903 1214 36 21 vid

194 1246 144 28 landtdagens
353 1246 114 28 öppnande
483 1247 7 19 i
506 1246 37 21 sitt
557 1247 31 20 tal
599 1246 33 21 till
643 1247 116 20 ständerna
769 1248 170 28 tillkännagifvit

194 1281 33 19 sin
242 1280 66 26 afsigt
320 1286 53 14 vara
383 1282 31 18 att
425 1280 92 20 förunna
528 1280 93 20 Finland
631 1280 119 27 periodiskt
761 1281 177 21 återkommande

193 1314 138 27 landtdagar,
348 1314 107 20 anseende
479 1314 151 20 sekreteraren
650 1314 84 21 derföre
750 1315 37 20 det
806 1316 48 20 icke
870 1316 69 21 öfver-

195 1350 131 20 ensstämma
340 1349 49 20 med
404 1349 212 28 grannlagenhetens
631 1349 122 29 fordringar
768 1352 32 19 att
810 1357 29 14 nu
849 1351 92 21 besvära

194 1384 28 21 H.
238 1384 41 20 M:t
293 1384 51 20 med
358 1384 93 27 petition
466 1384 7 20 i
489 1385 82 25 ämnet,
587 1384 24 20 så
626 1384 86 28 mycket
727 1392 59 14 mera
807 1393 46 13 som
868 1386 72 28 någon

195 1419 130 29 uppfyllelse
340 1418 24 22 af
376 1419 28 21 H.
420 1419 49 21 M:ts
485 1419 142 21 omförmälda
640 1419 80 28 nådiga
740 1420 64 28 afsigt
819 1422 58 20 ännu
892 1421 49 21 ieke

196 1454 82 22 kunnat
300 1456 75 19 väntas
398 1455 7 21 i
428 1455 143 21 betraktande
594 1455 24 21 af
632 1455 41 21 den
689 1456 63 20 korta
766 1456 30 20 tid
812 1463 45 14 som
875 1456 64 22 sedan
