973 1703
219 143 42 20 350
500 149 37 16 Den
550 149 22 16 18
584 148 36 17 dec.

190 207 66 20 målet
271 207 125 28 derigenom
412 207 77 22 vinnas
504 207 50 21 vida
569 207 88 21 säkrare
673 207 40 22 och
727 207 77 22 bättre.
829 207 52 22 Icke
896 208 37 21 nä-

191 241 91 28 gotdera
296 241 137 21 alternativet
447 241 8 21 i
473 241 118 22 utskottets
604 241 138 21 betänkande
760 241 72 22 kunde
850 242 83 21 talaren

191 275 125 28 godkänna,
337 276 51 21 utan
407 275 75 28 borde,
503 276 69 28 enligt
585 275 54 22 hans
655 275 98 29 mening,
772 276 162 29 hufvudsakligt

191 310 102 21 afseende
317 310 67 21 fästas
407 311 17 20 &
441 310 56 21 hvad
518 311 272 28 protokollssekreteraren
811 309 123 30 Jägerhorn

191 344 39 21 och
245 344 201 22 hofrättkanslisten
462 344 119 22 Edelsköld
596 343 116 23 frarställt
727 345 8 21 i
749 345 48 21 sina
806 346 128 20 röservatio-

189 385 46 21 ner,
258 378 110 22 äfvensom
388 378 57 22 hvad
464 379 244 21 hofrättssekreteraren
723 379 99 21 Aminoff
839 380 95 21 anfört
922 374 15 37 i

190 413 26 21 de
231 413 36 21 två
282 412 57 22 sistä'
349 415 151 20 momenterna
514 414 25 21 af
552 413 41 21 den
609 414 48 21 utaf
669 414 80 21 honom
768 414 83 28 afgifnä
865 421 69 15 reser-

191 448 80 20 vation.
301 448 11 20 I
328 448 66 28 öfrigt
409 448 50 21 ville
475 448 84 22 talaren
570 448 125 21 återremiss
705 448 34 21 till
749 448 116 28 utskottet,
880 449 54 21 hvil-

191 482 37 20 ket
243 482 73 21 borde
326 482 111 22 omarbeta
452 481 147 23 betänkandet
612 483 8 20 i
634 482 63 22 ofvan
712 483 95 28 antydda
821 484 63 27 syfte.

257 516 221 29 Laridfdagsmannen
493 518 118 28 Hagman
627 518 52 21 fann
695 517 36 22 det
746 518 48 21 ieke
805 518 86 28 möjligt
900 518 34 22 för

191 551 134 21 närvarande
342 552 31 20 att
388 552 28 28 på
431 552 74 21 landet
519 552 81 21 inrätta
619 552 121 28 ordentliga
754 552 180 29 komunalstyrel-

191 592 41 14 ser.
265 584 34 22 En
322 592 151 22 noggrannare
496 586 74 28 tillsyn
594 586 61 22 öfver
676 586 147 29 förmyndäre,
845 587 89 21 hvilken

191 620 63 21 äfven
277 616 83 25 talaren
383 620 114 22 förordade
520 621 71 21 såsom
611 620 132 29 nödvändig,
766 621 66 22 borde
848 622 86 21 derföre

191 654 28 28 pä
238 655 68 21 annat
324 654 42 22 sätt
387 656 27 20 än
429 655 82 28 genont
523 654 211 29 Komunalstyrelsen
750 654 183 30 tillvägäbringas.

191 688 10 21 I
217 688 60 21 detta
291 688 102 23 afseende
409 689 113 28 godkände
538 689 84 22 talaroi
637 689 68 22 andra
719 688 122 23 momentet
854 689 24 22 af
885 697 49 22 pro-

191 723 232 22 tokollssekröteraren
439 724 140 28 Jägerhorns
591 724 143 28 reservation,
757 725 74 21 derom
851 726 32 20 ätt
897 725 37 21 det

190 757 73 21 borde"
272 759 60 20 utses
347 757 124 22 förtroende
486 759 60 26 män,
567 757 86 23 hvilkas
669 740 65 47 pligt
739 758 36 22 det
790 766 51 15 vore
854 761 33 20 att
901 761 33 19 ut-

190 791 49 22 öfva
254 786 92 27 berörda
359 792 74 28 tillsyn
449 793 40 21 och
505 793 31 21 eh
546 793 53 21 hvar
613 791 122 30 tjenstgörä
745 793 73 22 trö'är.
848 794 86 21 Beträf-

190 826 64 21 fande
272 826 108 29 pupillens
399 829 43 19 rätt
457 827 38 22 tili
505 827 92 22 klander
612 825 56 24 offer
683 825 104 32 uppnådd
799 826 90 31 myndtg
904 828 30 21 ål-

191 861 44 26 der,
251 861 102 21 förenade
376 861 83 21 talaren
483 862 33 27 sig
536 862 7 20 i
567 862 213 21 hofrättskanslisten
805 859 129 24 Fdelskölds

189 895 150 28 reservation;
348 894 121 29 Kvärjemte
483 896 84 21 talaren
582 897 81 27 yrkade
678 897 29 28 pä
721 897 131 21 ätorreihiss.

257 929 219 29 Eändtdägsmännen
500 924 122 35 Östring:
637 932 34 20 att
688 931 37 21 det
742 936 52 17 vore
812 935 27 17 en
855 931 79 22 allmän

190 963 124 22 erfarenhet
330 964 31 21 att
376 965 126 28 omyndigas
518 965 107 28 egendom
640 965 72 21 blefve
722 965 39 22 illa
777 965 87 22 vårdad.
895 965 39 22 Or-

190 998 70 21 saken
273 994 76 25 dörtill
361 998 68 28 ansäg
443 999 85 21 talaren
542 1005 53 15 vara
609 999 52 27 der,
684 1001 31 20 att
733 997 138 31 förmyndare
886 1000 48 21 icke

190 1039 53 15 vore
261 1032 80 28 pligtig
360 1034 32 19 att
411 1032 99 22 redovisa
525 1033 83 28 hvarje,
623 1033 52 21 utan
696 1034 80 21 endast
786 1030 63 26 hvart
863 1034 71 28 tredje

191 1067 29 27 är,
229 1066 40 22 och
285 1066 31 22 att
331 1066 120 22 domstolen
467 1068 23 27 ej
503 1068 123 21 medhunne
641 1067 32 22 att
688 1065 133 25 kontrollera
839 1068 95 28 förmyn-

190 1102 73 20 daren.
296 1100 76 28 Enligt
391 1101 97 21 talarens
506 1102 90 28 tiening
615 1102 65 21 borde
701 1102 134 22 fördenskull
854 1102 80 22 vården

191 1143 34 13 om
239 1134 180 30 förmynderskap
435 1136 91 28 åläggas
538 1135 211 29 kömunaistyrelsen
765 1137 39 21 och
815 1137 76 21 trodde
902 1139 31 19 ta-

190 1170 60 20 laren
266 1171 31 19 att
309 1170 30 29 ju
349 1176 60 14 mera
425 1176 27 15 en
468 1170 67 22 sädan
548 1171 91 27 styrelse
654 1171 56 21 hade
725 1173 33 19 att
774 1172 91 26 uträtta,
885 1171 49 21 dess

189 1207 65 18 mera
265 1203 69 22 skulle
349 1204 72 28 hågen
436 1202 33 23 för
485 1205 109 21 allmärina
604 1205 183 28 angelägötiheter
797 1205 69 22 lifvas.
888 1205 46 21 Der

189 1238 196 27 komurialstyreiso
399 1238 89 27 funnes,
504 1239 67 21 borde
587 1239 41 20 den
643 1235 80 31 genast
731 1239 112 29 öfvertaga
853 1240 80 20 vården

191 1277 40 15 om:
240 1271 186 29 förmynderskap.
456 1272 45 21 Der
516 1273 195 28 komtnalstyrelsö
721 1274 48 20 icke
779 1274 79 20 funnes
867 1274 66 21 borde

190 1306 55 28 gode
259 1307 51 20 män
325 1306 101 21 tillsättas
444 1306 34 22 för
497 1307 34 21 att
546 1306 123 23 Kandhafva
683 1303 94 26 näitindä
791 1308 59 22 vård.
880 1308 53 21 Till-

190 1341 41 28 syn
245 1340 60 22 öfver
324 1339 141 30 förmyndar&
477 1347 52 16 vore
547 1341 24 22 af
584 1342 81 27 nöden,
675 1342 39 21 och
729 1342 72 21 kunde
816 1343 49 21 icke
880 1342 53 22 und-

190 1380 72 23 varas,
285 1375 89 22 emedan
399 1376 150 29 förmyndares
574 1377 93 22 intresse
689 1377 62 22 stode
773 1378 7 21 i
805 1377 54 22 strid
884 1378 50 21 med

191 1410 56 22 hans
263 1410 62 29 pligt.
359 1411 133 28 Stadgandet
509 1411 7 22 i
536 1412 12 21 7
567 1412 11 27 $
593 1412 74 22 derom
682 1411 33 22 att
729 1409 36 24 det
779 1412 62 29 äläge
857 1412 75 22 frände

191 1445 52 21 eller
266 1445 43 29 god
330 1452 49 15 man
402 1446 36 22 vid
460 1446 100 29 äfventyr
581 1447 24 21 af
625 1446 257 30 ersättningsskyldighet
901 1449 32 20 att
