964 1706
341 126 37 18 Den
391 125 22 18 14
425 127 34 16 okt.
719 120 24 20 81

25 189 76 19 natten
123 189 106 20 växterna
251 187 33 21 till
311 187 55 28 :godo
394 186 70 22 under
491 186 186 28 daggfällningen.
714 186 58 22 Utan

25 222 110 28 fuktighet
157 222 31 20 uti
210 222 70 20 luften
303 222 70 20 skulle
396 223 105 19 växterna
519 221 76 27 hvarje
611 222 47 20 natt
671 220 100 29 förfrysa.

24 256 94 21 Nattens
133 256 82 21 dimma
228 256 90 20 hindrar
333 256 111 20 dessutom
459 256 94 20 värmets
571 255 143 28 utstrålning,
730 256 42 21 den

25 297 68 14 sanna
115 290 94 21 orsaken
231 289 34 21 till
285 290 60 20 frost.
375 288 34 22 En
422 288 113 29 jordmåns
549 289 111 28 egenskap
676 291 32 19 att
723 290 49 21 icke

24 331 53 14 vara
92 324 91 21 frostöm
198 324 64 20 beror
277 324 28 27 på
320 323 49 21 dess
383 324 99 27 förmåga
497 324 32 20 att
544 329 35 14 om
594 323 70 28 dagen
679 325 94 26 uppvär-

25 366 46 13 mas
87 358 33 21 till
137 360 31 19 ett
183 360 70 19 större
269 357 62 29 djup,
347 358 24 21 så
385 360 32 19 att
433 358 41 20 den
490 364 35 14 om
541 359 75 19 natten
631 358 48 21 icke
695 358 78 21 hinner

25 392 138 29 fullständigt
185 392 88 28 afkylas
294 399 79 21 genom
395 393 95 20 värmets
513 391 138 29 utstrålning.
683 392 89 22 Mossan

25 427 79 21 saknar
120 427 71 20 denna
207 425 122 29 egenskap,
345 426 37 21 den
395 427 29 20 är
440 425 85 22 derföre
541 425 90 22 frostöm
643 427 39 20 och
693 427 28 21 då
731 427 42 21 den

25 461 61 22 leder
101 463 84 19 värmet
200 463 71 19 sämre
287 462 27 19 än
330 462 83 25 vatten,
425 461 24 20 är
464 463 45 18 torr
524 467 71 14 mossa
611 467 59 14 mera
681 461 91 21 frostöm

25 498 28 19 än
68 496 43 21 våt.
141 495 161 21 Erfarenheten
324 495 57 20 lärer
404 495 65 20 också
491 496 32 19 att
545 494 56 21 -efter
615 495 115 29 afdikning
745 502 27 14 en

26 537 73 14 mossa
112 530 43 21 blir
170 529 162 27 frostömmare;
348 529 27 21 då
385 529 110 21 vårfloden
506 527 91 28 afledes,
608 531 89 20 stannar
707 531 67 20 också

26 565 65 20 kälan
106 563 76 28 längre
197 563 8 21 i
220 570 93 14 mossan.
342 563 65 20 Först
417 569 79 22 genom
506 569 98 14 mossans
614 563 84 28 odling,
710 564 63 21 brän-

26 599 54 27 ning
100 597 40 21 och
155 597 128 28 isynnerhet
297 597 146 28 lerslagning,
457 597 20 20 d.
489 599 19 19 ä.
524 603 79 22 genom
618 597 118 29 förökning
751 599 25 21 af

27 632 196 21 mineralämnenas
245 631 92 22 relativa
351 631 91 28 mängd,
456 631 43 21 blir
514 638 87 14 mossan
616 639 60 14 mera
690 635 84 19 värme-

27 666 102 26 ledande,
145 665 20 21 d.
181 667 18 19 ä.
214 665 85 21 mindre
314 665 103 27 frostöm,
432 665 69 21 ehuru
516 665 42 22 den
573 665 62 21 alltid
650 667 7 20 i
667 666 44 29 hög
721 667 53 28 grad

26 701 121 20 bibehäller
168 699 72 21 denna
263 700 118 27 egenskap.
411 699 40 21 Om
467 699 99 22 deremot
580 706 27 14 en
622 700 82 28 lerjord
719 703 55 20 torr-

26 735 77 28 lägges
113 733 41 22 och
164 734 81 27 plöjes,
256 734 52 21 ökas
319 734 48 21 dess
383 733 99 28 förmäga
495 735 32 20 att
542 735 129 27 uppvärmas
687 735 88 28 mycket

27 769 41 21 och
77 769 102 20 klimatet
189 769 68 20 mäste
269 768 83 21 säledes
363 768 125 27 derigenom
502 768 124 21 förmildras
637 769 60 28 längt
708 777 67 20 mera,

28 805 27 19 än
71 809 80 22 genom
167 809 26 14 en
209 808 82 15 mossas
307 803 134 27 uttorkning.
471 802 44 21 Det
537 803 56 20 enda
612 803 71 21 skälet
697 804 35 21 för
747 811 27 14 en

27 844 83 14 mossas
121 837 116 28 utdikning
247 839 30 24 är,
288 838 32 20 att
331 837 41 21 den
382 837 62 21 lönar
459 837 215 28 odlingskostnaden.
691 838 83 22 Genom

28 873 31 20 att
73 871 33 22 uti
121 871 128 22 ödemarker
264 871 28 28 pä
306 878 95 14 mossors
416 871 117 28 utdikning
547 872 112 21 bortkasta
669 873 107 28 ofantliga

29 913 101 20 summor,
153 906 70 21 skulle
246 905 35 22 för
293 905 121 22 klimatets
436 905 74 21 kultur
533 906 52 28 föga
606 908 102 26 uträttas,
724 915 51 14 men

29 940 62 21 dessa
107 947 95 14 summor
219 940 62 21 skola
296 940 168 28 nödvändigtvis
479 940 150 28 undandragas
641 941 102 29 odlingen
754 943 25 21 af

29 975 42 21 den
93 975 72 21 bättre
186 974 89 28 jorden,
297 974 84 28 hvarpä
394 975 22 20 vi
434 975 66 27 ingen
515 974 55 22 brist
585 982 40 21 ega
641 976 39 21 och
696 983 80 21 genom

29 1010 66 20 hvars
111 1009 74 28 odling
199 1009 101 21 klimatet
314 1008 61 28 längt
391 1016 60 14 mera
466 1008 70 22 skulle
551 1009 124 22 förbättras.
691 1010 85 22 Genom

30 1045 32 19 att
77 1043 64 21 locka
159 1050 27 14 en
201 1045 45 19 stor
261 1042 129 29 befolkning
405 1044 33 20 till
453 1044 126 27 bosättning
593 1044 30 28 pä
644 1045 133 22 vidsträckta

30 1084 89 20 mossor,
135 1078 78 20 hvaraf
233 1078 63 20 deras
318 1077 50 21 hela
390 1078 96 21 existens
506 1084 51 14 vore
572 1078 119 28 beroende,
707 1080 70 22 skulle

29 1112 79 26 vällas,
124 1113 31 19 att
171 1112 71 20 denna
257 1111 129 28 befolkning
401 1112 120 28 periodiskt
535 1112 90 21 hemföll
636 1114 23 20 ät
672 1114 105 28 hungers-

31 1146 80 27 döden,
127 1148 32 19 att
175 1146 63 21 dessa
253 1146 93 28 fredliga
360 1146 121 28 eröfringar
497 1146 69 22 skulle
582 1147 63 21 kosta
659 1148 46 21 lika
719 1156 58 20 myc-

31 1181 38 20 ket
79 1180 123 28 penningar
213 1181 40 20 och
263 1180 149 27 menniskolif,
424 1188 45 13 som
481 1181 26 21 de
517 1181 121 27 blodigaste
649 1183 128 28 eröfringar.

100 1214 43 28 Jag
158 1214 83 28 hoppas
257 1216 59 20 snart
331 1214 166 28 fullständigare
512 1215 74 21 kunna
608 1216 96 22 förklara
719 1224 59 14 orsa-

31 1249 69 20 kerna
114 1248 33 20 till
163 1248 51 21 vära
229 1249 129 21 missväxter
374 1248 39 21 och
427 1249 64 21 deras
505 1249 147 28 periodicitet,
663 1253 56 19 samt
729 1252 50 20 äda-

31 1283 94 27 galägga
140 1284 31 18 att
186 1282 21 20 vi
222 1282 125 28 lyckligtvis
369 1282 49 21 icke
440 1283 91 28 behöfva
546 1283 133 22 underkasta
693 1292 35 14 oss
743 1286 36 20 det

31 1317 53 20 våra
99 1316 84 20 krafter
197 1316 161 28 öfverstigande
373 1316 92 26 arbetet,
476 1319 31 18 att
522 1317 112 27 torrlägga
643 1318 43 21 alla
696 1326 84 14 mossor

32 1350 7 20 i
56 1350 51 20 vära
129 1349 128 21 ödemarker
279 1350 40 20 och
341 1350 42 25 att,
407 1350 27 20 dä
457 1351 35 25 de,
512 1357 46 13 som
574 1350 119 22 undersökt
707 1352 72 21 Perho

32 1389 123 20 mossorna,
171 1383 94 27 afstyrkt
279 1383 62 21 deras
357 1383 84 28 odling,
457 1384 36 20 det
507 1384 34 20 för
556 1384 60 27 dem,
626 1391 45 14 som
682 1385 48 21 icke
741 1393 38 13 un-

33 1417 90 22 dersökt
137 1417 59 27 dem,
212 1417 49 21 icke
275 1417 43 21 kan
334 1417 69 21 finnas
419 1418 36 20 det
470 1418 95 27 ringaste
581 1418 47 21 skäl
643 1421 32 19 att
685 1419 95 28 pähjuda

80 1465 71 17 Hederv.
166 1466 124 17 bondeständets
300 1466 64 21 protok.
702 1469 11 16 6
