973 1703
357 132 37 16 Den
407 133 20 16 27
440 137 38 12 nov.
721 128 40 20 263

114 190 220 28 Landtdagsmannen
349 191 88 21 Leino
457 192 105 20 förmälde
578 193 42 25 att,
643 192 68 28 enligt
735 193 53 20 hans

47 225 71 26 tanke,
134 225 135 20 föräldrarna
284 225 20 27 ej
320 225 66 21 borde
403 233 40 20 ega
458 227 52 26 göra
526 226 81 26 dotter,
623 226 33 20 för
680 227 109 26 giftermäl

46 261 58 18 emot
120 259 61 20 deras
195 259 64 27 vilja,
275 259 64 20 arflös
355 260 101 26 sälunda,
471 261 31 19 att
518 260 133 27 egendomen
671 260 65 28 ginge
756 261 34 20 till

46 293 141 20 fremmande.

114 327 221 27 Landtdagsmannen
355 321 117 34 Östring
494 328 96 27 yttrade,
613 329 32 19 att
666 328 63 21 äfven
747 329 43 19 han

46 360 48 21 icke
110 360 71 22 kunde
195 361 54 27 gilla
264 362 31 19 att
311 360 26 22 de
352 361 143 21 bemötanden
514 362 25 20 af
551 361 77 21 andras
644 362 146 26 anföranden,

48 402 46 14 som
108 395 8 21 i
131 395 85 21 ständet
231 395 108 27 afgifvits,
360 395 78 21 kallats
458 396 89 28 onödigt
567 396 30 20 tal
617 396 40 21 och
677 396 113 28 stämplats

48 430 70 20 såsom
134 429 118 21 öfvermod.
288 429 84 22 Sådana
387 430 115 28 yttranden
518 430 117 28 ådagalade
651 431 87 26 endast,
758 432 32 19 att

48 464 38 26 de,
101 470 46 14 som
163 464 98 20 använda
277 464 58 26 dem,
356 464 67 21 sakna
438 465 97 27 förmåga
550 466 32 19 att
597 464 33 22 för
645 465 56 21 hvad
716 465 26 21 de
758 467 32 26 yt-

47 499 43 19 trat
105 498 58 28 gifva
177 498 72 20 bättre
265 498 53 21 skäl.
340 498 57 21 Dem
413 499 63 21 som
465 494 15 38 i
494 499 65 28 språk
574 500 49 20 utur
639 499 72 28 gamla
726 501 64 19 testa-

47 534 92 19 mentets
155 532 88 21 skrifter
258 532 75 21 trodde
349 533 33 27 sig
397 533 59 21 finna
471 534 48 20 stöd
536 534 34 20 för
590 533 41 21 den
651 534 89 28 mening
760 536 32 18 att

47 567 95 27 qvinnan
157 573 52 14 vore
224 572 93 14 mannen
334 566 161 26 underordnad,
506 567 51 21 ville
573 568 83 20 talaren
667 568 81 26 erinra,
759 570 32 18 att

46 601 72 28 gamla
133 602 150 20 testamentets
299 600 32 21 tid
345 608 38 14 var
398 608 26 14 en
440 601 31 21 tid
485 601 34 21 för
541 602 97 26 slafveri,
655 609 46 13 som
724 602 67 21 borde

47 636 95 28 upphört
157 635 49 21 med
221 635 173 27 kristendomen,
409 636 89 20 hvilken
520 636 107 28 åsyftade,
645 636 65 21 bland
726 639 66 18 annat

47 670 138 21 erkännande
199 669 25 20 af
229 669 114 33 qvinnans
356 670 65 20 värde
437 670 70 21 såsom
529 670 113 21 menniska
657 670 40 21 och
711 671 81 20 hennes

47 703 112 22 befriande
175 703 47 21 från
237 703 26 21 de
278 703 67 28 band,
360 703 8 21 i
382 704 74 21 hvilka
479 704 43 21 hon
543 704 106 21 derintills
664 705 79 20 hållits.
780 705 12 20 I

48 738 78 29 sjelfva
141 738 66 20 saken
222 737 107 22 instämde
348 738 84 21 talaren
447 739 49 21 med
511 738 73 21 Klami
607 746 34 13 om
664 739 127 28 Kumpulai-

47 780 53 14 nens
116 773 140 20 reservation.

116 807 220 27 Landtdagsmannen
358 807 124 28 Hagman
507 807 72 21 kunde
603 808 48 20 icke
677 808 115 28 godkänna

48 841 96 22 hvarken
159 841 172 28 Kumpulainens
347 842 133 21 reservation
500 843 53 20 eller
567 843 68 20 första
655 843 138 21 alternativet

48 877 7 20 i
70 876 157 27 betänkandet;
243 876 40 21 och
299 883 46 14 som
360 877 72 27 någon
446 877 55 21 våda
522 877 48 20 icke
593 877 77 21 funnes
685 877 56 27 deri,
760 879 33 19 att

48 911 71 21 dotter
134 917 51 14 vore
199 910 109 21 beroende
323 910 24 21 af
360 911 141 27 föräldrarna,
513 911 70 21 såsom
594 911 113 28 giftomän,
719 912 23 20 så
752 912 40 21 och

48 945 28 22 då
91 945 58 21 detta
164 945 55 20 hade
236 945 47 20 stöd
298 945 7 20 i
321 944 36 21 det
372 945 80 21 vackra
470 945 77 22 budet:
571 961 4 11 ,
578 945 73 27 hedra
673 946 36 21 din
732 945 60 22 fader

48 980 40 21 och
104 980 36 21 din
154 979 81 26 moder,
251 979 24 20 sä
290 979 55 20 skall
367 979 37 28 dig
419 980 34 21 väl
469 980 48 28 gå,'
533 980 50 21 ville
605 980 83 21 talaren
704 980 32 21 för
760 981 32 20 sin

48 1015 34 20 del
98 1015 79 26 antaga
192 1013 90 21 sednare
297 1013 138 21 alternativet
450 1014 6 20 i
471 1014 153 20 betänkandet.

116 1048 158 20 Diskussionen
289 1047 135 21 förklarades
443 1048 54 20 härå
519 1048 94 20 afslutad
635 1048 40 20 och
697 1048 95 27 följande

48 1082 247 27 voteringsproposition
310 1081 152 22 framställdes:

116 1116 97 26 Antager
227 1115 85 21 ståndet
327 1116 11 26 $
354 1116 13 20 2
382 1116 7 19 i
404 1116 89 21 sednare
515 1116 138 21 alternativet
675 1116 23 21 af
711 1116 83 20 utskot-

50 1152 43 19 tets
108 1150 154 20 betänkande?
291 1149 48 21 Den
355 1150 36 20 det
406 1150 44 27 vill,
466 1157 73 14 svarar
551 1151 34 27 ja;
601 1150 41 20 den
658 1150 36 21 det
708 1150 19 28 ej
744 1150 48 27 vill,

49 1191 75 15 svarar
138 1184 43 27 nej.

116 1218 107 27 Votering
245 1217 142 21 verkställdes
409 1218 52 21 härå
483 1218 40 21 och
546 1218 62 20 utföll
631 1218 163 28 omröstningen

50 1252 49 22 med
116 1252 25 21 18
155 1253 24 27 ja
193 1253 46 19 mot
254 1252 27 20 29
296 1252 45 27 nej;
357 1252 96 20 deremot
467 1252 102 28 Hagman
585 1252 98 21 anmälde
699 1260 95 13 reserva-

49 1287 54 27 tion,
119 1286 39 22 och
173 1286 144 21 framställdes
332 1286 74 21 vidare
421 1286 96 28 följande
529 1287 255 27 voteringsproposition:

118 1321 98 26 Antager
231 1320 85 21 ståndet
335 1321 9 19 1
361 1327 64 13 mom.
440 1321 7 19 i
463 1321 11 26 8
491 1322 12 19 2
518 1320 24 21 af
555 1321 58 20 förra
636 1321 137 20 alternativet
788 1321 7 20 i

50 1354 119 21 utskottets
183 1353 138 20 betänkade?
351 1354 48 19 Den
415 1354 35 20 det
465 1354 48 26 vill,
529 1361 72 13 svarar
614 1354 34 26 ja;
665 1354 40 20 den
721 1354 36 20 det
772 1354 20 27 ej

50 1389 38 20 vill
104 1394 73 15 svarar
192 1387 43 27 nej.
