975 1709
215 130 41 20 256
501 135 37 17 Den
551 135 21 16 27
585 140 38 11 nov.

256 194 220 27 Landtdagsmannen
499 193 117 28 Hagman
639 193 51 20 sade
706 192 34 28 sig
755 200 51 14 vara
821 200 52 14 ense
888 192 47 21 med

187 228 58 21 Keto
266 230 55 20 samt
338 228 8 20 i
366 228 43 21 allo
428 228 53 28 gilla
501 230 31 18 ett
553 226 119 22 anförande
691 227 7 20 i
714 227 183 28 januriutskottet
916 227 23 20 af

187 263 96 28 följande
299 263 106 21 innehåll:

257 298 42 27 Jag
318 297 76 27 finner,
419 297 17 27 ,i
456 297 101 21 afseende
577 297 13 20 å
609 296 41 21 den
666 297 56 20 rätta
739 297 75 20 åldern
829 297 34 20 för
877 296 60 28 qvin-

189 339 54 14 nans
259 332 210 28 myndigblifvande,
490 332 72 27 någon
579 331 151 28 betänklighet
745 331 119 21 tillsvidare
879 333 59 20 möta

189 367 83 20 hennes
290 366 140 21 likställande
450 366 49 21 med
517 372 101 15 mannen.
653 365 44 22 Det
717 367 24 20 är
761 365 92 21 allmänt
871 365 68 22 kändt

188 403 33 19 att
238 401 93 21 känslan
350 401 40 20 och
408 401 93 28 hjertats
521 401 94 20 rörelser
635 400 67 21 under
718 400 42 21 den
776 400 93 28 tidigare
885 407 54 21 ung-

189 435 138 22 domsåldern
344 437 36 19 äro
396 435 38 21 hos
450 435 95 29 qvinnan
560 434 96 21 rådande
671 435 7 20 i
693 435 50 20 vida
757 436 70 19 större
842 435 54 27 grad
911 437 27 19 än

189 470 150 26 eftertanken,
356 477 45 14 som
417 470 40 21 hos
472 470 72 21 henne
560 469 90 21 sednare
666 469 113 21 utvecklar
790 469 33 28 sig
833 469 34 21 till
877 470 62 21 välde

189 505 62 20 öfver
267 504 41 21 den
323 504 151 21 förstnämnde
491 504 188 28 själsriktningen;
695 504 89 21 hvartill
799 504 99 21 kommer
909 506 30 19 att

189 539 42 21 den
251 539 129 21 inskränkta
400 539 219 26 verksamhetskrets,
641 539 90 20 hvarvid
752 539 95 27 qvinnan
863 539 6 20 i
885 539 54 28 följd

191 573 23 21 af
227 573 34 21 sin
275 573 154 21 bestämmelse
448 575 23 19 är
490 573 98 26 bunden,
609 574 89 27 betager
716 573 72 20 henne
804 573 87 21 tillfälle
906 573 33 20 till

190 608 45 21 lika
255 609 44 20 stor
321 608 124 21 erfarenhet
465 608 50 21 med
535 607 40 21 den
594 607 124 28 jemnårige
741 614 101 14 mannen.
873 607 11 21 I
903 607 37 21 be-

189 642 116 21 traktande
326 642 24 21 af
368 643 38 20 allt
427 643 60 20 detta
507 649 64 14 anser
587 643 39 27 jag
641 642 106 28 rådligast
762 643 32 19 att
809 642 130 26 tillsvidare,

190 677 24 21 så
228 677 65 27 länge
310 677 211 28 qvinnouppfostran
537 676 39 21 och
589 676 267 29 qvinnoundervisningen
871 677 7 20 i
894 677 45 20 lan-

191 711 36 21 det
243 711 99 28 qvarstår
356 711 29 28 på
400 712 32 20 sin
450 711 125 21 nuvarande
586 711 8 20 i
605 711 119 20 allmänhet
739 711 49 27 låga
799 711 141 28 ståndpunkt,

190 745 212 29 myndigblifvandet
416 746 131 20 bestämmes
561 745 34 21 till
611 746 26 20 25
653 745 35 21 års
706 745 67 27 ålder,
791 745 26 21 då
835 745 105 28 rättighe-

191 782 36 19 ten
243 782 32 19 att
290 782 53 19 utan
356 780 119 28 giftomans
490 780 61 21 bifall
565 780 52 28 ingå
627 780 121 28 äktenskap
759 780 67 21 borde
837 780 45 21 lika
892 780 49 21 med

191 814 67 22 andra
273 814 42 22 den
331 814 190 28 myndigaålderns
536 814 130 28 rättigheter
681 821 51 14 vara
747 815 126 28 sjelffallen,
889 816 52 19 utan

191 851 32 19 att
238 849 252 28 föräldramyndigheten
502 849 72 21 kunde
585 856 63 14 anses
660 849 126 28 derigenom
797 849 144 21 förnärmad.*

190 884 59 21 Vare
265 884 96 28 gvinnan
377 884 84 20 säledes
477 884 68 21 under
561 884 145 20 föräldrarnes
717 884 180 28 giftomannarätt
908 884 33 20 till

191 919 26 20 25
233 919 35 20 års
282 918 67 27 ålder,
365 925 35 14 om
416 918 44 21 hon
475 918 38 21 hos
529 919 48 20 dem
593 919 97 27 åtnjuter
705 919 120 20 underhåll.

259 953 44 21 För
323 953 66 28 öfrigt
408 953 115 21 anmärkte
542 953 84 20 talaren
645 953 34 28 sig
693 953 49 21 icke
758 960 38 14 ens
811 953 66 21 hafva
891 953 50 21 hört

192 989 31 19 att
237 988 71 27 nägon
325 987 81 28 gvinna
421 987 80 28 skulle,
523 988 28 28 pä
567 989 42 19 sätt
625 981 90 34 Östring
730 987 118 28 uppgifvit,
871 987 71 28 ingätt

192 1022 121 28 äktenskap
334 1022 34 20 för
387 1024 32 19 att
439 1022 88 21 komma
547 1022 48 21 från
615 1022 120 21 beroendet
755 1022 24 21 af
797 1023 33 20 sin
845 1022 96 29 förmyn-

193 1057 57 20 dare.

260 1091 222 27 Landtdagsmannen
497 1091 106 20 Määttä
618 1091 106 20 förmälde
736 1092 31 19 att
782 1091 53 26 han,
851 1091 7 20 i
873 1091 70 21 likhet

191 1125 50 21 med
263 1125 125 27 Pelkonen,
411 1126 80 27 gillade
511 1125 68 21 första
599 1125 140 21 alternativet
759 1125 7 21 i
784 1125 157 28 betänkandet;

192 1160 40 21 och
248 1159 92 21 emedan
359 1159 25 22 de
404 1160 181 28 medgifvanden,
608 1167 45 14 som
670 1160 46 21 deri
732 1160 88 27 gjordes
837 1160 104 27 qvinnan,

192 1201 51 14 vore
263 1195 59 20 stora
342 1201 52 20 nog,
414 1195 67 20 borde
497 1194 70 28 öfriga
582 1194 243 28 landtdagsgöromålen
840 1194 34 21 för
889 1195 53 20 hen-

193 1235 37 14 nes
247 1228 66 27 skull,
330 1235 46 14 som
391 1237 38 13 var
445 1229 91 20 sednare
552 1229 82 27 skapad
649 1231 29 18 än
688 1235 105 20 mannen,
809 1229 48 20 icke
868 1229 73 21 vidare

192 1262 134 28 uppehållas.

260 1296 222 28 Landtdagsmannen
509 1296 115 20 Simolin
646 1296 108 21 instämde
777 1296 7 20 i
806 1296 57 21 hvad
885 1297 57 20 Keto

191 1330 40 21 och
248 1330 102 28 Hagman
364 1331 8 20 i
387 1331 67 21 saken
470 1331 81 27 anfört,
567 1331 40 21 och
623 1331 113 21 anmärkte
753 1332 58 20 emot
825 1332 55 26 dem,
897 1339 45 13 som

191 1365 64 28 yrkat
275 1366 32 20 att
326 1366 95 28 qvinnan
435 1366 68 20 borde
518 1366 107 21 likställas
639 1366 49 21 med
704 1372 105 21 mannen,
832 1368 31 19 att
879 1366 64 21 skrif-

192 1402 37 18 ten
244 1400 110 21 innehölle
370 1400 48 21 icke
434 1400 93 22 allenast
543 1402 31 19 att
589 1401 95 27 qvinnan
696 1400 106 28 skapades
813 1401 92 21 sednare
916 1403 27 19 än

193 1441 103 20 mannen,
322 1437 51 19 utan
400 1435 40 21 ock
466 1437 31 19 att
520 1436 77 20 sådant
621 1435 57 21 skett
701 1436 33 20 för
757 1442 106 14 mannens
886 1436 56 20 skull
