973 1703
360 129 38 18 Den
411 131 20 16 11
444 129 35 18 dec.
725 124 41 21 317

50 189 104 20 nationen
169 189 40 20 och
224 189 49 21 dess
287 189 153 28 förmögenhet
452 190 8 21 i
471 197 27 14 en
515 189 109 22 bottenlös
641 190 154 21 bränvinsflod.

50 223 105 20 Deremot
169 223 65 21 hafva
249 224 21 21 vi
285 231 27 14 en
327 224 70 27 vigtig
411 224 83 21 lärdom
510 224 23 21 af
542 224 117 28 styrelsens
674 225 79 27 nådiga
764 225 30 20 åt-

50 257 54 27 gärd
125 257 8 20 i
155 257 102 21 afseende
278 258 13 20 å
312 258 303 28 bränvins-bränningstidens
637 258 159 28 inskränkning

50 291 26 20 de
91 291 131 28 föregående
237 292 53 21 åren
306 292 39 21 och
361 292 41 21 den
417 292 63 21 deraf
493 292 127 21 föranledda
635 292 161 27 förminskning

50 325 24 20 af
87 325 53 21 eller
155 325 54 21 brist
224 326 28 27 på
267 326 97 20 bränvin.
395 325 153 29 Ordentlighet
562 327 7 19 i
587 326 152 21 lefnadssättet
756 326 39 20 har

49 359 90 29 tilltagit
161 360 8 20 i
190 367 82 14 samma
287 360 134 21 förhållande
440 368 46 13 som
501 360 155 28 minskningen
671 360 25 21 af
708 360 86 28 tillgån-

50 400 42 22 gen
108 394 54 20 eller
177 394 42 21 den
234 394 133 21 fortfarande
387 394 81 22 bristen
484 395 72 28 derpå.
586 394 44 21 Det
646 395 67 28 dryga
728 394 68 28 priset

50 435 64 21 synes
129 428 49 21 icke
193 428 50 21 fullt
256 428 87 22 hämma
359 429 36 21 det
410 429 113 28 omåttliga
532 429 79 21 bruket
625 429 71 21 deraf:
712 429 83 21 bristen

50 462 68 28 derpå
134 462 69 21 skulle
219 462 98 22 deremot
332 464 53 27 göra
395 463 43 21 det.
469 464 42 27 Jag
521 463 83 28 nödgas
615 463 91 27 derföre,
718 463 78 21 under-

51 496 63 22 stödd
136 497 24 21 af
180 497 125 21 erfarenhet
327 498 40 20 och
389 498 59 21 mina
470 498 143 21 komitenters
635 496 90 30 mening
739 498 7 20 i
762 505 33 13 sa-

49 531 56 27 ken,
128 531 76 21 förena
223 532 46 28 mig
290 532 50 21 med
355 532 48 21 dem
417 532 24 21 af
458 532 59 21 mina
538 532 163 27 ståndsbröder,
722 532 74 21 hvilka

49 566 112 27 föreslagit
177 573 27 13 en
219 566 33 20 till
267 566 37 21 två
315 566 52 21 eller
378 568 33 19 tre
421 566 81 22 veckar
517 566 24 21 af
555 567 46 20 året
616 566 114 22 inskränkt
745 567 50 21 hus-

50 600 239 28 behofs-bränningstid
304 602 55 20 samt
374 601 66 21 frihet
450 601 49 21 från
509 601 131 28 erläggande
651 601 24 21 af
683 601 112 21 bränvins-

50 634 211 29 bränningsarrende
285 635 34 21 för
339 635 48 21 dem
411 643 45 13 som
479 636 20 27 ej
522 636 53 27 vilja
597 636 99 28 begagna
719 636 33 28 sig
774 636 24 21 af

51 670 33 19 sin
106 669 234 28 bränningsrättighet,
367 670 89 21 hvilken
479 670 107 27 styrelsen
609 670 19 27 ej
653 670 54 28 egde
729 670 67 21 tiller-

50 703 73 22 känna
138 704 72 27 någon
225 711 81 20 annan;
322 711 50 14 men
388 704 96 21 deremot
499 704 64 28 finge,
574 704 33 21 till
618 704 177 21 förekommande

51 738 24 21 af
88 738 77 21 förlust
187 738 34 21 för
243 738 132 21 statskassan
396 739 28 27 på
442 739 195 27 arrendeafgiften,
659 739 136 21 bränvinsar-

50 773 78 20 rendet
149 773 96 28 förhöjas
268 773 34 20 för
320 773 49 21 dem
392 780 46 14 som
460 773 100 28 begagna
575 773 34 28 sig
623 773 25 21 af
667 773 129 28 brännings-

50 807 144 28 rättigheten,
221 807 34 21 till
274 808 37 21 två
331 807 63 21 mark
413 808 34 21 för
470 808 75 27 hvarje
564 808 73 21 kanna
657 808 24 21 af
697 815 99 21 pannans

51 842 69 28 rymd.
155 841 46 22 Och
221 842 96 21 önskade
337 843 40 27 jag
397 844 32 19 att
444 842 217 27 ekonomiutskottet,
684 843 34 20 till
732 843 63 21 hvars

50 877 165 28 handläggning
230 877 91 23 ärendet
335 877 62 21 torde
412 877 62 28 höra,
495 877 93 28 afgifver
611 877 38 32 stt
668 877 100 28 yttrande
788 878 7 20 i

50 911 60 22 detta
125 912 63 27 syfte.

118 946 221 29 Landtdagsmannen
352 946 149 29 Mynttinen
516 947 63 28 ingaf
591 953 27 15 en
632 946 95 29 skriftlig
742 953 52 22 upp-

52 983 44 20 sats
112 981 24 21 af
148 981 97 28 följande
260 981 107 22 innehåll:

120 1015 42 29 Jag
177 1022 64 14 anser
256 1015 37 21 det
307 1022 52 14 vara
374 1016 112 28 olämpligt
505 1018 33 19 att
557 1016 238 28 bränvinsbränningen

50 1050 129 22 verkställes
194 1050 8 20 i
217 1050 95 22 fabriker
327 1050 40 21 och
387 1052 32 19 att
433 1058 27 14 en
476 1052 44 19 stor
534 1051 80 27 mängd
636 1051 63 21 deraf
715 1051 81 21 tillver-

51 1086 50 26 kas,
117 1084 90 22 emedan
228 1084 36 21 det
279 1085 83 21 medför
375 1085 148 28 hvarjehanda
537 1086 140 28 olägenheter
699 1086 39 20 och
760 1092 36 15 ve-

52 1119 207 28 derstyggligheter,
281 1119 63 28 lättja
367 1120 39 20 och
421 1120 141 21 vårdslöshet.
599 1120 51 20 Man
666 1120 85 21 arbetar
766 1127 30 14 nu

51 1154 29 28 på
94 1153 79 21 folkets
188 1154 100 28 bildning
303 1154 39 20 och
357 1154 132 28 upplysning
504 1161 79 21 genom
597 1154 148 21 förbättrande
756 1155 40 21 och

51 1188 124 20 inrättande
191 1188 23 20 af
227 1188 128 27 folkskolor;
371 1195 50 14 men
435 1189 57 21 hvad
505 1190 62 26 nytta
577 1188 40 22 har
632 1189 71 21 denna
718 1189 78 21 under-

51 1222 87 28 visning
151 1222 50 20 med
216 1222 43 28 sig,
274 1222 27 21 då
316 1230 27 13 en
363 1222 67 22 sådan
449 1223 132 28 myckenhet
603 1223 23 21 af
644 1223 92 21 bränvin
752 1224 44 20 står

51 1256 157 28 befolkningen
223 1257 34 20 till
267 1256 60 21 buds.
357 1256 43 28 Jag
414 1257 69 21 skulle
494 1264 52 14 anse
556 1258 125 28 lämpligast
691 1259 32 19 att
732 1258 64 20 brän-

52 1290 241 28 vins-bränningstiden
307 1291 130 21 inskränkes
451 1292 33 20 till
500 1292 64 27 högst
577 1294 33 18 tre
621 1292 86 26 veckor,
722 1292 28 28 på
760 1292 36 20 det

53 1326 32 18 att
96 1324 87 28 mycket
193 1324 63 21 deraf
268 1325 48 20 icke
331 1326 67 20 måtte
413 1325 67 27 hopas
495 1326 7 19 i
517 1326 81 26 landet,
609 1328 55 18 samt
675 1328 31 18 att
716 1326 80 26 impor-

53 1360 37 18 ten
105 1358 33 20 till
152 1358 73 20 landet
241 1358 23 20 af
277 1358 73 21 starka
365 1358 92 27 drycker
472 1358 71 21 blefve
562 1359 121 27 förbjuden.
713 1359 82 20 Dessu-

52 1393 46 20 tom
112 1393 45 19 tror
170 1392 39 28 jag
225 1392 63 21 äfven
304 1393 24 20 så
342 1392 81 27 hända,
439 1394 31 19 att
484 1392 48 21 från
547 1392 110 28 Ryssland
667 1393 82 20 införes
760 1393 37 21 då-

53 1425 41 30 ligt
108 1426 40 22 och
163 1426 86 23 skämdt
263 1427 63 28 mjöl,
345 1427 79 22 hvaraf
442 1426 42 23 den
499 1427 79 29 giftiga
592 1427 95 29 drycken
703 1427 93 22 derefter
