973 1700
209 137 40 21 158
493 142 38 16 Den
543 142 21 16 27
577 141 36 17 okt.

182 202 70 21 skulle
267 208 42 22 ega
323 202 93 27 tillgång
430 201 34 21 till
479 201 116 21 betalande
610 200 25 21 af
647 201 34 20 sin
696 200 99 27 fordran,
810 200 70 22 under
895 200 36 22 det

181 236 50 21 med
246 236 123 28 utmätning
382 236 29 28 på
426 237 43 19 sätt
484 235 93 21 Tiainen
592 235 120 27 föreslagit,
728 235 102 27 berodde,
844 235 87 21 komme

182 270 7 21 i
205 270 86 21 tillfälle
307 271 32 20 att
354 269 145 22 undansticka
514 270 40 20 och
569 269 124 27 förskingra
709 269 32 21 sin
757 269 115 28 egendom.

250 304 33 22 På
297 304 74 21 derom
387 304 64 28 gjord
465 304 96 28 begäran
576 303 115 21 bordlades
706 302 129 29 petitionen.

250 389 222 29 Landtdagsmannen
487 389 126 29 Hagman
629 389 99 29 uppläste
745 391 31 19 ett
795 388 136 22 besvärsme-

183 425 83 27 morial,
289 424 112 29 angående
420 424 149 22 förbättrande
585 424 24 21 af
622 424 179 21 länsmännernas
818 424 114 27 ställning,

183 460 84 21 hvilket
281 459 122 21 bordlades.

252 528 124 28 Föredrogs
396 528 24 21 af
437 527 211 29 landtdagsmannen
669 526 105 23 Sinkko
789 527 93 29 ingifvet
896 526 38 23 be-

185 563 183 27 svärsmemorial,
391 563 113 28 angående
527 562 151 22 förbättrande
699 562 24 21 af
739 562 27 21 de
781 563 13 20 &
809 562 124 21 donations-

185 598 83 29 godsen
281 598 8 21 i
303 598 104 28 Wiborgs
423 598 36 21 län
474 598 86 21 bosatte
575 597 116 21 landboers
707 597 110 28 ställning.

252 632 126 22 Bordlades.

252 701 109 22 Afsändes
372 708 27 14 en
410 700 135 29 deputation,
555 701 70 21 under
640 700 119 22 anförande
773 700 24 21 af
809 700 125 29 landtdags-

185 743 94 14 mannen
289 736 102 28 Hagman
402 738 31 19 att
448 737 33 20 till
497 736 142 21 medständen
655 735 134 22 öfverlemna
804 735 130 28 protokolls-

184 771 88 28 utdrag,
283 770 112 29 angäende
407 770 97 21 ständets
515 771 71 20 beslut
601 770 32 21 uti
649 770 110 27 frägorna,
776 769 92 22 rörande
885 770 49 21 tull-

184 805 177 28 lagstiftningen,
385 805 40 21 och
448 812 34 13 om
506 805 107 21 aflätande
635 805 23 20 af
675 804 211 29 tacksägelseadress
902 804 33 20 till

185 839 120 28 Rysslands
327 839 40 21 och
386 839 102 28 Sveriges
509 839 46 21 folk
575 839 33 20 för
624 839 97 20 erhällna
737 838 120 21 understöd
872 839 22 20 ät
909 838 25 21 de

185 881 79 21 genom
275 873 99 21 sistlidna
384 873 35 21 ärs
429 874 106 21 missväxt
545 873 122 21 nödställde
677 873 8 20 i
695 879 66 14 norra
770 872 100 27 Finland,
880 874 55 20 samt

185 908 34 21 till
234 909 83 27 presta-
333 908 40 21 och
388 907 186 28 borgareständen
589 907 110 21 dessutom
715 907 113 28 angäende
844 907 92 20 anständ

186 942 50 21 med
251 942 145 28 upprättande
412 942 24 21 af
448 942 161 28 knektetorpen
625 942 34 21 för
675 941 82 21 indelta
772 941 117 21 militären.

253 1026 86 29 Nädiga
364 1027 164 29 propositionen
554 1034 35 15 n:o
614 1028 35 26 10,
673 1025 113 30 angående
805 1025 130 30 jordegares

187 1061 124 29 skyldighet
334 1064 31 19 att
388 1064 58 19 emot
469 1063 122 27 ersättning
613 1062 91 28 uppläta
719 1061 62 22 mark
796 1061 35 21 för
846 1061 91 21 allmänt

186 1096 75 27 behof,
283 1096 114 28 föredrogs
419 1097 41 20 och
482 1096 152 21 remitterades
657 1096 33 21 till
710 1095 111 22 ekonomi-
836 1095 40 21 och
890 1095 46 27 lag-

186 1131 118 21 utskotten.

254 1198 115 29 Emottogs
385 1205 27 15 en
428 1198 128 30 deputation
571 1199 48 21 frän
639 1196 168 31 prestaständet,
824 1196 77 23 anförd
916 1196 23 22 af

186 1232 206 28 kontraktsprosten
409 1234 116 26 Stenbäck,
541 1241 45 13 som
602 1233 127 21 meddelade
745 1234 38 25 att,
794 1234 52 19 enär
856 1232 81 20 bonde-

187 1266 98 21 ständets
295 1266 202 29 protokollsutdrag
508 1266 113 28 angående
631 1266 119 28 petitioner
766 1273 34 13 om
816 1266 121 20 landtstän-

188 1300 78 22 dernas
282 1296 199 26 sammankallande
497 1301 76 27 hvarje
588 1301 71 27 tredje
675 1301 24 20 är
715 1302 56 19 samt
785 1306 35 14 om
836 1298 101 30 tryckfri-

187 1335 86 28 hetslag
293 1335 42 21 den
357 1336 25 20 19
398 1335 7 21 i
421 1336 70 20 denne
512 1335 78 21 månad
610 1335 39 21 hos
664 1334 162 29 prestaständet
841 1334 96 22 föredra-

187 1370 50 28 gits,
259 1370 120 21 detsamma
399 1370 134 22 remitterats
552 1370 34 20 till
601 1369 172 29 prestaständets
787 1369 99 21 enskilda
901 1369 37 21 be-

188 1405 152 27 svärsutskott,
363 1406 56 20 samt
440 1405 64 28 ingaf
525 1404 77 22 derhos
622 1404 79 28 utdrag
721 1404 24 22 af
759 1404 36 22 det
813 1404 68 28 sagda
896 1404 42 28 dag

186 1440 40 22 hos
240 1440 162 29 prestaständet
417 1440 8 22 i
441 1440 90 22 ärendet
546 1439 63 22 förda
623 1439 116 29 protokoll.
