981 1703
373 130 38 17 Den
423 129 11 18 $
446 130 34 16 okt.
742 125 27 20 45

124 188 102 22 Ståndets
241 188 136 22 sekreterare
393 189 132 27 förklarade,
541 191 32 19 att
588 189 46 21 deri
648 189 97 21 förfarits
761 196 37 14 en-

54 223 41 27 ligt
117 223 79 21 fattadt
217 223 82 21 beslut:
323 224 42 20 den
387 224 127 26 berättelse,
537 230 46 14 som
603 224 26 20 de
644 232 29 12 nu
686 224 112 28 justerade

54 258 163 26 protokollerna
238 258 107 26 innehöll,
360 265 38 13 var
420 258 96 21 skrifven
539 259 13 20 &
573 258 105 21 hvardera
701 258 97 28 språket,

55 291 69 21 finska
140 292 59 20 såväl
214 298 47 14 som
277 292 98 21 svenska.
398 292 33 20 De
446 292 126 28 yttranden,
583 299 46 13 som
644 293 7 19 i
667 292 86 21 ståndet
768 293 30 20 af-

55 325 84 27 gifvits,
155 325 55 21 hade
221 326 7 20 i
239 326 132 27 protokollet
385 326 73 21 blifvit
472 326 90 28 intagna
577 327 28 26 på
620 326 36 21 det
666 326 75 28 språk,
752 334 46 13 som

54 359 37 22 vid
106 360 63 21 deras
184 360 125 28 afgifvande
324 360 127 28 begagnats.

121 394 221 29 Landtdagsmannen
364 395 91 21 Klami
477 395 139 27 hemställde,
639 395 105 22 huruvida
762 395 37 21 det

54 429 48 21 icke
118 429 66 28 ginge
199 437 28 14 an
241 431 32 20 att
288 429 168 28 bondeståndet,
471 430 78 21 liksom
572 430 170 28 prestaståndet,
758 430 40 21 fat-

54 463 49 22 tade
125 464 36 21 det
182 464 81 27 beslut,
286 465 31 20 att
339 464 141 28 protokollet,
501 465 56 20 efter
571 465 58 20 hand
644 472 46 14 som
706 465 36 20 det
757 465 42 20 blir

55 498 91 27 färdigt,
170 498 69 21 skulle
259 499 33 20 till
308 499 116 28 tryckning
439 499 118 21 befordras.
572 512 28 3 —
615 500 79 21 Dertill
710 499 88 22 svarade

55 533 97 20 ståndets
175 533 147 28 sekreterare,
344 535 31 19 att
397 533 64 22 äfven
483 534 42 20 han
547 535 68 27 ansåg
633 534 77 28 åtgärd
725 534 74 21 derom

55 567 53 21 böra
122 567 108 28 vidtagas,
242 568 23 21 så
279 569 60 20 snart
353 575 46 14 som
415 569 55 20 efter
485 569 68 20 skedd
565 569 110 28 justering
688 569 111 28 protokol-

54 602 42 21 lets
112 602 136 28 renskifning
263 602 43 21 kan
321 603 119 27 begynnas.

122 637 87 20 Ankom
232 644 27 13 en
282 637 127 28 deputation
432 638 56 21 ifrån
503 637 150 29 ridderskapet
669 638 39 21 och
724 637 74 28 adeln,

55 671 69 21 under
139 671 118 21 anförande
273 671 24 21 af
309 672 50 20 herr
375 672 116 22 statsrådet
505 679 20 14 v.
541 673 70 26 Born,
623 679 45 14 som
683 673 115 21 tillkänna-

56 706 39 28 gaf
107 708 32 20 att
154 706 50 21 herr
219 706 75 28 grefve
310 706 78 21 Creutz
404 706 81 22 afträdt
499 706 57 22 ifrån
572 707 33 21 sin
616 707 121 28 befattning
753 714 46 14 som

56 741 115 28 suppleant
186 741 8 20 i
209 741 175 27 bankutskottet,
407 741 31 21 dit
453 742 7 20 i
476 742 53 20 hans
549 742 62 20 ställe
633 742 71 21 blifvit
727 742 73 21 invald

56 775 50 21 herr
128 776 68 20 baron
218 775 111 28 Hisinger,
345 776 64 26 Edv.,
425 776 111 22 äfvensom
557 776 57 21 ifrån
629 776 32 21 sin
677 776 123 28 befattning

57 816 44 14 som
117 810 94 20 ledamot
227 810 6 20 i
249 810 248 27 talmanskonferensen,
513 810 88 21 hvartill
616 810 52 27 han,
684 810 116 22 statsrådet

56 852 20 13 v.
92 844 70 27 Born,
177 844 72 21 blifvit
264 844 83 22 utsedd.

124 879 149 21 Talemannen
295 879 91 21 tackade
409 879 165 28 deputationen,
597 879 87 22 hvilken
705 880 95 21 derefter

57 913 105 21 afträdde.

124 948 87 21 Ankom
233 948 48 21 från
303 948 160 28 prestaståndet
485 956 27 13 en
535 948 136 28 deputation,
686 948 77 22 anförd
779 948 24 22 af

57 982 51 22 herr
130 984 89 27 prosten
241 982 81 28 Lilius,
337 983 89 21 hvilken
442 984 61 27 ingaf
516 984 78 27 utdrag
609 984 23 20 af
646 984 36 20 det
696 984 40 20 hos
752 991 48 21 pre-

58 1017 121 22 staståndet
194 1017 41 21 den
252 1018 9 19 1
279 1018 6 19 i
301 1017 70 21 denne
387 1018 78 20 månad
481 1018 62 21 förda
558 1018 119 27 protokoll,
688 1018 112 28 angående

57 1052 34 20 val
107 1052 24 21 af
144 1051 141 28 suppleanter
298 1051 33 21 till
346 1051 162 22 vederbörande
524 1052 89 21 utskott.

126 1085 148 22 Talemannen
294 1086 91 22 tackade
405 1086 164 28 deputationen,
589 1093 46 15 som
655 1087 95 21 derefter
770 1087 30 21 af-

58 1120 82 22 trädde.

127 1155 220 28 Landtdagsmannen
356 1155 126 28 Hagman
493 1155 153 29 tillkännagaf,
662 1157 32 20 att
704 1155 36 22 vid
750 1155 50 22 eko-

59 1189 177 21 nomiutskottets
259 1190 158 20 sammanträde
440 1190 42 20 den
497 1191 12 20 3
525 1190 7 20 i
547 1190 72 21 denna
640 1190 78 22 månad
740 1190 62 28 fråga

59 1224 72 21 blifvit
152 1224 64 21 väckt
238 1224 83 27 derom,
344 1224 105 22 huruvida
471 1224 48 22 icke
537 1224 92 22 stånden
643 1225 51 21 ville
710 1224 92 22 anmoda

60 1259 139 21 talemännen
214 1260 41 25 att,
267 1259 70 27 jemte
352 1259 37 21 det
403 1259 62 21 desse
481 1260 38 20 hos
534 1259 29 21 H.
573 1259 28 21 K.
612 1259 38 21 M:t
665 1259 91 21 ansökte
768 1266 34 14 om

60 1293 94 22 förskott
176 1293 33 21 till
231 1294 114 21 aflönande
367 1294 24 20 af
407 1294 122 21 utskottens
545 1294 135 21 sekreterare
696 1294 40 21 och
757 1294 45 28 gäl-

60 1328 72 20 dande
147 1328 24 20 af
184 1328 123 20 utskottens
323 1328 70 28 öfriga
408 1329 99 27 utgifter,
523 1328 71 20 tillika
609 1329 86 20 anhålla
715 1336 34 12 om
765 1330 37 18 nö-

61 1362 51 27 diga
126 1362 72 21 medel
213 1362 33 20 till
261 1362 133 21 bekostande
405 1362 24 20 af
437 1362 116 27 tryckning
563 1362 24 21 af
595 1362 122 20 utskottens
728 1362 74 21 betän-

60 1396 87 22 kanden
167 1395 50 22 med
236 1396 33 21 till
285 1396 48 22 dem
348 1396 96 22 hörande
460 1397 82 27 bilagor
554 1396 69 28 jemte
637 1396 165 23 reservationer.
