975 1706
213 131 42 21 234
499 138 37 16 Den
550 138 22 15 20
585 142 36 12 nov.

252 196 51 22 Med
323 196 102 21 afseende
446 197 12 20 &
478 196 56 22 hvad
554 196 7 21 i
581 196 157 22 ofvanstäende
759 197 66 21 mätto
840 197 96 26 blifvit
923 192 15 36 ;

186 230 174 28 underdänighet
382 230 97 27 anfördt,
501 231 39 21 har
561 230 36 21 det
617 232 61 26 synts
699 230 116 22 ständerne
837 232 100 28 omöjligt

186 266 31 20 att
235 265 143 21 omförmälde
399 266 35 20 för
453 265 74 21 landet
548 265 23 21 sä
586 265 83 28 vyigtiga
688 265 73 28 frågor
778 265 69 22 skulle
862 266 74 22 kunna

185 300 49 20 med
255 300 66 28 nödig
342 300 139 28 grundlighet
501 299 120 22 behandlas
640 299 40 21 och
695 300 87 28 afgöras
797 300 59 21 inom
872 300 42 22 den
929 304 7 20 i

187 336 26 19 46
230 336 11 26 &
257 334 24 21 af
295 335 55 20 1772
370 334 34 21 års
423 334 181 28 Regeringsform
623 334 113 21 bestämda
755 334 32 21 tid
806 334 23 21 af
842 336 33 19 tre
891 336 44 20 mä-

186 369 75 27 nader;
285 369 101 21 hvarföre
407 369 104 21 Finlands
534 369 94 26 ständer,
649 368 143 29 öfvertygade
813 371 32 19 att
860 369 26 21 de
903 370 32 20 sä-

185 404 67 21 lunda
267 404 82 28 jemväl
368 404 28 27 gå
413 403 70 22 Eders
502 404 61 27 Kejs.
579 403 52 21 M:ts
646 403 132 29 högsinnadt
794 404 95 21 uttalade
905 404 30 21 af-

187 439 67 28 sigter
273 438 92 22 rörande
381 438 85 21 landets
482 437 101 22 framtida
598 437 128 29 utveckling
741 438 33 21 till
789 439 79 27 mötes,
891 439 23 21 få
929 439 7 20 i

186 473 175 28 underdänighet
376 472 87 21 anhälla
479 480 34 13 om
529 472 52 27 den,
596 472 37 21 vid
647 472 78 28 antydt
735 472 146 27 förhällande,
897 475 38 19 nö-

187 508 49 27 diga
247 507 140 28 förlängning
398 507 24 20 af
430 507 59 21 tiden
500 507 34 21 för
545 507 145 27 landtdagens
702 514 156 20 sammanvaro,
867 508 69 27 jemte

186 543 36 20 det
238 542 116 21 ständerne
369 541 156 29 underdänigst
540 541 64 22 bordt
620 541 95 27 anmäla,
732 543 32 19 att
778 541 112 28 äsigterna
901 549 34 14 om

185 578 71 20 denna
279 577 42 20 tids
344 577 162 20 bestämmande
529 577 56 20 varit
607 577 60 20 inom
688 575 91 22 stånden
798 576 68 27 olika,
889 576 6 21 i
913 577 22 20 sä

185 612 68 21 mätto
267 613 31 20 att
313 611 151 28 ridderskapet
480 611 39 20 och
535 611 64 20 adeln
615 613 56 18 samt
688 611 162 28 prestaständet
865 613 71 19 ansett

185 647 127 27 göromälen
331 646 110 21 sannolikt
461 646 74 21 kunna
553 645 90 21 afslutas
659 645 33 21 till
708 645 41 22 den
767 647 25 20 15
806 646 55 27 april
877 647 59 20 näst-

186 676 129 26 kommande
336 681 22 20 år
381 681 64 26 1864,
468 681 113 20 hvaremot
596 680 103 28 borgare-
716 681 40 20 och
771 679 164 23 bondeständen

186 717 53 20 trott
260 717 31 20 att
310 715 77 21 sädant
405 715 47 21 icke
471 714 73 22 kunde
565 714 129 21 medhinnas
710 715 47 21 före
773 715 41 21 den
832 717 9 19 1
859 715 76 28 derpä-

185 750 98 27 följande
299 750 51 27 maj.

252 783 139 22 Afvaktande
404 783 60 21 Eder
474 783 61 28 Kejs.
551 784 50 21 M:ts
617 784 80 27 nådiga
713 784 146 21 förordnande
875 785 7 20 i
897 791 37 15 an-

185 819 90 28 ledning
297 818 24 21 af
341 818 139 21 förestäende
502 818 150 28 underdäniga
675 818 113 27 anhällan,
811 819 124 21 framhärda

185 853 106 22 Finlands
307 853 87 21 ständer
410 853 50 21 med
475 853 51 28 djup
543 852 135 29 undersätlig
692 852 98 21 vördnad
805 853 40 21 och
856 853 78 22 trohet.

255 887 178 28 Stormäktigste,
456 887 155 28 allernädigste
633 887 95 28 Kejsare
748 887 40 22 och
806 887 129 22 Storfurste!

186 923 69 21 Eders
270 922 126 29 Kejserliga
410 922 114 28 Majestäts

329 957 32 21 Pä
376 957 163 28 riddarskapets
555 957 39 20 och
610 957 75 21 adelns
701 958 91 27 vägnar:

261 992 32 21 Pä
307 991 181 29 presteständets-
505 992 40 21 och
561 991 192 28 borgareständets
768 994 91 27 vägnar:

399 1026 32 21 Pä
444 1025 170 22 bondeständets
630 1028 91 25 vägnar:

286 1060 150 28 Helsingfors,
453 1060 41 21 den
511 1061 26 20 17
553 1061 118 20 november
688 1061 60 20 1863.

254 1095 148 21 Förestäende
426 1095 122 27 ansökning
571 1094 126 29 godkändes
716 1095 40 20 och
776 1095 73 21 bifölls
865 1096 70 20 tillika

186 1131 31 18 att
233 1129 136 26 densamma,
388 1129 28 28 på
432 1130 42 19 sätt
488 1129 114 28 föreslagit
617 1129 81 27 blifvit,
714 1129 57 28 finge
786 1129 33 21 till
835 1130 100 27 general-

186 1165 137 26 guvernören
338 1163 113 27 insändas,
467 1163 33 21 för
515 1164 32 21 att
562 1163 34 21 till
606 1163 29 21 H.
645 1163 41 22 M:t
696 1163 108 28 Kejsaren
814 1163 120 28 befordras;

185 1198 40 21 och
243 1197 70 22 skulle
332 1197 143 22 medstånden
491 1205 34 14 om
540 1197 59 22 detta
615 1197 72 22 beslut
702 1197 137 22 underrättas
855 1205 79 22 genom

185 1233 127 27 deputation
328 1232 40 21 och
384 1232 245 27 expeditionsutskottet
639 1239 79 20 genom
727 1232 207 29 protokollsutdrag.

251 1299 123 28 Föredrogs
390 1299 209 28 landtdagsmannen
615 1299 111 22 Heikuras
741 1300 42 21 den
800 1300 25 21 13
841 1300 8 21 i
864 1301 71 20 denna

184 1334 79 21 månad
278 1333 120 29 bordlagda
413 1334 228 27 petitionsmemorial,
656 1335 113 28 angående
785 1335 150 29 upprensning

185 1369 38 20 och
239 1368 149 28 kanalisering
403 1368 25 21 af
440 1369 67 20 Pielis
523 1369 36 20 elf.

253 1402 221 29 Landtdagsmannen
495 1403 86 22 Leino
601 1404 87 27 yttrade
708 1406 33 19 att
760 1404 36 21 det
811 1404 124 29 föreslagna

184 1437 95 22 arbetets
295 1437 117 22 utförande
426 1445 44 21 nog
484 1438 72 22 kunde
571 1445 52 15 vara
639 1438 90 29 nyttigt;
752 1445 50 15 men
821 1446 46 15 som
883 1446 50 15 ena-
