975 1700
355 142 38 16 Den
405 141 22 17 23
440 140 34 18 okt.
721 136 40 20 147

109 201 222 27 Landtdagsmannen
347 200 95 21 Slotte
457 200 53 21 fann
525 200 122 29 petitionen
658 200 81 28 onödig
749 201 40 20 och

41 235 139 28 öfverflödig,
200 235 91 20 emedan
312 235 86 20 ståndet
418 235 123 28 säkerligen
562 235 86 20 komme
665 235 32 20 att
714 235 76 36 bifalla

42 269 42 21 den
99 269 81 21 äskade
195 269 101 28 garantin
312 269 77 20 endast
403 269 50 20 med
468 269 77 26 vilkor,
561 270 32 19 att
608 269 64 21 äfven
692 269 26 20 de
735 261 54 28 min-

42 303 37 20 dre
94 303 132 21 hemmanen
241 303 58 27 finge
314 303 7 20 i
337 303 130 27 föreningen
483 303 92 21 inträda.

111 337 157 21 Sekreteraren
291 337 107 26 erinrade,
421 339 32 19 att
473 337 133 28 pröfningen
618 336 28 22 af
663 337 77 28 frågan
756 343 34 15 om

41 371 125 28 beviljande
190 372 23 20 af
234 371 127 24 förberörda
383 371 85 28 garanti
490 371 49 21 icke
559 371 96 21 berodde
671 373 84 19 ensamt
771 371 24 21 af

41 405 171 22 bondeståndets
227 405 73 22 beslut
316 405 81 27 derom,
413 407 52 20 utan
481 405 123 22 tillkomme
622 406 117 21 ständerne
755 412 36 22 ge-

42 442 114 20 mensamt.

110 475 224 29 Landtdagsmannen
349 474 92 22 Klami
457 475 125 28 upprepade
598 475 38 21 sitt
654 475 138 22 förestäende

43 509 107 29 yrkande;
171 517 50 14 men
241 510 123 27 petitionen
384 509 152 22 remitterades
551 509 69 29 enligt
635 510 105 21 flertalets
755 510 37 21 be-

44 544 43 21 slut
102 544 34 21 till
152 544 96 21 ständets
264 544 100 21 enskilda
379 544 180 21 besvärsutskott.

112 611 82 23 Vidare
210 613 112 28 föredrogs
337 612 211 29 landtdagsmannen
563 612 102 22 Arvelins
675 612 120 29 bordlagda

44 647 194 30 petitionsförslag,
246 647 113 28 angäende
371 647 131 29 ändringar
492 643 11 38 i
512 647 163 28 förvaltningen
683 647 24 22 af
715 648 78 21 krono-

46 683 117 28 skogarne;
179 682 110 21 hvarefter

114 717 222 28 Landtdagsmannen
357 711 119 34 Östring
494 717 97 28 yttrade,
612 719 31 19 att
665 717 43 22 den
728 717 67 22 skada

46 752 180 27 kronoskogarna
239 751 140 29 tillskyndats
397 759 79 20 genom
494 752 37 21 det
546 752 72 27 gamla
632 753 115 26 systemet,
763 754 33 19 att

46 787 64 20 locka
124 786 47 21 folk
186 787 32 20 att
232 787 86 20 bosätta
334 786 33 27 sig
382 786 58 21 inom
457 786 59 27 dem,
526 793 39 14 var
581 786 23 21 sä
614 786 91 27 bekant,
716 788 33 19 att
759 786 37 21 det

46 828 52 14 vore
121 821 139 28 öfverflödigt
280 820 141 29 vidlyftigare
437 821 52 21 orda
503 821 85 27 derom;
604 821 40 21 och
660 827 46 15 som
722 821 37 21 det
774 821 21 28 ej

46 856 70 21 heller
134 862 52 14 vore
208 855 51 21 med
279 856 83 20 statens
381 855 71 24 fördel
473 855 75 28 enligt,
564 856 33 20 att
616 855 180 28 kronoskogarna

47 890 100 28 upplätes
162 889 23 21 ät
200 889 26 21 de
242 890 59 20 inom
316 889 49 21 dem
381 889 86 22 bosatte
482 896 105 21 personer
605 890 54 21 eller
673 889 123 22 fördelades

48 925 28 27 pä
101 924 134 28 närbelägna
261 924 112 27 hemman,
397 924 67 28 ansäg
489 924 85 21 talaren
599 924 122 28 petitionen
743 924 54 21 böra

48 959 116 20 förkastas.

116 993 223 28 Landtdagsmannen
361 992 93 22 Klami
476 993 52 22 fann
548 993 36 22 väl
607 993 143 28 obestridligt,
767 995 31 20 att

48 1028 42 21 den
106 1028 7 21 i
130 1027 180 33 kronoskogarna
324 1027 87 21 bosatta
425 1027 129 28 befolkning
569 1028 59 28 gjort
643 1028 68 21 skada
721 1028 13 21 å
749 1029 49 20 sko-

49 1069 52 21 gen,
125 1062 111 21 äfvensom
261 1055 101 35 Östrings
385 1062 96 28 yrkande
504 1062 93 21 rörande
620 1062 42 21 den
682 1062 48 21 icke
745 1062 53 21 böra

48 1096 84 21 lemnas
148 1098 52 19 utan
216 1096 114 27 afseende;
346 1103 50 14 men
412 1104 46 13 som
474 1096 26 21 de
519 1096 112 21 derstädes
649 1096 86 22 bosatte
750 1103 49 21 per-

49 1137 65 15 soner
128 1130 69 21 hörde
214 1130 32 21 till
262 1137 84 14 samma
360 1130 56 27 folk,
433 1137 45 15 som
493 1130 106 22 Finlands
620 1130 71 29 öfriga
710 1131 89 21 innevå-

49 1171 62 20 nare,
127 1165 83 21 således
225 1171 53 15 voro
294 1165 53 21 våra
361 1165 80 21 bröder
455 1165 40 21 och
511 1167 88 26 systrar,
610 1165 41 21 och
662 1165 62 22 deras
740 1165 59 22 ställ-

50 1200 53 27 ning
118 1206 51 15 vore
183 1199 7 20 i
206 1200 23 20 så
251 1199 81 28 många
355 1199 118 21 afseenden
496 1199 183 28 beklagansvärd,
703 1201 32 20 att
757 1199 42 22 den

50 1234 70 21 måste
135 1234 118 27 behjertas,
268 1235 56 19 samt
345 1233 25 21 de
387 1233 110 21 dessutom
512 1241 80 21 genom
607 1234 97 27 utsigten
719 1235 32 20 att
767 1240 32 15 er-

50 1268 59 20 hålla
129 1268 116 27 nybyggen
265 1267 73 22 blifvit
356 1267 90 22 lockade
462 1269 32 20 att
508 1268 87 21 bosätta
610 1268 34 27 sig
658 1268 9 20 i
680 1268 120 21 kronosko-

51 1309 53 20 gen,
120 1302 68 28 ansåg
203 1303 85 25 talaren
304 1301 33 28 sig
351 1302 54 21 böra
420 1302 142 28 understödja
579 1303 104 20 Arvelins
697 1302 104 28 petition;

52 1336 40 20 och
112 1343 46 13 som
179 1336 63 20 deras
262 1335 100 21 framfart
377 1336 7 19 i
400 1336 83 27 skogen
503 1338 56 19 samt
574 1336 123 27 liknöjdhet
712 1337 35 20 för
761 1337 42 20 allt

52 1369 195 21 framåtskridande
270 1369 56 21 hade
349 1370 33 20 sin
405 1370 64 21 orsak
484 1370 7 20 i
507 1370 62 21 deras
592 1369 78 22 osäkra
686 1370 114 28 ställning,

52 1403 76 22 trodde
143 1403 94 28 talaren,
259 1403 129 28 öfvertygad
408 1405 32 19 att
458 1403 94 28 ändring
567 1404 46 21 deri
630 1405 39 20 och
685 1405 64 21 säker
764 1405 37 21 be-

53 1439 93 28 sittning
167 1438 24 21 af
208 1438 50 29 jord
278 1438 71 22 skulle
364 1439 53 28 göra
432 1439 50 22 dem
497 1445 61 15 mera
572 1439 174 22 omtänksamma
761 1440 40 21 och
