973 1709
216 129 41 21 336
499 136 38 16 Den
550 136 18 16 11
583 135 36 17 dec.

187 194 37 20 vill
242 194 40 27 jag
301 194 8 20 i
328 194 88 20 korthet
435 189 76 26 endast
530 195 53 27 hysa
604 194 35 20 det
659 194 70 28 hopp,
746 194 32 20 att
792 193 60 21 mina
868 192 63 22 ärade

187 228 154 21 ståndsbröder
357 228 51 21 ville
424 228 96 21 förkasta
535 229 42 20 den
591 228 80 28 nådiga
684 228 165 28 propositionen
864 228 8 20 i
888 229 44 19 äm-

186 264 38 19 net
247 262 39 21 och
309 263 43 20 låta
375 262 369 29 husbehofs-bränvinsbränningen
770 262 102 21 förblifva
897 261 36 21 vid

187 297 35 20 det
237 297 65 21 förra.

254 331 221 28 Landtdagsmannen
498 326 111 33 Östring
633 332 100 25 anförde,
757 333 31 20 att
804 331 129 28 propositio-

187 373 42 14 nen
245 367 91 27 utginge
352 366 47 21 från
415 367 41 20 den
472 367 164 27 förutsättning,
652 369 31 18 att
698 367 91 28 begäret
804 367 56 20 efter
870 367 63 20 brän-

186 401 36 21 vin
241 408 51 14 vore
311 401 7 20 i
335 401 127 28 tilltagande
478 402 7 19 i
500 401 74 21 landet
589 403 55 19 samt
660 403 31 19 att
707 401 72 28 fylleri
794 401 40 22 och
849 401 38 20 råa
901 407 33 14 se-

186 435 38 21 der
244 436 24 20 af
285 435 156 28 befolkningen
460 435 48 21 med
529 436 132 28 likgiltighet
679 436 119 27 fördrages.
829 436 105 21 Talarens

187 469 124 22 erfarenhet
327 477 33 13 om
377 477 45 14 mer
438 472 27 19 än
480 470 83 21 hälften
579 470 23 21 af
615 470 85 27 landet,
720 477 47 14 som
782 471 84 20 talaren
881 470 53 20 kän-

187 505 35 26 de,
239 511 50 15 vore
306 504 54 21 dock
375 505 89 20 alldeles
480 507 95 19 motsatt.
605 505 154 27 Fyllerilasten
774 512 51 14 vore
836 505 98 28 tydligen

186 540 7 20 i
209 539 116 29 aftagande
346 540 39 20 och
406 540 42 20 den
466 539 73 29 rusige
555 539 92 28 skyddes
663 540 24 21 af
699 539 164 29 befolkningen.
894 539 39 21 Or-

187 574 66 21 saken
269 574 74 21 härtill
358 574 48 28 läge
423 575 33 20 till
471 575 71 28 nägon
559 575 34 20 deli
621 574 111 28 tillfälliga
743 574 191 28 omständigheter,

187 609 71 22 såsom
278 609 125 21 bränvinets
423 609 78 28 dyrhet
521 610 40 21 och
575 609 84 22 mindre
675 609 93 28 tillgång
784 609 78 28 derpä,
884 616 50 14 men

186 644 183 27 hufvudsakligen
384 644 33 21 uti
432 643 41 21 den
489 645 67 27 högre
571 644 108 28 bildning,
696 651 46 14 som
752 644 136 21 framkallats
898 651 36 21 ge-

187 685 50 15 nom
254 678 64 21 ökadt
334 679 106 20 välständ.
469 678 49 22 Den
529 679 137 27 välmäende,
683 686 46 13 som
740 679 60 28 njöte
811 679 72 20 bättre
894 679 40 20 och

188 713 118 28 kraftigare
321 713 60 27 föda,
396 713 69 21 kände
480 714 49 21 icke
545 713 76 22 sädant
636 714 68 21 behof
715 713 24 21 af
748 714 124 28 spirituosa,
888 721 46 14 som

188 749 52 26 den,
263 748 89 21 hvilken
372 748 57 21 lefde
445 748 23 21 af
482 750 69 19 sämre
566 749 59 26 kost,
649 749 40 20 och
703 749 28 27 pä
748 749 41 20 den
805 749 58 20 förre
879 748 55 22 utöf-

187 783 55 22 vade
263 783 137 28 spridrycker
421 783 20 28 ej
457 783 68 21 heller
541 785 32 19 ett
587 784 24 21 sä
626 783 94 28 skadligt
735 783 130 28 inflytande,
888 790 46 14 som

186 819 28 27 pä
229 818 41 21 den
286 818 96 21 sednare.
413 818 158 21 Erfarenheten
587 819 47 20 från
650 818 99 21 utlandet
762 818 74 22 visade
852 818 41 21 ock
903 819 32 20 att

188 853 36 27 de,
248 861 45 13 som
312 853 58 21 lefde
391 853 24 21 af
430 853 41 21 den
488 855 79 19 sämsta
581 853 60 28 föda,
666 861 51 13 voro
733 855 56 20 mest
804 853 88 28 begifna
906 853 28 29 på

188 888 78 29 fylleri.
296 887 38 22 Ett
345 890 69 19 större
424 889 100 20 välstånd
534 888 55 21 hade
601 889 40 20 ock
651 888 40 21 hos
703 888 156 28 befolkningen
870 889 64 20 fram-

188 923 67 21 kallat
278 923 52 20 flere
353 923 67 21 andra
442 923 111 27 behofver,
575 924 28 27 på
626 923 84 21 hvilkas
733 923 201 21 tillfredsställande

188 965 50 14 man
254 965 30 13 nu
299 960 55 19 satte
369 958 88 27 mycket
472 960 69 19 större
556 958 65 21 värde
637 960 27 19 än
680 959 28 27 på
723 960 31 19 ett
764 958 52 27 godt
826 965 44 14 rus.
892 958 42 21 Fö-

188 993 118 20 renämnda
326 992 70 21 såsom
418 992 61 28 sagdt
498 993 93 28 oriktiga
610 992 157 29 förutsättning
780 992 56 22 hade
851 993 84 21 utöfvat

188 1029 32 19 ett
235 1027 91 28 menligt
341 1027 118 28 inflytande
474 1027 28 28 på
518 1027 36 21 det
569 1027 7 21 i
591 1027 164 28 propositionen
766 1027 111 28 förslagna
888 1027 47 21 ord-

187 1062 81 21 nandet
278 1062 24 21 af
311 1062 273 28 bränvinstillverkningen
600 1062 39 21 och
655 1062 159 27 försäljningen
829 1063 7 20 i
852 1062 80 27 landet,

188 1097 40 20 och
242 1097 46 20 ledt
304 1097 80 26 dertill,
406 1099 32 18 att
458 1097 24 20 af
499 1097 274 27 bränvinstillverkningen
788 1097 13 20 å
816 1103 42 14 ena
873 1096 61 21 sidan

188 1130 87 28 gjordes
298 1132 32 19 ett
351 1131 49 27 nytt
422 1131 112 27 monopol,
557 1131 39 20 och
619 1130 161 29 lönnbränning
803 1131 40 21 och
862 1131 72 20 luren-

189 1165 80 28 drejeri
284 1165 28 28 på
327 1165 41 20 den
384 1165 67 21 andra
466 1165 61 21 sidan
543 1172 79 21 genom
637 1165 147 21 öfverdrifven
800 1165 68 27 skatt,
889 1171 45 15 som

188 1200 120 27 uppdrifvit
317 1199 178 28 bränvinspriset,
507 1199 134 22 framkallats
653 1200 40 21 och
703 1201 159 26 uppmuntrats.
882 1199 52 22 Pro-

189 1235 133 26 positionen,
338 1241 46 14 som
400 1234 91 21 sålunda
505 1241 52 14 vore
572 1234 58 27 bygd
651 1235 29 27 på
695 1234 94 27 oriktiga
811 1234 123 27 premisser,

188 1267 56 21 hade
264 1267 86 20 derföre
370 1267 48 21 icke
438 1267 91 27 utsigter
549 1268 31 19 att
600 1267 27 27 gå
647 1267 95 28 igenom.
772 1268 94 20 Talaren
884 1267 51 21 ville

189 1301 48 21 icke
252 1301 68 20 inläta
336 1301 32 28 sig
383 1301 7 20 i
406 1301 163 28 undersökning
584 1308 35 13 om
635 1301 36 21 det
686 1303 57 18 rätta
758 1301 54 21 eller
823 1303 70 19 orätta
903 1301 32 21 uti

190 1337 31 20 att
240 1336 70 21 tilläta
328 1335 141 28 tillverkning
484 1336 24 21 af
521 1335 101 30 bränvin,
645 1342 50 15 men
711 1343 47 14 som
774 1336 36 21 det
825 1336 110 21 tillverka-

190 1371 37 22 des
242 1371 32 20 uti
289 1370 43 21 alla
346 1370 94 21 Finland
456 1370 139 29 omgifvande
612 1370 83 28 länder,
718 1371 67 28 ansäg
800 1371 84 21 talaren
900 1371 36 21 det

189 1405 53 23 böra
258 1405 112 22 tillverkas
385 1405 64 22 äfven
463 1405 46 22 här,
539 1405 180 29 Tillverkningen
735 1405 66 22 borde
816 1405 67 22 likväl
898 1407 38 27 gö-

190 1448 34 15 ras
240 1441 33 21 till
287 1448 27 14 en
330 1440 77 29 näring
422 1442 68 27 samt,
506 1440 33 22 till
550 1440 137 23 undvikande
699 1440 63 23 deraf
770 1442 32 21 att
812 1440 42 22 den
866 1440 70 23 blefve
