973 1706
362 132 36 15 Den
411 132 10 15 4
434 131 35 17 dec.
724 126 40 20 303

114 190 218 29 Landtdagsmännen
344 190 93 22 Uotila
447 191 40 20 och
497 191 178 28 Pohjalainen
686 192 106 22 förmälde

45 226 33 27 sig
94 233 50 13 vara
158 233 52 13 ense
226 225 50 22 med
290 226 80 26 Klami,
385 226 146 28 Pohjalainen
543 226 49 20 med
602 226 78 28 tillägg
690 228 32 20 att
732 228 60 20 åver-

44 260 67 21 karen
131 260 77 27 borde,
226 261 7 20 i
252 260 54 22 brist
320 260 23 20 af
356 260 93 28 tillgång
464 262 32 19 att
510 260 64 28 gälda
589 261 27 21 de
639 262 153 27 ersättningar,

45 295 79 21 honom
144 295 74 21 kunna
237 294 123 28 åhvälfvas,
382 294 83 28 aftjena
480 295 110 21 desamma
605 296 50 20 med
670 296 74 20 arbete
759 297 33 20 till

44 330 104 28 antingen
164 329 155 29 målseganden
335 330 52 20 eller
402 330 91 20 kronan.

112 363 222 29 Landtdagsmannen
356 364 131 20 Puhakka
509 364 113 21 anmärkte
645 366 32 19 att
699 364 27 21 de
746 372 46 15 som

45 398 76 21 öfvade
142 398 95 21 åverkan
258 398 73 21 kunde
350 398 70 21 kallas
441 398 135 21 civiliserade
591 398 88 28 tjufvar,
702 400 91 20 emedan

44 432 73 21 dertill
133 432 113 22 fordrades
262 434 70 19 större
346 432 166 28 förberedelser,
528 434 28 19 än
571 433 102 27 vanligen
689 433 34 21 till
736 434 57 21 hvad

46 474 45 14 som
107 474 29 14 nu
152 467 134 21 benämndes
306 466 66 27 stöld,
393 467 40 20 och
445 467 83 27 jemväl
544 467 46 21 ofta
604 467 90 28 begicks
708 468 24 20 af
745 475 48 21 per-

45 509 71 19 soner,
132 509 45 13 som
194 501 34 21 till
244 501 47 21 sina
307 500 235 28 förmögenhetsvilkor
555 501 40 21 och
606 502 104 28 ställning
720 502 8 20 i
738 510 56 13 sam-

45 536 68 21 hället
134 542 51 15 voro
207 535 61 21 öfver
287 536 27 20 de
328 536 88 27 vanliga
432 535 117 29 tjufvarne.
578 536 72 20 Bland
665 536 59 28 dem,
748 544 45 14 som

45 578 29 14 nu
88 570 109 21 användes
218 570 70 21 såsom
308 570 93 26 faddrar,
424 576 52 16 voro
497 570 45 21 ofta
562 570 81 22 sådana
658 571 136 21 civiliserade

46 605 87 28 tjufvar.
163 605 51 21 Men
236 611 46 14 som
302 604 50 21 dem
371 605 117 28 rätteligen
508 604 48 21 icke
577 604 67 22 borde
664 606 71 27 gifvas
750 606 44 21 för-

46 639 100 21 troendet
168 641 32 19 att
222 645 52 15 vara
289 638 93 27 faddrar,
405 640 68 27 ansåg
488 639 85 21 talaren
592 639 40 21 ock
648 639 69 22 Ketos
732 641 62 21 deråt

45 674 100 28 syftande
161 673 145 27 anmärkning
321 672 48 22 icke
385 672 95 29 förtjena
496 673 109 21 afseende.

113 708 105 20 Härefter
233 706 146 22 framställdes
395 707 97 28 följande
507 708 257 28 voteringsproposition:

113 741 50 21 Den
185 749 44 13 som
251 742 38 20 vill
309 743 32 19 att
360 741 166 27 ifrågavarande
550 742 188 29 petitionsförslag
761 750 33 14 re-

45 777 99 20 mitteras
158 776 34 20 till
207 776 96 21 ståndets
314 776 94 20 enskilta
425 776 183 27 besvärsutskott,
624 784 73 14 svarar
705 778 35 27 ja,
751 778 42 21 den

46 811 36 21 det
96 810 49 22 icke
161 810 48 28 vill,
225 817 74 15 svarar
314 811 44 27 nej.
388 810 85 22 Vinner
488 810 36 28 nej
541 818 63 14 anses
615 811 105 29 förslaget
729 812 65 22 hafva

45 845 99 22 förfallit.

113 880 45 21 Vid
178 880 54 21 härå
251 880 93 20 anställd
364 880 99 28 votering
483 879 50 22 med
553 880 72 21 slutna
645 880 71 21 sedlar
732 881 62 21 utföll

46 914 165 28 omröstningen
231 914 50 21 med
302 914 26 20 29
345 914 24 28 ja
388 915 58 19 emot
463 915 27 20 10
504 914 47 28 nej;
574 914 6 21 i
597 914 54 28 följd
666 915 78 21 hvaraf
757 923 37 21 pe-

46 949 213 21 titionsmemorialet
273 948 151 21 remitterades
435 949 33 21 till
479 948 97 22 ståndets
587 949 93 21 enskilta
697 950 97 21 besvärs-

47 984 89 21 utskott.
418 1013 3 2 -

115 1052 176 21 Sammanträdet
307 1052 102 20 slutades.

579 1087 19 16 In
612 1087 58 17 fidem:

510 1120 18 19 A.
541 1121 18 19 6.
571 1120 154 21 Westerlund.

224 1230 48 22 Den
287 1231 14 21 8
316 1230 109 27 december,
441 1229 90 22 klockan
546 1231 26 21 11
584 1230 50 29 före
650 1231 116 29 middagen.

115 1293 137 22 Protokollet
268 1293 72 21 fördes
356 1293 23 20 af
393 1293 171 27 undertecknad,
580 1293 186 22 hofrättsnotarie.

116 1361 128 21 Justerades
259 1361 138 27 protokollen
413 1361 33 20 för
460 1361 42 20 den
518 1361 27 20 24
558 1361 40 20 och
613 1361 25 20 27
650 1361 145 27 nyssförlidne

48 1395 124 22 november.
