978 1709
210 128 42 22 224
498 135 36 16 Den
548 135 20 15 17
582 139 37 12 nov.

184 194 38 28 gaf
234 194 32 20 att
281 190 151 31 ridderskapet
448 193 39 21 och
503 193 63 21 adeln
582 192 80 22 bifallit
677 192 106 29 förslaget
797 193 34 21 till
844 194 88 21 addres-

184 235 34 14 ser
233 228 34 20 till
282 227 120 29 Rysslands
419 228 40 20 och
469 227 102 28 Sveriges
581 227 47 21 folk
638 229 56 19 samt
708 228 98 26 beslutit,
822 229 33 20 att
865 228 67 28 sagde

183 263 113 21 addresser
312 262 71 21 skulle
398 262 86 21 dateras
500 262 12 21 å
526 261 74 30 denna
613 262 48 28 dag.

251 297 163 28 Deputationen
437 296 108 27 afträdde,
569 297 56 21 efter
644 296 37 21 det
701 297 140 21 talemannen
859 297 73 22 tackat

183 332 133 21 densamma.

250 401 123 21 Fortsattes
395 400 152 22 diskussionen
570 408 34 13 om
625 400 154 29 lagutskottets
793 400 139 22 betänkande

183 443 35 14 n:o
234 436 19 21 2.

251 468 222 30 Landtdagsmannen
485 470 106 21 Brusila
602 470 125 21 förklarade
741 471 38 27 sig
789 471 34 21 till
838 471 43 21 alla
896 471 36 20 de-

184 506 32 20 lar
231 505 75 21 bifalla
321 505 156 28 lagutskottets
492 504 144 22 betänkande.

251 539 222 28 Landtdagsmannen
494 538 114 26 Simolin
628 538 114 29 godkände
764 538 168 23 hofrättssekre-

184 577 86 19 teraren
286 574 107 21 Aminoffs
409 575 134 20 reservation
560 574 39 21 och
614 574 139 27 hemställde,
767 574 107 22 huruvida
884 574 48 23 icke

183 609 114 28 angäende
315 608 147 21 kostnaderna
480 608 73 22 kunde
572 608 24 21 sä
615 608 133 25 bestämmas
767 616 45 14 som
831 609 102 28 Hagman

185 644 49 21 med
249 644 53 21 flere
318 643 120 28 föreslagit.

251 677 224 29 Landtdagsmannen
493 677 138 22 Pelkonen
650 677 81 29 gillade
753 678 8 21 i
783 678 150 21 hufvudsaken

184 712 154 29 lagutskottets
352 711 139 22 betänkande
507 712 40 21 och
563 712 68 27 ansåg
646 712 36 21 det
697 711 68 22 redan
780 712 86 21 derföre
882 713 53 21 böra

184 749 100 27 antagas,
307 748 32 19 att
359 746 153 28 skyldigheten
534 748 32 19 att
586 746 39 21 hos
645 746 83 21 hofrätt
743 746 83 21 ansöka
841 753 35 15 om
891 747 43 21 till-

184 782 63 21 stånd
269 782 35 20 för
326 781 139 27 urtimatings
488 780 101 22 hållande
612 788 79 20 genom
717 780 121 22 detsamma
863 782 72 21 blifvit

184 816 132 28 upphäfven.
346 816 94 20 Talaren
461 816 77 20 delade
558 815 42 21 den
620 816 66 27 äsigt,
709 818 32 18 att
760 816 103 21 domaren
879 816 55 28 egde

185 851 55 21 efter
262 850 104 29 pröfning
389 850 99 21 ädömma
511 850 41 21 den
573 850 109 29 tappande
702 852 77 26 parten
798 851 136 28 rättegängs-

184 885 157 28 kostnaderna;
356 891 50 15 men
421 885 51 21 ville
488 885 76 21 härom
574 885 48 20 icke
633 885 74 21 vidare
718 885 62 27 orda,
796 885 138 22 alldenstund

184 921 77 27 frägan
281 927 34 14 om
335 919 148 22 kostnaderna
503 919 116 22 förklarats
635 919 48 21 icke
699 920 171 28 sammanhänga
884 920 50 21 med

185 954 78 29 sjelfva
278 954 227 33 propositionen.

253 988 222 28 Landtdagsmannen
491 988 114 28 Ostring
619 988 135 26 förklarade,
770 990 31 19 att
812 988 36 21 det
858 989 24 20 af
891 989 43 21 för-

185 1023 43 28 rigt
246 1023 84 21 funnits
350 1023 128 28 tillräckligt
497 1022 134 29 stadganden
647 1029 36 15 om
698 1022 100 21 domares
818 1023 116 28 &liggande

184 1059 32 20 att
234 1057 37 22 vid
288 1058 128 28 urtimating
435 1057 99 28 företaga
553 1057 42 22 alla
615 1057 101 21 anmälda
736 1057 44 21 mäl
795 1058 40 21 och
850 1058 85 21 fördela

185 1092 147 22 kostnaderna
348 1093 48 20 dem
414 1093 100 20 emellan.
544 1091 117 28 Uttrycket
677 1099 62 20 ,eger
753 1094 77 25 genast
841 1094 93 19 utsätta*

185 1127 32 20 uti
232 1126 149 22 betänkandet
396 1127 68 27 ansäg
474 1127 84 20 talaren
569 1126 75 21 bevisa
655 1127 32 20 att
697 1126 101 21 Arvelins
810 1126 124 28 föreslagna

185 1161 77 28 tillägg
281 1167 52 14 vore
354 1161 98 28 onödigt.
481 1161 87 28 Frägan
584 1167 35 14 om
634 1160 148 21 kostnaderna
797 1161 69 28 ansäg
880 1161 54 20 tala-

185 1202 38 14 ren
239 1195 49 22 icke
303 1195 53 20 böra
372 1195 113 21 föranleda
500 1195 263 28 meningsskiljaktighet,
779 1195 91 21 emedan
885 1195 49 21 huf-

185 1229 114 22 vudsaket
310 1229 69 22 borde
394 1237 62 19 vara,
474 1231 32 19 att
520 1229 54 22 flera
588 1231 73 26 parter
677 1236 30 14 nu
721 1229 73 22 kunde
809 1229 77 21 förena
900 1230 34 28 sig

185 1265 32 18 att
239 1263 144 22 tillsammans
411 1263 80 27 begära
513 1263 134 27 urtimating.
684 1263 81 20 Derest
786 1263 148 21 kostnaderna

186 1297 86 21 komme
287 1298 33 20 att
335 1297 111 21 ähvälfvas
462 1297 42 21 den
519 1296 108 29 tappande
642 1298 89 27 parten,
747 1297 24 21 sä
783 1297 72 21 blefve
866 1298 68 26 deraf,

185 1332 69 28 enligt
274 1332 95 20 talarens
390 1332 66 27 äsigt,
479 1331 92 29 följden,
594 1332 32 20 att
645 1331 43 21 alla
708 1331 44 21 mäl
770 1332 70 20 skulle
855 1332 79 28 dragas

185 1366 33 21 till
238 1366 128 28 urtimating
387 1366 40 21 och
446 1366 84 21 mälens
550 1366 59 20 antal
629 1366 36 21 vid
680 1365 49 21 dem
745 1366 24 20 sä
783 1366 97 28 styrkas,
902 1368 32 20 att

185 1400 117 22 domarene
324 1400 157 28 öfverhopades
500 1400 51 22 med
570 1400 81 21 arbete.
681 1400 34 21 En
735 1400 87 29 illvillig
837 1400 96 22 kärande

186 1437 49 27 part
254 1434 73 22 kunde
347 1435 119 28 nämligen,
490 1436 34 20 för
544 1436 31 20 att
591 1435 67 21 skada
673 1435 33 21 sin
723 1436 104 27 motpart,
850 1436 33 21 till
899 1443 34 14 ur-
