<?xml version="1.0" encoding="UTF-8"?>
<alto xmlns="http://www.loc.gov/standards/alto/ns-v3#" xmlns:xlink="http://www.w3.org/1999/xlink" xmlns:xsi="http://www.w3.org/2001/XMLSchema-instance" xsi:schemaLocation="http://www.loc.gov/standards/alto/ns-v3# http://www.loc.gov/alto/v3/alto-3-0.xsd">
	<Description>
		<MeasurementUnit>pixel</MeasurementUnit>
		<sourceImageInformation>
			<fileName>/tmp/tess_pkpkwuut_input.PNG</fileName>
		</sourceImageInformation>
		<OCRProcessing ID="OCR_0">
			<ocrProcessingStep>
				<processingSoftware>
					<softwareName>tesseract 5.3.4</softwareName>
				</processingSoftware>
			</ocrProcessingStep>
		</OCRProcessing>
	</Description>
	<Layout>
		<Page WIDTH="964" HEIGHT="1703" PHYSICAL_IMG_NR="0" ID="page_0">
			<PrintSpace HPOS="0" VPOS="0" WIDTH="964" HEIGHT="1703">
				<ComposedBlock ID="cblock_0" HPOS="213" VPOS="135" WIDTH="405" HEIGHT="23">
					<TextBlock ID="block_0" HPOS="213" VPOS="135" WIDTH="405" HEIGHT="23">
						<TextLine ID="line_0" HPOS="213" VPOS="135" WIDTH="405" HEIGHT="23">
							<String ID="string_0" HPOS="213" VPOS="135" WIDTH="27" HEIGHT="20" WC="0.96" CONTENT="88"/><SP WIDTH="259" VPOS="135" HPOS="240"/>
							<String ID="string_1" HPOS="499" VPOS="142" WIDTH="36" HEIGHT="15" WC="0.96" CONTENT="Den"/><SP WIDTH="14" VPOS="142" HPOS="535"/>
							<String ID="string_2" HPOS="549" VPOS="141" WIDTH="22" HEIGHT="17" WC="0.95" CONTENT="14"/><SP WIDTH="12" VPOS="141" HPOS="571"/>
							<String ID="string_3" HPOS="583" VPOS="141" WIDTH="35" HEIGHT="17" WC="0.95" CONTENT="okt."/>
						</TextLine>
					</TextBlock>
				</ComposedBlock>
				<ComposedBlock ID="cblock_1" HPOS="186" VPOS="199" WIDTH="751" HEIGHT="575">
					<TextBlock ID="block_1" HPOS="186" VPOS="199" WIDTH="748" HEIGHT="96">
						<TextLine ID="line_1" HPOS="186" VPOS="199" WIDTH="747" HEIGHT="28">
							<String ID="string_4" HPOS="186" VPOS="201" WIDTH="32" HEIGHT="18" WC="0.96" CONTENT="att"/><SP WIDTH="20" VPOS="201" HPOS="218"/>
							<String ID="string_5" HPOS="238" VPOS="199" WIDTH="31" HEIGHT="26" WC="0.95" CONTENT="vi,"/><SP WIDTH="21" VPOS="199" HPOS="269"/>
							<String ID="string_6" HPOS="290" VPOS="200" WIDTH="97" HEIGHT="20" WC="0.93" CONTENT="särdeles"/><SP WIDTH="12" VPOS="200" HPOS="387"/>
							<String ID="string_7" HPOS="399" VPOS="199" WIDTH="174" HEIGHT="28" WC="0.90" CONTENT="jordbrukarene"/><SP WIDTH="16" VPOS="199" HPOS="573"/>
							<String ID="string_8" HPOS="589" VPOS="200" WIDTH="41" HEIGHT="20" WC="0.96" CONTENT="och"/><SP WIDTH="14" VPOS="200" HPOS="630"/>
							<String ID="string_9" HPOS="644" VPOS="199" WIDTH="38" HEIGHT="21" WC="0.95" CONTENT="det"/><SP WIDTH="15" VPOS="199" HPOS="682"/>
							<String ID="string_10" HPOS="697" VPOS="199" WIDTH="79" HEIGHT="28" WC="0.95" CONTENT="fattiga"/><SP WIDTH="15" VPOS="199" HPOS="776"/>
							<String ID="string_11" HPOS="791" VPOS="200" WIDTH="80" HEIGHT="27" WC="0.96" CONTENT="folket,"/><SP WIDTH="17" VPOS="200" HPOS="871"/>
							<String ID="string_12" HPOS="888" VPOS="207" WIDTH="45" HEIGHT="14" WC="0.96" CONTENT="som"/>
						</TextLine>
						<TextLine ID="line_2" HPOS="186" VPOS="233" WIDTH="748" HEIGHT="28">
							<String ID="string_13" HPOS="186" VPOS="233" WIDTH="60" HEIGHT="20" WC="0.96" CONTENT="förut"/><SP WIDTH="14" VPOS="233" HPOS="246"/>
							<String ID="string_14" HPOS="260" VPOS="233" WIDTH="29" HEIGHT="20" WC="0.96" CONTENT="ha"/><SP WIDTH="16" VPOS="233" HPOS="289"/>
							<String ID="string_15" HPOS="305" VPOS="234" WIDTH="24" HEIGHT="20" WC="0.96" CONTENT="sä"/><SP WIDTH="15" VPOS="234" HPOS="329"/>
							<String ID="string_16" HPOS="344" VPOS="236" WIDTH="59" HEIGHT="18" WC="0.89" CONTENT="stora"/><SP WIDTH="21" VPOS="236" HPOS="403"/>
							<String ID="string_17" HPOS="424" VPOS="233" WIDTH="125" HEIGHT="28" WC="0.89" CONTENT="utskylder,"/><SP WIDTH="16" VPOS="233" HPOS="549"/>
							<String ID="string_18" HPOS="565" VPOS="234" WIDTH="49" HEIGHT="20" WC="0.96" CONTENT="icke"/><SP WIDTH="15" VPOS="234" HPOS="614"/>
							<String ID="string_19" HPOS="629" VPOS="233" WIDTH="55" HEIGHT="26" WC="0.96" CONTENT="tåla,"/><SP WIDTH="17" VPOS="233" HPOS="684"/>
							<String ID="string_20" HPOS="701" VPOS="234" WIDTH="54" HEIGHT="20" WC="0.96" CONTENT="eller"/><SP WIDTH="22" VPOS="234" HPOS="755"/>
							<String ID="string_21" HPOS="777" VPOS="233" WIDTH="70" HEIGHT="21" WC="0.92" CONTENT="förmå"/><SP WIDTH="23" VPOS="233" HPOS="847"/>
							<String ID="string_22" HPOS="870" VPOS="233" WIDTH="64" HEIGHT="28" WC="0.90" CONTENT="gälda"/>
						</TextLine>
						<TextLine ID="line_3" HPOS="187" VPOS="267" WIDTH="427" HEIGHT="28">
							<String ID="string_23" HPOS="187" VPOS="267" WIDTH="41" HEIGHT="21" WC="0.96" CONTENT="och"/><SP WIDTH="14" VPOS="267" HPOS="228"/>
							<String ID="string_24" HPOS="242" VPOS="267" WIDTH="73" HEIGHT="21" WC="0.96" CONTENT="betala"/><SP WIDTH="15" VPOS="267" HPOS="315"/>
							<String ID="string_25" HPOS="330" VPOS="268" WIDTH="72" HEIGHT="27" WC="0.93" CONTENT="någon"/><SP WIDTH="16" VPOS="268" HPOS="402"/>
							<String ID="string_26" HPOS="418" VPOS="267" WIDTH="196" HEIGHT="28" WC="0.91" CONTENT="skattetillökning."/>
						</TextLine>
					</TextBlock>
					<TextBlock ID="block_2" HPOS="186" VPOS="301" WIDTH="751" HEIGHT="233">
						<TextLine ID="line_4" HPOS="255" VPOS="301" WIDTH="680" HEIGHT="28">
							<String ID="string_27" HPOS="255" VPOS="301" WIDTH="50" HEIGHT="21" WC="0.93" CONTENT="Men"/><SP WIDTH="12" VPOS="301" HPOS="305"/>
							<String ID="string_28" HPOS="317" VPOS="301" WIDTH="99" HEIGHT="21" WC="0.92" CONTENT="deremot"/><SP WIDTH="14" VPOS="301" HPOS="416"/>
							<String ID="string_29" HPOS="430" VPOS="302" WIDTH="53" HEIGHT="20" WC="0.97" CONTENT="böra"/><SP WIDTH="16" VPOS="302" HPOS="483"/>
							<String ID="string_30" HPOS="499" VPOS="301" WIDTH="80" HEIGHT="21" WC="0.96" CONTENT="sådana"/><SP WIDTH="15" VPOS="301" HPOS="579"/>
							<String ID="string_31" HPOS="594" VPOS="301" WIDTH="132" HEIGHT="28" WC="0.95" CONTENT="egendomar"/><SP WIDTH="15" VPOS="301" HPOS="726"/>
							<String ID="string_32" HPOS="741" VPOS="301" WIDTH="41" HEIGHT="20" WC="0.96" CONTENT="och"/><SP WIDTH="14" VPOS="301" HPOS="782"/>
							<String ID="string_33" HPOS="796" VPOS="301" WIDTH="139" HEIGHT="28" WC="0.96" CONTENT="lägenheter,"/>
						</TextLine>
						<TextLine ID="line_5" HPOS="188" VPOS="335" WIDTH="747" HEIGHT="27">
							<String ID="string_34" HPOS="188" VPOS="342" WIDTH="45" HEIGHT="14" WC="0.96" CONTENT="som"/><SP WIDTH="16" VPOS="342" HPOS="233"/>
							<String ID="string_35" HPOS="249" VPOS="335" WIDTH="59" HEIGHT="20" WC="0.95" CONTENT="förut"/><SP WIDTH="15" VPOS="335" HPOS="308"/>
							<String ID="string_36" HPOS="323" VPOS="336" WIDTH="70" HEIGHT="26" WC="0.96" CONTENT="aldrig"/><SP WIDTH="15" VPOS="336" HPOS="393"/>
							<String ID="string_37" HPOS="408" VPOS="335" WIDTH="69" HEIGHT="21" WC="0.96" CONTENT="betalt"/><SP WIDTH="15" VPOS="335" HPOS="477"/>
							<String ID="string_38" HPOS="492" VPOS="335" WIDTH="64" HEIGHT="27" WC="0.96" CONTENT="skatt,"/><SP WIDTH="16" VPOS="335" HPOS="556"/>
							<String ID="string_39" HPOS="572" VPOS="336" WIDTH="71" HEIGHT="19" WC="0.86" CONTENT="såsom"/><SP WIDTH="19" VPOS="336" HPOS="643"/>
							<String ID="string_40" HPOS="662" VPOS="335" WIDTH="75" HEIGHT="20" WC="0.92" CONTENT="säteri-"/><SP WIDTH="16" VPOS="335" HPOS="737"/>
							<String ID="string_41" HPOS="753" VPOS="335" WIDTH="41" HEIGHT="20" WC="0.93" CONTENT="och"/><SP WIDTH="14" VPOS="335" HPOS="794"/>
							<String ID="string_42" HPOS="808" VPOS="335" WIDTH="127" HEIGHT="21" WC="0.91" CONTENT="frälsehem-"/>
						</TextLine>
						<TextLine ID="line_6" HPOS="187" VPOS="368" WIDTH="748" HEIGHT="28">
							<String ID="string_43" HPOS="187" VPOS="376" WIDTH="61" HEIGHT="20" WC="0.95" CONTENT="man,"/><SP WIDTH="24" VPOS="376" HPOS="248"/>
							<String ID="string_44" HPOS="272" VPOS="368" WIDTH="113" HEIGHT="22" WC="0.94" CONTENT="äfvensom"/><SP WIDTH="22" VPOS="368" HPOS="385"/>
							<String ID="string_45" HPOS="407" VPOS="369" WIDTH="43" HEIGHT="21" WC="0.92" CONTENT="alla"/><SP WIDTH="22" VPOS="369" HPOS="450"/>
							<String ID="string_46" HPOS="472" VPOS="369" WIDTH="97" HEIGHT="21" WC="0.96" CONTENT="fabriker"/><SP WIDTH="20" VPOS="369" HPOS="569"/>
							<String ID="string_47" HPOS="589" VPOS="369" WIDTH="41" HEIGHT="20" WC="0.93" CONTENT="och"/><SP WIDTH="20" VPOS="369" HPOS="630"/>
							<String ID="string_48" HPOS="650" VPOS="369" WIDTH="159" HEIGHT="27" WC="0.90" CONTENT="ölbryggerier,"/><SP WIDTH="16" VPOS="369" HPOS="809"/>
							<String ID="string_49" HPOS="825" VPOS="369" WIDTH="24" HEIGHT="20" WC="0.96" CONTENT="af"/><SP WIDTH="13" VPOS="369" HPOS="849"/>
							<String ID="string_50" HPOS="862" VPOS="369" WIDTH="73" HEIGHT="21" WC="0.95" CONTENT="hvilka"/>
						</TextLine>
						<TextLine ID="line_7" HPOS="186" VPOS="402" WIDTH="749" HEIGHT="28">
							<String ID="string_51" HPOS="186" VPOS="403" WIDTH="73" HEIGHT="21" WC="0.96" CONTENT="kunde"/><SP WIDTH="15" VPOS="403" HPOS="259"/>
							<String ID="string_52" HPOS="274" VPOS="403" WIDTH="108" HEIGHT="21" WC="0.96" CONTENT="beräknas"/><SP WIDTH="15" VPOS="403" HPOS="382"/>
							<String ID="string_53" HPOS="397" VPOS="404" WIDTH="67" HEIGHT="20" WC="0.93" CONTENT="minst"/><SP WIDTH="15" VPOS="404" HPOS="464"/>
							<String ID="string_54" HPOS="479" VPOS="403" WIDTH="79" HEIGHT="27" WC="0.92" CONTENT="fyratio"/><SP WIDTH="15" VPOS="403" HPOS="558"/>
							<String ID="string_55" HPOS="573" VPOS="403" WIDTH="67" HEIGHT="27" WC="0.92" CONTENT="penni"/><SP WIDTH="15" VPOS="403" HPOS="640"/>
							<String ID="string_56" HPOS="655" VPOS="403" WIDTH="34" HEIGHT="21" WC="0.93" CONTENT="för"/><SP WIDTH="15" VPOS="403" HPOS="689"/>
							<String ID="string_57" HPOS="704" VPOS="402" WIDTH="96" HEIGHT="26" WC="0.92" CONTENT="kannan,"/><SP WIDTH="13" VPOS="402" HPOS="800"/>
							<String ID="string_58" HPOS="813" VPOS="404" WIDTH="69" HEIGHT="26" WC="0.91" CONTENT="jemte"/><SP WIDTH="11" VPOS="404" HPOS="882"/>
							<String ID="string_59" HPOS="893" VPOS="405" WIDTH="42" HEIGHT="19" WC="0.91" CONTENT="stä-"/>
						</TextLine>
						<TextLine ID="line_8" HPOS="187" VPOS="437" WIDTH="748" HEIGHT="28">
							<String ID="string_60" HPOS="187" VPOS="437" WIDTH="78" HEIGHT="21" WC="0.88" CONTENT="dernas"/><SP WIDTH="11" VPOS="437" HPOS="265"/>
							<String ID="string_61" HPOS="276" VPOS="437" WIDTH="41" HEIGHT="21" WC="0.93" CONTENT="och"/><SP WIDTH="11" VPOS="437" HPOS="317"/>
							<String ID="string_62" HPOS="328" VPOS="437" WIDTH="143" HEIGHT="22" WC="0.91" CONTENT="landtmanna"/><SP WIDTH="11" VPOS="437" HPOS="471"/>
							<String ID="string_63" HPOS="482" VPOS="437" WIDTH="82" HEIGHT="28" WC="0.93" CONTENT="fartyg,"/><SP WIDTH="11" VPOS="437" HPOS="564"/>
							<String ID="string_64" HPOS="575" VPOS="437" WIDTH="101" HEIGHT="21" WC="0.90" CONTENT="handels-"/><SP WIDTH="11" VPOS="437" HPOS="676"/>
							<String ID="string_65" HPOS="687" VPOS="437" WIDTH="40" HEIGHT="21" WC="0.93" CONTENT="och"/><SP WIDTH="9" VPOS="437" HPOS="727"/>
							<String ID="string_66" HPOS="736" VPOS="437" WIDTH="142" HEIGHT="27" WC="0.90" CONTENT="embetsmän,"/><SP WIDTH="11" VPOS="437" HPOS="878"/>
							<String ID="string_67" HPOS="889" VPOS="444" WIDTH="46" HEIGHT="15" WC="0.96" CONTENT="som"/>
						</TextLine>
						<TextLine ID="line_9" HPOS="186" VPOS="472" WIDTH="751" HEIGHT="27">
							<String ID="string_68" HPOS="186" VPOS="472" WIDTH="67" HEIGHT="20" WC="0.96" CONTENT="hafva"/><SP WIDTH="20" VPOS="472" HPOS="253"/>
							<String ID="string_69" HPOS="273" VPOS="473" WIDTH="59" HEIGHT="19" WC="0.96" CONTENT="stora"/><SP WIDTH="17" VPOS="473" HPOS="332"/>
							<String ID="string_70" HPOS="349" VPOS="472" WIDTH="62" HEIGHT="20" WC="0.96" CONTENT="löner"/><SP WIDTH="16" VPOS="472" HPOS="411"/>
							<String ID="string_71" HPOS="427" VPOS="472" WIDTH="40" HEIGHT="20" WC="0.93" CONTENT="och"/><SP WIDTH="15" VPOS="472" HPOS="467"/>
							<String ID="string_72" HPOS="482" VPOS="472" WIDTH="190" HEIGHT="27" WC="0.90" CONTENT="taffelpenningar,"/><SP WIDTH="16" VPOS="472" HPOS="672"/>
							<String ID="string_73" HPOS="688" VPOS="472" WIDTH="74" HEIGHT="20" WC="0.96" CONTENT="kunna"/><SP WIDTH="14" VPOS="472" HPOS="762"/>
							<String ID="string_74" HPOS="776" VPOS="472" WIDTH="73" HEIGHT="20" WC="0.96" CONTENT="betala"/><SP WIDTH="16" VPOS="472" HPOS="849"/>
							<String ID="string_75" HPOS="865" VPOS="472" WIDTH="72" HEIGHT="21" WC="0.96" CONTENT="denna"/>
						</TextLine>
						<TextLine ID="line_10" HPOS="188" VPOS="505" WIDTH="748" HEIGHT="29">
							<String ID="string_76" HPOS="188" VPOS="506" WIDTH="64" HEIGHT="21" WC="0.95" CONTENT="skatt."/><SP WIDTH="23" VPOS="506" HPOS="252"/>
							<String ID="string_77" HPOS="275" VPOS="506" WIDTH="32" HEIGHT="20" WC="0.94" CONTENT="Af"/><SP WIDTH="13" VPOS="506" HPOS="307"/>
							<String ID="string_78" HPOS="320" VPOS="505" WIDTH="64" HEIGHT="21" WC="0.96" CONTENT="dessa"/><SP WIDTH="15" VPOS="505" HPOS="384"/>
							<String ID="string_79" HPOS="399" VPOS="506" WIDTH="70" HEIGHT="21" WC="0.96" CONTENT="skulle"/><SP WIDTH="15" VPOS="506" HPOS="469"/>
							<String ID="string_80" HPOS="484" VPOS="506" WIDTH="68" HEIGHT="21" WC="0.96" CONTENT="redan"/><SP WIDTH="19" VPOS="506" HPOS="552"/>
							<String ID="string_81" HPOS="571" VPOS="512" WIDTH="26" HEIGHT="14" WC="0.93" CONTENT="en"/><SP WIDTH="17" VPOS="512" HPOS="597"/>
							<String ID="string_82" HPOS="614" VPOS="506" WIDTH="112" HEIGHT="28" WC="0.91" CONTENT="temmelig"/><SP WIDTH="15" VPOS="506" HPOS="726"/>
							<String ID="string_83" HPOS="741" VPOS="513" WIDTH="84" HEIGHT="13" WC="0.94" CONTENT="summa"/><SP WIDTH="11" VPOS="513" HPOS="825"/>
							<String ID="string_84" HPOS="836" VPOS="506" WIDTH="100" HEIGHT="21" WC="0.96" CONTENT="erhållas."/>
						</TextLine>
					</TextBlock>
					<TextBlock ID="block_3" HPOS="186" VPOS="540" WIDTH="751" HEIGHT="165">
						<TextLine ID="line_11" HPOS="256" VPOS="540" WIDTH="681" HEIGHT="28">
							<String ID="string_85" HPOS="256" VPOS="541" WIDTH="117" HEIGHT="20" WC="0.96" CONTENT="Dessutom"/><SP WIDTH="16" VPOS="541" HPOS="373"/>
							<String ID="string_86" HPOS="389" VPOS="541" WIDTH="44" HEIGHT="20" WC="0.96" CONTENT="står"/><SP WIDTH="14" VPOS="541" HPOS="433"/>
							<String ID="string_87" HPOS="447" VPOS="541" WIDTH="48" HEIGHT="20" WC="0.96" CONTENT="vårt"/><SP WIDTH="12" VPOS="541" HPOS="495"/>
							<String ID="string_88" HPOS="507" VPOS="540" WIDTH="108" HEIGHT="28" WC="0.96" CONTENT="jordbruk"/><SP WIDTH="15" VPOS="540" HPOS="615"/>
							<String ID="string_89" HPOS="630" VPOS="542" WIDTH="58" HEIGHT="19" WC="0.96" CONTENT="ännu"/><SP WIDTH="14" VPOS="542" HPOS="688"/>
							<String ID="string_90" HPOS="702" VPOS="541" WIDTH="29" HEIGHT="27" WC="0.96" CONTENT="på"/><SP WIDTH="15" VPOS="541" HPOS="731"/>
							<String ID="string_91" HPOS="746" VPOS="540" WIDTH="58" HEIGHT="28" WC="0.96" CONTENT="dålig"/><SP WIDTH="15" VPOS="540" HPOS="804"/>
							<String ID="string_92" HPOS="819" VPOS="541" WIDTH="38" HEIGHT="20" WC="0.95" CONTENT="fot."/><SP WIDTH="35" VPOS="541" HPOS="857"/>
							<String ID="string_93" HPOS="892" VPOS="541" WIDTH="45" HEIGHT="20" WC="0.96" CONTENT="Det"/>
						</TextLine>
						<TextLine ID="line_12" HPOS="187" VPOS="575" WIDTH="748" HEIGHT="27">
							<String ID="string_94" HPOS="187" VPOS="575" WIDTH="67" HEIGHT="20" WC="0.96" CONTENT="borde"/><SP WIDTH="23" VPOS="575" HPOS="254"/>
							<String ID="string_95" HPOS="277" VPOS="575" WIDTH="55" HEIGHT="20" WC="0.93" CONTENT="först"/><SP WIDTH="22" VPOS="575" HPOS="332"/>
							<String ID="string_96" HPOS="354" VPOS="575" WIDTH="140" HEIGHT="27" WC="0.92" CONTENT="upphjelpas,"/><SP WIDTH="24" VPOS="575" HPOS="494"/>
							<String ID="string_97" HPOS="518" VPOS="575" WIDTH="39" HEIGHT="20" WC="0.96" CONTENT="och"/><SP WIDTH="23" VPOS="575" HPOS="557"/>
							<String ID="string_98" HPOS="580" VPOS="576" WIDTH="40" HEIGHT="18" WC="0.93" CONTENT="när"/><SP WIDTH="15" VPOS="576" HPOS="620"/>
							<String ID="string_99" HPOS="635" VPOS="575" WIDTH="77" HEIGHT="20" WC="0.96" CONTENT="sådant"/><SP WIDTH="16" VPOS="575" HPOS="712"/>
							<String ID="string_100" HPOS="728" VPOS="575" WIDTH="57" HEIGHT="20" WC="0.96" CONTENT="skett"/><SP WIDTH="16" VPOS="575" HPOS="785"/>
							<String ID="string_101" HPOS="801" VPOS="575" WIDTH="40" HEIGHT="20" WC="0.93" CONTENT="och"/><SP WIDTH="16" VPOS="575" HPOS="841"/>
							<String ID="string_102" HPOS="857" VPOS="575" WIDTH="78" HEIGHT="20" WC="0.91" CONTENT="förmö-"/>
						</TextLine>
						<TextLine ID="line_13" HPOS="188" VPOS="603" WIDTH="747" HEIGHT="34">
							<String ID="string_103" HPOS="188" VPOS="609" WIDTH="81" HEIGHT="27" WC="0.92" CONTENT="genhet"/><SP WIDTH="14" VPOS="609" HPOS="269"/>
							<String ID="string_104" HPOS="283" VPOS="609" WIDTH="128" HEIGHT="28" WC="0.91" CONTENT="derigenom"/><SP WIDTH="16" VPOS="609" HPOS="411"/>
							<String ID="string_105" HPOS="427" VPOS="609" WIDTH="108" HEIGHT="27" WC="0.94" CONTENT="erhållits,"/><SP WIDTH="16" VPOS="609" HPOS="535"/>
							<String ID="string_106" HPOS="551" VPOS="609" WIDTH="27" HEIGHT="20" WC="0.96" CONTENT="då"/><SP WIDTH="15" VPOS="609" HPOS="578"/>
							<String ID="string_107" HPOS="593" VPOS="609" WIDTH="55" HEIGHT="20" WC="0.96" CONTENT="först"/><SP WIDTH="15" VPOS="609" HPOS="648"/>
							<String ID="string_108" HPOS="663" VPOS="609" WIDTH="67" HEIGHT="21" WC="0.96" CONTENT="borde"/><SP WIDTH="20" VPOS="609" HPOS="730"/>
							<String ID="string_109" HPOS="750" VPOS="603" WIDTH="130" HEIGHT="34" WC="0.90" CONTENT="jernvägars"/><SP WIDTH="16" VPOS="603" HPOS="880"/>
							<String ID="string_110" HPOS="896" VPOS="609" WIDTH="39" HEIGHT="21" WC="0.96" CONTENT="och"/>
						</TextLine>
						<TextLine ID="line_14" HPOS="186" VPOS="643" WIDTH="749" HEIGHT="28">
							<String ID="string_111" HPOS="186" VPOS="643" WIDTH="102" HEIGHT="21" WC="0.91" CONTENT="kanalers"/><SP WIDTH="15" VPOS="643" HPOS="288"/>
							<String ID="string_112" HPOS="303" VPOS="643" WIDTH="116" HEIGHT="28" WC="0.95" CONTENT="byggande"/><SP WIDTH="15" VPOS="643" HPOS="419"/>
							<String ID="string_113" HPOS="434" VPOS="643" WIDTH="116" HEIGHT="28" WC="0.95" CONTENT="företagas."/><SP WIDTH="31" VPOS="643" HPOS="550"/>
							<String ID="string_114" HPOS="581" VPOS="643" WIDTH="33" HEIGHT="28" WC="0.93" CONTENT="Ty"/><SP WIDTH="16" VPOS="643" HPOS="614"/>
							<String ID="string_115" HPOS="630" VPOS="650" WIDTH="48" HEIGHT="14" WC="0.96" CONTENT="man"/><SP WIDTH="17" VPOS="650" HPOS="678"/>
							<String ID="string_116" HPOS="695" VPOS="643" WIDTH="42" HEIGHT="21" WC="0.96" CONTENT="kan"/><SP WIDTH="16" VPOS="643" HPOS="737"/>
							<String ID="string_117" HPOS="753" VPOS="644" WIDTH="49" HEIGHT="20" WC="0.96" CONTENT="icke"/><SP WIDTH="15" VPOS="644" HPOS="802"/>
							<String ID="string_118" HPOS="817" VPOS="644" WIDTH="58" HEIGHT="27" WC="0.93" CONTENT="flyga"/><SP WIDTH="15" VPOS="644" HPOS="875"/>
							<String ID="string_119" HPOS="890" VPOS="643" WIDTH="45" HEIGHT="21" WC="0.91" CONTENT="län-"/>
						</TextLine>
						<TextLine ID="line_15" HPOS="187" VPOS="677" WIDTH="275" HEIGHT="28">
							<String ID="string_120" HPOS="187" VPOS="684" WIDTH="38" HEIGHT="20" WC="0.92" CONTENT="gre"/><SP WIDTH="15" VPOS="684" HPOS="225"/>
							<String ID="string_121" HPOS="240" VPOS="679" WIDTH="28" HEIGHT="19" WC="0.97" CONTENT="än"/><SP WIDTH="15" VPOS="679" HPOS="268"/>
							<String ID="string_122" HPOS="283" VPOS="678" WIDTH="107" HEIGHT="27" WC="0.96" CONTENT="vingarna"/><SP WIDTH="13" VPOS="678" HPOS="390"/>
							<String ID="string_123" HPOS="403" VPOS="677" WIDTH="59" HEIGHT="21" WC="0.96" CONTENT="bära."/>
						</TextLine>
					</TextBlock>
					<TextBlock ID="block_4" HPOS="187" VPOS="711" WIDTH="749" HEIGHT="63">
						<TextLine ID="line_16" HPOS="254" VPOS="711" WIDTH="681" HEIGHT="29">
							<String ID="string_124" HPOS="254" VPOS="711" WIDTH="222" HEIGHT="29" WC="0.91" CONTENT="Landtdagsmannen"/><SP WIDTH="18" VPOS="711" HPOS="476"/>
							<String ID="string_125" HPOS="494" VPOS="711" WIDTH="93" HEIGHT="21" WC="0.89" CONTENT="Klami"/><SP WIDTH="21" VPOS="711" HPOS="587"/>
							<String ID="string_126" HPOS="608" VPOS="711" WIDTH="109" HEIGHT="27" WC="0.89" CONTENT="erinrade,"/><SP WIDTH="19" VPOS="711" HPOS="717"/>
							<String ID="string_127" HPOS="736" VPOS="711" WIDTH="37" HEIGHT="21" WC="0.96" CONTENT="vid"/><SP WIDTH="19" VPOS="711" HPOS="773"/>
							<String ID="string_128" HPOS="792" VPOS="712" WIDTH="58" HEIGHT="21" WC="0.93" CONTENT="hvad"/><SP WIDTH="15" VPOS="712" HPOS="850"/>
							<String ID="string_129" HPOS="865" VPOS="711" WIDTH="70" HEIGHT="21" WC="0.90" CONTENT="Slotte"/>
						</TextLine>
						<TextLine ID="line_17" HPOS="187" VPOS="745" WIDTH="749" HEIGHT="29">
							<String ID="string_130" HPOS="187" VPOS="745" WIDTH="84" HEIGHT="22" WC="0.96" CONTENT="anfört:"/><SP WIDTH="16" VPOS="745" HPOS="271"/>
							<String ID="string_131" HPOS="287" VPOS="748" WIDTH="31" HEIGHT="19" WC="0.96" CONTENT="att"/><SP WIDTH="16" VPOS="748" HPOS="318"/>
							<String ID="string_132" HPOS="334" VPOS="747" WIDTH="26" HEIGHT="20" WC="0.96" CONTENT="de"/><SP WIDTH="16" VPOS="747" HPOS="360"/>
							<String ID="string_133" HPOS="376" VPOS="746" WIDTH="125" HEIGHT="28" WC="0.91" CONTENT="föreslagna"/><SP WIDTH="12" VPOS="746" HPOS="501"/>
							<String ID="string_134" HPOS="513" VPOS="746" WIDTH="105" HEIGHT="28" WC="0.91" CONTENT="jernvägs"/><SP WIDTH="16" VPOS="746" HPOS="618"/>
							<String ID="string_135" HPOS="634" VPOS="746" WIDTH="180" HEIGHT="28" WC="0.92" CONTENT="sträckningarne"/><SP WIDTH="21" VPOS="746" HPOS="814"/>
							<String ID="string_136" HPOS="835" VPOS="746" WIDTH="101" HEIGHT="28" WC="0.96" CONTENT="ostridigt"/>
						</TextLine>
					</TextBlock>
				</ComposedBlock>
				<ComposedBlock ID="cblock_2" HPOS="187" VPOS="780" WIDTH="777" HEIGHT="28">
					<TextBlock ID="block_5" HPOS="187" VPOS="780" WIDTH="777" HEIGHT="28">
						<TextLine ID="line_18" HPOS="187" VPOS="780" WIDTH="777" HEIGHT="28">
							<String ID="string_137" HPOS="187" VPOS="780" WIDTH="86" HEIGHT="21" WC="0.96" CONTENT="komme"/><SP WIDTH="21" VPOS="780" HPOS="273"/>
							<String ID="string_138" HPOS="294" VPOS="782" WIDTH="32" HEIGHT="19" WC="0.96" CONTENT="att"/><SP WIDTH="20" VPOS="782" HPOS="326"/>
							<String ID="string_139" HPOS="346" VPOS="780" WIDTH="99" HEIGHT="21" WC="0.93" CONTENT="medföra"/><SP WIDTH="15" VPOS="780" HPOS="445"/>
							<String ID="string_140" HPOS="460" VPOS="780" WIDTH="137" HEIGHT="28" WC="0.92" CONTENT="väsendtliga"/><SP WIDTH="15" VPOS="780" HPOS="597"/>
							<String ID="string_141" HPOS="612" VPOS="780" WIDTH="96" HEIGHT="20" WC="0.96" CONTENT="fördelar"/><SP WIDTH="16" VPOS="780" HPOS="708"/>
							<String ID="string_142" HPOS="724" VPOS="780" WIDTH="22" HEIGHT="20" WC="0.96" CONTENT="åt"/><SP WIDTH="15" VPOS="780" HPOS="746"/>
							<String ID="string_143" HPOS="761" VPOS="788" WIDTH="27" HEIGHT="13" WC="0.96" CONTENT="en"/><SP WIDTH="15" VPOS="788" HPOS="788"/>
							<String ID="string_144" HPOS="803" VPOS="782" WIDTH="46" HEIGHT="19" WC="0.96" CONTENT="stor"/><SP WIDTH="15" VPOS="782" HPOS="849"/>
							<String ID="string_145" HPOS="864" VPOS="780" WIDTH="35" HEIGHT="22" WC="0.96" CONTENT="del"/><SP WIDTH="16" VPOS="780" HPOS="899"/>
							<String ID="string_146" HPOS="915" VPOS="781" WIDTH="24" HEIGHT="20" WC="0.90" CONTENT="af"/><SP WIDTH="15" VPOS="781" HPOS="939"/>
							<String ID="string_147" HPOS="954" VPOS="776" WIDTH="9" HEIGHT="36" WC="0.69" CONTENT="-"/>
						</TextLine>
					</TextBlock>
				</ComposedBlock>
				<ComposedBlock ID="cblock_3" HPOS="186" VPOS="814" WIDTH="751" HEIGHT="505">
					<TextBlock ID="block_6" HPOS="186" VPOS="814" WIDTH="751" HEIGHT="505">
						<TextLine ID="line_19" HPOS="187" VPOS="814" WIDTH="749" HEIGHT="28">
							<String ID="string_148" HPOS="187" VPOS="814" WIDTH="85" HEIGHT="27" WC="0.95" CONTENT="landet,"/><SP WIDTH="12" VPOS="814" HPOS="272"/>
							<String ID="string_149" HPOS="284" VPOS="814" WIDTH="39" HEIGHT="21" WC="0.96" CONTENT="och"/><SP WIDTH="11" VPOS="814" HPOS="323"/>
							<String ID="string_150" HPOS="334" VPOS="814" WIDTH="84" HEIGHT="22" WC="0.96" CONTENT="således"/><SP WIDTH="15" VPOS="814" HPOS="418"/>
							<String ID="string_151" HPOS="433" VPOS="814" WIDTH="48" HEIGHT="21" WC="0.96" CONTENT="icke"/><SP WIDTH="15" VPOS="814" HPOS="481"/>
							<String ID="string_152" HPOS="496" VPOS="814" WIDTH="68" HEIGHT="21" WC="0.93" CONTENT="borde"/><SP WIDTH="16" VPOS="814" HPOS="564"/>
							<String ID="string_153" HPOS="580" VPOS="814" WIDTH="109" HEIGHT="28" WC="0.92" CONTENT="afstyrkas"/><SP WIDTH="16" VPOS="814" HPOS="689"/>
							<String ID="string_154" HPOS="705" VPOS="814" WIDTH="96" HEIGHT="28" WC="0.92" CONTENT="derföre,"/><SP WIDTH="16" VPOS="814" HPOS="801"/>
							<String ID="string_155" HPOS="817" VPOS="816" WIDTH="32" HEIGHT="20" WC="0.96" CONTENT="att"/><SP WIDTH="15" VPOS="816" HPOS="849"/>
							<String ID="string_156" HPOS="864" VPOS="815" WIDTH="72" HEIGHT="27" WC="0.96" CONTENT="någon"/>
						</TextLine>
						<TextLine ID="line_20" HPOS="187" VPOS="848" WIDTH="748" HEIGHT="29">
							<String ID="string_157" HPOS="187" VPOS="848" WIDTH="97" HEIGHT="21" WC="0.92" CONTENT="landsort"/><SP WIDTH="16" VPOS="848" HPOS="284"/>
							<String ID="string_158" HPOS="300" VPOS="849" WIDTH="24" HEIGHT="20" WC="0.96" CONTENT="af"/><SP WIDTH="13" VPOS="849" HPOS="324"/>
							<String ID="string_159" HPOS="337" VPOS="848" WIDTH="49" HEIGHT="22" WC="0.96" CONTENT="dem"/><SP WIDTH="15" VPOS="848" HPOS="386"/>
							<String ID="string_160" HPOS="401" VPOS="848" WIDTH="56" HEIGHT="21" WC="0.96" CONTENT="hade"/><SP WIDTH="15" VPOS="848" HPOS="457"/>
							<String ID="string_161" HPOS="472" VPOS="848" WIDTH="85" HEIGHT="22" WC="0.96" CONTENT="mindre"/><SP WIDTH="16" VPOS="848" HPOS="557"/>
							<String ID="string_162" HPOS="573" VPOS="855" WIDTH="67" HEIGHT="21" WC="0.96" CONTENT="gagn;"/><SP WIDTH="18" VPOS="855" HPOS="640"/>
							<String ID="string_163" HPOS="658" VPOS="848" WIDTH="39" HEIGHT="20" WC="0.96" CONTENT="och"/><SP WIDTH="15" VPOS="848" HPOS="697"/>
							<String ID="string_164" HPOS="712" VPOS="848" WIDTH="8" HEIGHT="20" WC="0.96" CONTENT="i"/><SP WIDTH="10" VPOS="848" HPOS="720"/>
							<String ID="string_165" HPOS="730" VPOS="849" WIDTH="119" HEIGHT="28" WC="0.96" CONTENT="anledning"/><SP WIDTH="10" VPOS="849" HPOS="849"/>
							<String ID="string_166" HPOS="859" VPOS="849" WIDTH="24" HEIGHT="20" WC="0.92" CONTENT="af"/><SP WIDTH="8" VPOS="849" HPOS="883"/>
							<String ID="string_167" HPOS="891" VPOS="849" WIDTH="44" HEIGHT="27" WC="0.92" CONTENT="Ny-"/>
						</TextLine>
						<TextLine ID="line_21" HPOS="186" VPOS="882" WIDTH="750" HEIGHT="29">
							<String ID="string_168" HPOS="186" VPOS="884" WIDTH="81" HEIGHT="19" WC="0.91" CONTENT="rönens"/><SP WIDTH="18" VPOS="884" HPOS="267"/>
							<String ID="string_169" HPOS="285" VPOS="883" WIDTH="112" HEIGHT="28" WC="0.95" CONTENT="yttrande:"/><SP WIDTH="21" VPOS="883" HPOS="397"/>
							<String ID="string_170" HPOS="418" VPOS="884" WIDTH="32" HEIGHT="19" WC="0.96" CONTENT="att"/><SP WIDTH="19" VPOS="884" HPOS="450"/>
							<String ID="string_171" HPOS="469" VPOS="882" WIDTH="37" HEIGHT="21" WC="0.96" CONTENT="det"/><SP WIDTH="20" VPOS="882" HPOS="506"/>
							<String ID="string_172" HPOS="526" VPOS="882" WIDTH="132" HEIGHT="21" WC="0.96" CONTENT="förundrade"/><SP WIDTH="18" VPOS="882" HPOS="658"/>
							<String ID="string_173" HPOS="676" VPOS="883" WIDTH="84" HEIGHT="20" WC="0.96" CONTENT="talaren"/><SP WIDTH="16" VPOS="883" HPOS="760"/>
							<String ID="string_174" HPOS="776" VPOS="885" WIDTH="32" HEIGHT="19" WC="0.96" CONTENT="att"/><SP WIDTH="14" VPOS="885" HPOS="808"/>
							<String ID="string_175" HPOS="822" VPOS="884" WIDTH="55" HEIGHT="20" WC="0.93" CONTENT="höra"/><SP WIDTH="14" VPOS="884" HPOS="877"/>
							<String ID="string_176" HPOS="891" VPOS="883" WIDTH="45" HEIGHT="27" WC="0.93" CONTENT="Ny-"/>
						</TextLine>
						<TextLine ID="line_22" HPOS="187" VPOS="917" WIDTH="748" HEIGHT="28">
							<String ID="string_177" HPOS="187" VPOS="918" WIDTH="79" HEIGHT="26" WC="0.96" CONTENT="rönen,"/><SP WIDTH="23" VPOS="918" HPOS="266"/>
							<String ID="string_178" HPOS="289" VPOS="917" WIDTH="66" HEIGHT="21" WC="0.96" CONTENT="sedan"/><SP WIDTH="23" VPOS="917" HPOS="355"/>
							<String ID="string_179" HPOS="378" VPOS="918" WIDTH="43" HEIGHT="20" WC="0.96" CONTENT="han"/><SP WIDTH="16" VPOS="918" HPOS="421"/>
							<String ID="string_180" HPOS="437" VPOS="918" WIDTH="53" HEIGHT="27" WC="0.96" CONTENT="sjelf"/><SP WIDTH="13" VPOS="918" HPOS="490"/>
							<String ID="string_181" HPOS="503" VPOS="917" WIDTH="119" HEIGHT="21" WC="0.96" CONTENT="framhållit"/><SP WIDTH="15" VPOS="917" HPOS="622"/>
							<String ID="string_182" HPOS="637" VPOS="917" WIDTH="191" HEIGHT="28" WC="0.96" CONTENT="nödvändigheten"/><SP WIDTH="16" VPOS="917" HPOS="828"/>
							<String ID="string_183" HPOS="844" VPOS="918" WIDTH="24" HEIGHT="20" WC="0.93" CONTENT="af"/><SP WIDTH="13" VPOS="918" HPOS="868"/>
							<String ID="string_184" HPOS="881" VPOS="918" WIDTH="54" HEIGHT="20" WC="0.91" CONTENT="folk-"/>
						</TextLine>
						<TextLine ID="line_23" HPOS="187" VPOS="951" WIDTH="750" HEIGHT="28">
							<String ID="string_185" HPOS="187" VPOS="951" WIDTH="139" HEIGHT="28" WC="0.91" CONTENT="bildningens"/><SP WIDTH="16" VPOS="951" HPOS="326"/>
							<String ID="string_186" HPOS="342" VPOS="952" WIDTH="93" HEIGHT="27" WC="0.96" CONTENT="höjande"/><SP WIDTH="16" VPOS="952" HPOS="435"/>
							<String ID="string_187" HPOS="451" VPOS="952" WIDTH="40" HEIGHT="20" WC="0.96" CONTENT="och"/><SP WIDTH="12" VPOS="952" HPOS="491"/>
							<String ID="string_188" HPOS="503" VPOS="951" WIDTH="142" HEIGHT="28" WC="0.96" CONTENT="jordbrukets"/><SP WIDTH="14" VPOS="951" HPOS="645"/>
							<String ID="string_189" HPOS="659" VPOS="951" WIDTH="158" HEIGHT="26" WC="0.96" CONTENT="förbättrande,"/><SP WIDTH="16" VPOS="951" HPOS="817"/>
							<String ID="string_190" HPOS="833" VPOS="954" WIDTH="104" HEIGHT="19" WC="0.96" CONTENT="motsätta"/>
						</TextLine>
						<TextLine ID="line_24" HPOS="187" VPOS="985" WIDTH="749" HEIGHT="28">
							<String ID="string_191" HPOS="187" VPOS="986" WIDTH="34" HEIGHT="27" WC="0.96" CONTENT="sig"/><SP WIDTH="15" VPOS="986" HPOS="221"/>
							<String ID="string_192" HPOS="236" VPOS="985" WIDTH="74" HEIGHT="21" WC="0.96" CONTENT="skolor"/><SP WIDTH="15" VPOS="985" HPOS="310"/>
							<String ID="string_193" HPOS="325" VPOS="986" WIDTH="40" HEIGHT="20" WC="0.92" CONTENT="och"/><SP WIDTH="13" VPOS="986" HPOS="365"/>
							<String ID="string_194" HPOS="378" VPOS="986" WIDTH="125" HEIGHT="27" WC="0.90" CONTENT="jernvägar,"/><SP WIDTH="16" VPOS="986" HPOS="503"/>
							<String ID="string_195" HPOS="519" VPOS="985" WIDTH="86" HEIGHT="22" WC="0.96" CONTENT="medlen"/><SP WIDTH="16" VPOS="985" HPOS="605"/>
							<String ID="string_196" HPOS="621" VPOS="986" WIDTH="33" HEIGHT="20" WC="0.96" CONTENT="till"/><SP WIDTH="10" VPOS="986" HPOS="654"/>
							<String ID="string_197" HPOS="664" VPOS="986" WIDTH="96" HEIGHT="20" WC="0.96" CONTENT="nämnda"/><SP WIDTH="9" VPOS="986" HPOS="760"/>
							<String ID="string_198" HPOS="769" VPOS="986" WIDTH="51" HEIGHT="21" WC="0.93" CONTENT="mål."/><SP WIDTH="29" VPOS="986" HPOS="820"/>
							<String ID="string_199" HPOS="849" VPOS="986" WIDTH="45" HEIGHT="21" WC="0.93" CONTENT="För"/><SP WIDTH="11" VPOS="986" HPOS="894"/>
							<String ID="string_200" HPOS="905" VPOS="986" WIDTH="31" HEIGHT="20" WC="0.93" CONTENT="öf-"/>
						</TextLine>
						<TextLine ID="line_25" HPOS="188" VPOS="1019" WIDTH="748" HEIGHT="28">
							<String ID="string_201" HPOS="188" VPOS="1019" WIDTH="43" HEIGHT="27" WC="0.91" CONTENT="rigt"/><SP WIDTH="10" VPOS="1019" HPOS="231"/>
							<String ID="string_202" HPOS="241" VPOS="1019" WIDTH="106" HEIGHT="21" WC="0.96" CONTENT="instämde"/><SP WIDTH="11" VPOS="1019" HPOS="347"/>
							<String ID="string_203" HPOS="358" VPOS="1020" WIDTH="84" HEIGHT="20" WC="0.96" CONTENT="talaren"/><SP WIDTH="11" VPOS="1020" HPOS="442"/>
							<String ID="string_204" HPOS="453" VPOS="1020" WIDTH="7" HEIGHT="20" WC="0.96" CONTENT="i"/><SP WIDTH="11" VPOS="1020" HPOS="460"/>
							<String ID="string_205" HPOS="471" VPOS="1019" WIDTH="56" HEIGHT="21" WC="0.91" CONTENT="hvad"/><SP WIDTH="10" VPOS="1019" HPOS="527"/>
							<String ID="string_206" HPOS="537" VPOS="1019" WIDTH="164" HEIGHT="28" WC="0.90" CONTENT="Kumpulainen"/><SP WIDTH="12" VPOS="1019" HPOS="701"/>
							<String ID="string_207" HPOS="713" VPOS="1019" WIDTH="73" HEIGHT="21" WC="0.96" CONTENT="anfört"/><SP WIDTH="14" VPOS="1019" HPOS="786"/>
							<String ID="string_208" HPOS="800" VPOS="1020" WIDTH="136" HEIGHT="22" WC="0.96" CONTENT="beträffande"/>
						</TextLine>
						<TextLine ID="line_26" HPOS="187" VPOS="1053" WIDTH="748" HEIGHT="28">
							<String ID="string_209" HPOS="187" VPOS="1053" WIDTH="70" HEIGHT="20" WC="0.96" CONTENT="finska"/><SP WIDTH="16" VPOS="1053" HPOS="257"/>
							<String ID="string_210" HPOS="273" VPOS="1053" WIDTH="97" HEIGHT="28" WC="0.96" CONTENT="språket,"/><SP WIDTH="15" VPOS="1053" HPOS="370"/>
							<String ID="string_211" HPOS="385" VPOS="1054" WIDTH="51" HEIGHT="20" WC="0.96" CONTENT="med"/><SP WIDTH="15" VPOS="1054" HPOS="436"/>
							<String ID="string_212" HPOS="451" VPOS="1053" WIDTH="97" HEIGHT="27" WC="0.95" CONTENT="erinran,"/><SP WIDTH="11" VPOS="1053" HPOS="548"/>
							<String ID="string_213" HPOS="559" VPOS="1055" WIDTH="32" HEIGHT="19" WC="0.96" CONTENT="att"/><SP WIDTH="16" VPOS="1055" HPOS="591"/>
							<String ID="string_214" HPOS="607" VPOS="1053" WIDTH="41" HEIGHT="21" WC="0.96" CONTENT="den"/><SP WIDTH="16" VPOS="1053" HPOS="648"/>
							<String ID="string_215" HPOS="664" VPOS="1053" WIDTH="70" HEIGHT="21" WC="0.95" CONTENT="finska"/><SP WIDTH="16" VPOS="1053" HPOS="734"/>
							<String ID="string_216" HPOS="750" VPOS="1054" WIDTH="86" HEIGHT="21" WC="0.93" CONTENT="talande"/><SP WIDTH="16" VPOS="1054" HPOS="836"/>
							<String ID="string_217" HPOS="852" VPOS="1055" WIDTH="83" HEIGHT="21" WC="0.91" CONTENT="befolk-"/>
						</TextLine>
						<TextLine ID="line_27" HPOS="187" VPOS="1087" WIDTH="749" HEIGHT="28">
							<String ID="string_218" HPOS="187" VPOS="1087" WIDTH="82" HEIGHT="28" WC="0.96" CONTENT="ningen"/><SP WIDTH="23" VPOS="1087" HPOS="269"/>
							<String ID="string_219" HPOS="292" VPOS="1087" WIDTH="34" HEIGHT="21" WC="0.96" CONTENT="för"/><SP WIDTH="19" VPOS="1087" HPOS="326"/>
							<String ID="string_220" HPOS="345" VPOS="1088" WIDTH="135" HEIGHT="21" WC="0.93" CONTENT="närvarande"/><SP WIDTH="20" VPOS="1088" HPOS="480"/>
							<String ID="string_221" HPOS="500" VPOS="1087" WIDTH="119" HEIGHT="21" WC="0.92" CONTENT="vidkändes"/><SP WIDTH="21" VPOS="1087" HPOS="619"/>
							<String ID="string_222" HPOS="640" VPOS="1095" WIDTH="27" HEIGHT="13" WC="0.95" CONTENT="en"/><SP WIDTH="16" VPOS="1095" HPOS="667"/>
							<String ID="string_223" HPOS="683" VPOS="1088" WIDTH="54" HEIGHT="27" WC="0.91" CONTENT="dryg"/><SP WIDTH="15" VPOS="1088" HPOS="737"/>
							<String ID="string_224" HPOS="752" VPOS="1088" WIDTH="121" HEIGHT="27" WC="0.91" CONTENT="bevillning"/><SP WIDTH="16" VPOS="1088" HPOS="873"/>
							<String ID="string_225" HPOS="889" VPOS="1088" WIDTH="47" HEIGHT="22" WC="0.93" CONTENT="der-"/>
						</TextLine>
						<TextLine ID="line_28" HPOS="187" VPOS="1121" WIDTH="749" HEIGHT="29">
							<String ID="string_226" HPOS="187" VPOS="1121" WIDTH="98" HEIGHT="28" WC="0.96" CONTENT="igenom,"/><SP WIDTH="16" VPOS="1121" HPOS="285"/>
							<String ID="string_227" HPOS="301" VPOS="1123" WIDTH="31" HEIGHT="18" WC="0.96" CONTENT="att"/><SP WIDTH="16" VPOS="1123" HPOS="332"/>
							<String ID="string_228" HPOS="348" VPOS="1121" WIDTH="42" HEIGHT="21" WC="0.96" CONTENT="den"/><SP WIDTH="16" VPOS="1121" HPOS="390"/>
							<String ID="string_229" HPOS="406" VPOS="1122" WIDTH="79" HEIGHT="21" WC="0.96" CONTENT="minsta"/><SP WIDTH="16" VPOS="1122" HPOS="485"/>
							<String ID="string_230" HPOS="501" VPOS="1122" WIDTH="64" HEIGHT="21" WC="0.96" CONTENT="skrift"/><SP WIDTH="14" VPOS="1122" HPOS="565"/>
							<String ID="string_231" HPOS="579" VPOS="1122" WIDTH="69" HEIGHT="20" WC="0.96" CONTENT="måste"/><SP WIDTH="16" VPOS="1122" HPOS="648"/>
							<String ID="string_232" HPOS="664" VPOS="1122" WIDTH="24" HEIGHT="20" WC="0.96" CONTENT="af"/><SP WIDTH="13" VPOS="1122" HPOS="688"/>
							<String ID="string_233" HPOS="701" VPOS="1122" WIDTH="49" HEIGHT="20" WC="0.96" CONTENT="dem"/><SP WIDTH="15" VPOS="1122" HPOS="750"/>
							<String ID="string_234" HPOS="765" VPOS="1121" WIDTH="34" HEIGHT="21" WC="0.96" CONTENT="för"/><SP WIDTH="15" VPOS="1121" HPOS="799"/>
							<String ID="string_235" HPOS="814" VPOS="1123" WIDTH="122" HEIGHT="27" WC="0.96" CONTENT="penningar"/>
						</TextLine>
						<TextLine ID="line_29" HPOS="187" VPOS="1155" WIDTH="749" HEIGHT="28">
							<String ID="string_236" HPOS="187" VPOS="1155" WIDTH="119" HEIGHT="27" WC="0.96" CONTENT="anskaffas,"/><SP WIDTH="24" VPOS="1155" HPOS="306"/>
							<String ID="string_237" HPOS="330" VPOS="1157" WIDTH="55" HEIGHT="20" WC="0.96" CONTENT="samt"/><SP WIDTH="23" VPOS="1157" HPOS="385"/>
							<String ID="string_238" HPOS="408" VPOS="1157" WIDTH="32" HEIGHT="19" WC="0.93" CONTENT="att"/><SP WIDTH="22" VPOS="1157" HPOS="440"/>
							<String ID="string_239" HPOS="462" VPOS="1156" WIDTH="149" HEIGHT="20" WC="0.91" CONTENT="folkskolorna"/><SP WIDTH="22" VPOS="1156" HPOS="611"/>
							<String ID="string_240" HPOS="633" VPOS="1155" WIDTH="67" HEIGHT="21" WC="0.96" CONTENT="borde"/><SP WIDTH="22" VPOS="1155" HPOS="700"/>
							<String ID="string_241" HPOS="722" VPOS="1155" WIDTH="24" HEIGHT="20" WC="0.96" CONTENT="så"/><SP WIDTH="18" VPOS="1155" HPOS="746"/>
							<String ID="string_242" HPOS="764" VPOS="1155" WIDTH="102" HEIGHT="28" WC="0.96" CONTENT="inrättas,"/><SP WIDTH="16" VPOS="1155" HPOS="866"/>
							<String ID="string_243" HPOS="882" VPOS="1157" WIDTH="54" HEIGHT="20" WC="0.94" CONTENT="att"/><SP WIDTH="-11" VPOS="1157" HPOS="936"/>
							<String ID="string_244" HPOS="925" VPOS="1151" WIDTH="14" HEIGHT="36" WC="0.96" CONTENT="i"/>
						</TextLine>
						<TextLine ID="line_30" HPOS="188" VPOS="1189" WIDTH="748" HEIGHT="30">
							<String ID="string_245" HPOS="188" VPOS="1190" WIDTH="48" HEIGHT="20" WC="0.96" CONTENT="dem"/><SP WIDTH="21" VPOS="1190" HPOS="236"/>
							<String ID="string_246" HPOS="257" VPOS="1189" WIDTH="73" HEIGHT="22" WC="0.96" CONTENT="kunde"/><SP WIDTH="20" VPOS="1189" HPOS="330"/>
							<String ID="string_247" HPOS="350" VPOS="1190" WIDTH="93" HEIGHT="20" WC="0.96" CONTENT="erhållas"/><SP WIDTH="16" VPOS="1190" HPOS="443"/>
							<String ID="string_248" HPOS="459" VPOS="1190" WIDTH="24" HEIGHT="21" WC="0.96" CONTENT="så"/><SP WIDTH="14" VPOS="1190" HPOS="483"/>
							<String ID="string_249" HPOS="497" VPOS="1190" WIDTH="92" HEIGHT="27" WC="0.96" CONTENT="mycken"/><SP WIDTH="16" VPOS="1190" HPOS="589"/>
							<String ID="string_250" HPOS="605" VPOS="1190" WIDTH="157" HEIGHT="27" WC="0.96" CONTENT="undervisning"/><SP WIDTH="16" VPOS="1190" HPOS="762"/>
							<String ID="string_251" HPOS="778" VPOS="1196" WIDTH="46" HEIGHT="14" WC="0.95" CONTENT="som"/><SP WIDTH="14" VPOS="1196" HPOS="824"/>
							<String ID="string_252" HPOS="838" VPOS="1190" WIDTH="98" HEIGHT="29" WC="0.96" CONTENT="möjligt;"/>
						</TextLine>
						<TextLine ID="line_31" HPOS="186" VPOS="1223" WIDTH="750" HEIGHT="28">
							<String ID="string_253" HPOS="186" VPOS="1223" WIDTH="132" HEIGHT="22" WC="0.92" CONTENT="förordande"/><SP WIDTH="22" VPOS="1223" HPOS="318"/>
							<String ID="string_254" HPOS="340" VPOS="1224" WIDTH="84" HEIGHT="20" WC="0.95" CONTENT="talaren"/><SP WIDTH="23" VPOS="1224" HPOS="424"/>
							<String ID="string_255" HPOS="447" VPOS="1224" WIDTH="103" HEIGHT="20" WC="0.96" CONTENT="särskildt"/><SP WIDTH="21" VPOS="1224" HPOS="550"/>
							<String ID="string_256" HPOS="571" VPOS="1224" WIDTH="157" HEIGHT="27" WC="0.95" CONTENT="undervisning"/><SP WIDTH="15" VPOS="1224" HPOS="728"/>
							<String ID="string_257" HPOS="743" VPOS="1224" WIDTH="8" HEIGHT="20" WC="0.96" CONTENT="i"/><SP WIDTH="15" VPOS="1224" HPOS="751"/>
							<String ID="string_258" HPOS="766" VPOS="1224" WIDTH="106" HEIGHT="21" WC="0.93" CONTENT="historien"/><SP WIDTH="16" VPOS="1224" HPOS="872"/>
							<String ID="string_259" HPOS="888" VPOS="1224" WIDTH="48" HEIGHT="21" WC="0.92" CONTENT="der-"/>
						</TextLine>
						<TextLine ID="line_32" HPOS="187" VPOS="1256" WIDTH="748" HEIGHT="28">
							<String ID="string_260" HPOS="187" VPOS="1257" WIDTH="56" HEIGHT="25" WC="0.95" CONTENT="före,"/><SP WIDTH="15" VPOS="1257" HPOS="243"/>
							<String ID="string_261" HPOS="258" VPOS="1258" WIDTH="32" HEIGHT="19" WC="0.96" CONTENT="att"/><SP WIDTH="16" VPOS="1258" HPOS="290"/>
							<String ID="string_262" HPOS="306" VPOS="1256" WIDTH="41" HEIGHT="22" WC="0.96" CONTENT="den"/><SP WIDTH="15" VPOS="1256" HPOS="347"/>
							<String ID="string_263" HPOS="362" VPOS="1257" WIDTH="129" HEIGHT="21" WC="0.96" CONTENT="meddelade"/><SP WIDTH="15" VPOS="1257" HPOS="491"/>
							<String ID="string_264" HPOS="506" VPOS="1257" WIDTH="100" HEIGHT="27" WC="0.96" CONTENT="kunskap"/><SP WIDTH="16" VPOS="1257" HPOS="606"/>
							<String ID="string_265" HPOS="622" VPOS="1263" WIDTH="35" HEIGHT="14" WC="0.96" CONTENT="om"/><SP WIDTH="16" VPOS="1263" HPOS="657"/>
							<String ID="string_266" HPOS="673" VPOS="1257" WIDTH="55" HEIGHT="21" WC="0.96" CONTENT="huru"/><SP WIDTH="15" VPOS="1257" HPOS="728"/>
							<String ID="string_267" HPOS="743" VPOS="1257" WIDTH="94" HEIGHT="27" WC="0.96" CONTENT="folkslag"/><SP WIDTH="20" VPOS="1257" HPOS="837"/>
							<String ID="string_268" HPOS="857" VPOS="1264" WIDTH="78" HEIGHT="20" WC="0.96" CONTENT="genom"/>
						</TextLine>
						<TextLine ID="line_33" HPOS="187" VPOS="1290" WIDTH="750" HEIGHT="29">
							<String ID="string_269" HPOS="187" VPOS="1290" WIDTH="52" HEIGHT="20" WC="0.96" CONTENT="drift"/><SP WIDTH="23" VPOS="1290" HPOS="239"/>
							<String ID="string_270" HPOS="262" VPOS="1290" WIDTH="40" HEIGHT="20" WC="0.93" CONTENT="och"/><SP WIDTH="22" VPOS="1290" HPOS="302"/>
							<String ID="string_271" HPOS="324" VPOS="1290" WIDTH="123" HEIGHT="28" WC="0.91" CONTENT="ihärdighet"/><SP WIDTH="23" VPOS="1290" HPOS="447"/>
							<String ID="string_272" HPOS="470" VPOS="1291" WIDTH="64" HEIGHT="27" WC="0.96" CONTENT="bragt"/><SP WIDTH="21" VPOS="1291" HPOS="534"/>
							<String ID="string_273" HPOS="555" VPOS="1290" WIDTH="34" HEIGHT="28" WC="0.96" CONTENT="sig"/><SP WIDTH="23" VPOS="1290" HPOS="589"/>
							<String ID="string_274" HPOS="612" VPOS="1297" WIDTH="43" HEIGHT="21" WC="0.96" CONTENT="upp"/><SP WIDTH="16" VPOS="1297" HPOS="655"/>
							<String ID="string_275" HPOS="671" VPOS="1291" WIDTH="33" HEIGHT="21" WC="0.96" CONTENT="till"/><SP WIDTH="18" VPOS="1291" HPOS="704"/>
							<String ID="string_276" HPOS="722" VPOS="1290" WIDTH="100" HEIGHT="21" WC="0.96" CONTENT="välstånd"/><SP WIDTH="16" VPOS="1290" HPOS="822"/>
							<String ID="string_277" HPOS="838" VPOS="1291" WIDTH="40" HEIGHT="20" WC="0.96" CONTENT="och"/><SP WIDTH="14" VPOS="1291" HPOS="878"/>
							<String ID="string_278" HPOS="892" VPOS="1291" WIDTH="45" HEIGHT="28" WC="0.96" CONTENT="hög"/>
						</TextLine>
					</TextBlock>
				</ComposedBlock>
				<ComposedBlock ID="cblock_4" HPOS="187" VPOS="1323" WIDTH="777" HEIGHT="30">
					<TextBlock ID="block_7" HPOS="187" VPOS="1323" WIDTH="777" HEIGHT="30">
						<TextLine ID="line_34" HPOS="187" VPOS="1323" WIDTH="777" HEIGHT="30">
							<String ID="string_279" HPOS="187" VPOS="1324" WIDTH="83" HEIGHT="27" WC="0.96" CONTENT="kultur,"/><SP WIDTH="16" VPOS="1324" HPOS="270"/>
							<String ID="string_280" HPOS="286" VPOS="1324" WIDTH="79" HEIGHT="22" WC="0.96" CONTENT="medan"/><SP WIDTH="16" VPOS="1324" HPOS="365"/>
							<String ID="string_281" HPOS="381" VPOS="1324" WIDTH="68" HEIGHT="21" WC="0.95" CONTENT="andra"/><SP WIDTH="18" VPOS="1324" HPOS="449"/>
							<String ID="string_282" HPOS="467" VPOS="1326" WIDTH="110" HEIGHT="26" WC="0.96" CONTENT="nationer,"/><SP WIDTH="16" VPOS="1326" HPOS="577"/>
							<String ID="string_283" HPOS="593" VPOS="1331" WIDTH="46" HEIGHT="15" WC="0.96" CONTENT="som"/><SP WIDTH="20" VPOS="1331" HPOS="639"/>
							<String ID="string_284" HPOS="659" VPOS="1326" WIDTH="77" HEIGHT="20" WC="0.96" CONTENT="saknat"/><SP WIDTH="16" VPOS="1326" HPOS="736"/>
							<String ID="string_285" HPOS="752" VPOS="1325" WIDTH="63" HEIGHT="22" WC="0.93" CONTENT="dessa"/><SP WIDTH="15" VPOS="1325" HPOS="815"/>
							<String ID="string_286" HPOS="830" VPOS="1326" WIDTH="105" HEIGHT="27" WC="0.91" CONTENT="egenska-"/><SP WIDTH="24" VPOS="1326" HPOS="935"/>
							<String ID="string_287" HPOS="959" VPOS="1323" WIDTH="5" HEIGHT="5" WC="0.58" CONTENT="”"/>
						</TextLine>
					</TextBlock>
				</ComposedBlock>
				<ComposedBlock ID="cblock_5" HPOS="185" VPOS="1360" WIDTH="750" HEIGHT="90">
					<TextBlock ID="block_8" HPOS="185" VPOS="1360" WIDTH="750" HEIGHT="90">
						<TextLine ID="line_35" HPOS="185" VPOS="1360" WIDTH="750" HEIGHT="27">
							<String ID="string_288" HPOS="185" VPOS="1365" WIDTH="47" HEIGHT="22" WC="0.95" CONTENT="per,"/><SP WIDTH="15" VPOS="1365" HPOS="232"/>
							<String ID="string_289" HPOS="247" VPOS="1365" WIDTH="47" HEIGHT="15" WC="0.96" CONTENT="mer"/><SP WIDTH="15" VPOS="1365" HPOS="294"/>
							<String ID="string_290" HPOS="309" VPOS="1360" WIDTH="41" HEIGHT="20" WC="0.96" CONTENT="och"/><SP WIDTH="15" VPOS="1360" HPOS="350"/>
							<String ID="string_291" HPOS="365" VPOS="1366" WIDTH="46" HEIGHT="15" WC="0.96" CONTENT="mer"/><SP WIDTH="16" VPOS="1366" HPOS="411"/>
							<String ID="string_292" HPOS="427" VPOS="1360" WIDTH="82" HEIGHT="27" WC="0.96" CONTENT="sjunkit"/><SP WIDTH="15" VPOS="1360" HPOS="509"/>
							<String ID="string_293" HPOS="524" VPOS="1360" WIDTH="40" HEIGHT="21" WC="0.96" CONTENT="och"/><SP WIDTH="15" VPOS="1360" HPOS="564"/>
							<String ID="string_294" HPOS="579" VPOS="1360" WIDTH="103" HEIGHT="27" WC="0.96" CONTENT="slutligen"/><SP WIDTH="16" VPOS="1360" HPOS="682"/>
							<String ID="string_295" HPOS="698" VPOS="1360" WIDTH="123" HEIGHT="22" WC="0.96" CONTENT="försvunnit"/><SP WIDTH="14" VPOS="1360" HPOS="821"/>
							<String ID="string_296" HPOS="835" VPOS="1360" WIDTH="49" HEIGHT="21" WC="0.93" CONTENT="från"/><SP WIDTH="11" VPOS="1360" HPOS="884"/>
							<String ID="string_297" HPOS="895" VPOS="1360" WIDTH="40" HEIGHT="21" WC="0.92" CONTENT="fol-"/>
						</TextLine>
						<TextLine ID="line_36" HPOS="186" VPOS="1393" WIDTH="136" HEIGHT="22">
							<String ID="string_298" HPOS="186" VPOS="1393" WIDTH="56" HEIGHT="22" WC="0.96" CONTENT="kens"/><SP WIDTH="14" VPOS="1393" HPOS="242"/>
							<String ID="string_299" HPOS="256" VPOS="1394" WIDTH="66" HEIGHT="20" WC="0.95" CONTENT="antal."/>
						</TextLine>
						<TextLine ID="line_37" HPOS="255" VPOS="1428" WIDTH="125" HEIGHT="22">
							<String ID="string_300" HPOS="255" VPOS="1428" WIDTH="125" HEIGHT="22" WC="0.91" CONTENT="Bordlades."/>
						</TextLine>
					</TextBlock>
				</ComposedBlock>
			</PrintSpace>
		</Page>
	</Layout>
</alto>
