956 1700
339 128 37 16 Den
389 128 22 16 19
423 128 34 16 okt.
705 123 38 19 105

25 193 63 15 sorne
99 186 73 22 blifvit
185 186 128 28 upphjelpte
329 188 33 20 till
379 194 27 14 en
421 188 71 20 bättre
508 188 144 28 ståndpunkt,
662 187 110 22 förmodar

22 222 40 26 jag
77 221 60 21 tiden
152 228 52 14 vara
219 221 52 20 inne
287 223 41 25 att,
343 222 8 20 i
366 222 51 20 mån
432 222 24 20 af
468 221 85 21 landets
566 222 124 28 tillgångar,
701 222 72 20 lemna

25 254 77 28 bidrag
112 255 34 20 till
153 256 126 26 jernvägar.
301 255 44 20 För
360 255 135 21 närvarande
510 262 62 14 anser
585 256 39 27 jag
637 256 68 20 andra
712 256 60 26 jern-

25 290 67 26 vägar
112 288 49 21 icke
181 289 53 21 bära
253 288 42 28 sig,
311 290 27 19 än
355 288 41 22 den
412 289 93 21 emellan
520 289 140 28 Helsingfors
676 290 39 20 och
731 289 41 21 Ta-

25 322 113 27 vastehus,
149 329 35 13 om
195 322 42 21 den
247 322 122 21 utsträckes
380 323 33 20 till
425 322 92 28 Päijäne
532 325 164 26 vattensystem.
711 323 62 21 Dock

25 355 71 21 finner
111 356 40 28 jag
165 356 122 28 bevillning
301 356 48 21 icke
365 356 54 21 böra
432 356 102 28 beviljas,
552 357 76 21 förrän
643 357 37 21 det
695 356 78 21 under-

26 389 70 27 sökes,
116 390 57 20 huru
195 390 40 21 och
251 390 28 28 på
293 390 58 21 hvad
365 392 42 19 sätt
422 390 250 29 bränvinsbränningen,
688 391 85 21 kadett-

26 424 86 27 skolan,
127 424 208 28 lagmansrätterne,
351 424 152 29 kronofogde-,
524 425 48 21 bro-
587 426 39 20 och
642 425 131 27 skallfogde-

25 459 122 27 tjensterne
167 458 79 22 ordnas
267 458 29 28 på
310 460 49 26 nytt
375 459 40 21 och
430 459 209 28 ändamålsenligare
655 461 49 19 sätt.
734 453 39 27 Äf-

24 500 42 14 ven
88 492 68 21 borde
179 493 103 21 afseende
304 493 77 21 hafvas
403 494 13 20 å
434 494 59 20 förut
508 493 34 21 för
556 494 64 27 ringa
634 494 138 26 beskattade,

25 528 43 20 alla
82 527 117 21 utländska
215 527 215 28 öfverflödsdrycker,
447 530 27 18 ön
488 527 101 22 Walamo
605 528 40 20 och
662 528 111 28 kyrkorne

25 561 34 22 för
69 561 135 22 främmande
215 561 172 22 trosförvandter
397 569 28 14 m.
434 570 35 19 m.,
478 569 46 14 som
539 562 73 21 blifvit
626 562 147 22 understödde

25 596 51 21 med
90 595 111 22 allmänna
215 596 79 21 medel.
325 595 40 22 Om
381 596 56 21 efter
458 596 36 21 det
514 597 72 27 gamla
601 597 172 21 missförhållan-

26 630 42 21 den
90 629 72 22 blifvit
185 630 109 28 afhjelpta
314 630 40 21 och
370 631 112 27 jemkade,
497 631 127 28 derigenom
638 631 50 21 icke
703 631 69 22 skulle

25 664 77 28 inflyta
121 664 80 28 nödiga
220 664 93 21 medel
306 660 15 38 i
329 664 42 21 den
391 665 50 21 mån
461 665 189 21 fäderneslandets
669 666 104 21 oundvik-

26 699 44 27 liga
85 698 68 21 behof
165 698 94 27 kräfver,
275 699 67 21 borde
357 699 107 21 måhända
475 706 27 14 en
513 699 71 28 skälig
593 699 121 28 bevillning
724 700 49 21 med

25 733 59 20 vissa
98 732 138 21 föreskrifter
251 733 91 28 beviljas
357 733 35 21 för
406 735 33 19 tre
455 734 30 26 år,
500 741 50 13 men
566 735 20 27 ej
603 733 34 21 för
647 734 75 28 längre
733 735 38 26 tid,

25 767 51 20 med
90 767 71 21 vilkor
176 769 32 18 att
223 767 142 21 statsmedlen
378 767 110 21 användas
504 767 56 21 efter
574 767 85 22 landets
674 768 99 21 ständers

26 801 112 28 samtycke
161 804 58 18 emot
241 801 56 28 årlig
318 801 278 29 redovisningsskyldighet
615 801 27 22 då
657 803 116 21 ständerne

26 836 63 21 hvart
104 836 70 27 tredje
190 836 23 20 år
229 836 176 21 sammankallas.

94 870 44 28 Jag
160 869 145 22 öfverlemnar
327 870 61 21 detta
407 870 109 28 skriftliga
534 871 139 27 andragande
689 871 33 20 till
737 871 37 21 det

26 904 134 22 hedervärda
182 904 169 21 bondeståndets
374 905 144 28 granskning,
538 905 56 20 huru
614 905 40 21 och
670 905 33 20 till
717 905 57 21 hvad

26 939 35 20 del
71 939 48 20 vårt
129 939 79 27 fattiga
223 938 155 21 fädernesland
393 939 81 20 förmår
488 939 53 20 bära
556 939 64 20 dessa
634 946 42 21 nya
692 939 81 21 arbets-

26 973 84 28 planer,
133 973 40 20 och
195 974 62 20 extra
279 973 114 28 utskylder
416 973 23 21 så
451 973 108 27 jemnkas,
575 975 32 19 att
622 973 26 21 de
664 973 110 21 öfverens-

27 1007 84 21 stämde
121 1007 51 21 med
186 1007 102 21 nutidens
303 1007 151 21 förhållanden
470 1007 40 20 och
526 1013 27 14 en
568 1007 103 22 framtida
685 1008 88 20 utveck-

26 1041 56 28 ling,
105 1043 24 26 ty
151 1041 24 22 af
195 1041 72 22 denna
289 1041 79 28 nådiga
390 1041 136 28 proposition
546 1041 65 21 beror
625 1042 39 21 vår
678 1049 39 13 nu-
733 1041 39 22 och

26 1076 100 21 framtids
147 1076 64 27 lycka
233 1075 54 22 eller
309 1075 86 28 olycka;
417 1076 51 21 med
486 1075 103 21 afseende
604 1076 67 21 hvarå
685 1083 51 14 man
751 1076 21 27 ej

26 1111 46 21 helt
88 1110 40 21 och
143 1110 67 21 hållet
225 1110 44 21 kan
283 1109 94 22 förneka
390 1110 58 21 hvad
463 1110 71 21 denna
548 1110 80 28 nådiga
638 1110 135 28 proposition

27 1145 89 28 åsyftar,
139 1145 28 27 på
189 1147 43 19 sätt
252 1146 40 27 jag
306 1144 40 21 här
361 1144 65 22 ofvan
442 1145 45 21 ofta
501 1144 84 28 antydt,
600 1146 32 19 att
647 1145 127 27 isynnerhet

27 1180 33 20 uti
78 1179 44 21 alla
141 1179 86 21 landets
247 1178 80 27 skolor,
347 1178 117 28 börjandes
479 1179 48 21 från
542 1178 27 20 de
584 1179 72 27 lägsta
670 1180 56 20 ända
740 1179 34 20 till

27 1213 160 26 universitetet,
202 1214 133 26 tjenstemän
349 1212 70 22 bildas
434 1213 28 27 på
477 1213 79 20 folkets
572 1212 72 28 språk.
674 1212 43 28 Jag
731 1214 44 20 för-

28 1248 75 20 modar
119 1248 32 20 att
165 1247 48 21 icke
229 1248 73 27 någon
317 1246 103 22 förnekar
434 1247 81 27 nödiga
530 1246 71 21 medel
616 1246 34 21 till
665 1246 60 22 detta
738 1247 37 21 be-

27 1282 49 27 hof,
92 1288 35 14 om
141 1280 41 22 ock
198 1280 73 22 dertill
285 1280 89 29 åtginge
390 1280 42 21 den
447 1281 53 20 sista
514 1280 86 21 bässen.

95 1314 223 28 Landtdagsmannen
333 1314 114 21 Hiitola
461 1314 85 28 yttrade
562 1314 34 27 sig
611 1314 134 27 skriftligen:

94 1348 137 22 Inrättandet
242 1348 24 21 af
274 1348 121 21 folkskolor
405 1349 24 19 är
440 1348 116 28 onekligen
571 1348 82 27 nyttigt
668 1348 40 20 och
718 1348 56 26 kärt,

27 1390 50 14 men
93 1383 24 21 så
132 1382 97 28 önskligt
244 1382 36 21 det
295 1384 28 19 än
337 1382 35 20 må
387 1388 57 20 vara,
460 1382 63 20 rädes
538 1388 50 14 man
604 1382 13 20 ä
630 1381 67 21 andra
712 1382 60 20 sidan

28 1417 83 28 derför,
126 1416 51 22 med
191 1416 102 22 afseende
309 1417 13 21 &
336 1416 212 22 lärareseminarium
564 1416 6 21 i
587 1416 129 28 Jyväskylä,
727 1423 46 14 som
