978 1703
359 135 37 16 Den
409 134 22 17 20
443 134 36 17 okt.
725 127 40 22 121

43 195 33 21 fas
91 195 34 21 till
141 195 27 21 de
183 194 23 22 af
224 194 107 28 styrelsen
353 194 88 28 nådigst
463 194 133 28 föreslagna,
619 194 34 21 för
676 194 47 21 vårt
742 193 52 22 land

42 230 83 27 ganska
145 229 138 28 nödvändiga
302 229 71 21 behof.
403 229 52 21 Men
475 229 36 26 då,
527 229 28 28 på
571 230 42 20 sätt
628 229 53 20 flere
697 229 24 20 af
733 229 58 20 stån-

43 264 46 21 dets
105 264 143 21 medlemmar
260 263 83 28 jemväl
358 265 77 25 yttrat,
451 263 84 21 landets
550 263 135 21 närvarande
704 262 86 28 tillgån-

43 306 38 20 gar
104 298 49 21 icke
176 305 65 21 synas
264 298 74 20 kunna
352 298 99 27 uppbära
467 297 141 21 öfverhöfvan
624 299 59 19 stora
698 297 92 21 utbetal-

43 332 78 28 ningar
132 332 7 20 i
150 332 40 21 och
205 332 34 21 för
255 332 26 20 de
296 331 125 28 föreslagna
437 332 114 26 arbetena,
566 332 69 20 skulle
648 332 41 27 jag
703 331 34 21 för
747 331 45 20 min

43 366 35 21 del
93 373 53 14 anse
161 366 110 28 lämpligt,
287 367 32 20 att
334 366 13 21 å
360 365 71 22 denna
447 366 103 28 landtdag
565 365 120 29 beviljades
700 365 72 21 medel
785 365 8 20 i

43 401 84 21 mindre
148 401 60 26 mån,
229 402 28 19 än
278 401 108 26 styrelsen
403 400 124 29 föreslagit,
548 401 39 21 och
603 401 92 20 allenast
711 400 32 21 till
755 395 37 26 'så-

44 435 55 21 dane
123 435 106 28 vigtigare
252 434 75 27 behof,
351 441 45 14 som
420 435 51 20 med
491 435 82 21 minsta
594 434 91 28 möjliga
698 433 95 22 kostnad

43 469 100 21 lemnade
155 469 41 20 den
207 470 80 19 största
297 469 64 20 vinst.
391 468 98 22 Emedan
505 469 104 21 Finlands
626 469 87 21 ständer
728 468 66 21 hafva

43 503 28 21 H.
87 503 28 21 K.
131 503 62 27 M:ts,
207 503 39 21 vår
262 503 154 28 allernådigste
434 503 130 22 Storfurstes
579 503 53 21 löfte
647 510 35 14 om
697 503 96 20 ständer-

44 544 38 14 nas
105 538 201 20 sammankallande
328 538 33 20 till
383 538 104 28 landtdag
509 539 47 20 åter
575 538 55 20 efter
645 537 111 28 förloppet
771 538 23 20 af

44 574 77 19 trenne
138 572 30 27 år,
186 579 49 14 vore
251 572 116 21 ständerna
383 572 27 21 då
425 573 7 20 i
448 572 86 22 tillfälle
548 574 31 20 att
590 572 56 28 ånyo
656 572 87 21 besluta
754 572 39 20 och

45 606 75 21 bifalla
130 606 36 21 till
176 606 140 22 anskaffande
327 606 24 21 af
359 607 71 21 medel
441 608 32 20 att
483 607 53 28 fylla
552 606 25 22 de
592 608 70 20 större
677 606 115 22 behofven.

113 640 45 22 Till
178 640 25 22 de
223 641 108 28 vigtigare
353 641 106 21 behofven
477 642 36 20 vid
528 640 146 22 innevarande
690 640 103 28 landtdag

47 675 69 21 skulle
134 676 40 27 jag
193 676 92 20 hänföra
305 675 76 22 endast
401 676 220 21 folkskolelärarenes
635 675 106 28 aflöning,
757 675 37 20 be-

47 710 136 20 stämmande
199 710 24 20 af
236 709 77 28 nödigt
328 709 77 28 bidrag
420 710 33 21 till
470 712 32 19 ett
517 709 139 22 seminarium
673 710 41 21 och
724 710 33 20 till
768 716 27 14 en

46 744 77 27 början
139 744 34 21 för
189 744 83 21 mindre
289 739 77 37 aflönta
378 744 89 21 -skolors
479 745 109 27 styrelser.
610 743 34 22 En
656 745 70 20 större
736 744 58 21 kost-

47 778 42 21 nad
100 778 34 21 för
146 778 111 21 skolornes
273 778 68 21 behof
354 779 73 20 kunde
442 779 108 21 måhända
564 779 84 20 lemnas
664 778 34 21 till
713 778 81 21 nästin-

47 812 121 22 stundande
191 813 114 28 landtdags
327 813 170 21 bestämmande.
527 813 65 21 Hvad
614 813 103 21 beträffar
736 813 59 21 kom-

47 847 292 27 munikationsanstalterne,
356 848 23 21 sä
394 855 64 14 anser
471 848 39 28 jag
529 847 210 28 ändamälsenligare
756 848 39 20 och

46 882 50 21 med
118 882 103 21 afseende
237 883 13 20 &
265 882 146 21 kostnaderne
434 883 110 28 nyttigare
567 884 31 20 att
616 883 73 28 bygga
701 883 93 28 jernväg

47 917 56 21 ifrän
125 917 120 21 Riihimäki
269 917 33 21 till
324 917 65 21 Lahti
412 917 60 21 invid
492 917 128 28 Wesijärvi,
641 919 56 19 samt
716 924 79 21 genom

46 951 66 22 kanal
135 951 76 22 förena
235 952 19 27 ej
278 951 85 22 mindre
387 952 92 21 nämnde
495 953 33 26 sjö
544 951 49 22 med
608 951 103 28 Päijäne,
727 953 27 19 än
769 951 26 22 de

47 986 102 21 ofvanom
160 986 135 21 sistnämnde
305 987 34 26 sjö
349 986 94 27 belägna
458 986 157 28 vattendragen
631 986 56 20 ända
702 986 33 20 till
745 986 50 20 Pie-

48 1020 76 27 lavesi,
136 1020 107 21 sävälsom
259 1020 241 28 kanalinrättningarne
517 1020 39 21 och
571 1020 225 28 forsrensningsarbe-

48 1055 62 20 tenas
125 1054 135 21 slutförande
275 1055 35 20 för
325 1055 194 20 ästadkommande
534 1055 24 20 af
571 1054 104 28 segelfart
685 1054 48 21 från
743 1054 53 22 Wa-

48 1089 98 28 najavesi
161 1089 34 20 till
209 1089 179 28 Längelmävesi,
403 1089 119 28 Pyhäjärvi
538 1089 39 21 och
588 1089 157 26 Tammerfors,
757 1089 39 21 och

48 1123 56 21 hvad
124 1123 102 21 ständens
247 1123 164 21 vederbörande
432 1124 143 21 medlemmar
595 1123 80 28 ansäge
691 1123 105 28 nyttigast

48 1158 50 21 med
113 1157 102 22 afseende
231 1159 13 20 &
259 1158 105 27 rensning
379 1158 24 21 af
417 1159 97 20 elfvarne
529 1159 7 20 i
552 1152 142 27 Österbotten
715 1158 40 21 och
771 1158 25 21 de

49 1193 37 20 der
101 1192 95 27 belägna
210 1199 123 14 mossornes
349 1192 134 28 uttorkning.
513 1193 75 20 Större
608 1192 125 27 kostnader,
748 1192 50 21 med

48 1227 88 27 hänsigt
153 1226 32 21 till
198 1227 118 28 jernvägar
332 1227 40 21 och
387 1227 98 26 kanaler,
500 1227 81 27 ansäge
594 1227 39 28 jag
648 1227 34 20 för
701 1227 44 20 min
762 1227 33 20 del

49 1261 34 20 för
98 1261 72 20 denna
186 1261 57 27 gäng
258 1261 48 20 icke
321 1261 54 20 böra
390 1261 113 28 päläggas,
515 1261 137 21 alldenstund
667 1261 67 20 redan
749 1261 48 20 här-

49 1295 50 20 med
119 1301 52 14 vore
194 1295 33 20 för
250 1297 33 18 tre
306 1295 23 21 är
351 1301 44 22 nog
417 1295 75 22 arbete
515 1298 40 18 och
578 1295 62 20 deraf
660 1295 137 27 härflytande

49 1329 124 20 kostnader.

117 1362 226 28 Bevillningsskatten
358 1362 34 21 för
407 1362 141 22 anskaffande
564 1362 22 21 af
600 1362 71 21 medel
687 1362 33 20 till
736 1362 62 21 dessa

49 1397 125 27 föreslagne
192 1397 101 21 arbetens
314 1396 125 28 utförande,
456 1404 63 21 synes
535 1397 45 27 mig
595 1396 53 21 böra
664 1396 78 22 anlitas
758 1396 40 22 och

49 1432 133 22 bestämmas
192 1431 55 23 först
257 1432 66 23 sedan
339 1433 82 22 statens
438 1432 69 30 öfriga
522 1431 190 30 penningeaffärer
727 1431 71 25 blifvit
