<?xml version="1.0" encoding="UTF-8"?>
<alto xmlns="http://www.loc.gov/standards/alto/ns-v3#" xmlns:xlink="http://www.w3.org/1999/xlink" xmlns:xsi="http://www.w3.org/2001/XMLSchema-instance" xsi:schemaLocation="http://www.loc.gov/standards/alto/ns-v3# http://www.loc.gov/alto/v3/alto-3-0.xsd">
	<Description>
		<MeasurementUnit>pixel</MeasurementUnit>
		<sourceImageInformation>
			<fileName>/tmp/tess_aiw984qg_input.PNG</fileName>
		</sourceImageInformation>
		<OCRProcessing ID="OCR_0">
			<ocrProcessingStep>
				<processingSoftware>
					<softwareName>tesseract 5.3.4</softwareName>
				</processingSoftware>
			</ocrProcessingStep>
		</OCRProcessing>
	</Description>
	<Layout>
		<Page WIDTH="975" HEIGHT="1703" PHYSICAL_IMG_NR="0" ID="page_0">
			<PrintSpace HPOS="0" VPOS="0" WIDTH="975" HEIGHT="1703">
				<ComposedBlock ID="cblock_0" HPOS="353" VPOS="128" WIDTH="408" HEIGHT="21">
					<TextBlock ID="block_0" HPOS="353" VPOS="128" WIDTH="408" HEIGHT="21">
						<TextLine ID="line_0" HPOS="353" VPOS="128" WIDTH="408" HEIGHT="21">
							<String ID="string_0" HPOS="353" VPOS="131" WIDTH="37" HEIGHT="17" WC="0.96" CONTENT="Den"/><SP WIDTH="14" VPOS="131" HPOS="390"/>
							<String ID="string_1" HPOS="404" VPOS="132" WIDTH="21" HEIGHT="16" WC="0.96" CONTENT="17"/><SP WIDTH="14" VPOS="132" HPOS="425"/>
							<String ID="string_2" HPOS="439" VPOS="137" WIDTH="36" HEIGHT="12" WC="0.96" CONTENT="nov."/><SP WIDTH="248" VPOS="137" HPOS="475"/>
							<String ID="string_3" HPOS="723" VPOS="128" WIDTH="38" HEIGHT="20" WC="0.96" CONTENT="221"/>
						</TextLine>
					</TextBlock>
				</ComposedBlock>
				<ComposedBlock ID="cblock_1" HPOS="43" VPOS="189" WIDTH="756" HEIGHT="958">
					<TextBlock ID="block_1" HPOS="43" VPOS="189" WIDTH="753" HEIGHT="339">
						<TextLine ID="line_1" HPOS="44" VPOS="189" WIDTH="750" HEIGHT="30">
							<String ID="string_4" HPOS="44" VPOS="192" WIDTH="101" HEIGHT="27" WC="0.88" CONTENT="uppsatta"/><SP WIDTH="20" VPOS="192" HPOS="145"/>
							<String ID="string_5" HPOS="165" VPOS="191" WIDTH="82" HEIGHT="28" WC="0.96" CONTENT="förslag"/><SP WIDTH="14" VPOS="191" HPOS="247"/>
							<String ID="string_6" HPOS="261" VPOS="191" WIDTH="33" HEIGHT="20" WC="0.96" CONTENT="till"/><SP WIDTH="16" VPOS="191" HPOS="294"/>
							<String ID="string_7" HPOS="310" VPOS="191" WIDTH="26" HEIGHT="20" WC="0.93" CONTENT="de"/><SP WIDTH="16" VPOS="191" HPOS="336"/>
							<String ID="string_8" HPOS="352" VPOS="191" WIDTH="113" HEIGHT="21" WC="0.93" CONTENT="beslutade"/><SP WIDTH="16" VPOS="191" HPOS="465"/>
							<String ID="string_9" HPOS="481" VPOS="189" WIDTH="264" HEIGHT="30" WC="0.85" CONTENT="tacksägelseadresserne"/><SP WIDTH="16" VPOS="189" HPOS="745"/>
							<String ID="string_10" HPOS="761" VPOS="193" WIDTH="33" HEIGHT="22" WC="0.96" CONTENT="till"/>
						</TextLine>
						<TextLine ID="line_2" HPOS="43" VPOS="225" WIDTH="753" HEIGHT="28">
							<String ID="string_11" HPOS="43" VPOS="225" WIDTH="121" HEIGHT="28" WC="0.96" CONTENT="Rysslands"/><SP WIDTH="18" VPOS="225" HPOS="164"/>
							<String ID="string_12" HPOS="182" VPOS="225" WIDTH="40" HEIGHT="21" WC="0.96" CONTENT="och"/><SP WIDTH="12" VPOS="225" HPOS="222"/>
							<String ID="string_13" HPOS="234" VPOS="225" WIDTH="101" HEIGHT="28" WC="0.96" CONTENT="Sveriges"/><SP WIDTH="16" VPOS="225" HPOS="335"/>
							<String ID="string_14" HPOS="351" VPOS="225" WIDTH="46" HEIGHT="21" WC="0.96" CONTENT="folk"/><SP WIDTH="15" VPOS="225" HPOS="397"/>
							<String ID="string_15" HPOS="412" VPOS="228" WIDTH="56" HEIGHT="17" WC="0.93" CONTENT="samt"/><SP WIDTH="14" VPOS="228" HPOS="468"/>
							<String ID="string_16" HPOS="482" VPOS="225" WIDTH="99" HEIGHT="26" WC="0.86" CONTENT="beslutit,"/><SP WIDTH="17" VPOS="225" HPOS="581"/>
							<String ID="string_17" HPOS="598" VPOS="228" WIDTH="32" HEIGHT="18" WC="0.93" CONTENT="att"/><SP WIDTH="13" VPOS="228" HPOS="630"/>
							<String ID="string_18" HPOS="643" VPOS="226" WIDTH="66" HEIGHT="27" WC="0.92" CONTENT="sagde"/><SP WIDTH="14" VPOS="226" HPOS="709"/>
							<String ID="string_19" HPOS="723" VPOS="227" WIDTH="73" HEIGHT="21" WC="0.93" CONTENT="adres-"/>
						</TextLine>
						<TextLine ID="line_3" HPOS="44" VPOS="259" WIDTH="749" HEIGHT="28">
							<String ID="string_20" HPOS="44" VPOS="266" WIDTH="34" HEIGHT="13" WC="0.96" CONTENT="ser"/><SP WIDTH="16" VPOS="266" HPOS="78"/>
							<String ID="string_21" HPOS="94" VPOS="259" WIDTH="69" HEIGHT="20" WC="0.96" CONTENT="skulle"/><SP WIDTH="17" VPOS="259" HPOS="163"/>
							<String ID="string_22" HPOS="180" VPOS="259" WIDTH="23" HEIGHT="20" WC="0.93" CONTENT="af"/><SP WIDTH="14" VPOS="259" HPOS="203"/>
							<String ID="string_23" HPOS="217" VPOS="259" WIDTH="128" HEIGHT="21" WC="0.92" CONTENT="ständernes"/><SP WIDTH="16" VPOS="259" HPOS="345"/>
							<String ID="string_24" HPOS="361" VPOS="259" WIDTH="102" HEIGHT="28" WC="0.96" CONTENT="samtliga"/><SP WIDTH="14" VPOS="259" HPOS="463"/>
							<String ID="string_25" HPOS="477" VPOS="260" WIDTH="140" HEIGHT="21" WC="0.92" CONTENT="medlemmar"/><SP WIDTH="16" VPOS="260" HPOS="617"/>
							<String ID="string_26" HPOS="633" VPOS="261" WIDTH="108" HEIGHT="20" WC="0.91" CONTENT="ständsvis"/><SP WIDTH="14" VPOS="261" HPOS="741"/>
							<String ID="string_27" HPOS="755" VPOS="268" WIDTH="38" HEIGHT="13" WC="0.92" CONTENT="un-"/>
						</TextLine>
						<TextLine ID="line_4" HPOS="44" VPOS="293" WIDTH="749" HEIGHT="23">
							<String ID="string_28" HPOS="44" VPOS="293" WIDTH="132" HEIGHT="20" WC="0.91" CONTENT="derskrifvas"/><SP WIDTH="17" VPOS="293" HPOS="176"/>
							<String ID="string_29" HPOS="193" VPOS="293" WIDTH="39" HEIGHT="20" WC="0.96" CONTENT="och"/><SP WIDTH="16" VPOS="293" HPOS="232"/>
							<String ID="string_30" HPOS="248" VPOS="294" WIDTH="31" HEIGHT="20" WC="0.96" CONTENT="att"/><SP WIDTH="16" VPOS="294" HPOS="279"/>
							<String ID="string_31" HPOS="295" VPOS="293" WIDTH="42" HEIGHT="20" WC="0.96" CONTENT="den"/><SP WIDTH="16" VPOS="293" HPOS="337"/>
							<String ID="string_32" HPOS="353" VPOS="293" WIDTH="33" HEIGHT="20" WC="0.93" CONTENT="till"/><SP WIDTH="16" VPOS="293" HPOS="386"/>
							<String ID="string_33" HPOS="402" VPOS="293" WIDTH="129" HEIGHT="21" WC="0.91" CONTENT="adresserna"/><SP WIDTH="17" VPOS="293" HPOS="531"/>
							<String ID="string_34" HPOS="548" VPOS="293" WIDTH="97" HEIGHT="21" WC="0.92" CONTENT="hörande"/><SP WIDTH="17" VPOS="293" HPOS="645"/>
							<String ID="string_35" HPOS="662" VPOS="293" WIDTH="131" HEIGHT="23" WC="0.93" CONTENT="skrifvelsen"/>
						</TextLine>
						<TextLine ID="line_5" HPOS="44" VPOS="327" WIDTH="750" HEIGHT="27">
							<String ID="string_36" HPOS="44" VPOS="327" WIDTH="33" HEIGHT="20" WC="0.93" CONTENT="till"/><SP WIDTH="16" VPOS="327" HPOS="77"/>
							<String ID="string_37" HPOS="93" VPOS="327" WIDTH="229" HEIGHT="27" WC="0.92" CONTENT="generalguvernören"/><SP WIDTH="16" VPOS="327" HPOS="322"/>
							<String ID="string_38" HPOS="338" VPOS="327" WIDTH="87" HEIGHT="20" WC="0.93" CONTENT="komme"/><SP WIDTH="16" VPOS="327" HPOS="425"/>
							<String ID="string_39" HPOS="441" VPOS="329" WIDTH="32" HEIGHT="18" WC="0.93" CONTENT="att"/><SP WIDTH="14" VPOS="329" HPOS="473"/>
							<String ID="string_40" HPOS="487" VPOS="327" WIDTH="159" HEIGHT="21" WC="0.92" CONTENT="undertecknas"/><SP WIDTH="11" VPOS="327" HPOS="646"/>
							<String ID="string_41" HPOS="657" VPOS="328" WIDTH="25" HEIGHT="20" WC="0.93" CONTENT="af"/><SP WIDTH="8" VPOS="328" HPOS="682"/>
							<String ID="string_42" HPOS="690" VPOS="329" WIDTH="104" HEIGHT="20" WC="0.92" CONTENT="ständens"/>
						</TextLine>
						<TextLine ID="line_6" HPOS="44" VPOS="361" WIDTH="750" HEIGHT="29">
							<String ID="string_43" HPOS="44" VPOS="361" WIDTH="105" HEIGHT="27" WC="0.91" CONTENT="talemän,"/><SP WIDTH="25" VPOS="361" HPOS="149"/>
							<String ID="string_44" HPOS="174" VPOS="361" WIDTH="39" HEIGHT="21" WC="0.93" CONTENT="och"/><SP WIDTH="19" VPOS="361" HPOS="213"/>
							<String ID="string_45" HPOS="232" VPOS="362" WIDTH="33" HEIGHT="20" WC="0.59" CONTENT="3:o"/><SP WIDTH="16" VPOS="362" HPOS="265"/>
							<String ID="string_46" HPOS="281" VPOS="362" WIDTH="32" HEIGHT="20" WC="0.93" CONTENT="att"/><SP WIDTH="15" VPOS="362" HPOS="313"/>
							<String ID="string_47" HPOS="328" VPOS="362" WIDTH="161" HEIGHT="26" WC="0.92" CONTENT="prestaständet"/><SP WIDTH="15" VPOS="362" HPOS="489"/>
							<String ID="string_48" HPOS="504" VPOS="362" WIDTH="51" HEIGHT="21" WC="0.96" CONTENT="med"/><SP WIDTH="14" VPOS="362" HPOS="555"/>
							<String ID="string_49" HPOS="569" VPOS="361" WIDTH="94" HEIGHT="29" WC="0.96" CONTENT="ändring"/><SP WIDTH="15" VPOS="361" HPOS="663"/>
							<String ID="string_50" HPOS="678" VPOS="362" WIDTH="24" HEIGHT="21" WC="0.97" CONTENT="af"/><SP WIDTH="14" VPOS="362" HPOS="702"/>
							<String ID="string_51" HPOS="716" VPOS="364" WIDTH="31" HEIGHT="19" WC="0.93" CONTENT="ett"/><SP WIDTH="16" VPOS="364" HPOS="747"/>
							<String ID="string_52" HPOS="763" VPOS="363" WIDTH="31" HEIGHT="21" WC="0.92" CONTENT="fö-"/>
						</TextLine>
						<TextLine ID="line_7" HPOS="44" VPOS="395" WIDTH="751" HEIGHT="29">
							<String ID="string_53" HPOS="44" VPOS="396" WIDTH="109" HEIGHT="27" WC="0.89" CONTENT="regäende"/><SP WIDTH="16" VPOS="396" HPOS="153"/>
							<String ID="string_54" HPOS="169" VPOS="396" WIDTH="82" HEIGHT="26" WC="0.96" CONTENT="beslut,"/><SP WIDTH="16" VPOS="396" HPOS="251"/>
							<String ID="string_55" HPOS="267" VPOS="396" WIDTH="7" HEIGHT="20" WC="0.93" CONTENT="i"/><SP WIDTH="15" VPOS="396" HPOS="274"/>
							<String ID="string_56" HPOS="289" VPOS="395" WIDTH="71" HEIGHT="21" WC="0.91" CONTENT="likhet"/><SP WIDTH="15" VPOS="395" HPOS="360"/>
							<String ID="string_57" HPOS="375" VPOS="396" WIDTH="51" HEIGHT="21" WC="0.93" CONTENT="med"/><SP WIDTH="14" VPOS="396" HPOS="426"/>
							<String ID="string_58" HPOS="440" VPOS="396" WIDTH="152" HEIGHT="28" WC="0.92" CONTENT="ridderskapet"/><SP WIDTH="16" VPOS="396" HPOS="592"/>
							<String ID="string_59" HPOS="608" VPOS="397" WIDTH="39" HEIGHT="21" WC="0.93" CONTENT="och"/><SP WIDTH="17" VPOS="397" HPOS="647"/>
							<String ID="string_60" HPOS="664" VPOS="397" WIDTH="63" HEIGHT="21" WC="0.93" CONTENT="adeln"/><SP WIDTH="12" VPOS="397" HPOS="727"/>
							<String ID="string_61" HPOS="739" VPOS="399" WIDTH="56" HEIGHT="19" WC="0.96" CONTENT="samt"/>
						</TextLine>
						<TextLine ID="line_8" HPOS="43" VPOS="430" WIDTH="752" HEIGHT="30">
							<String ID="string_62" HPOS="43" VPOS="430" WIDTH="160" HEIGHT="21" WC="0.91" CONTENT="bondeständet"/><SP WIDTH="15" VPOS="430" HPOS="203"/>
							<String ID="string_63" HPOS="218" VPOS="431" WIDTH="122" HEIGHT="20" WC="0.92" CONTENT="remitterat"/><SP WIDTH="16" VPOS="431" HPOS="340"/>
							<String ID="string_64" HPOS="356" VPOS="430" WIDTH="164" HEIGHT="28" WC="0.96" CONTENT="propositionen"/><SP WIDTH="14" VPOS="430" HPOS="520"/>
							<String ID="string_65" HPOS="534" VPOS="438" WIDTH="35" HEIGHT="14" WC="0.96" CONTENT="n:o"/><SP WIDTH="11" VPOS="438" HPOS="569"/>
							<String ID="string_66" HPOS="580" VPOS="432" WIDTH="20" HEIGHT="25" WC="0.93" CONTENT="4,"/><SP WIDTH="16" VPOS="432" HPOS="600"/>
							<String ID="string_67" HPOS="616" VPOS="431" WIDTH="113" HEIGHT="28" WC="0.91" CONTENT="angäende"/><SP WIDTH="11" VPOS="431" HPOS="729"/>
							<String ID="string_68" HPOS="740" VPOS="439" WIDTH="55" HEIGHT="21" WC="0.92" CONTENT="upp-"/>
						</TextLine>
						<TextLine ID="line_9" HPOS="43" VPOS="463" WIDTH="753" HEIGHT="29">
							<String ID="string_69" HPOS="43" VPOS="463" WIDTH="109" HEIGHT="22" WC="0.92" CONTENT="häfvande"/><SP WIDTH="21" VPOS="463" HPOS="152"/>
							<String ID="string_70" HPOS="173" VPOS="464" WIDTH="24" HEIGHT="21" WC="0.93" CONTENT="af"/><SP WIDTH="18" VPOS="464" HPOS="197"/>
							<String ID="string_71" HPOS="215" VPOS="464" WIDTH="162" HEIGHT="28" WC="0.91" CONTENT="ridderskapets"/><SP WIDTH="20" VPOS="464" HPOS="377"/>
							<String ID="string_72" HPOS="397" VPOS="466" WIDTH="40" HEIGHT="20" WC="0.93" CONTENT="och"/><SP WIDTH="20" VPOS="466" HPOS="437"/>
							<String ID="string_73" HPOS="457" VPOS="465" WIDTH="75" HEIGHT="21" WC="0.91" CONTENT="adelns"/><SP WIDTH="19" VPOS="465" HPOS="532"/>
							<String ID="string_74" HPOS="551" VPOS="465" WIDTH="138" HEIGHT="22" WC="0.92" CONTENT="uteslutande"/><SP WIDTH="16" VPOS="465" HPOS="689"/>
							<String ID="string_75" HPOS="705" VPOS="467" WIDTH="44" HEIGHT="20" WC="0.96" CONTENT="rätt"/><SP WIDTH="15" VPOS="467" HPOS="749"/>
							<String ID="string_76" HPOS="764" VPOS="468" WIDTH="32" HEIGHT="19" WC="0.96" CONTENT="att"/>
						</TextLine>
						<TextLine ID="line_10" HPOS="45" VPOS="498" WIDTH="612" HEIGHT="30">
							<String ID="string_77" HPOS="45" VPOS="500" WIDTH="41" HEIGHT="26" WC="0.92" CONTENT="äga"/><SP WIDTH="15" VPOS="500" HPOS="86"/>
							<String ID="string_78" HPOS="101" VPOS="498" WIDTH="118" HEIGHT="29" WC="0.93" CONTENT="frälsejord"/><SP WIDTH="14" VPOS="498" HPOS="219"/>
							<String ID="string_79" HPOS="233" VPOS="499" WIDTH="50" HEIGHT="21" WC="0.92" CONTENT="med"/><SP WIDTH="16" VPOS="499" HPOS="283"/>
							<String ID="string_80" HPOS="299" VPOS="499" WIDTH="143" HEIGHT="27" WC="0.92" CONTENT="säterifrihet,"/><SP WIDTH="16" VPOS="499" HPOS="442"/>
							<String ID="string_81" HPOS="458" VPOS="500" WIDTH="33" HEIGHT="20" WC="0.93" CONTENT="till"/><SP WIDTH="15" VPOS="500" HPOS="491"/>
							<String ID="string_82" HPOS="506" VPOS="500" WIDTH="151" HEIGHT="28" WC="0.89" CONTENT="lagutskottet."/>
						</TextLine>
					</TextBlock>
					<TextBlock ID="block_2" HPOS="45" VPOS="533" WIDTH="750" HEIGHT="56">
						<TextLine ID="line_11" HPOS="113" VPOS="533" WIDTH="682" HEIGHT="29">
							<String ID="string_83" HPOS="113" VPOS="533" WIDTH="149" HEIGHT="22" WC="0.91" CONTENT="Talemannen"/><SP WIDTH="21" VPOS="533" HPOS="262"/>
							<String ID="string_84" HPOS="283" VPOS="533" WIDTH="92" HEIGHT="22" WC="0.91" CONTENT="tackade"/><SP WIDTH="19" VPOS="533" HPOS="375"/>
							<String ID="string_85" HPOS="394" VPOS="534" WIDTH="167" HEIGHT="28" WC="0.92" CONTENT="deputationen,"/><SP WIDTH="24" VPOS="534" HPOS="561"/>
							<String ID="string_86" HPOS="585" VPOS="541" WIDTH="45" HEIGHT="14" WC="0.93" CONTENT="som"/><SP WIDTH="19" VPOS="541" HPOS="630"/>
							<String ID="string_87" HPOS="649" VPOS="534" WIDTH="97" HEIGHT="28" WC="0.92" CONTENT="derefter"/><SP WIDTH="18" VPOS="534" HPOS="746"/>
							<String ID="string_88" HPOS="764" VPOS="534" WIDTH="31" HEIGHT="21" WC="0.89" CONTENT="af-"/>
						</TextLine>
						<TextLine ID="line_12" HPOS="45" VPOS="568" WIDTH="81" HEIGHT="21">
							<String ID="string_89" HPOS="45" VPOS="568" WIDTH="81" HEIGHT="21" WC="0.96" CONTENT="trädde."/>
						</TextLine>
					</TextBlock>
					<TextBlock ID="block_3" HPOS="46" VPOS="635" WIDTH="752" HEIGHT="265">
						<TextLine ID="line_13" HPOS="113" VPOS="635" WIDTH="683" HEIGHT="30">
							<String ID="string_90" HPOS="113" VPOS="636" WIDTH="32" HEIGHT="22" WC="0.91" CONTENT="Pä"/><SP WIDTH="23" VPOS="636" HPOS="145"/>
							<String ID="string_91" HPOS="168" VPOS="635" WIDTH="75" HEIGHT="23" WC="0.89" CONTENT="derom"/><SP WIDTH="23" VPOS="635" HPOS="243"/>
							<String ID="string_92" HPOS="266" VPOS="637" WIDTH="64" HEIGHT="28" WC="0.90" CONTENT="gjord"/><SP WIDTH="22" VPOS="637" HPOS="330"/>
							<String ID="string_93" HPOS="352" VPOS="637" WIDTH="162" HEIGHT="28" WC="0.93" CONTENT="framställning"/><SP WIDTH="23" VPOS="637" HPOS="514"/>
							<String ID="string_94" HPOS="537" VPOS="637" WIDTH="103" HEIGHT="21" WC="0.91" CONTENT="förenade"/><SP WIDTH="24" VPOS="637" HPOS="640"/>
							<String ID="string_95" HPOS="664" VPOS="636" WIDTH="33" HEIGHT="29" WC="0.93" CONTENT="sig"/><SP WIDTH="18" VPOS="636" HPOS="697"/>
							<String ID="string_96" HPOS="715" VPOS="636" WIDTH="81" HEIGHT="23" WC="0.91" CONTENT="bonde-"/>
						</TextLine>
						<TextLine ID="line_14" HPOS="46" VPOS="670" WIDTH="751" HEIGHT="30">
							<String ID="string_97" HPOS="46" VPOS="670" WIDTH="86" HEIGHT="22" WC="0.92" CONTENT="ständet"/><SP WIDTH="15" VPOS="670" HPOS="132"/>
							<String ID="string_98" HPOS="147" VPOS="671" WIDTH="7" HEIGHT="21" WC="0.93" CONTENT="i"/><SP WIDTH="15" VPOS="671" HPOS="154"/>
							<String ID="string_99" HPOS="169" VPOS="671" WIDTH="163" HEIGHT="28" WC="0.92" CONTENT="ridderskapets"/><SP WIDTH="16" VPOS="671" HPOS="332"/>
							<String ID="string_100" HPOS="348" VPOS="671" WIDTH="39" HEIGHT="21" WC="0.93" CONTENT="och"/><SP WIDTH="17" VPOS="671" HPOS="387"/>
							<String ID="string_101" HPOS="404" VPOS="672" WIDTH="75" HEIGHT="20" WC="0.92" CONTENT="adelns"/><SP WIDTH="16" VPOS="672" HPOS="479"/>
							<String ID="string_102" HPOS="495" VPOS="679" WIDTH="78" HEIGHT="21" WC="0.93" CONTENT="genom"/><SP WIDTH="16" VPOS="679" HPOS="573"/>
							<String ID="string_103" HPOS="589" VPOS="672" WIDTH="126" HEIGHT="28" WC="0.92" CONTENT="deputation"/><SP WIDTH="16" VPOS="672" HPOS="715"/>
							<String ID="string_104" HPOS="731" VPOS="673" WIDTH="7" HEIGHT="19" WC="0.96" CONTENT="i"/><SP WIDTH="17" VPOS="673" HPOS="738"/>
							<String ID="string_105" HPOS="755" VPOS="672" WIDTH="42" HEIGHT="28" WC="0.97" CONTENT="dag"/>
						</TextLine>
						<TextLine ID="line_15" HPOS="46" VPOS="706" WIDTH="750" HEIGHT="29">
							<String ID="string_106" HPOS="46" VPOS="706" WIDTH="129" HEIGHT="22" WC="0.91" CONTENT="meddelade"/><SP WIDTH="15" VPOS="706" HPOS="175"/>
							<String ID="string_107" HPOS="190" VPOS="706" WIDTH="72" HEIGHT="21" WC="0.93" CONTENT="beslut"/><SP WIDTH="15" VPOS="706" HPOS="262"/>
							<String ID="string_108" HPOS="277" VPOS="706" WIDTH="86" HEIGHT="26" WC="0.92" CONTENT="derom,"/><SP WIDTH="17" VPOS="706" HPOS="363"/>
							<String ID="string_109" HPOS="380" VPOS="708" WIDTH="31" HEIGHT="19" WC="0.95" CONTENT="att"/><SP WIDTH="17" VPOS="708" HPOS="411"/>
							<String ID="string_110" HPOS="428" VPOS="706" WIDTH="42" HEIGHT="21" WC="0.92" CONTENT="den"/><SP WIDTH="15" VPOS="706" HPOS="470"/>
							<String ID="string_111" HPOS="485" VPOS="706" WIDTH="149" HEIGHT="28" WC="0.92" CONTENT="underdäniga"/><SP WIDTH="11" VPOS="706" HPOS="634"/>
							<String ID="string_112" HPOS="645" VPOS="706" WIDTH="151" HEIGHT="29" WC="0.91" CONTENT="ansökningen"/>
						</TextLine>
						<TextLine ID="line_16" HPOS="47" VPOS="740" WIDTH="751" HEIGHT="28">
							<String ID="string_113" HPOS="47" VPOS="748" WIDTH="34" HEIGHT="14" WC="0.93" CONTENT="om"/><SP WIDTH="15" VPOS="748" HPOS="81"/>
							<String ID="string_114" HPOS="96" VPOS="740" WIDTH="141" HEIGHT="28" WC="0.96" CONTENT="förlängning"/><SP WIDTH="16" VPOS="740" HPOS="237"/>
							<String ID="string_115" HPOS="253" VPOS="740" WIDTH="24" HEIGHT="21" WC="0.96" CONTENT="af"/><SP WIDTH="12" VPOS="740" HPOS="277"/>
							<String ID="string_116" HPOS="289" VPOS="740" WIDTH="60" HEIGHT="22" WC="0.96" CONTENT="tiden"/><SP WIDTH="15" VPOS="740" HPOS="349"/>
							<String ID="string_117" HPOS="364" VPOS="740" WIDTH="35" HEIGHT="22" WC="0.93" CONTENT="för"/><SP WIDTH="15" VPOS="740" HPOS="399"/>
							<String ID="string_118" HPOS="414" VPOS="740" WIDTH="127" HEIGHT="22" WC="0.93" CONTENT="ständernas"/><SP WIDTH="12" VPOS="740" HPOS="541"/>
							<String ID="string_119" HPOS="553" VPOS="746" WIDTH="158" HEIGHT="22" WC="0.81" CONTENT="sammanvaro,"/><SP WIDTH="16" VPOS="746" HPOS="711"/>
							<String ID="string_120" HPOS="727" VPOS="741" WIDTH="71" HEIGHT="21" WC="0.96" CONTENT="skulle"/>
						</TextLine>
						<TextLine ID="line_17" HPOS="47" VPOS="775" WIDTH="750" HEIGHT="22">
							<String ID="string_121" HPOS="47" VPOS="775" WIDTH="140" HEIGHT="22" WC="0.91" CONTENT="öfversändas"/><SP WIDTH="23" VPOS="775" HPOS="187"/>
							<String ID="string_122" HPOS="210" VPOS="775" WIDTH="33" HEIGHT="21" WC="0.93" CONTENT="till"/><SP WIDTH="22" VPOS="775" HPOS="243"/>
							<String ID="string_123" HPOS="265" VPOS="775" WIDTH="21" HEIGHT="21" WC="0.92" CONTENT="h."/><SP WIDTH="25" VPOS="775" HPOS="286"/>
							<String ID="string_124" HPOS="311" VPOS="782" WIDTH="45" HEIGHT="14" WC="0.92" CONTENT="exc."/><SP WIDTH="22" VPOS="782" HPOS="356"/>
							<String ID="string_125" HPOS="378" VPOS="775" WIDTH="308" HEIGHT="21" WC="0.92" CONTENT="ministerstatssekreteraren"/><SP WIDTH="23" VPOS="775" HPOS="686"/>
							<String ID="string_126" HPOS="709" VPOS="776" WIDTH="34" HEIGHT="21" WC="0.96" CONTENT="för"/><SP WIDTH="22" VPOS="776" HPOS="743"/>
							<String ID="string_127" HPOS="765" VPOS="777" WIDTH="32" HEIGHT="20" WC="0.96" CONTENT="att"/>
						</TextLine>
						<TextLine ID="line_18" HPOS="46" VPOS="809" WIDTH="751" HEIGHT="29">
							<String ID="string_128" HPOS="46" VPOS="810" WIDTH="28" HEIGHT="22" WC="0.93" CONTENT="H."/><SP WIDTH="19" VPOS="810" HPOS="74"/>
							<String ID="string_129" HPOS="93" VPOS="810" WIDTH="40" HEIGHT="21" WC="0.91" CONTENT="M:t"/><SP WIDTH="18" VPOS="810" HPOS="133"/>
							<String ID="string_130" HPOS="151" VPOS="809" WIDTH="109" HEIGHT="29" WC="0.91" CONTENT="Kejsaren"/><SP WIDTH="18" VPOS="809" HPOS="260"/>
							<String ID="string_131" HPOS="278" VPOS="810" WIDTH="138" HEIGHT="28" WC="0.91" CONTENT="föredragas;"/><SP WIDTH="24" VPOS="810" HPOS="416"/>
							<String ID="string_132" HPOS="440" VPOS="811" WIDTH="40" HEIGHT="20" WC="0.93" CONTENT="och"/><SP WIDTH="19" VPOS="811" HPOS="480"/>
							<String ID="string_133" HPOS="499" VPOS="811" WIDTH="86" HEIGHT="21" WC="0.92" CONTENT="komme"/><SP WIDTH="19" VPOS="811" HPOS="585"/>
							<String ID="string_134" HPOS="604" VPOS="810" WIDTH="60" HEIGHT="21" WC="0.97" CONTENT="detta"/><SP WIDTH="14" VPOS="810" HPOS="664"/>
							<String ID="string_135" HPOS="678" VPOS="810" WIDTH="73" HEIGHT="21" WC="0.96" CONTENT="beslut"/><SP WIDTH="14" VPOS="810" HPOS="751"/>
							<String ID="string_136" HPOS="765" VPOS="811" WIDTH="32" HEIGHT="20" WC="0.96" CONTENT="att"/>
						</TextLine>
						<TextLine ID="line_19" HPOS="47" VPOS="843" WIDTH="750" HEIGHT="29">
							<String ID="string_137" HPOS="47" VPOS="852" WIDTH="79" HEIGHT="20" WC="0.93" CONTENT="genom"/><SP WIDTH="21" VPOS="852" HPOS="126"/>
							<String ID="string_138" HPOS="147" VPOS="844" WIDTH="202" HEIGHT="28" WC="0.92" CONTENT="protokollsutdrag"/><SP WIDTH="20" VPOS="844" HPOS="349"/>
							<String ID="string_139" HPOS="369" VPOS="844" WIDTH="107" HEIGHT="28" WC="0.91" CONTENT="delgifvas"/><SP WIDTH="19" VPOS="844" HPOS="476"/>
							<String ID="string_140" HPOS="495" VPOS="844" WIDTH="142" HEIGHT="22" WC="0.91" CONTENT="medständen"/><SP WIDTH="17" VPOS="844" HPOS="637"/>
							<String ID="string_141" HPOS="654" VPOS="843" WIDTH="40" HEIGHT="22" WC="0.93" CONTENT="och"/><SP WIDTH="15" VPOS="843" HPOS="694"/>
							<String ID="string_142" HPOS="709" VPOS="845" WIDTH="88" HEIGHT="27" WC="0.92" CONTENT="expedi-"/>
						</TextLine>
						<TextLine ID="line_20" HPOS="48" VPOS="879" WIDTH="171" HEIGHT="21">
							<String ID="string_143" HPOS="48" VPOS="879" WIDTH="171" HEIGHT="21" WC="0.92" CONTENT="tionsutskottet."/>
						</TextLine>
					</TextBlock>
					<TextBlock ID="block_4" HPOS="48" VPOS="947" WIDTH="751" HEIGHT="200">
						<TextLine ID="line_21" HPOS="115" VPOS="947" WIDTH="684" HEIGHT="29">
							<String ID="string_144" HPOS="115" VPOS="948" WIDTH="124" HEIGHT="28" WC="0.92" CONTENT="Föredrogs"/><SP WIDTH="16" VPOS="948" HPOS="239"/>
							<String ID="string_145" HPOS="255" VPOS="948" WIDTH="173" HEIGHT="28" WC="0.92" CONTENT="prestaständets"/><SP WIDTH="13" VPOS="948" HPOS="428"/>
							<String ID="string_146" HPOS="441" VPOS="948" WIDTH="8" HEIGHT="20" WC="0.96" CONTENT="i"/><SP WIDTH="11" VPOS="948" HPOS="449"/>
							<String ID="string_147" HPOS="460" VPOS="948" WIDTH="42" HEIGHT="28" WC="0.96" CONTENT="dag"/><SP WIDTH="10" VPOS="948" HPOS="502"/>
							<String ID="string_148" HPOS="512" VPOS="954" WIDTH="79" HEIGHT="22" WC="0.93" CONTENT="genom"/><SP WIDTH="11" VPOS="954" HPOS="591"/>
							<String ID="string_149" HPOS="602" VPOS="947" WIDTH="128" HEIGHT="29" WC="0.91" CONTENT="deputation"/><SP WIDTH="10" VPOS="947" HPOS="730"/>
							<String ID="string_150" HPOS="740" VPOS="948" WIDTH="59" HEIGHT="20" WC="0.93" CONTENT="med-"/>
						</TextLine>
						<TextLine ID="line_22" HPOS="48" VPOS="982" WIDTH="751" HEIGHT="28">
							<String ID="string_151" HPOS="48" VPOS="982" WIDTH="76" HEIGHT="22" WC="0.92" CONTENT="delade"/><SP WIDTH="11" VPOS="982" HPOS="124"/>
							<String ID="string_152" HPOS="135" VPOS="982" WIDTH="82" HEIGHT="27" WC="0.93" CONTENT="beslut,"/><SP WIDTH="16" VPOS="982" HPOS="217"/>
							<String ID="string_153" HPOS="233" VPOS="982" WIDTH="113" HEIGHT="28" WC="0.92" CONTENT="angäende"/><SP WIDTH="11" VPOS="982" HPOS="346"/>
							<String ID="string_154" HPOS="357" VPOS="984" WIDTH="66" HEIGHT="19" WC="0.96" CONTENT="sättet"/><SP WIDTH="15" VPOS="984" HPOS="423"/>
							<String ID="string_155" HPOS="438" VPOS="982" WIDTH="34" HEIGHT="21" WC="0.97" CONTENT="för"/><SP WIDTH="11" VPOS="982" HPOS="472"/>
							<String ID="string_156" HPOS="483" VPOS="982" WIDTH="25" HEIGHT="21" WC="0.96" CONTENT="de"/><SP WIDTH="11" VPOS="982" HPOS="508"/>
							<String ID="string_157" HPOS="519" VPOS="982" WIDTH="34" HEIGHT="21" WC="0.93" CONTENT="till"/><SP WIDTH="10" VPOS="982" HPOS="553"/>
							<String ID="string_158" HPOS="563" VPOS="982" WIDTH="121" HEIGHT="28" WC="0.92" CONTENT="Rysslands"/><SP WIDTH="12" VPOS="982" HPOS="684"/>
							<String ID="string_159" HPOS="696" VPOS="982" WIDTH="40" HEIGHT="21" WC="0.93" CONTENT="och"/><SP WIDTH="11" VPOS="982" HPOS="736"/>
							<String ID="string_160" HPOS="747" VPOS="982" WIDTH="52" HEIGHT="21" WC="0.88" CONTENT="Sve-"/>
						</TextLine>
						<TextLine ID="line_23" HPOS="48" VPOS="1016" WIDTH="751" HEIGHT="29">
							<String ID="string_161" HPOS="48" VPOS="1016" WIDTH="58" HEIGHT="29" WC="0.93" CONTENT="riges"/><SP WIDTH="16" VPOS="1016" HPOS="106"/>
							<String ID="string_162" HPOS="122" VPOS="1017" WIDTH="47" HEIGHT="20" WC="0.93" CONTENT="folk"/><SP WIDTH="14" VPOS="1017" HPOS="169"/>
							<String ID="string_163" HPOS="183" VPOS="1016" WIDTH="114" HEIGHT="22" WC="0.93" CONTENT="beslutade"/><SP WIDTH="15" VPOS="1016" HPOS="297"/>
							<String ID="string_164" HPOS="312" VPOS="1017" WIDTH="294" HEIGHT="28" WC="0.88" CONTENT="tacksägelseaddressernas"/><SP WIDTH="15" VPOS="1017" HPOS="606"/>
							<String ID="string_165" HPOS="621" VPOS="1016" WIDTH="178" HEIGHT="21" WC="0.91" CONTENT="underskrifvan-"/>
						</TextLine>
						<TextLine ID="line_24" HPOS="48" VPOS="1050" WIDTH="751" HEIGHT="29">
							<String ID="string_166" HPOS="48" VPOS="1051" WIDTH="36" HEIGHT="27" WC="0.93" CONTENT="de;"/><SP WIDTH="16" VPOS="1051" HPOS="84"/>
							<String ID="string_167" HPOS="100" VPOS="1051" WIDTH="160" HEIGHT="21" WC="0.92" CONTENT="bondeständet"/><SP WIDTH="19" VPOS="1051" HPOS="260"/>
							<String ID="string_168" HPOS="279" VPOS="1051" WIDTH="105" HEIGHT="20" WC="0.92" CONTENT="förenade"/><SP WIDTH="15" VPOS="1051" HPOS="384"/>
							<String ID="string_169" HPOS="399" VPOS="1051" WIDTH="34" HEIGHT="27" WC="0.96" CONTENT="sig"/><SP WIDTH="14" VPOS="1051" HPOS="433"/>
							<String ID="string_170" HPOS="447" VPOS="1051" WIDTH="8" HEIGHT="20" WC="0.93" CONTENT="i"/><SP WIDTH="15" VPOS="1051" HPOS="455"/>
							<String ID="string_171" HPOS="470" VPOS="1051" WIDTH="171" HEIGHT="28" WC="0.93" CONTENT="prestaständets"/><SP WIDTH="15" VPOS="1051" HPOS="641"/>
							<String ID="string_172" HPOS="656" VPOS="1050" WIDTH="73" HEIGHT="21" WC="0.96" CONTENT="beslut"/><SP WIDTH="15" VPOS="1050" HPOS="729"/>
							<String ID="string_173" HPOS="744" VPOS="1051" WIDTH="6" HEIGHT="20" WC="0.93" CONTENT="i"/><SP WIDTH="17" VPOS="1051" HPOS="750"/>
							<String ID="string_174" HPOS="767" VPOS="1058" WIDTH="32" HEIGHT="13" WC="0.93" CONTENT="sa-"/>
						</TextLine>
						<TextLine ID="line_25" HPOS="49" VPOS="1085" WIDTH="750" HEIGHT="28">
							<String ID="string_175" HPOS="49" VPOS="1085" WIDTH="52" HEIGHT="27" WC="0.96" CONTENT="ken;"/><SP WIDTH="24" VPOS="1085" HPOS="101"/>
							<String ID="string_176" HPOS="125" VPOS="1085" WIDTH="40" HEIGHT="21" WC="0.96" CONTENT="och"/><SP WIDTH="23" VPOS="1085" HPOS="165"/>
							<String ID="string_177" HPOS="188" VPOS="1085" WIDTH="70" HEIGHT="21" WC="0.93" CONTENT="skulle"/><SP WIDTH="20" VPOS="1085" HPOS="258"/>
							<String ID="string_178" HPOS="278" VPOS="1085" WIDTH="143" HEIGHT="21" WC="0.91" CONTENT="medständen"/><SP WIDTH="22" VPOS="1085" HPOS="421"/>
							<String ID="string_179" HPOS="443" VPOS="1085" WIDTH="40" HEIGHT="20" WC="0.93" CONTENT="och"/><SP WIDTH="19" VPOS="1085" HPOS="483"/>
							<String ID="string_180" HPOS="502" VPOS="1085" WIDTH="245" HEIGHT="28" WC="0.92" CONTENT="expeditionsutskottet"/><SP WIDTH="15" VPOS="1085" HPOS="747"/>
							<String ID="string_181" HPOS="762" VPOS="1091" WIDTH="37" HEIGHT="21" WC="0.93" CONTENT="ge-"/>
						</TextLine>
						<TextLine ID="line_26" HPOS="49" VPOS="1119" WIDTH="516" HEIGHT="28">
							<String ID="string_182" HPOS="49" VPOS="1126" WIDTH="50" HEIGHT="13" WC="0.93" CONTENT="nom"/><SP WIDTH="16" VPOS="1126" HPOS="99"/>
							<String ID="string_183" HPOS="115" VPOS="1119" WIDTH="200" HEIGHT="28" WC="0.92" CONTENT="protokollsutdrag"/><SP WIDTH="15" VPOS="1119" HPOS="315"/>
							<String ID="string_184" HPOS="330" VPOS="1119" WIDTH="76" HEIGHT="21" WC="0.92" CONTENT="härom"/><SP WIDTH="16" VPOS="1119" HPOS="406"/>
							<String ID="string_185" HPOS="422" VPOS="1119" WIDTH="143" HEIGHT="21" WC="0.92" CONTENT="underrättas."/>
						</TextLine>
					</TextBlock>
				</ComposedBlock>
				<ComposedBlock ID="cblock_2" HPOS="49" VPOS="1186" WIDTH="752" HEIGHT="267">
					<TextBlock ID="block_5" HPOS="49" VPOS="1186" WIDTH="752" HEIGHT="267">
						<TextLine ID="line_27" HPOS="117" VPOS="1186" WIDTH="682" HEIGHT="29">
							<String ID="string_186" HPOS="117" VPOS="1188" WIDTH="124" HEIGHT="27" WC="0.91" CONTENT="Föredrogs"/><SP WIDTH="23" VPOS="1188" HPOS="241"/>
							<String ID="string_187" HPOS="264" VPOS="1189" WIDTH="156" HEIGHT="19" WC="0.92" CONTENT="sammansatta"/><SP WIDTH="22" VPOS="1189" HPOS="420"/>
							<String ID="string_188" HPOS="442" VPOS="1189" WIDTH="63" HEIGHT="19" WC="0.92" CONTENT="stats-"/><SP WIDTH="16" VPOS="1189" HPOS="505"/>
							<String ID="string_189" HPOS="521" VPOS="1187" WIDTH="41" HEIGHT="21" WC="0.93" CONTENT="och"/><SP WIDTH="16" VPOS="1187" HPOS="562"/>
							<String ID="string_190" HPOS="578" VPOS="1186" WIDTH="221" HEIGHT="22" WC="0.91" CONTENT="ekonomiutskottets"/>
						</TextLine>
						<TextLine ID="line_28" HPOS="50" VPOS="1220" WIDTH="749" HEIGHT="28">
							<String ID="string_191" HPOS="50" VPOS="1221" WIDTH="114" HEIGHT="21" WC="0.92" CONTENT="skrifvelse"/><SP WIDTH="19" VPOS="1221" HPOS="164"/>
							<String ID="string_192" HPOS="183" VPOS="1222" WIDTH="24" HEIGHT="20" WC="0.96" CONTENT="af"/><SP WIDTH="16" VPOS="1222" HPOS="207"/>
							<String ID="string_193" HPOS="223" VPOS="1222" WIDTH="42" HEIGHT="20" WC="0.96" CONTENT="den"/><SP WIDTH="20" VPOS="1222" HPOS="265"/>
							<String ID="string_194" HPOS="285" VPOS="1223" WIDTH="26" HEIGHT="19" WC="0.96" CONTENT="16"/><SP WIDTH="19" VPOS="1223" HPOS="311"/>
							<String ID="string_195" HPOS="330" VPOS="1222" WIDTH="126" HEIGHT="26" WC="0.93" CONTENT="november,"/><SP WIDTH="23" VPOS="1222" HPOS="456"/>
							<String ID="string_196" HPOS="479" VPOS="1221" WIDTH="46" HEIGHT="21" WC="0.92" CONTENT="deri"/><SP WIDTH="19" VPOS="1221" HPOS="525"/>
							<String ID="string_197" HPOS="544" VPOS="1220" WIDTH="66" HEIGHT="28" WC="0.92" CONTENT="sagda"/><SP WIDTH="15" VPOS="1220" HPOS="610"/>
							<String ID="string_198" HPOS="625" VPOS="1221" WIDTH="85" HEIGHT="21" WC="0.92" CONTENT="utskott"/><SP WIDTH="15" VPOS="1221" HPOS="710"/>
							<String ID="string_199" HPOS="725" VPOS="1220" WIDTH="74" HEIGHT="21" WC="0.92" CONTENT="anhäl-"/>
						</TextLine>
						<TextLine ID="line_29" HPOS="49" VPOS="1254" WIDTH="750" HEIGHT="29">
							<String ID="string_200" HPOS="49" VPOS="1256" WIDTH="39" HEIGHT="26" WC="0.94" CONTENT="ler,"/><SP WIDTH="23" VPOS="1256" HPOS="88"/>
							<String ID="string_201" HPOS="111" VPOS="1258" WIDTH="32" HEIGHT="18" WC="0.93" CONTENT="att"/><SP WIDTH="22" VPOS="1258" HPOS="143"/>
							<String ID="string_202" HPOS="165" VPOS="1256" WIDTH="159" HEIGHT="21" WC="0.96" CONTENT="bondeståndet"/><SP WIDTH="22" VPOS="1256" HPOS="324"/>
							<String ID="string_203" HPOS="346" VPOS="1256" WIDTH="51" HEIGHT="20" WC="0.93" CONTENT="ville"/><SP WIDTH="23" VPOS="1256" HPOS="397"/>
							<String ID="string_204" HPOS="420" VPOS="1255" WIDTH="90" HEIGHT="28" WC="0.93" CONTENT="inbjuda"/><SP WIDTH="22" VPOS="1255" HPOS="510"/>
							<String ID="string_205" HPOS="532" VPOS="1257" WIDTH="83" HEIGHT="26" WC="0.92" CONTENT="presta-"/><SP WIDTH="21" VPOS="1257" HPOS="615"/>
							<String ID="string_206" HPOS="636" VPOS="1254" WIDTH="40" HEIGHT="22" WC="0.93" CONTENT="och"/><SP WIDTH="21" VPOS="1254" HPOS="676"/>
							<String ID="string_207" HPOS="697" VPOS="1255" WIDTH="102" HEIGHT="27" WC="0.92" CONTENT="borgare-"/>
						</TextLine>
						<TextLine ID="line_30" HPOS="50" VPOS="1288" WIDTH="751" HEIGHT="30">
							<String ID="string_208" HPOS="50" VPOS="1290" WIDTH="103" HEIGHT="27" WC="0.96" CONTENT="stånden,"/><SP WIDTH="23" VPOS="1290" HPOS="153"/>
							<String ID="string_209" HPOS="176" VPOS="1290" WIDTH="73" HEIGHT="21" WC="0.93" CONTENT="hvilka"/><SP WIDTH="18" VPOS="1290" HPOS="249"/>
							<String ID="string_210" HPOS="267" VPOS="1290" WIDTH="122" HEIGHT="21" WC="0.89" CONTENT="remitterat"/><SP WIDTH="18" VPOS="1290" HPOS="389"/>
							<String ID="string_211" HPOS="407" VPOS="1289" WIDTH="165" HEIGHT="29" WC="0.96" CONTENT="propositionen"/><SP WIDTH="22" VPOS="1289" HPOS="572"/>
							<String ID="string_212" HPOS="594" VPOS="1296" WIDTH="35" HEIGHT="14" WC="0.95" CONTENT="n:o"/><SP WIDTH="20" VPOS="1296" HPOS="629"/>
							<String ID="string_213" HPOS="649" VPOS="1289" WIDTH="28" HEIGHT="21" WC="0.96" CONTENT="34"/><SP WIDTH="17" VPOS="1289" HPOS="677"/>
							<String ID="string_214" HPOS="694" VPOS="1296" WIDTH="35" HEIGHT="14" WC="0.93" CONTENT="om"/><SP WIDTH="16" VPOS="1296" HPOS="729"/>
							<String ID="string_215" HPOS="745" VPOS="1288" WIDTH="56" HEIGHT="21" WC="0.92" CONTENT="revi-"/>
						</TextLine>
						<TextLine ID="line_31" HPOS="50" VPOS="1323" WIDTH="751" HEIGHT="28">
							<String ID="string_216" HPOS="50" VPOS="1324" WIDTH="48" HEIGHT="21" WC="0.96" CONTENT="sion"/><SP WIDTH="23" VPOS="1324" HPOS="98"/>
							<String ID="string_217" HPOS="121" VPOS="1324" WIDTH="24" HEIGHT="20" WC="0.92" CONTENT="af"/><SP WIDTH="20" VPOS="1324" HPOS="145"/>
							<String ID="string_218" HPOS="165" VPOS="1324" WIDTH="330" HEIGHT="27" WC="0.91" CONTENT="räntepersedleomsättningen"/><SP WIDTH="25" VPOS="1324" HPOS="495"/>
							<String ID="string_219" HPOS="520" VPOS="1324" WIDTH="33" HEIGHT="20" WC="0.93" CONTENT="till"/><SP WIDTH="26" VPOS="1324" HPOS="553"/>
							<String ID="string_220" HPOS="579" VPOS="1323" WIDTH="222" HEIGHT="25" WC="0.91" CONTENT="ekonomiutskottet,"/>
						</TextLine>
						<TextLine ID="line_32" HPOS="50" VPOS="1356" WIDTH="751" HEIGHT="29">
							<String ID="string_221" HPOS="50" VPOS="1359" WIDTH="42" HEIGHT="24" WC="0.96" CONTENT="att,"/><SP WIDTH="23" VPOS="1359" HPOS="92"/>
							<String ID="string_222" HPOS="115" VPOS="1358" WIDTH="50" HEIGHT="20" WC="0.92" CONTENT="med"/><SP WIDTH="15" VPOS="1358" HPOS="165"/>
							<String ID="string_223" HPOS="180" VPOS="1358" WIDTH="135" HEIGHT="27" WC="0.92" CONTENT="frängäende"/><SP WIDTH="16" VPOS="1358" HPOS="315"/>
							<String ID="string_224" HPOS="331" VPOS="1357" WIDTH="23" HEIGHT="21" WC="0.96" CONTENT="af"/><SP WIDTH="14" VPOS="1357" HPOS="354"/>
							<String ID="string_225" HPOS="368" VPOS="1357" WIDTH="60" HEIGHT="20" WC="0.96" CONTENT="detta"/><SP WIDTH="15" VPOS="1357" HPOS="428"/>
							<String ID="string_226" HPOS="443" VPOS="1357" WIDTH="83" HEIGHT="26" WC="0.96" CONTENT="beslut,"/><SP WIDTH="20" VPOS="1357" HPOS="526"/>
							<String ID="string_227" HPOS="546" VPOS="1357" WIDTH="8" HEIGHT="19" WC="0.93" CONTENT="i"/><SP WIDTH="14" VPOS="1357" HPOS="554"/>
							<String ID="string_228" HPOS="568" VPOS="1356" WIDTH="71" HEIGHT="21" WC="0.92" CONTENT="likhet"/><SP WIDTH="14" VPOS="1356" HPOS="639"/>
							<String ID="string_229" HPOS="653" VPOS="1356" WIDTH="51" HEIGHT="21" WC="0.93" CONTENT="med"/><SP WIDTH="14" VPOS="1356" HPOS="704"/>
							<String ID="string_230" HPOS="718" VPOS="1356" WIDTH="83" HEIGHT="20" WC="0.92" CONTENT="ridder-"/>
						</TextLine>
						<TextLine ID="line_33" HPOS="51" VPOS="1390" WIDTH="750" HEIGHT="29">
							<String ID="string_231" HPOS="51" VPOS="1392" WIDTH="77" HEIGHT="27" WC="0.92" CONTENT="skapet"/><SP WIDTH="21" VPOS="1392" HPOS="128"/>
							<String ID="string_232" HPOS="149" VPOS="1392" WIDTH="40" HEIGHT="20" WC="0.93" CONTENT="och"/><SP WIDTH="20" VPOS="1392" HPOS="189"/>
							<String ID="string_233" HPOS="209" VPOS="1391" WIDTH="64" HEIGHT="22" WC="0.90" CONTENT="adeln"/><SP WIDTH="20" VPOS="1391" HPOS="273"/>
							<String ID="string_234" HPOS="293" VPOS="1391" WIDTH="134" HEIGHT="21" WC="0.91" CONTENT="öfverlemna"/><SP WIDTH="21" VPOS="1391" HPOS="427"/>
							<String ID="string_235" HPOS="448" VPOS="1390" WIDTH="65" HEIGHT="28" WC="0.92" CONTENT="sagde"/><SP WIDTH="19" VPOS="1390" HPOS="513"/>
							<String ID="string_236" HPOS="532" VPOS="1390" WIDTH="136" HEIGHT="28" WC="0.96" CONTENT="proposition"/><SP WIDTH="19" VPOS="1390" HPOS="668"/>
							<String ID="string_237" HPOS="687" VPOS="1390" WIDTH="34" HEIGHT="20" WC="0.93" CONTENT="till"/><SP WIDTH="16" VPOS="1390" HPOS="721"/>
							<String ID="string_238" HPOS="737" VPOS="1391" WIDTH="64" HEIGHT="19" WC="0.91" CONTENT="stats-"/>
						</TextLine>
						<TextLine ID="line_34" HPOS="52" VPOS="1423" WIDTH="748" HEIGHT="30">
							<String ID="string_239" HPOS="52" VPOS="1426" WIDTH="113" HEIGHT="22" WC="0.77" CONTENT="utskottet."/><SP WIDTH="34" VPOS="1426" HPOS="165"/>
							<String ID="string_240" HPOS="199" VPOS="1426" WIDTH="88" HEIGHT="27" WC="0.59" CONTENT="Bifölls;"/><SP WIDTH="24" VPOS="1426" HPOS="287"/>
							<String ID="string_241" HPOS="311" VPOS="1426" WIDTH="39" HEIGHT="21" WC="0.96" CONTENT="och"/><SP WIDTH="25" VPOS="1426" HPOS="350"/>
							<String ID="string_242" HPOS="375" VPOS="1425" WIDTH="70" HEIGHT="21" WC="0.92" CONTENT="skulle"/><SP WIDTH="21" VPOS="1425" HPOS="445"/>
							<String ID="string_243" HPOS="466" VPOS="1425" WIDTH="156" HEIGHT="28" WC="0.92" CONTENT="deputationen"/><SP WIDTH="19" VPOS="1425" HPOS="622"/>
							<String ID="string_244" HPOS="641" VPOS="1424" WIDTH="7" HEIGHT="21" WC="0.93" CONTENT="i"/><SP WIDTH="20" VPOS="1424" HPOS="648"/>
							<String ID="string_245" HPOS="668" VPOS="1424" WIDTH="77" HEIGHT="28" WC="0.92" CONTENT="antydt"/><SP WIDTH="24" VPOS="1424" HPOS="745"/>
							<String ID="string_246" HPOS="769" VPOS="1423" WIDTH="31" HEIGHT="21" WC="0.91" CONTENT="af-"/>
						</TextLine>
					</TextBlock>
				</ComposedBlock>
			</PrintSpace>
		</Page>
	</Layout>
</alto>
