973 1703
364 128 36 16 Den
414 128 8 15 1
437 127 34 17 dec.
723 122 40 20 267

47 186 96 21 kommet
159 186 33 21 till
208 186 78 28 dyrbar
302 187 135 28 delaktighet
451 187 24 20 af
483 187 40 20 den
534 187 109 21 allmänna
658 187 134 28 bildningen.

46 221 68 20 Måtte
129 221 43 20 han
187 221 24 20 af
223 221 33 20 sin
272 221 43 20 nåd
330 223 57 18 ännu
402 221 44 20 låta
461 221 41 20 den
517 221 70 28 dagen
603 229 39 20 gry
656 221 8 20 i
680 221 51 20 eder
745 221 46 21 lifs-

46 254 40 26 tid,
102 256 38 18 när
155 254 46 20 vårt
217 253 45 21 folk
279 254 62 20 äfven
364 261 80 20 genom
466 254 92 20 makten
576 254 24 21 af
614 255 32 20 sin
667 254 125 28 intelligens

44 287 78 22 blifver
137 287 108 28 upphöjdt
260 287 74 21 ibland
348 287 140 22 nationernas
504 288 67 20 antal!

113 322 80 20 Denna
208 321 38 22 vår
261 321 135 21 tacksamhet
412 322 40 21 och
467 322 71 20 denna
552 322 38 20 vår
606 322 83 21 önskan
704 323 24 20 är
743 322 49 21 hela

45 355 175 21 bondeständets.
257 354 39 22 Uti
312 355 123 22 densamma
456 356 76 21 förena
549 356 21 20 vi
586 363 35 14 oss
636 356 42 21 alla
693 357 52 20 utan
761 357 31 20 åt-

46 390 95 26 skilnad,
158 390 68 21 ehvad
242 389 20 22 vi
277 389 43 21 tala
338 390 37 20 det
390 390 93 21 svenska
498 390 53 21 eller
566 390 70 21 finska
651 391 141 28 tyngomålet.

44 424 104 21 Likasom
156 424 22 21 vi
186 424 42 21 alla
236 430 52 15 anse
297 430 35 14 oss
340 424 88 22 tillhöra
437 432 81 14 samma
527 424 45 21 folk
583 424 39 21 och
631 432 81 14 samma
720 425 72 21 fäder-

44 459 103 27 nesland,
164 458 95 22 erkänne
275 459 22 20 vi
312 459 63 21 äfven
394 459 42 21 alla
451 460 36 20 det
502 459 70 21 finska
588 460 99 27 språkets
702 461 43 20 rätt
760 462 32 18 att

45 494 87 20 komma
147 494 35 20 till
197 494 42 20 den
254 494 66 27 plats,
343 493 31 21 dit
395 493 139 29 bildningens
553 494 39 20 sak
612 494 40 21 och
666 494 49 21 vårt
729 494 63 21 lands

45 535 68 14 sanna
135 528 34 21 väl
192 528 36 20 det
250 527 79 22 fordra.
367 528 49 20 Gud
437 528 98 28 välsigne
557 528 48 20 vårt
627 528 164 21 fädernesland!

46 562 48 21 Gud
108 562 98 28 välsigne
221 562 43 20 alla
280 562 58 26 dem,
354 569 46 13 som
415 562 79 28 redligt
509 562 75 21 arbeta
598 562 33 21 för
647 562 49 21 dess
711 563 44 21 väl!

112 596 150 28 Helsingfors,
278 596 227 28 Andersmessodagen
520 597 24 21 år
561 596 61 21 1863.

111 664 123 28 Föredrogs
248 665 127 27 ytterligare
394 665 154 27 lagutskottets
569 665 137 21 betänkande
727 673 34 13 n:o
777 667 13 19 6

44 699 7 21 i
66 699 118 27 anledning
199 699 23 21 af
235 699 29 21 H.
280 699 27 21 K.
323 699 50 21 M:ts
388 699 79 28 nådiga
485 699 136 28 proposition
641 707 35 13 n:o
696 700 22 26 5,
734 700 56 20 huru

44 734 36 20 vid
95 733 123 28 ansökning
233 740 35 14 om
283 734 80 28 lagfart
378 733 12 21 å
405 734 43 20 fast
463 734 106 28 egendom
584 733 92 21 förfaras
687 734 65 27 skall,
764 734 27 22 då

45 768 110 21 sökanden
172 768 19 26 ej
206 767 43 21 kan
268 768 50 20 fullt
337 767 74 29 styrka
433 768 33 20 sin
488 768 144 21 företrädares
647 768 95 21 åtkomst
758 768 33 20 till

45 802 141 28 egendomen.

112 836 122 20 Utskottets
252 836 136 21 betänkande
411 838 77 26 antogs
511 836 107 27 enhälligt
639 836 50 20 med
711 836 80 21 uteslu-

44 870 64 21 tande
120 870 23 20 af
156 870 36 21 det
208 870 90 20 sednare
320 870 59 20 inom
394 870 116 28 parenthes
526 872 111 26 upptagna
652 870 140 21 alternativet

44 905 6 21 i
67 904 47 22 dess
128 905 11 27 $
156 905 18 19 1.

112 972 123 29 Föredrogs
258 972 127 28 ytterligare
412 973 219 21 ekonomiutskottets
654 973 137 21 betänkande

45 1014 34 14 n:o
96 1008 12 20 2
123 1008 8 19 i
146 1007 118 27 anledning
279 1007 24 20 af
316 1007 28 20 H.
354 1007 27 21 K.
396 1007 50 22 M:ts
461 1008 79 27 nådiga
555 1008 146 27 proposition,
717 1014 35 14 n:o
763 1008 27 20 44

45 1041 112 28 angående
172 1041 28 21 fri
216 1041 195 28 spanmålshandel.

114 1077 32 19 1:o
167 1083 35 14 om
222 1075 124 28 frigörande
362 1076 23 20 af
399 1076 204 28 spanmälshandeln
619 1076 7 21 i
641 1076 103 27 Finland,
768 1076 23 20 så

45 1112 31 19 att
96 1110 42 21 den
158 1110 48 21 icke
227 1110 70 21 skulle
317 1111 69 20 störas
405 1111 97 20 hvarken
518 1117 78 21 genom
612 1111 110 20 tullsatser
737 1110 54 21 eller

46 1144 263 29 export-import-förbud.

112 1178 222 28 Landtdagsmännen
358 1179 125 27 Tiainen,
506 1178 213 28 Kumpulainen,
742 1178 48 21 Pu-

45 1212 92 22 hakka
164 1220 28 13 m.
215 1213 14 20 fl
252 1213 170 27 tillkännagäfvo
445 1213 33 28 sig
500 1213 53 28 gilla
574 1212 119 21 utskottets
715 1213 75 20 betän-

45 1247 78 22 kande.

114 1281 219 28 Landtdagsmannen
354 1281 98 22 Simula
474 1283 68 27 ansäg
564 1281 35 21 väl
622 1281 27 21 fri
672 1282 118 27 spanmäls-

45 1316 79 21 handel
144 1316 142 28 fördelaktig,
306 1323 49 14 men
375 1316 77 21 trodde
471 1318 31 19 att
518 1317 36 21 det
568 1315 56 21 dock
638 1316 67 20 borde
721 1316 70 21 öfver-

45 1351 83 20 lemnas
144 1350 22 20 åt
181 1350 107 27 styrelsen
304 1352 42 25 att,
362 1350 27 20 dä
404 1350 93 21 skörden
512 1358 52 13 vore
578 1350 159 27 medelmåttig,
753 1350 37 20 be-

46 1386 78 27 gränsa
139 1383 59 22 såväl
212 1386 78 26 export
300 1391 46 14 som
356 1384 87 28 import.
471 1384 34 21 En
517 1384 113 21 oinskränt
640 1383 67 21 frihet
717 1383 73 21 kunde

46 1419 109 28 nemligen
175 1419 95 21 medföra
290 1419 41 21 den
350 1419 125 28 betänkliga
491 1419 65 28 följd,
576 1419 32 20 att
623 1418 40 21 den
681 1418 108 27 enskilde,
