973 1703
355 132 38 19 Den
406 134 10 16 1
429 131 36 20 dec.
721 126 41 22 273

39 191 32 23 les
86 192 63 29 högt,
172 193 105 21 missväxt
292 193 95 21 nämnda
401 194 24 20 år
440 193 97 21 inträffat
552 193 24 21 så
591 195 49 19 sent
655 200 35 13 om
705 192 85 27 hösten,

40 228 31 19 att
85 227 215 28 spanmålsbehofvet
315 228 8 20 i
337 228 112 28 åtskilliga
467 228 121 27 aflägsnare
603 226 122 22 landsorter
741 226 48 22 icke

40 261 72 21 kunde
132 268 80 21 genom
232 260 95 22 handeln
347 260 65 28 fyllas
433 260 24 21 så
476 260 92 28 hastigt,
591 268 46 14 som
656 260 134 28 nödvändigt

39 296 56 20 hade
110 296 68 26 varit,
201 295 51 21 ville
273 295 94 27 talaren,
391 296 68 20 ehuru
474 296 41 20 vän
532 295 24 21 af
569 295 119 26 frihandel,
710 295 29 27 på
754 294 37 21 det

40 330 129 27 kraftigaste
185 329 88 22 förorda
288 331 32 19 att
335 329 254 28 besparingsmagasiner
603 330 68 20 måtte
687 330 13 19 &
715 329 27 20 de
758 336 33 13 or-

40 366 40 25 ter,
96 371 46 14 som
158 364 69 21 oftare
243 363 116 22 hemsökas
375 364 24 21 af
411 364 115 27 missväxt,
538 364 99 27 inrättas,
653 370 52 15 vare
722 363 33 28 sig
770 363 24 21 af

41 400 71 19 staten
126 399 54 20 eller
197 399 120 26 komunen;
337 399 40 20 och
395 398 67 21 borde
479 397 26 22 de
520 398 8 21 i
543 397 106 22 hvardera
664 398 61 21 fallet
741 397 50 22 stäl-

40 433 32 20 las
93 432 69 21 under
183 433 118 28 styrelsens
322 433 81 28 tillsyn.
438 432 65 22 Hvad
522 433 47 21 åter
588 432 79 28 angick
682 433 27 20 de
724 439 67 14 nuva-

40 467 67 21 rande
123 467 244 28 socknemagasinerna,
384 467 68 28 ansåg
467 467 83 21 talaren
566 468 31 19 att
613 467 26 20 de
654 467 7 21 i
677 467 33 21 sin
726 473 65 21 egen-

40 502 53 27 skap
114 501 24 21 af
155 501 168 22 utsädesfonder
342 501 48 22 icke
410 501 136 22 motsvarade
567 501 37 21 det
624 501 50 21 med
694 501 49 21 dem
759 501 31 20 af-

40 535 67 22 sedda
123 536 133 27 ändamålet,
279 536 91 21 emedan
391 537 66 20 sättet
472 538 32 20 att
518 536 23 21 in
555 537 78 20 natura
647 536 98 21 inbetala
759 535 30 21 lä-

40 573 38 18 net
101 570 77 28 gjorde
201 571 86 21 utsädet
308 571 65 28 högst
395 571 94 21 osäkert.
522 571 40 21 Att
583 570 76 21 landet
679 571 45 20 ofta
743 570 48 21 lidit

41 605 106 22 missväxt
160 605 46 28 just
221 612 80 21 genom
316 605 69 28 dåligt
399 606 87 27 utsäde,
502 605 77 22 trodde
596 605 84 21 talaren
690 611 52 15 vara
753 605 38 22 all-

41 642 61 19 mänt
117 640 99 21 erkändt.
246 640 114 21 Utskottet
374 640 57 21 hade
447 640 86 21 derföre
550 640 59 29 gjort
623 640 58 27 bäst,
705 647 35 14 om
755 639 36 22 det

43 675 46 21 helt
100 674 40 22 och
151 674 68 22 hållet
230 675 85 21 utdömt
330 675 244 28 socknemagasinerna,
588 675 83 27 hvilka,
685 675 70 21 såvidt
766 674 26 22 de

42 709 64 21 äfven
122 710 85 27 utgjort
224 709 136 28 lånefonder,
375 716 52 14 vore
443 711 32 19 att
489 709 113 22 betraktas
617 709 71 21 såsom
703 708 88 29 privile-

42 744 88 27 gierade
152 744 216 28 ockrerimagasiner.
402 744 63 21 Enda
488 745 67 20 sättet
575 744 32 21 att
625 744 59 20 hålla
706 743 86 29 dugligt

42 778 76 22 utsäde
138 778 7 21 i
166 778 121 29 beredskap
306 786 52 14 vore
378 780 32 20 att
428 778 113 22 förvandla
556 778 236 28 socknemagasinerna

42 813 33 21 till
95 813 98 28 verkliga
213 813 282 29 besparingsinrättningar,
518 813 86 22 hvilkas
626 813 165 21 utsädesfonder

42 848 56 21 efter
113 848 58 22 vissa
186 848 139 21 mellantider
343 848 70 22 skulle
432 850 114 26 omsättas,
570 848 91 22 sålunda
675 850 32 19 att
722 848 69 21 förrå-

42 882 67 22 derna
129 883 36 21 vid
185 882 131 22 inträffande
336 883 106 21 missväxt
462 883 107 21 försåldes
589 884 40 20 och
649 889 29 22 ny
693 882 98 28 spanmål

42 917 102 29 inköptes
167 918 69 21 under
258 918 57 28 goda
335 918 23 21 år
379 918 40 21 och
438 918 28 28 på
486 918 68 21 sådan
574 918 58 21 hand
647 919 32 20 att
693 916 44 29 god
752 916 40 22 och

43 952 95 28 groende
160 952 39 22 säd
218 952 73 22 kunde
312 952 103 28 erhållas,
438 959 27 14 en
484 952 171 28 omständighet,
677 952 89 21 hvilken
784 952 7 21 i

43 986 27 22 de
86 987 101 28 gällande
202 987 260 28 magasinsreglementen
477 987 73 21 blifvit
565 987 119 27 förbisedd,
700 986 7 21 i
719 986 36 21 det
766 986 26 22 de

44 1021 102 28 vanligen
165 1021 141 27 föreskrifva,
327 1023 31 19 att
377 1022 64 21 lånen
457 1021 62 22 skola
534 1028 35 14 om
584 1021 79 21 hösten
677 1021 115 26 indrifvas,

42 1055 143 28 hvarigenom
203 1055 133 22 kommunen
356 1056 55 21 efter
426 1055 103 22 inträffad
543 1055 106 22 missväxt
664 1055 128 28 tillskyndas

44 1089 66 21 skada
126 1090 40 21 och
180 1090 87 21 utsädet
281 1091 64 27 göres
361 1090 75 28 dåligt.

111 1123 224 30 Landtdagsmannen
348 1124 94 21 Klami
463 1124 90 22 anförde
569 1126 58 19 emot
643 1118 102 34 Östring,
760 1125 31 20 att

43 1158 43 21 han
105 1159 33 20 för
154 1159 33 20 sin
203 1159 36 21 del
253 1159 48 21 icke
315 1159 74 21 kunde
405 1159 59 21 finna
479 1159 27 22 de
522 1159 116 21 förordade
654 1158 138 28 besparings-

43 1192 164 28 magasinernas
223 1195 62 26 nytta
300 1193 40 21 och
354 1193 169 28 nödvändighet.
553 1192 104 22 Tvertom
671 1193 70 21 skulle
755 1199 37 21 ge-

44 1234 51 14 nom
108 1226 81 22 sådana
202 1228 134 27 magasiners
348 1227 125 21 inrättande
488 1226 163 30 kapitalförlust
663 1228 80 27 uppstå
753 1226 40 22 och

44 1261 144 21 kommunens
210 1262 67 20 frihet
299 1262 128 21 förnärmas.
461 1262 59 21 Ville
539 1268 52 14 man
610 1262 111 27 nämligen
744 1261 49 21 med

45 1285 91 43 Östring
155 1297 80 27 antaga
255 1298 32 19 att
305 1296 74 21 landet
396 1296 126 21 hemsöktes
542 1296 25 21 af
583 1295 132 22 missväxten
731 1296 62 21 hvart

45 1330 67 20 femte
128 1330 23 20 år
167 1330 40 20 och
222 1330 61 27 icke,
299 1331 70 19 såsom
385 1330 108 20 utskottet
508 1331 82 25 ansett,
605 1330 63 20 hvart
678 1330 74 20 tionde
763 1330 30 25 år,

45 1363 23 20 så
90 1363 88 20 komme
201 1369 27 14 en
251 1365 69 19 tunna
343 1363 108 28 spanmål,
475 1370 35 14 om
528 1363 43 21 den
591 1363 68 28 enligt
678 1363 116 27 medelpris

44 1397 101 29 försäljes
160 1397 34 21 för
210 1404 39 15 sex
264 1397 72 28 rubel,
351 1397 40 22 och
407 1398 13 21 å
433 1398 87 21 medlen
537 1397 93 22 erhålles
645 1397 34 21 till
693 1404 38 14 sex
745 1404 49 21 pro-

45 1434 61 19 cents
121 1433 73 26 ränta,
209 1434 32 19 att
257 1433 56 21 efter
328 1433 44 21 fem
388 1433 24 20 år
427 1433 60 28 gifva
502 1439 28 16 en
544 1434 64 21 ränta
623 1432 24 22 af
659 1431 93 30 tillhopa
767 1438 28 15 en

90 1474 72 19 Hederv.
176 1476 124 18 bondeståndets
309 1477 65 22 protok.
706 1476 22 17 18
