973 1703
213 141 41 19 302
504 146 37 16 Den
554 145 10 16 4
577 145 35 17 dec.

184 204 87 28 tjufnad
294 205 39 20 och
357 204 67 21 borde
447 204 27 28 på
498 211 82 14 samma
604 206 42 19 sätt
670 211 45 13 som
738 204 59 21 detta
818 203 60 22 brott
898 203 36 21 be-

184 238 92 21 straffas.

253 273 221 28 Landtdagsmannen
501 272 119 21 Heikura
646 272 100 21 erinrade
770 274 32 19 att
824 273 37 20 det
882 279 52 14 vore

186 307 93 21 skillnad
295 307 90 21 emellan
403 308 102 27 tillgrepp
521 307 24 20 af
558 307 96 28 gärdsel,
671 307 40 21 ved
725 307 40 21 och
781 313 71 15 annan
868 307 66 21 sådan

185 341 117 29 egendom,
326 342 12 20 å
357 342 90 20 hvilken
467 348 80 21 egaren
567 342 95 20 användt
678 342 84 26 arbete,
784 342 40 20 och
840 342 94 30 åverkan

186 377 23 21 af
222 377 8 20 i
245 376 83 28 skögen
347 376 54 21 vildt
421 376 97 22 växande
534 376 56 21 träd.
620 375 94 22 'Talaren
730 376 74 21 anhöll
819 376 34 21 för
868 376 67 28 öfrigt

185 418 34 14 om
236 410 163 22 framställande
415 411 24 20 af
453 410 289 28 omröstningsproposition.

253 445 223 27 Landtdagsmannen
494 444 70 22 Keto
587 445 113 21 anmärkte
723 446 32 20 att
778 452 34 13 om
831 444 37 22 det
883 452 51 14 vore

186 482 65 18 sannt
269 481 32 19 att
320 479 95 21 åverkan
433 479 91 28 begicks
539 479 7 21 i
562 479 66 21 sådan
644 479 61 21 skala
719 479 102 28 Hagman
837 479 39 21 och
892 479 43 21 Pu-

187 514 72 21 hakka
277 514 100 26 omtalat,
400 514 37 20 det
455 513 89 22 föreföll
564 513 80 21 honom
663 514 151 28 besynnerligt
833 515 31 19 att
884 522 50 13 man

186 548 50 21 ville
259 548 103 21 bestraffa
384 548 71 21 denna
477 548 132 28 förbrytetse
632 548 72 21 såsom
724 548 96 28 tjufnad,
844 548 89 21 emedan

186 582 60 21 detta
262 582 70 21 skulle
348 582 64 20 hafva
428 582 33 21 till
476 582 55 28 följd
546 584 32 19 att
593 589 51 13 man
655 582 33 21 för
698 582 145 27 närvarande,
860 582 27 21 då
903 583 32 20 till

186 616 162 28 tjufnadsstraff
356 616 64 21 äfven
431 616 67 22 hörde
510 618 63 20 ärans
584 616 85 28 förlust,
683 617 47 21 icke
742 624 38 14 ens
790 617 60 21 kulle
861 617 74 21 kunna

186 651 60 21 finna
261 651 87 22 faddrar
363 650 34 21 för
413 651 47 21 sina
475 651 60 21 barn.

254 685 223 26 Landtdagsmannen
500 685 117 21 Tiainen
640 685 85 28 yttrade
748 686 34 21 till
804 685 130 21 bemötande

186 719 23 21 af
222 719 108 26 Heikura,
346 720 32 19 att
393 719 121 21 åverkaren
529 727 44 20 nog
587 725 51 15 vore
654 719 72 28 färdig
740 721 32 19 att
787 719 101 22 förebära
904 721 31 20 att

186 754 43 20 han
245 753 77 21 endast
337 753 23 21 af
373 753 90 28 misstag
479 753 40 21 och
534 754 7 20 i
557 753 135 28 okunnighet
708 761 34 13 om
758 755 58 20 rätta
828 754 107 21 råsträck-

186 787 82 28 ningen
288 787 75 28 begått
383 787 92 27 brottet,
499 795 49 14 men
569 790 32 19 att
622 787 37 21 det
674 788 41 21 ock
730 794 51 15 vore
796 787 90 22 alldeles
902 790 32 19 sä-

186 823 49 20 kert
254 824 32 19 att
306 822 52 27 den,
381 828 47 15 som
448 822 90 21 åverkat
557 823 29 27 på
604 822 78 21 andras
697 823 62 20 mark
774 829 27 14 en
816 822 119 29 fjerdedels

186 857 38 21 mil
239 857 54 21 eller
308 863 60 14 mera
383 857 48 20 från
446 857 56 20 hans
518 863 55 22 egen
589 857 64 28 skog,
669 857 48 20 icke
733 857 24 20 af
769 857 98 28 misstag,
882 859 52 19 utan

185 891 50 22 med
250 891 79 28 uppsåt
343 891 102 28 tillgripit
459 898 83 14 annans
558 891 60 28 skog.

253 925 222 28 Landtdagsmannen
501 925 159 28 Warpenius
686 925 106 22 förmälde
816 927 31 20 att
870 925 64 22 äfven

186 961 43 20 han
252 959 66 28 ansåg
340 959 93 22 åverkan
454 959 49 21 icke
523 967 52 14 vara
595 961 67 20 annat
682 961 27 20 än
726 960 87 28 tjufnad
827 961 41 20 och
883 961 53 21 böra

187 993 85 22 straffas
286 994 93 21 likasom
395 994 60 21 detta
469 994 66 21 brott.

254 1028 221 28 Landtdagsmannen
498 1028 157 22 Kotilainen
678 1029 73 21 anhöll
766 1030 32 20 att
813 1029 121 28 voterings-

185 1062 136 30 proposition
336 1063 67 20 måtte
419 1063 139 21 framställas.

254 1096 223 28 Landtdagsmannen
496 1097 93 21 Holma
609 1098 114 20 anmärkte
743 1099 32 19 att
790 1098 108 28 mängden
913 1098 23 20 af

186 1132 26 20 de
223 1130 115 22 utfärdade
352 1131 163 21 vitesförbuden
530 1131 102 28 utgjorde
648 1133 32 19 ett
695 1132 60 20 bevis
770 1132 75 20 derom
856 1134 32 19 att
898 1132 36 21 det

186 1173 29 14 nu
231 1165 101 29 gällande
348 1167 101 19 ansvaret
463 1166 35 20 för
511 1166 95 20 åverkan
622 1173 51 13 vore
689 1166 148 28 otillräckligt,
846 1166 41 21 och
898 1174 36 14 an-

186 1200 40 28 såg
241 1200 33 28 sig
289 1200 86 20 derföre
390 1200 53 21 böra
457 1200 143 28 understödja
614 1200 130 28 petitionen.

254 1234 222 26 Landtdagsmännen
492 1234 119 21 Arvelin
630 1235 40 20 och
686 1235 84 21 Akola
788 1235 146 21 understödde

187 1267 106 21 likaledes
314 1266 131 28 petitionen,
461 1267 42 21 den
522 1267 58 21 förre
600 1268 50 20 med
670 1268 145 27 anmärkning
830 1270 32 18 att
877 1276 57 19 man,

187 1302 41 20 den
249 1301 60 21 tiden
329 1308 29 12 nu
378 1300 101 28 gällande
497 1301 139 29 lagstiftning
651 1302 114 27 angående
781 1302 95 21 åverkan
891 1302 43 21 till-

186 1336 104 27 kommit,
306 1337 42 19 satt
363 1335 85 22 mindre
463 1336 66 21 värde
545 1336 28 27 på
588 1336 89 27 skogen.

254 1370 222 27 Landtdagsmannen
491 1371 87 20 Akola
593 1370 81 28 yrkade
690 1371 132 28 petitionens
838 1371 96 21 remitte-

187 1405 67 21 rande
270 1405 34 22 till
319 1405 97 21 ståndets
432 1405 94 22 enskilta
541 1405 181 22 besvärsutskott.
