964 1714
347 133 36 15 Den
397 133 21 16 14
430 132 33 18 okt.
722 127 24 20 77

31 191 112 22 Hindrade
153 192 128 21 vattenverk
296 192 136 28 sjöfällning,
447 192 66 22 borde
529 200 80 20 egaren
625 193 85 20 derföre
724 194 51 27 taga

32 227 121 27 ersättning
176 226 55 21 efter
253 227 123 27 värdering.
406 227 33 20 De
461 234 79 20 genom
562 227 127 27 sjöfällning
704 234 73 14 vunna

32 260 232 28 tillandningsandelar
286 261 77 26 borde,
380 261 69 20 såsom
471 262 45 20 ofta
532 262 33 19 till
580 261 78 21 vidden
674 261 46 21 små
735 262 40 20 och

32 295 107 27 aflägsna,
156 295 52 19 eller
223 294 64 28 eljest
302 294 33 21 för
351 301 80 21 egaren
446 294 113 28 olämpligt
573 295 101 27 belägna,
690 295 22 21 få
734 296 41 20 säl-

29 329 35 27 jas
79 329 40 20 och
135 328 40 21 den
192 336 51 13 vara
265 330 96 19 närmast
383 330 32 19 att
436 329 115 21 tillhandla
573 329 33 27 sig
620 329 80 27 lotten,
715 329 60 21 inom

31 363 64 21 hvars
111 362 108 29 egoskifte
235 363 42 21 den
292 363 33 21 till
340 365 69 19 större
425 363 34 21 del
474 371 37 13 var
526 364 99 27 belägen.
649 363 84 21 Genom
744 365 32 19 ett

32 398 76 22 sådant
123 398 119 28 stadgande
258 398 104 21 undvikes
379 404 26 14 en
421 398 79 28 mängd
515 398 110 28 hägnader
639 398 40 21 och
695 398 80 28 otaliga

31 432 144 28 tvistigheter.
205 432 43 22 Vid
271 434 11 26 $
306 433 11 20 7
337 433 7 20 i
360 432 104 29 förslaget
485 433 51 21 ville
559 433 83 21 talaren
665 433 109 21 dessutom

31 468 65 20 hafva
118 468 100 20 anmärkt
233 468 32 20 att
279 467 51 27 den,
346 474 46 14 som
408 468 31 20 uti
455 468 23 20 af
490 468 80 20 honom
586 467 62 29 gräfd
662 468 65 21 kanal
742 468 32 20 in-

31 502 85 21 rättade
138 502 139 26 vattenverk,
300 502 66 20 borde
389 502 49 21 med
460 502 102 21 afseende
579 502 12 21 å
606 502 120 21 kostnaden
742 502 33 21 för

31 536 150 22 kanalarbetet
197 537 22 20 få
234 537 85 27 åtnjuta
329 536 66 22 frihet
404 537 48 21 från
462 537 183 27 kronoutskylder
655 537 34 21 för
699 537 76 21 verket

32 572 6 20 i
53 571 109 28 tjugufem
177 572 34 20 års
227 571 32 21 tid
275 571 52 21 eller
342 578 69 20 mera,
428 578 34 14 om
477 572 66 27 sagda
558 571 93 21 kostnad
660 578 53 14 vore
723 573 51 19 stor.

99 606 220 28 Landtdagsmannen
340 605 105 22 Simula
468 606 48 21 ville
531 606 66 21 hafva
611 606 86 28 tillagdt
712 606 6 20 i
735 607 10 27 $
764 607 6 19 1

31 641 24 20 af
68 640 112 28 förslaget,
196 642 32 19 att
243 640 62 27 dike,
316 647 45 14 som
377 641 88 21 anlades
475 648 79 20 genom
564 648 83 14 annans
657 643 54 19 tomt
722 641 53 21 eller

31 675 8 21 i
54 676 105 20 närheten
183 676 69 26 deraf,
275 675 48 21 icke
345 676 59 27 finge
419 676 60 20 ledas
495 676 24 20 så
532 677 53 19 nära
600 676 50 26 hus,
665 677 32 19 att
712 676 63 20 dessa

32 710 125 28 derigenom
174 710 106 21 rubbades
297 709 53 22 eller
365 712 50 26 toge
431 710 76 27 skada,
523 712 56 19 samt
594 710 134 21 beträffande
743 710 30 21 af-

30 745 114 28 loppsdike
161 745 65 21 sådan
242 744 91 29 ändring
348 747 31 19 att
395 747 66 26 öppet
476 745 60 27 dike,
551 752 45 14 som
610 752 38 14 var
659 752 26 14 en
697 745 39 21 och
747 752 27 14 en

31 779 47 21 half
91 780 36 20 aln
142 780 63 20 bredt
220 780 40 20 och
276 786 27 14 en
318 780 35 20 aln
369 780 72 28 djupt,
457 780 53 20 eller
525 780 94 26 mindre,
635 780 66 20 borde
717 780 57 28 gräf-

30 821 37 14 vas
83 814 41 21 och
139 814 138 20 underhällas
292 814 24 21 af
329 814 51 27 den,
396 821 79 21 genom
489 814 64 21 hvars
568 814 63 21 mark
644 814 36 20 det
699 814 74 28 ledde;

31 849 112 21 hvaremot
153 848 114 28 förslaget,
279 848 69 21 sävidt
359 848 35 21 det
405 848 78 28 angick
493 850 69 20 större
576 848 110 22 äfvensom
701 849 73 21 täckta

31 883 75 27 diken,
122 883 24 21 af
159 883 83 20 talaren
257 882 80 21 bifölls.

98 917 220 28 Landtdagsmannen
334 917 91 21 Klami
441 918 112 20 anmärkte
567 919 32 19 att
614 917 87 28 språket
715 918 7 20 i
733 917 39 22 den

30 953 70 21 finska
116 952 186 28 öfversättningen
317 952 24 20 af
352 952 105 28 förslaget
472 952 49 21 icke
535 959 52 14 vore
597 954 48 19 rent
659 952 65 21 finskt
735 953 38 21 och

31 987 86 21 derföre
133 987 34 20 för
181 994 27 13 en
219 986 57 22 finne
287 987 70 20 oklart
369 987 38 20 och
419 987 172 28 svårbegripligt.
615 986 76 22 Såsom
702 994 71 14 exem-

31 1022 35 28 pel
82 1021 120 28 uppgåfvos
218 1022 24 27 $$
257 1022 13 20 2
286 1021 39 21 och
341 1022 33 20 34.
403 1021 49 21 Den
467 1022 70 20 finska
552 1021 187 28 öfversättningen
753 1022 24 20 af

31 1057 106 27 förslaget
151 1056 67 20 borde
234 1056 96 26 derföre,
345 1056 67 20 innan
427 1056 42 20 den
485 1056 70 20 såsom
565 1056 130 28 författning
705 1056 67 21 utfär-

32 1091 75 26 dades,
123 1090 7 20 i
146 1090 106 28 språkligt
267 1090 103 21 afseende
386 1090 131 26 omarbetas,
529 1090 23 20 så
567 1092 31 18 att
613 1090 48 21 dess
677 1090 96 21 innehåll

31 1125 72 21 blefve
118 1124 79 28 tydligt
213 1125 39 20 och
267 1124 130 28 lättfattligt.

98 1158 221 28 Landtdagsmannen
340 1158 209 29 Kumpulainen
571 1158 68 28 ansåg
666 1158 106 28 befogade

31 1192 169 28 anmärkningar
222 1193 73 20 kunna
314 1194 63 26 göras
391 1195 58 18 emot
464 1193 51 20 flere
531 1193 24 26 $$
571 1192 7 20 i
593 1192 114 28 förslaget,
723 1199 49 14 men

31 1227 127 21 inskränkte
173 1227 33 28 sig
221 1229 31 18 att
267 1227 36 20 vid
318 1227 11 27 $
345 1227 26 20 25
387 1227 81 27 erinra,
482 1227 103 20 hurusom
601 1226 36 21 det
651 1233 52 14 vore
720 1227 52 20 obil-

30 1262 41 27 ligt
93 1263 32 18 att
147 1261 155 28 strandegaren
324 1261 69 21 skulle
409 1268 40 21 ega
471 1261 123 26 ovillkorlig
613 1263 43 18 rätt
671 1263 31 18 att
718 1261 55 21 efter

31 1295 116 28 värdering
162 1296 71 20 tillösa
249 1295 33 28 sig
298 1295 52 20 eller
366 1297 58 19 emot
434 1295 103 27 vederlag
547 1295 85 28 tillbyta
643 1295 33 28 sig
686 1295 85 21 tilland-

31 1331 62 25 ning,
116 1329 90 21 emedan
229 1329 75 20 dervid
325 1329 72 21 kunde
419 1330 87 20 inträffa
528 1331 31 18 att
578 1329 60 21 lösen
654 1329 71 21 blefve
740 1330 32 19 för

31 1364 53 20 liten
107 1363 53 21 eller
183 1365 31 18 att
230 1363 125 27 vederlaget
370 1370 51 13 vore
434 1363 160 27 jemförelsevis
609 1363 108 20 värdelöst
733 1363 39 20 och

31 1397 104 28 odugligt.
165 1397 104 20 Deremot
291 1397 67 28 ansåg
381 1397 82 21 talaren
479 1396 139 29 strandegare
632 1397 74 20 kunna
721 1396 52 20 lem-

381 1443 8 14 >
