978 1703
370 126 38 17 Den
421 125 22 17 20
455 131 37 12 nov.
735 123 42 19 243

124 185 164 28 Deputationen
306 185 99 22 afträdde
425 186 65 21 sedan
513 186 139 21 talemannen
675 187 74 20 tackat
771 187 33 21 för

54 220 160 21 meddelandet.

121 287 222 28 Landtdagsmännen
363 287 104 27 Holma,
483 287 129 28 Nyrönen
628 289 40 20 och
683 288 118 27 Brusila,

53 322 89 26 utsägos
159 323 31 18 att
205 322 70 20 säsom
292 321 131 27 deputerade
440 321 67 21 under
523 322 41 20 den
581 322 145 21 sistnämndes
741 323 61 20 anfö-

53 355 79 27 rande,
155 355 127 21 underrätta
304 355 144 21 medständen
471 357 31 19 att
524 355 159 21 bondeständet
705 356 97 28 godkänt

51 389 43 21 den
118 390 23 20 af
162 387 245 30 expeditionsutskottet
429 392 101 25 uppsatta
553 390 148 28 underdäniga
723 391 78 21 ansök-

52 424 81 27 ningen
153 430 36 14 om
206 424 141 28 förlängning
368 424 23 20 af
407 424 60 20 tiden
485 424 34 21 för
535 424 143 28 landtdagens
694 432 107 14 samman-

50 464 54 15 varo
121 458 38 21 och
173 459 82 27 jemväl
270 458 80 21 bifallit
371 458 73 21 dertill
459 460 31 19 att
506 458 123 22 densamma
645 459 58 28 finge
719 459 83 21 tillsän-

50 493 41 20 das
107 493 55 21 hans
178 493 109 21 excellens
303 493 229 27 generalguvernören
551 493 35 21 för
606 495 31 19 att
652 500 79 21 genom
747 494 54 21 hans

51 527 79 28 åtgärd
145 526 67 22 blifva
226 527 28 21 H.
270 527 27 21 K.
314 527 40 20 M:t
369 527 9 20 i
392 527 174 28 underdänighet
582 527 136 29 föredragen.

120 595 35 21 En
178 596 126 28 deputation
327 596 57 21 ifrån
404 596 170 28 prestaständet,
599 596 79 21 anförd
705 597 23 21 af
751 597 51 21 herr

51 631 153 27 kyrkoherden
223 631 140 27 Rosengren,
383 631 91 21 anlände
494 631 40 20 och
550 632 108 26 emottogs
672 633 56 19 samt
743 632 58 21 med-

50 665 78 21 delade
149 666 32 19 1:0
199 667 32 18 att
250 665 50 20 herr
318 665 125 27 professorn
464 665 133 21 Schaumans
613 665 24 20 af
655 665 86 21 ståndet
763 673 37 13 an-

51 702 67 24 tagna
137 699 189 27 petitionsförslagx
346 706 35 13 om
400 699 121 27 periodiskt
540 699 177 21 återkommande
732 700 69 21 landt-

51 734 68 27 dagar
139 734 111 20 äfvensom
269 733 155 21 medständens
442 734 156 28 inbjudningar
613 733 32 21 till
661 734 118 27 petitioner
794 735 8 20 i

50 775 85 14 samma
160 768 99 28 syftning
284 768 72 21 blifvit
379 768 24 20 af
422 768 162 28 prestaständet
604 768 141 22 remitterade
768 769 33 21 till

50 802 105 21 ständens
170 802 110 21 allmänna
290 802 183 28 besvärsutskott,
490 804 32 20 2:o
534 804 32 19 att
576 803 161 27 prestaständet
747 803 53 28 g0d-

50 836 53 20 känt
119 836 42 20 den
177 836 23 20 af
214 836 246 27 expeditionsutskottet
475 836 103 21 affattade
595 836 150 28 underdäniga
761 844 37 14 an-

51 870 123 27 sökningen
190 877 34 14 om
235 870 143 28 landtdagens
389 870 141 28 förlängning
540 872 56 19 samt
606 870 121 28 åtföljande
738 871 62 28 skrif-

51 905 59 20 velse
129 904 34 20 till
181 904 20 20 h.
221 911 45 14 exc.
283 905 238 27 generalouvernören,
544 905 34 20 3:0
594 906 32 19 att
640 906 161 26 prestaständet

51 938 34 20 till
101 938 161 21 statsutskottet
276 939 124 21 remitterat
414 939 164 28 propositionen
593 946 35 13 n:o
645 940 27 20 34
687 940 113 27 angäende

50 973 95 21 revision
168 973 24 20 af
212 972 130 28 stadgandet
365 980 34 14 om
420 973 213 28 räntepersedlarnas
654 974 145 28 omsättning,

49 1008 36 19 4:0
105 1009 32 19 att
157 1007 161 27 prestaständet
338 1008 49 20 icke
408 1007 72 21 funnit
500 1008 47 20 skäl
567 1009 31 18 att
618 1008 78 20 förena
716 1008 33 27 sig
765 1015 34 14 om

51 1041 92 28 petition
162 1041 113 27 angående
294 1041 138 21 motionsrätt
452 1041 34 21 för
506 1041 127 27 ständerna,
657 1042 40 21 och
715 1042 34 20 5:o
769 1044 31 18 att

51 1075 161 28 prestaständet
232 1075 90 21 beslutit
336 1075 91 28 inbjuda
445 1075 102 28 borgare-
566 1076 40 20 och
626 1076 172 26 bondeständen,

51 1117 46 13 som
117 1110 123 20 remitterat
259 1110 165 28 propositionen
444 1117 35 13 n:o
500 1111 26 20 49
543 1117 35 14 om
593 1111 85 26 garanti
694 1110 24 21 af
731 1110 68 27 hypo-

51 1143 190 28 teksföreningens
263 1144 126 21 tillämnade
412 1144 82 20 utrikes
517 1145 35 20 län
576 1144 33 20 till
628 1144 171 27 statsutskottet,

50 1180 32 18 att
97 1178 8 20 i
120 1178 70 20 likhet
204 1178 50 20 med
268 1175 151 31 ridderskapet
434 1178 40 21 och
490 1178 63 21 adeln
570 1180 55 18 samt
638 1178 161 28 prestaständet

50 1212 135 21 öfverlemna
207 1213 65 27 sagde
295 1212 134 28 proposition
454 1212 33 20 till
513 1214 142 19 sammansatt
675 1214 63 19 stats-
759 1212 39 21 och

50 1246 163 21 bankoutskott.

119 1280 149 21 Talemannen
288 1280 91 21 tackade
398 1280 34 21 för
452 1280 152 21 meddelandet
619 1280 40 21 och
675 1280 122 28 deputatio-

51 1322 43 14 nen
110 1314 104 22 afträdde.

119 1382 221 27 Landtdagsmannen
356 1382 100 21 Määttä
470 1381 63 28 ingaf
541 1383 32 19 ett
583 1381 217 28 petitionsmemorial

51 1417 114 28 angäende
181 1417 124 21 inrättande
322 1417 23 20 af
359 1418 31 19 ett
405 1416 141 28 länesjukhus
562 1416 7 20 i
584 1416 87 28 Kajana
686 1416 53 21 stad.
