1089 1739
354 136 91 22 Borgarest.
457 135 48 19 1888.
528 135 21 18 26
562 135 40 23 Maj.
818 134 43 19 1351

70 208 33 19 tas
126 211 74 20 genom
224 211 26 15 en
270 205 95 26 jernväg,
385 210 51 21 som,
455 204 106 27 utgående
579 203 48 22 från
645 203 122 28 Jyväskylä,
785 204 99 27 antingen

71 233 131 22 omedelbart
227 234 52 21 eller
304 233 46 21 med
374 233 89 21 bibanor
485 233 90 21 berörde
597 232 85 21 Keitele
705 232 38 21 och
765 231 119 23 Konnevesi

71 262 56 27 sjöar
156 264 55 19 samt
235 262 70 21 tillika
329 261 99 27 utgjorde
454 267 26 16 en
505 260 265 27 sammanbindningsbana
795 261 89 21 emellan

70 291 65 21 Wasa
153 290 39 21 och
210 290 102 21 Savolaks
329 290 120 26 jernvägar,
466 291 55 20 samt
540 289 99 27 slutligen
659 290 32 19 att
709 289 63 26 nädig
790 289 95 27 proposi-

70 319 44 22 tion
129 319 7 21 i
152 319 88 21 ärendet
254 318 65 21 mätte
334 319 6 20 i
356 319 68 20 sinom
440 319 32 20 tid
487 318 114 21 ständerna
615 317 143 27 föreläggas*;
777 318 107 21 äfvensom

139 349 30 19 att
187 347 84 21 ständet
288 347 95 26 godkänt
400 347 216 26 jernvägsutskottets
635 346 81 26 förslag
734 345 32 21 till
782 352 104 15 samman-

67 376 109 28 jemkning
195 375 23 21 af
235 375 99 22 ständens
349 375 124 27 skiljaktiga
489 375 70 21 beslut
574 375 5 20 i
596 374 61 27 fräga
672 380 33 15 om
720 374 115 21 utskottets
850 374 35 21 be-

69 404 105 22 tänkande
193 409 33 16 n:o
243 405 13 20 2
270 404 7 21 i
292 404 114 26 anledning
421 403 23 22 af
458 403 107 22 särskilda
579 403 114 27 petitioner
707 402 108 27 angäende
828 402 57 27 jern-

69 432 210 28 vägsanläggningar.

136 520 32 21 Hr
189 518 120 22 talmannen
329 518 132 27 meddelade,
482 520 31 20 att
531 519 67 26 enligt
615 518 245 22 talmanskonferensens
878 518 7 20 i

70 549 40 26 dag
128 548 80 22 fattade
228 547 70 21 beslut
314 548 63 26 plena
396 547 68 21 under
482 548 176 20 nästkommande
677 547 65 21 vecka
757 547 83 21 komme
854 548 32 19 att

69 577 69 21 hållas
153 576 91 26 måndag
259 576 29 21 kl.
303 576 13 21 6
331 582 17 15 e.
365 582 34 20 m.,
415 576 71 26 tisdag
501 576 30 22 kl.
545 576 14 21 6
575 582 17 15 e.
609 582 34 20 m.,
657 576 80 26 onsdag
751 576 30 21 kl.
797 576 11 20 1
825 582 17 14 e.
858 581 26 14 m.

70 606 38 21 och
123 604 102 22 särskildt
240 604 83 27 plenum
340 610 80 15 samma
436 604 41 27 dag
493 604 28 21 kl.
537 605 13 21 6
565 611 18 15 e.
599 611 27 15 m.

136 690 120 26 Föredrogs
276 689 39 22 och
330 690 123 26 godkändes
468 692 51 18 utan
535 690 123 21 diskussion
674 689 211 21 ekonomiutskottets

70 719 65 21 andra
154 718 80 26 förslag
252 718 33 21 till
304 718 203 27 sammanjemkning
527 718 23 21 af
564 718 101 21 ständens
681 718 122 26 skiljaktiga
817 718 69 20 beslut

69 748 34 20 vid
128 747 155 26 behandlingen
305 746 23 22 af
348 746 77 27 nädiga
448 747 159 27 propositionen
630 753 34 15 n:o
687 747 33 25 11,
742 746 144 21 innefattande

69 776 80 26 förslag
164 775 32 21 till
212 775 105 21 särskilda
332 774 148 28 förändringar
495 776 6 20 i
517 775 99 27 gällande
631 775 132 27 stadganden
778 774 108 27 angäende

70 804 190 27 skjutshäliningen
276 804 38 21 och
330 803 183 27 gästgifverierna.

136 889 120 26 Föredrogs
268 888 214 22 ekonomiutskottets
493 889 34 21 vid
539 891 48 19 näst
595 889 128 27 föregäende
731 889 84 27 plenum
824 888 62 21 bord-

69 918 69 26 lagda,
158 918 32 21 till
213 918 83 21 ständet
317 917 120 27 skriftligen
457 918 100 20 inkomna
575 918 80 26 förslag
674 918 33 20 till
726 917 161 27 sammanjemk-

69 946 50 26 ning
137 946 23 21 af
177 946 100 21 ständens
292 946 122 27 skiljaktiga
430 946 71 21 beslut
515 946 35 21 vid
566 946 154 27 behandlingen
736 946 23 21 af
771 946 115 21 utskottets

69 975 133 21 betänkande
222 981 33 15 n:o
275 975 32 25 14,
323 974 109 27 angäende
452 974 67 28 skydd
537 974 33 22 för
585 975 98 21 arbetare
700 975 5 21 i
721 974 26 22 de
762 974 125 21 industriela

69 1003 88 27 yrkena;
178 1003 38 21 och
235 1003 45 21 blef
298 1003 66 27 sagda
378 1002 82 28 förslag
475 1003 23 21 af
513 1003 176 27 borgareständet
703 1005 50 19 utan
769 1002 117 26 meningso-

69 1032 67 21 likhet
151 1032 114 26 godkändt.

137 1117 119 26 Föredrogs
279 1117 151 27 lagutskottets
450 1117 80 27 förslag
548 1117 33 21 till
600 1117 203 27 sammanjemkning
821 1116 23 21 af
860 1116 26 21 de

70 1146 122 26 skiljaktiga
212 1146 75 25 beslut,
303 1146 59 20 hvari
380 1146 89 20 ständen
490 1148 85 18 stannat
593 1146 36 20 vid
647 1146 156 26 behandlingen
818 1144 23 22 af
854 1147 33 19 ut-

70 1174 90 21 skottets
175 1174 133 21 betänkande
322 1174 8 20 i
345 1174 114 26 anledning
474 1174 24 21 af
511 1174 78 26 nädiga
603 1175 164 26 propositionen,
779 1174 108 26 angäende

71 1202 95 22 enskilda
179 1202 113 27 jernvägar
307 1202 33 22 för
354 1203 79 20 allmän
449 1203 134 21 samfärdsel.

137 1230 121 22 Utskottets
272 1230 80 27 förslag
367 1230 134 22 beträffande
517 1231 11 27 $
543 1232 13 20 2
572 1231 123 21 föranledde
710 1231 45 21 icke
771 1231 32 21 till
818 1230 68 26 nägon

71 1259 80 27 ätgärd,
162 1259 69 21 säsom
248 1259 45 21 icke
309 1259 109 27 äsyftande
434 1259 124 27 förändring
573 1260 23 21 af
609 1259 186 27 borgareständets
811 1259 76 21 beslut.

137 1287 134 21 Beträffande
286 1288 115 21 utskottets
416 1288 83 26 förslag
513 1288 32 21 till
557 1288 203 27 sammanjemkning
770 1288 7 20 i
787 1287 101 21 afseende

70 1316 12 21 å
97 1316 11 28 $
123 1316 13 21 6
153 1316 83 26 yttrade

137 1344 25 21 hr
179 1344 130 22 Jusélius:
328 1345 40 26 Jag
387 1350 63 16 anser
470 1345 43 26 mig
531 1345 52 21 böra
601 1344 58 27 gifva
678 1345 109 25 tillkänna,
803 1345 31 19 att
850 1343 38 26 jag

70 1373 23 21 af
107 1374 25 20 de
147 1372 91 22 formela
253 1372 53 27 skäl,
317 1379 44 15 som
378 1372 92 22 friherre
486 1380 39 14 von
541 1373 55 21 Born
613 1374 6 20 i
635 1374 32 20 sin
684 1373 129 21 reservation
824 1371 64 21 fram-

70 1402 67 24 hållit,
156 1401 46 21 icke
224 1401 94 26 bidragit
338 1402 32 20 till
394 1402 117 20 utskottets
534 1401 294 27 sammanjemkningsförslag
852 1405 36 15 an-

70 1430 81 26 gående
166 1430 69 20 denna
251 1430 100 26 paragraf
364 1430 39 20 och
419 1430 24 27 88
460 1430 90 21 16—18.

138 1458 31 20 Hr
183 1458 130 26 Alopaeus
328 1458 74 26 gjorde
418 1458 112 21 enahanda
545 1458 104 26 anmälan,
666 1464 45 15 som
726 1458 24 20 hr
765 1456 101 22 Jusélius.

138 1486 31 21 Hr
184 1486 190 27 Schybergson:
392 1486 11 20 I
418 1486 134 27 konseqvens
567 1487 47 21 med
631 1487 54 21 hvad
699 1486 36 26 jag
751 1492 25 15 en
792 1485 55 26 gång
862 1485 26 21 ti-

71 1514 72 26 digare
161 1515 83 26 yttrade
264 1520 33 16 om
317 1516 67 20 denna
400 1514 109 27 afdelning
525 1514 22 21 af
561 1515 150 25 lagutskottets
727 1513 161 27 sammanjemk-

71 1542 147 27 ningsförslag,
234 1543 24 21 så
272 1543 38 21 ber
322 1543 37 26 jag
375 1544 38 25 att,
424 1542 28 22 då
468 1544 41 20 den
524 1549 28 15 nu
567 1542 146 28 föreliggande
727 1541 162 28 sammanjemk-
