1086 1734
343 136 93 23 Borgarest.
447 136 47 19 1888.
518 136 21 18 24
551 136 39 23 Maj.
813 136 45 18 1303

57 205 47 27 gift,
121 204 71 22 anslår
207 204 158 22 statsutskottet
380 204 33 22 för
437 205 102 26 Wiborg—
545 204 96 22 Joensuu
658 204 68 21 banan
743 205 25 21 11
784 205 98 26 miljoner

58 234 67 20 mark.
155 233 124 22 Emellertid
298 239 62 21 synes
375 233 37 21 det
427 234 48 26 mig,
491 239 46 15 som
553 239 33 15 om
604 232 36 22 det
654 232 49 22 icke
720 238 49 16 vore
783 232 99 27 riktigast

58 263 32 20 att
109 268 28 14 nu
152 261 105 22 fastställa
273 262 36 20 det
323 261 81 27 anslag,
420 268 45 14 som
481 262 38 20 bör
535 261 89 27 beviljas
641 261 32 21 för
690 261 68 21 denna
774 261 61 26 bana,
851 262 31 20 in-

58 296 41 15 nan
123 290 168 21 statsutskottets
313 290 142 26 beräkningar
477 290 6 20 i
507 290 144 21 betänkandet
672 295 34 15 n:o
727 290 25 20 17
773 289 69 22 blifvit
861 289 23 22 af

59 318 85 22 ständet
162 318 117 26 godkända.
309 318 41 26 Jag
369 324 63 15 anser
451 318 71 22 derför
541 320 31 19 att
591 318 94 21 beslutet
705 324 32 14 om
756 318 74 26 anslag
848 318 34 21 för

59 346 107 26 Wiborg—
176 346 93 22 Joensuu
288 347 68 21 banan
374 347 66 21 borde
456 346 66 22 blifva
538 346 114 22 eventuelt.
682 346 41 26 Jag
738 346 70 21 skulle
824 353 59 15 nem-

58 375 58 27 ligen
135 375 51 26 vilja
203 374 118 27 framhälla,
337 377 32 19 att
384 376 65 26 enligt
466 376 42 20 min
523 375 135 27 uppfattning
674 381 26 15 en
716 377 68 19 större
800 381 84 15 summa

59 405 26 20 än
108 405 23 20 11
150 403 97 27 miljoner
266 404 58 21 mark
341 404 43 21 stär
399 404 33 21 till
449 404 125 27 disposition
591 403 33 21 för
640 404 70 20 denna
723 403 95 26 jernväg,
835 409 48 16 men

59 432 27 21 dä
105 432 70 21 denna
194 432 42 21 min
255 432 134 27 uppfattning
408 434 24 19 är
451 433 106 20 beroende
578 432 22 21 af
615 434 31 19 ett
662 434 65 19 annat
741 432 142 25 betänkande,

59 467 62 20 synes
138 461 36 20 det
189 461 42 26 mig
247 461 110 26 olämpligt
371 463 31 18 att
417 461 102 21 inblanda
533 461 37 20 tvä
585 461 149 20 betänkanden
750 461 27 26 pä
792 460 91 27 engäng.

127 506 33 21 Hr
181 506 145 21 Lindblom:
348 507 41 26 Jag
409 506 40 21 kaa
469 506 46 21 icke
535 506 48 21 dela
602 506 26 20 hr
649 505 158 27 Schybergsons
826 507 58 20 stora

59 535 171 26 betänkligheter
253 535 88 21 rörande
364 535 163 26 ifrägavarande
550 534 42 21 län.
622 534 48 21 Han
694 540 61 21 synes
777 540 51 22 anse
848 534 36 21 det

60 563 71 21 säsom
149 569 25 16 en
191 565 64 24 sport,
271 565 31 19 att
318 569 27 15 nu
361 563 63 21 redan
441 563 127 21 konvertera
585 563 54 21 1881
657 563 35 20 ärs
707 562 41 21 län.
778 563 31 20 Ar
825 563 59 21 detta

61 597 24 16 en
105 594 66 24 sport,
187 592 24 21 sä
229 593 24 19 är
271 592 36 20 det
325 591 118 27 beklagligt
461 594 32 19 att
512 592 25 21 de
556 591 62 21 flesta
636 591 75 21 länder
726 591 68 21 tilläta
810 591 32 26 sig
858 597 25 15 en

60 620 61 27 dylik
140 622 65 25 sport.
236 619 86 28 Sverige
341 620 39 21 har
399 620 56 27 gjort
474 621 36 20 det
528 619 54 22 både
587 615 12 36 i
616 619 42 26 fjor
674 619 38 21 och
728 619 7 21 i
750 619 30 26 är,
797 619 27 22 dä
840 619 44 26 det,

60 649 67 26 enligt
140 648 55 21 hvad
209 649 37 26 jag
261 655 75 19 genom
352 649 134 26 tidningarne
503 648 80 26 erfarit,
595 648 138 21 konverterat
748 647 46 22 sina
809 654 76 15 senare

60 677 42 20 län.
132 677 43 21 För
196 677 42 21 min
258 677 33 20 del
311 677 62 27 hyser
389 677 37 26 jag
445 677 40 20 alls
504 677 46 21 icke
569 677 69 26 nägon
658 676 85 21 fruktan
763 676 33 21 för
816 677 69 20 denna

61 707 67 25 sport,
144 707 50 19 utan
213 707 44 19 tror
274 707 99 24 tvärtom,
389 707 32 19 att
436 705 36 21 det
487 705 40 21 kan
544 705 64 21 lända
622 704 70 21 finska
708 705 128 21 statsverket
851 705 33 20 till

60 736 45 19 stor
121 733 69 22 fördel
206 736 31 19 att
252 734 127 21 konvertera
395 734 26 21 de
436 733 162 27 ifrågavarande
611 733 70 22 lånen.
704 733 42 21 För
758 733 65 26 öfrigt
834 739 51 15 vore

61 761 37 22 det
113 762 82 27 ganska
210 762 107 27 vanskligt
331 763 32 20 att
377 761 117 22 verkställa
510 762 25 21 de
551 761 104 28 kalkyler,
671 767 45 15 som
731 761 25 21 hr
768 761 119 27 Schyberg-

61 796 38 15 son
115 790 70 21 skulle
200 791 63 20 hafva
278 790 82 26 önskat,
372 791 89 21 emedan
478 791 98 26 beloppet
592 792 24 19 är
628 790 106 21 beroende
746 789 23 22 af
779 789 107 27 konjunk-

61 820 94 25 turerna,
171 819 27 21 då
216 819 58 21 lånet
292 821 110 24 upptages.
433 819 42 21 Det
494 821 24 18 är
533 819 46 21 icke
596 818 24 21 så
634 818 130 27 nödvändigt
780 820 32 19 att
826 818 60 21 detta

61 849 76 25 genast
160 847 54 22 skall
237 847 44 21 ske.
310 847 73 27 Enligt
405 847 116 27 styrelsens
541 847 85 27 mening
645 847 41 21 kan
706 847 36 21 det
759 847 128 27 uppskjutas

62 876 34 20 till
114 876 64 21 slutet
194 876 22 21 af
230 878 61 19 nästa
305 876 30 20 år.
366 876 49 21 Man
431 876 41 21 kan
488 876 84 21 således
587 876 47 21 iche
650 876 40 20 alls
706 875 48 21 med
770 876 67 26 någon
853 877 35 19 sä-

61 904 77 22 kerhet
160 904 101 26 beräkna,
279 904 28 27 på
326 904 72 21 hvilka
417 904 69 21 vilkor
507 904 36 22 det
561 904 41 21 kan
622 904 100 21 erhållas.
750 904 78 21 Derför
847 904 41 20 har

63 933 160 21 statsutskottet
245 932 64 22 också
331 933 77 21 uttalat
431 933 32 26 sig
486 932 115 27 försiktigt,
622 938 48 15 men
692 932 40 21 har
754 932 53 21 dock
830 932 57 21 velat

62 960 72 22 lemna
153 962 104 26 styrelsen
275 961 40 21 full
334 961 123 27 myndighet
475 963 31 19 att
521 961 128 21 konvertera
665 961 62 21 dessa
742 960 34 21 lån
792 960 48 22 med
855 960 32 21 bi-

62 989 127 21 behållande
209 990 23 21 af
246 990 39 20 den
301 989 58 21 förra
372 990 131 24 annuiteten,
519 990 109 20 äfvensom
643 989 110 27 föreslagit
767 989 55 21 huru
837 988 50 27 lång

62 1018 199 26 amorteringstiden
277 1018 69 21 skulle
362 1018 72 21 blifva.
457 1018 109 27 Styrelsen
581 1018 55 21 hade
652 1018 53 20 visst
720 1018 78 20 lemnat
814 1023 25 15 en
850 1017 38 21 be-

62 1046 97 27 räkning,
179 1047 45 21 deri
247 1046 103 27 beloppen
371 1046 79 27 jemväl
473 1046 90 26 stämde,
583 1052 48 15 men
653 1046 47 21 icke
719 1048 23 18 är
762 1046 36 20 det
815 1045 73 21 derför

63 1074 69 27 sagdt,
148 1077 32 19 att
196 1075 68 21 denna
278 1074 118 28 beräkning
412 1075 6 21 i
434 1075 146 27 verkligheten
596 1074 55 22 skall
667 1074 32 21 slå
711 1074 27 21 in.
760 1074 127 21 Emellertid

62 1103 64 27 hyser
139 1103 43 27 jag,
195 1109 44 15 som
255 1104 70 26 sagdt,
337 1103 46 22 icke
400 1104 25 20 de
441 1103 178 27 betänkligheter,
632 1109 44 15 som
694 1102 22 22 af
730 1102 24 21 hr
770 1102 117 27 Schyberg-

63 1137 38 15 son
120 1131 40 22 här
179 1132 94 26 uttalats,
289 1134 51 19 utan
361 1138 67 19 anser,
445 1134 37 23 att,
499 1138 33 15 om
549 1137 124 22 gynsamma
688 1131 153 27 konjunkturer
856 1131 31 20 af-

63 1160 82 26 vaktas,
157 1160 62 21 lånen
235 1161 52 20 böra
302 1161 70 20 kunna
388 1161 113 20 realiseras
517 1161 31 20 till
565 1160 55 21 hvad
636 1160 126 26 regeringen
778 1159 6 21 i
800 1160 31 20 sin
842 1159 46 21 kal-

62 1188 36 27 kyl
117 1189 110 20 beräknat.
257 1189 41 26 Jag
317 1189 38 20 ber
374 1188 73 21 derför
466 1191 32 18 att
516 1189 22 20 få
552 1188 108 27 tillstyrka
675 1188 129 27 antagandet
819 1187 23 22 af
855 1190 33 19 ut-

63 1217 91 21 skottets
170 1217 87 26 förslag.

132 1256 31 21 Hr
184 1257 102 26 Elving:
311 1257 73 21 Såsom
407 1257 105 21 utskottet
532 1257 7 20 i
562 1257 32 20 sin
620 1257 126 26 motivering
770 1256 118 21 framhållit

63 1285 39 21 och
124 1285 26 20 hr
169 1285 76 21 Heikel
264 1285 39 21 här
321 1285 124 27 ytterligare
465 1285 99 27 påpekat,
582 1285 38 21 har
640 1285 158 21 statsutskottet
818 1287 70 18 ansett

64 1314 32 25 sig
111 1313 52 21 böra
180 1319 110 16 reservera
305 1320 25 15 en
347 1313 64 27 något
426 1313 25 21 så
466 1315 38 19 när
520 1316 45 19 stor
580 1313 125 27 kalkylerad
717 1313 120 26 behållning
852 1313 36 20 vid

63 1341 107 27 utgången
191 1341 23 22 af
231 1344 61 19 nästa
310 1341 149 27 finansperiod,
479 1342 34 21 för
532 1342 35 21 det
585 1342 68 21 första
673 1342 87 21 emedan
780 1348 25 14 en
825 1341 64 26 utgift

63 1370 34 21 för
112 1370 128 21 kavalleriet
255 1372 23 19 är
294 1372 32 19 att
341 1372 87 24 emotse,
445 1370 38 21 och
499 1370 33 21 för
548 1371 36 20 det
599 1371 67 20 andra
681 1370 87 21 emedan
782 1370 40 21 den
832 1369 56 21 före-

64 1398 75 27 slagna
160 1399 177 26 konverteringen
357 1399 106 20 måhända
481 1399 47 20 icke
547 1399 68 20 skulle
636 1399 102 20 realisera
756 1405 24 14 en
801 1397 24 21 så
844 1399 45 19 stor

63 1427 139 26 kapitalvinst
222 1433 44 14 som
286 1427 39 20 här
343 1427 98 26 antagits.
472 1427 35 20 Då
525 1427 68 21 denna
611 1427 137 26 kalkylerade
766 1425 122 27 behållning

64 1455 47 20 icke
127 1457 23 18 är
166 1457 69 19 större
251 1457 26 18 än
294 1455 37 21 det
346 1455 83 26 belopp,
445 1461 46 15 som
507 1455 38 21 här
560 1461 28 14 nu
604 1455 22 21 af
640 1455 105 21 utskottet
759 1455 39 21 har
813 1454 75 21 beräk-

64 1485 54 24 nats,
135 1483 38 21 och
188 1483 26 21 hr
228 1483 94 21 Neovius
337 1483 47 21 icke
396 1483 68 22 heller
476 1483 81 21 kunnat
568 1483 41 21 öka
620 1484 123 20 densamma
754 1483 6 20 i
772 1483 116 20 nämnvärd

64 1511 56 26 mån,
136 1511 62 21 äfven
218 1518 33 14 om
271 1518 47 15 man
337 1511 70 22 skulle
426 1514 49 24 taga
493 1512 127 26 jernvägens
639 1513 59 20 netto
716 1511 122 26 behållning
855 1511 33 20 till

66 1539 91 25 100,000
175 1540 61 21 mark
255 1542 68 19 större
342 1546 38 20 per
399 1540 24 21 år
441 1542 26 19 än
487 1540 55 21 hvad
558 1540 160 21 statsutskottet
732 1539 39 22 har
786 1539 63 27 gjort,
865 1539 24 20 så
