1086 1736
355 145 93 22 Borgarest.
460 144 47 19 1888.
531 145 17 18 15
560 144 39 24 Maj.
831 146 45 18 1125

142 213 41 26 Jag
205 213 37 21 vill
261 213 46 22 icke
324 213 66 21 inlåta
409 213 43 26 mig
471 213 28 26 på
517 220 25 15 en
563 214 73 26 längre
656 213 157 27 framställning
832 215 23 21 af
873 215 26 21 de

74 241 55 26 skäl,
145 247 44 15 som
209 241 34 21 för
261 241 65 27 öfrigt
343 241 43 22 tala
401 241 35 21 för
451 242 48 20 mitt
514 241 87 27 förslag,
618 241 28 21 då
661 242 25 20 de
703 241 54 21 dock
771 243 62 21 torde
848 249 51 16 vara

75 269 34 21 för
127 269 26 21 de
171 269 62 22 flesta
251 270 24 21 af
290 270 95 21 ståndets
401 270 119 21 ledamöter
536 270 98 21 bekanta.
664 269 42 26 Jag
722 269 36 21 vill
774 270 54 21 dock
843 273 56 19 ännu

75 297 34 21 till
125 297 56 21 hvad
198 297 38 27 jag
254 298 58 21 förut
329 300 47 24 sagt
395 298 96 26 tillägga,
507 300 32 19 att
555 298 37 26 jag
610 298 131 26 fullkomligt
755 297 86 22 förenar
857 300 42 26 mig

76 325 48 21 med
143 325 24 21 hr
187 325 108 22 Snellman
315 326 109 26 angående
442 326 100 26 tillägget
556 326 7 21 i
585 326 6 27 8
608 327 10 20 1
636 332 33 14 om
686 332 99 20 svampar
800 326 39 21 och
855 327 44 21 bär.

75 354 70 20 Dessa
163 354 63 21 saker
244 360 40 21 ega
303 356 30 19 ett
352 354 142 26 öfvergående
514 354 71 26 värde,
601 360 46 15 som
666 360 63 14 varar
744 354 74 21 endast
834 354 65 27 några

76 382 76 26 dagar:
168 388 127 21 svamparna
309 382 65 21 blifva
390 382 104 21 förvuxna
509 382 39 22 och
564 382 66 22 bären
646 382 142 26 öfvermogna.
817 382 82 22 Genom

75 416 27 15 en
117 410 157 26 bestämmelse,
285 411 65 21 sådan
366 416 44 15 som
427 411 76 26 denna,
514 411 69 21 skulle
598 411 21 21 vi
630 410 22 21 få
662 416 22 15 se
695 410 123 27 hjortronen
830 413 70 19 ruttna

75 438 8 21 i
100 438 52 21 våra
171 439 50 21 kärr
240 439 39 21 och
298 444 81 16 mossar
398 438 40 22 och
457 445 126 21 svamparne
599 439 7 21 i
622 438 51 22 våra
688 438 85 27 skogar.
803 439 43 21 Bär
861 440 39 20 och

76 472 99 22 svampar
192 467 87 27 plockas
298 467 88 21 alldeles
405 467 35 21 för
457 467 55 26 litet,
528 474 48 14 man
595 467 67 21 borde
678 469 128 25 uppmuntra
821 468 78 25 dertill,

75 494 47 22 icke
140 496 109 26 uppställa
263 496 74 20 hinder
355 496 102 20 deremot.
488 496 69 21 Bären
573 496 40 20 och
628 501 126 21 svamparne
769 497 37 19 äro
822 496 23 20 af
857 496 42 21 för-

76 523 116 23 svinnande
214 524 110 26 betydelse
346 524 32 21 för
394 524 138 26 jordegarne,
552 530 47 15 men
618 524 23 20 af
659 524 47 20 icke
725 524 60 26 ringa
804 524 44 26 vigt
866 524 34 21 för

76 552 41 20 den
139 552 82 27 fattige.
251 552 42 21 Det
311 552 73 26 ligger,
402 552 37 26 jag
457 552 89 27 medger
564 552 43 26 det,
624 558 25 15 en
669 552 155 26 inkonseqvens
843 553 6 20 i
869 554 32 20 att

75 579 47 22 icke
137 580 90 21 omfatta
242 580 115 21 utskottets
372 580 81 26 förslag
468 580 7 21 i
492 581 69 20 denna
577 580 41 26 del,
631 586 47 15 men
695 580 26 21 de
735 580 111 26 praktiska
857 580 43 21 för-

75 607 128 23 hållandena
225 609 7 20 i
251 608 48 21 vårt
315 608 51 21 land
384 609 71 25 nödga
474 614 36 15 oss
528 610 32 19 att
578 610 53 25 göra
650 608 69 21 denna
737 608 162 27 inkonseqvens.

75 636 26 27 Ej
123 636 67 21 heller
208 637 7 20 i
235 637 40 20 den
294 636 90 21 svenska
399 636 124 27 strafflagen
539 637 91 20 omtalas
646 636 38 21 bär
699 637 38 20 och
754 643 99 20 svampar
867 637 33 21 så-

76 670 45 15 som
136 665 90 21 föremål
241 665 34 21 för
289 665 100 20 straffbar
404 665 101 21 åverkan.

145 693 105 26 Slutligen
268 693 67 21 måste
349 693 37 26 jag
401 695 58 24 säga,
476 695 32 19 att
520 693 38 26 jag
573 693 47 21 icke
634 693 43 20 kan
692 692 63 26 finna,
771 695 31 19 att
818 694 82 21 utskot-

75 723 38 24 tet,
129 727 75 20 genom
221 723 32 19 att
267 721 88 26 tillägga
370 723 117 20 momentet
501 722 21 25 4,
533 721 109 27 godtgjort
656 721 145 21 uteslutandet
816 721 23 22 af
851 728 49 21 pro-

75 749 132 26 positionens
225 750 134 25 bestämning
376 749 8 21 i
402 749 52 22 sista
469 750 113 25 meningen
598 749 24 21 af
634 749 68 22 första
717 751 121 25 momentet,
854 756 45 15 som

75 777 72 27 lyder:
167 778 152 26 ,Understiger
336 777 75 22 värdet
430 777 23 21 af
471 778 37 21 det
526 778 107 21 äverkade
652 784 26 15 en
694 778 65 25 mark,
776 784 49 15 vare
841 778 60 21 äver-

75 805 66 22 karen
157 806 100 21 förfallen
272 806 75 21 endast
361 806 33 21 till
410 806 137 25 skadestånd,
559 812 34 15 om
605 806 149 26 målseganden
767 806 51 21 derå
827 807 73 20 talar".

75 834 42 26 Jag
137 840 62 15 anser
215 836 32 19 att
261 835 7 20 i
283 834 43 21 alla
341 834 113 21 händelser
470 841 26 14 en
513 834 66 21 sådan
595 834 149 21 bestämmelse
759 836 25 19 är
799 836 32 19 att
845 835 55 20 före-

77 862 66 26 draga
165 862 90 21 framför
274 863 40 20 den
333 862 23 21 af
373 863 106 20 utskottet
498 862 130 26 föreslagna,
644 862 38 21 och
701 862 64 27 yrkar
784 862 71 21 derför
874 863 27 26 på

76 890 120 26 antagande
212 890 23 22 af
248 891 67 27 sagda
331 890 83 26 mening
430 890 7 21 i
453 890 41 21 den
510 890 78 26 nådiga
603 890 166 27 propositionen.

145 918 32 21 Hr
191 918 129 27 Eneberg:
338 919 42 20 Det
395 918 101 21 förvånar
512 919 43 26 mig
571 918 111 27 högeligen
699 920 32 19 att
745 918 25 21 hr
785 919 116 21 Rönnbäck

75 946 40 21 har
129 947 58 26 gjort
203 947 32 26 sig
251 947 84 27 skyldig
349 947 33 21 till
398 947 40 21 den
453 947 185 26 inkonseqvensen
654 949 32 19 att
696 947 50 26 vilja
757 946 74 22 straffa
841 947 60 21 åver-

76 974 42 21 kan
133 975 13 20 å
161 975 96 21 växande
272 975 48 21 träd
336 981 44 15 som
396 975 64 26 stöld,
472 982 48 14 men
536 976 96 20 deremot
642 975 70 21 lemna
723 975 111 21 ostraffadt
843 975 59 21 bort-

76 1003 103 26 tagandet
196 1003 23 21 af
237 1003 82 21 mindre
337 1005 73 19 växter
429 1004 7 20 i
456 1004 87 26 skogen.
573 1003 43 21 Det
635 1005 24 19 är
678 1003 53 21 dock
748 1003 58 21 klart
821 1005 31 19 att
867 1009 34 15 om

77 1031 36 21 det
132 1037 40 15 ena
190 1033 25 19 är
234 1032 63 25 stöld,
313 1032 24 20 så
355 1033 24 19 är
394 1032 36 20 det
446 1031 68 21 andra
529 1031 64 26 stöld,
608 1038 34 14 om
658 1032 36 20 det
709 1038 39 14 ena
763 1033 24 19 är
802 1031 99 26 åverkan,

77 1059 24 21 så
119 1061 24 19 är
162 1060 36 20 det
217 1060 66 21 andra
302 1059 98 21 åverkan.
431 1060 75 26 Enligt
524 1060 42 20 min
585 1060 64 20 tanke
668 1060 71 20 kunna
757 1059 52 21 våra
823 1060 79 26 skogar

76 1087 47 21 icke
145 1094 62 15 anses
226 1094 51 14 vara
295 1088 89 21 föremål
403 1088 34 20 för
456 1094 26 15 en
502 1088 24 20 så
545 1088 113 26 utpräglad
678 1088 131 26 eganderätt,
828 1088 24 20 så
870 1089 32 19 att

77 1122 48 14 man
141 1116 70 21 skulle
226 1116 71 21 kunna
312 1116 44 21 tala
371 1122 34 14 om
421 1116 57 21 stöld
494 1116 23 20 af
530 1116 57 20 vilda
603 1116 49 20 träd
667 1116 6 20 i
689 1116 86 26 skogen,
790 1122 48 14 men
853 1116 49 21 med

76 1144 75 25 lagens
170 1144 56 21 anda
244 1144 39 21 och
301 1144 83 26 mening
400 1144 202 21 öfverensstämmer
618 1144 102 25 deremot,
735 1145 32 20 att
781 1150 49 14 man
846 1144 56 21 talar

77 1177 34 15 om
127 1172 56 21 stöld
198 1172 25 21 af
236 1172 79 21 sådana
330 1172 48 21 träd
394 1172 39 21 och
448 1174 82 24 växter,
541 1178 46 15 som
599 1173 37 20 äro
648 1178 75 20 genom
735 1172 167 21 menniskohand

76 1201 125 26 uppdragna
221 1201 52 20 eller
292 1206 76 21 genom
386 1200 108 27 mensklig
513 1206 86 20 omsorg
617 1200 137 26 frambragta.
785 1199 78 22 Derför
878 1201 25 20 är

77 1227 36 22 det
127 1228 132 27 fullkomligt
273 1229 137 26 berättigadt,
422 1230 32 19 att
469 1228 140 27 förbrytelser
625 1230 45 19 mot
684 1229 14 20 3
713 1228 11 27 &
737 1227 84 22 straffas
832 1228 70 21 såsom

77 1256 63 26 stöld,
164 1262 47 15 men
237 1257 127 26 tillgreppen
390 1256 24 21 af
438 1257 96 20 växande
559 1257 58 20 vilda
640 1257 48 20 träd
711 1257 69 20 såsom
803 1256 100 21 åverkan.

75 1284 63 21 Hvad
158 1284 102 21 särskildt
277 1284 103 21 beträffar
395 1285 190 26 bestämningarna
600 1285 6 20 i
624 1285 11 20 1
652 1284 11 27 8
679 1285 110 26 angående
805 1290 98 21 svampar

76 1312 40 21 och
130 1312 45 26 bär,
187 1312 24 21 så
226 1315 24 18 är
263 1313 37 26 jag
315 1313 89 21 alldeles
420 1319 51 15 ense
488 1313 48 20 med
551 1313 37 20 hrr
604 1312 109 21 Snellman
729 1313 39 20 och
780 1312 123 26 Rönnbäck,

76 1347 48 14 men
138 1341 44 26 just
198 1341 23 20 af
235 1341 41 21 den
291 1341 70 26 orsak,
374 1343 32 18 att
419 1341 38 26 jag
472 1341 48 21 icke
534 1347 63 14 anser
607 1341 159 26 skogsåverkan
777 1347 52 14 vara
840 1339 63 26 stöld,

76 1370 51 19 utan
146 1369 100 26 åverkan,
265 1369 38 21 och
322 1369 89 21 emedan
428 1369 38 26 jag
484 1375 63 15 anser
567 1369 151 26 borttagandet
736 1369 23 20 af
777 1369 62 20 dessa
858 1368 46 21 små

77 1397 39 20 och
139 1397 122 27 obetydliga
283 1399 79 24 växter,
382 1403 46 15 som
447 1397 100 26 vanligen
566 1397 22 20 få
606 1399 74 19 ruttna
698 1397 7 20 i
724 1397 113 26 skogarna,
856 1395 47 22 icke

75 1424 54 21 böra
148 1425 67 21 blifva
233 1425 89 22 föremål
340 1425 34 21 för
393 1425 67 21 straff.
490 1425 42 26 Jag
551 1425 39 21 har
608 1425 47 21 icke
670 1425 8 20 i
692 1425 105 21 utskottet
812 1423 92 27 bidragit

75 1452 35 21 till
133 1453 59 21 detta
212 1453 70 21 beslut
297 1453 40 21 och
355 1453 38 21 ber
412 1453 66 21 också
498 1452 71 22 derför
589 1454 33 20 att
640 1452 22 21 få
680 1452 119 25 framhålla,
818 1452 32 20 att
868 1452 36 21 det

76 1480 7 21 i
102 1481 52 21 våra
173 1481 149 21 förhållanden
341 1487 62 21 synes
422 1487 54 15 vara
490 1481 66 26 något
571 1481 70 25 hårdt,
657 1482 32 20 att
704 1482 51 25 göra
771 1480 63 21 dessa
849 1480 55 21 små-

77 1509 70 26 saker,
163 1515 46 15 som
228 1511 53 19 växa
300 1509 41 21 den
360 1515 40 15 ena
418 1509 71 27 dagen
508 1509 40 21 och
568 1510 72 20 ruttna
656 1509 40 21 den
712 1509 73 25 andra,
800 1508 33 21 till
848 1508 56 21 före-

77 1537 42 21 mål
142 1537 33 21 för
198 1537 23 21 så
245 1539 73 25 sträng
339 1537 147 27 bestraffning,
506 1538 6 20 i
534 1537 114 27 synnerhet
667 1543 45 15 som
731 1536 174 27 eganderättsbe-

201 1579 8 7 N
814 1585 23 18 72
