1089 1734
336 144 92 22 Borgarest.
440 144 47 19 1888.
512 143 21 19 16
547 144 40 24 Maj.
805 146 45 18 1139

47 212 78 27 tydligt
145 212 70 21 blefve
234 212 231 22 öfverensstämmande
484 212 48 21 med
548 213 41 21 den
604 212 71 27 gamla
691 213 74 26 lagens
781 217 92 19 motsva-

48 240 66 21 rande
130 240 117 26 stadgande
263 247 33 15 om
312 243 108 19 matvaru-
435 240 40 21 och
491 246 68 15 annan
575 241 58 26 dylik
648 241 85 21 handel.

117 280 31 20 Hr
167 279 82 22 Sulin:
272 280 43 20 Det
333 282 23 18 är
376 286 25 14 en
421 280 79 20 allmän
519 282 44 19 sats
582 280 7 20 i
605 280 41 20 den
663 280 101 21 moderna
780 280 93 26 lagstift-

48 308 84 26 ningen,
144 309 32 19 att
191 314 25 15 en
231 308 108 26 handling,
352 314 44 14 som
412 308 47 20 icke
475 310 24 18 är
511 308 6 20 i
529 308 35 26 lag
575 308 114 26 förbjuden
701 308 53 26 icke,
767 310 24 19 är
803 310 69 20 straff-

48 336 45 22 bar.
123 336 70 26 Något
211 336 62 21 straff
289 336 42 21 kan
349 336 46 21 icke
415 336 95 26 ådömas,
530 342 33 15 om
583 336 47 21 icke
649 336 62 26 lagen
730 337 142 26 uttryckligen

49 364 76 22 sådant
139 364 146 21 föreskrifver.
310 364 34 21 Nu
359 364 86 26 stadgas
462 364 6 20 i
485 364 68 21 denna
569 364 103 27 paragraf
686 365 76 21 endast
777 367 32 19 att
824 366 48 25 den,

48 398 46 16 som
113 392 28 26 på
159 392 118 21 sabbatstid
295 392 68 21 håller
379 392 104 21 krambod
499 393 53 20 eller
567 399 68 14 annan
653 392 58 28 dylik
727 393 146 27 försäljnings-

48 421 42 20 bod
109 422 75 25 öppen,
201 421 54 20 skall
273 421 50 20 böta
338 421 64 25 högst
418 421 41 20 100
476 420 67 21 mark.
573 420 34 21 Då
622 420 37 21 det
674 421 83 21 således
772 422 47 20 icke
835 421 38 21 fin-

48 455 38 15 nes
104 449 38 20 här
161 449 54 21 eller
233 449 140 20 annorstädes
392 449 6 20 i
418 449 62 26 lagen
499 450 68 19 utsatt
585 448 62 21 straff
665 448 34 21 för
718 449 47 26 den,
781 455 45 15 som
846 450 27 26 på

48 477 138 26 ifrågavande
209 477 30 20 tid
262 477 137 26 öppenhåller
421 483 25 14 en
465 477 104 26 slagtare-
588 477 53 21 eller
660 477 115 26 bagarbod,
795 479 22 25 ty
837 479 36 20 det

48 505 59 21 förra
125 507 24 18 är
167 505 34 21 väl
221 505 46 21 icke
286 507 32 18 att
332 505 50 20 idka
395 505 148 26 kramhandel,
559 505 38 21 och
614 505 169 26 öppenhållande
799 506 23 21 af
836 506 36 21 ba-

49 533 81 27 garbod
146 533 41 21 kan
203 539 51 15 vara
270 533 36 21 det
321 533 76 21 endast
413 539 32 14 om
462 533 39 21 der
517 533 64 26 säljes
593 533 66 21 finare
672 533 69 26 saker,
753 540 48 15 men
813 534 59 27 inga-

48 561 65 22 lunda
132 567 34 15 om
185 561 37 21 det
239 561 68 26 gäller
327 561 80 26 vanligt
426 561 60 26 bröd,
503 561 24 21 så
545 564 46 18 tror
607 561 38 27 jag
661 564 31 18 att
708 562 61 27 ingen
785 563 87 21 domare

49 590 47 21 med
117 589 81 26 vanligt
216 590 96 21 omdöme
331 589 55 21 skall
404 589 52 21 fälla
476 590 33 20 för
528 589 93 22 idkande
640 589 23 21 af
680 590 65 21 sådan
765 591 77 20 handel
860 591 13 20 å

49 617 120 22 sabbatstid
185 618 32 20 till
233 624 76 15 ansvar
325 617 32 22 för
373 617 153 22 sabbatsbrott.
549 617 41 27 Jag
607 618 69 21 skulle
691 618 132 27 visserligen,
838 625 34 15 om

49 646 64 27 något
131 647 58 26 slags
208 646 128 21 tvifvelsmål
355 646 6 20 i
380 646 67 21 saken
463 645 70 22 kunde
549 646 83 27 uppstå,
649 652 51 15 anse
715 649 32 18 att
761 647 112 21 enahanda

49 675 125 26 stadgande,
190 680 45 15 som
251 675 6 20 i
273 675 98 25 gällande
387 675 35 25 lag
437 673 74 27 finnes,
528 674 53 21 eller
596 676 32 19 att
643 677 44 18 mat
702 675 38 20 och
755 675 73 21 dricka
839 675 35 21 må

49 703 66 26 säljas
131 703 54 20 efter
201 703 158 26 gudstjenstens
375 702 50 25 slut,
441 702 66 21 borde
523 703 6 20 i
545 702 12 27 $
573 702 106 27 tilläggas,
696 709 47 14 men
759 703 28 21 dä
799 703 38 26 jag
849 705 24 20 är

49 731 43 21 viss
108 737 34 14 om
158 733 31 18 att
204 731 63 26 ingen
283 731 40 20 kan
339 731 96 26 tillämpa
449 730 165 26 ifrägavarande
626 731 117 26 stadgande
755 731 28 26 pä
793 732 80 21 sädana

49 759 91 26 butiker,
157 765 44 15 som
221 759 24 20 hr
263 765 40 14 von
322 759 72 21 Pfaler
407 760 72 24 afsett,
495 759 24 20 sä
534 765 63 14 anser
609 759 38 26 jag
661 761 32 18 att
708 765 25 14 en
749 759 124 22 återremiss

49 787 7 21 i
75 787 36 22 det
129 787 24 21 af
170 787 76 21 honom
265 787 92 26 antydda
376 787 54 27 syfte
449 793 52 15 vore
520 786 132 27 öfverflödig,
668 787 39 21 och
722 787 63 27 yrkar
801 787 73 22 derför

49 817 32 20 att
96 815 117 21 utskottets
229 815 132 21 betänkande
377 815 66 21 mätte
459 817 96 24 antagas.

117 855 32 21 Hr
168 855 123 21 Neovius:
314 854 41 27 Jag
374 855 33 21 för
425 855 43 21 min
485 855 34 21 del
534 854 33 22 fär
582 855 131 21 understöda
728 855 25 21 hr
767 861 42 15 von
824 855 50 21 Pfa-

50 884 43 20 lers
111 883 102 27 yrkande.
243 883 112 27 Uttrycket
374 883 105 21 krambod
497 885 24 19 är
539 883 65 21 redan
620 883 7 20 i
643 883 38 21 och
697 883 33 21 för
745 884 32 26 sig
792 884 82 26 ganska

50 912 121 24 sväfvande,
188 911 81 21 hvilket
283 912 84 20 bevisas
383 911 62 21 deraf
459 913 32 19 att
506 911 32 21 till
555 911 38 21 och
609 912 48 20 med
673 912 25 20 hr
711 911 59 21 Sulin
782 912 92 26 medgaf,

50 942 31 19 att
97 946 24 14 en
138 940 108 26 bagarbod
262 940 6 20 i
284 940 57 20 vissa
354 940 37 20 fall
405 940 100 26 möjligen
517 940 71 20 kunde
599 939 110 21 betraktas
721 940 70 20 säsom
803 940 71 20 kram-

50 968 49 21 bod.
128 968 33 20 Dä
181 967 71 21 dertill
271 970 57 18 ännu
346 968 96 21 kommer
462 968 64 20 orden
547 967 70 27 ,dylik
635 967 199 27 försäljningsbod*,
850 968 25 20 sä

50 998 24 18 är
93 996 36 20 det
147 996 46 20 icke
213 996 120 21 osannolikt
353 998 31 19 att
403 1002 47 14 man
469 996 72 20 kunde
560 995 52 21 falla
625 996 28 26 pä
667 996 40 21 den
723 996 54 26 idén,
794 998 32 18 att
840 996 34 20 till

50 1024 69 21 denna
137 1024 114 26 förbjudna
269 1024 97 27 kategori
381 1024 66 21 räkna
463 1024 110 26 ätskilliga
587 1024 224 26 försäljningsställen,
828 1030 45 15 som

47 1052 38 26 jag
100 1052 47 21 icke
162 1058 29 14 nu
206 1052 100 21 behöfver
321 1053 117 26 uppräkna.

118 1092 32 20 Hr
165 1087 107 25 Öhman:
295 1091 33 21 Då
341 1092 79 26 jemväl
434 1092 38 26 jag
488 1098 63 15 anser
566 1094 31 18 att
613 1092 41 20 den
669 1092 23 20 af
705 1092 26 20 hr
746 1097 39 15 von
801 1091 74 21 Pfaler

51 1119 126 21 framstälda
195 1120 122 26 tolkningen
333 1120 41 20 kan
390 1120 64 20 hafva
470 1120 45 21 skäl
532 1120 33 21 för
581 1120 32 26 sig
628 1120 38 20 och
683 1120 114 26 möjligtvis
811 1119 64 21 äfven

50 1148 42 20 kan
114 1147 67 21 blifva
199 1148 116 26 tillämpad,
335 1148 24 21 sä
378 1148 143 21 understöder
538 1148 37 26 jag
594 1148 53 20 hans
667 1148 79 26 förslag
765 1154 34 14 om
819 1148 57 20 äter-

50 1176 83 21 remiss.

117 1209 31 21 Pä
163 1210 68 26 grund
247 1210 23 20 af
284 1210 36 21 det
335 1210 22 21 af
371 1210 26 20 hr
412 1210 73 21 Pfaler
500 1210 76 26 gjorda
590 1210 105 26 förslaget
706 1216 33 15 om
751 1209 125 21 äterremiss

51 1237 136 21 framstäldes
205 1238 94 26 följande
315 1238 286 26 omröstningsproposition:

119 1270 40 26 De,
175 1270 69 22 hvilka
257 1270 113 27 godkänna
385 1271 15 28 $
417 1272 14 20 7
447 1271 64 27 enligt
525 1271 108 21 utskottets
643 1271 82 27 förslag
736 1271 139 26 oförändrad,

51 1300 57 20 rösta
118 1299 40 27 ja;
174 1298 31 26 de,
221 1299 34 20 det
268 1299 43 21 icke
325 1301 58 25 göra,
399 1301 58 19 rösta
471 1300 49 26 nej;

118 1332 74 21 vinner
209 1333 43 26 nej,
271 1333 40 21 har
325 1333 172 27 borgareständet
511 1333 82 21 beslutit
607 1333 151 21 återremittera
770 1338 105 21 paragra-

49 1360 38 27 fen
105 1360 32 21 till
155 1360 96 21 utskottet
269 1361 36 26 för
323 1361 153 27 omredigering
493 1361 9 20 i
517 1361 34 21 det
564 1361 55 27 syfte
634 1361 26 20 hr
674 1367 39 15 von
728 1360 75 27 Pfaler
817 1359 58 27 före-

49 1388 69 27 slagit.

119 1422 81 22 Genom
221 1423 102 26 votering,
343 1429 46 15 som
408 1423 63 21 utföll
493 1423 46 21 med
559 1423 26 21 27
603 1423 23 26 ja
645 1423 39 21 och
703 1423 27 22 26
749 1423 42 26 nej,
806 1421 71 21 beslöt

51 1451 83 20 ständet
150 1452 32 19 att
197 1451 112 26 godkänna
324 1451 129 26 paragrafen
470 1451 136 21 oförändrad.

119 1483 81 22 Jemväl
224 1485 6 20 i
253 1485 69 26 öfriga
343 1485 59 20 delar
421 1485 127 26 godkändes
566 1485 91 26 kapitlet
675 1485 66 26 enligt
760 1483 116 22 utskottets

50 1511 142 22 betänkande.
