1086 1734
371 147 93 22 Borgarest.
477 146 46 19 1888.
549 147 10 19 8
573 147 40 23 Maj.
842 147 33 19 961

74 216 8 21 i
97 216 69 26 lagen,
185 214 40 22 och
242 214 40 22 bör
301 215 17 27 ej
339 214 61 22 deraf
417 215 84 21 hemtas
517 215 46 21 skäl
578 215 33 22 till
625 215 74 21 vidare
713 215 186 28 inkonseqvenser.

76 244 73 21 Under
163 243 123 21 nuvarande
301 242 155 27 förhållanden,
473 244 27 20 då
515 243 65 22 också
595 244 93 26 qvinnan
703 243 41 21 blir
759 245 91 27 myndig,
866 250 34 22 sy-

75 278 39 15 nes
129 272 160 26 konseqvensen
304 271 78 27 fordra,
398 273 32 19 att
445 272 25 21 så
484 272 62 27 länge
556 278 99 20 mannen,
671 278 46 15 som
732 274 23 19 är
770 272 46 27 gift,
833 273 67 21 måste

75 300 35 22 stå
124 300 68 22 under
206 300 141 26 förmyndare,
363 300 65 21 också
443 300 91 26 qvinnan
551 300 6 21 i
569 300 59 21 detta
641 300 101 21 afseende
757 300 41 22 blir
812 301 88 21 likstäld

76 329 48 21 med
137 329 84 25 honom,
238 329 61 21 äfven
314 334 35 15 om
363 329 93 25 gvinnan
471 329 7 20 i
494 329 77 27 många
584 328 39 22 fall
641 328 45 22 står
701 329 49 21 vida
768 329 59 21 öfver
841 335 59 15 man-

77 358 63 21 nen'i
155 357 99 28 praktisk
269 356 127 28 skicklighet
412 357 39 21 och
466 356 97 29 förmåga
578 358 31 21 att
619 357 68 21 vårda
701 357 37 22 sitt
753 358 53 26 gods
822 357 54 28 sjelf.

145 386 32 21 Hr
197 385 106 22 Öhman:
325 386 42 25 Jag
386 385 96 22 anhåller
501 387 33 20 att
552 386 49 21 med
619 385 115 27 anledning
752 385 24 22 af
790 386 25 21 hr
830 386 71 21 Rönn-

78 414 67 22 bäcks
155 415 84 20 senaste
249 414 99 27 yttrande
363 413 22 22 få
400 415 109 25 anmärka,
524 416 33 19 att
572 415 40 20 den
624 414 276 27 sammanjemkningsteori,

79 443 43 21 han
137 443 39 20 här
191 442 129 27 framstälde,
336 443 66 26 enligt
416 443 48 20 mitt
479 443 138 21 förmenande
632 442 47 21 icke
695 445 24 18 är
728 443 71 26 riktig.
820 443 40 20 Om
868 443 34 20 ut-

79 471 88 26 skottet,
182 471 67 21 under
264 471 40 20 den
320 471 159 27 förutsättning,
496 473 31 19 att
542 473 79 19 tvenne
636 471 62 21 stånd
710 473 77 26 antaga
797 471 105 22 utskotts-

79 499 145 22 betänkandet
246 499 40 21 och
308 501 76 19 tvenne
406 499 63 22 stånd
492 501 79 26 antaga
592 500 41 21 den
653 499 68 22 andra
737 500 165 25 reservationen,

79 528 70 21 skulle
163 528 166 27 sammanjemka
343 527 27 27 på
385 528 27 21 de
427 528 133 21 sistnämnda
574 528 36 21 två
625 528 101 21 ståndens
737 529 75 26 beslut,
825 528 24 21 så
863 527 40 22 har

79 557 107 21 utskottet
201 555 158 28 otvifvelaktigt
372 555 24 22 så
411 557 85 26 mycket
514 563 59 15 mera
595 557 45 20 skäl
659 557 32 20 att
709 559 51 24 göra
779 557 123 26 detsamma,

80 585 72 22 derest
167 587 31 19 ett
214 584 62 22 stånd
292 586 87 25 antager
393 585 160 21 reservationen
571 591 34 15 n:o
621 585 13 21 2
650 585 40 21 och
705 587 31 19 ett
750 587 64 20 annat
829 585 74 22 stånds

80 614 71 21 beslut
166 613 38 27 går
218 613 7 21 i
240 619 27 15 en
282 615 56 19 ännu
353 619 45 15 mer
413 613 103 22 frisinnad
531 613 102 28 riktning.
657 613 169 22 Godkännandet
842 613 22 22 af
878 613 25 21 hr

81 642 117 27 Cloubergs
213 642 80 26 förslag
307 642 42 21 kan
365 641 71 22 derför
451 643 7 20 i
473 642 63 27 ingen
551 642 102 21 händelse
663 641 65 22 hafva
738 643 41 20 den
794 642 109 24 inverkan,

81 672 33 19 att
128 670 142 27 lagutskottet
284 671 31 20 till
330 670 52 27 följd
398 670 62 21 deraf
478 671 69 21 skulle
562 671 86 21 komma
666 672 33 20 att
717 671 63 21 ställa
799 671 104 21 utskotts-

81 699 146 21 betänkandet
244 699 70 21 såsom
328 699 69 26 grund
412 699 33 21 för
460 699 239 27 sammanjemkningen.

150 727 32 21 Hr
194 727 139 22 Stenbäck:
351 727 41 28 Jag
402 727 39 21 ber
453 729 33 20 att
496 728 6 21 i
513 727 114 28 anledning
643 727 22 21 af
679 727 36 21 det
729 729 83 26 senaste
828 727 76 22 andra-

81 756 80 27 gandet
178 755 22 22 få
211 756 69 21 erinra
295 756 79 26 derom,
385 757 32 20 att
430 756 4 21 i
445 756 101 21 händelse
561 756 229 27 sammanjemkningen
805 756 56 21 skall
871 755 33 21 så-

81 791 47 15 som
144 785 7 20 i
166 785 30 20 ett
211 786 65 19 annat
290 784 37 22 fall
343 784 56 21 skett
414 785 87 21 baseras
516 785 27 26 på
558 785 115 21 bestående
688 784 40 27 lag,
744 785 24 20 så
782 785 72 20 kunde
869 784 36 21 det

82 813 41 21 lätt
132 813 76 26 hända,
220 814 38 25 att,
273 813 3 21 i
291 813 101 21 händelse
407 813 36 21 två
454 813 62 21 stånd
527 814 78 26 antaga
615 813 240 22 utskottsbetänkandet
865 812 40 21 och

82 841 28 21 de
124 843 78 19 tvänne
221 841 67 22 andra
305 843 76 20 stanna
402 841 8 21 i
432 841 123 28 skiljaktiga
577 841 77 26 beslut,
674 841 27 21 de
719 841 35 21 två
773 841 132 22 sistnämnda

83 870 70 21 blefve
167 870 103 28 inbjudna
285 872 32 20 att
332 870 62 21 äfven
409 870 75 21 förena
498 871 32 26 sig
546 876 34 15 om
595 870 152 21 betänkandet.

151 899 32 21 Hr
206 899 106 21 Öhman:
335 898 73 22 Under
430 899 81 21 sådana
531 899 149 21 förhållanden
701 898 67 22 måste
790 898 60 22 detta
868 898 37 21 ske

83 927 121 21 oberoende
219 927 65 27 deraf,
301 934 33 14 om
349 927 179 27 borgareståndet
543 929 88 25 antager
651 927 26 21 hr
696 927 115 27 Cloubergs
826 926 80 27 förslag

83 955 52 21 eller
150 956 54 21 icke.
234 956 45 21 Min
295 956 139 26 anmärkning
450 956 67 26 gäller
532 956 8 21 i
555 956 42 21 alla
611 956 113 20 händelser
733 957 45 20 mot
792 956 42 20 den
849 954 24 22 af
881 955 25 21 hr

83 984 118 21 Rönnbäck
216 984 125 22 framstälda
351 984 75 21 teorin.

152 1013 32 21 Hr
198 1013 151 21 Rönnbäck:
365 1013 42 25 Jag
417 1013 39 21 har
471 1013 48 21 icke
534 1012 107 22 framstält
656 1012 70 28 någon
736 1012 60 21 teori.
816 1012 42 26 Jag
868 1011 39 21 har

85 1041 76 28 endast
176 1042 56 21 visat
247 1042 54 20 huru
316 1042 35 20 det
365 1042 8 20 i
387 1042 116 26 praktiken
518 1041 80 21 brukar
612 1041 67 27 tillgå.
709 1041 40 26 Jag
768 1040 100 22 hänvisar
882 1040 25 20 hr

84 1070 83 21 Öhman
190 1070 102 21 särskildt
314 1069 33 21 till
372 1070 216 21 ekonomiutskottets
614 1068 294 28 sammanjemkningsförslag

85 1098 132 22 beträffande
232 1098 258 28 hållskjutsningsfrågan,
510 1098 11 28 $
540 1099 21 25 3,
581 1098 37 21 der
633 1097 205 28 sammanjemkning
852 1096 56 21 före-

86 1127 43 21 slås
141 1127 46 27 just
202 1127 27 27 på
244 1127 36 21 det
296 1128 49 25 sätt,
359 1127 36 26 jag
414 1133 50 21 nyss
480 1127 57 21 sade.
571 1127 42 21 Det
632 1129 24 18 är
674 1127 47 21 icke
739 1126 67 21 första
824 1125 84 28 gången

85 1155 82 22 sådana
181 1155 294 28 sammanjemkningsförslag
490 1156 89 21 kommit
587 1155 49 22 från
651 1155 114 26 utskotten,
782 1154 39 21 och
837 1153 72 22 säkert

85 1183 56 22 skall
160 1184 36 21 det
211 1184 18 27 ej
245 1185 67 20 heller
326 1183 67 22 blifva
408 1184 42 21 den
465 1184 59 21 sista.

154 1213 94 21 Härmed
264 1213 117 21 afslutades
398 1213 155 26 diskussionen,
569 1212 39 21 och
623 1212 26 21 hr
659 1212 122 21 talmannen
796 1210 113 27 uppstälde

86 1241 49 21 med
149 1241 113 26 anledning
278 1241 23 21 af
315 1241 26 21 de
355 1241 69 21 under
439 1241 124 21 densamma
581 1241 75 27 gjorda
675 1240 106 27 förslagen
801 1239 36 30 till
856 1238 54 21 först

87 1269 94 27 följande
196 1269 287 27 -omröstningsproposition:

155 1297 39 26 De,
211 1297 69 22 hvilka
295 1298 69 21 såsom
380 1297 205 27 kontraproposition
604 1299 43 19 mot
661 1297 107 21 utskottets
782 1295 82 27 förslag
879 1295 31 20 till

88 1325 76 28 lydelse
178 1326 36 26 för
233 1326 165 27 ifrågavarande
416 1326 16 28 $
447 1326 65 21 önska
532 1328 75 25 antaga
627 1326 40 21 den
685 1325 79 26 nådiga
782 1323 127 28 propositio-

87 1361 51 14 nens
152 1354 82 27 förslag
249 1355 32 20 till
296 1355 75 27 lydelse
386 1355 37 26 för
442 1355 127 25 densamma,
588 1355 57 20 rösta
659 1354 36 27 ja;
719 1354 31 26 de,
766 1353 34 21 det
814 1351 44 22 icke
873 1352 37 19 ön-

85 1383 46 26 ska,
146 1384 58 20 rösta
218 1384 48 27 nej;

155 1411 74 22 vinner
244 1412 42 27 nej,
302 1411 39 21 har
360 1411 172 27 borgareståndet
545 1411 72 21 såsom
632 1409 206 28 kontraproposition
852 1406 59 28 före-

87 1439 72 28 dragit
173 1439 25 21 hr
216 1440 112 27 Cloubergs
343 1439 88 28 förslag.
897 1465 4 3 N

155 1468 42 21 Vid
216 1469 83 21 anstäld
318 1469 97 26 votering
434 1468 129 22 besvarades
582 1468 70 21 denna
674 1466 238 25 omröstningsproposi-

88 1497 45 21 tion
148 1498 48 20 med
212 1498 27 21 32
252 1497 24 27 ja
290 1497 40 21 och
345 1497 27 22 22
387 1497 41 27 nej,
444 1497 34 20 till
493 1497 52 26 följä
560 1495 77 22 hvaraf
650 1496 84 21 ständet
744 1495 70 21 säsom
824 1493 88 32 kontra-

87 1525 133 27 proposition
235 1528 45 19 mot
295 1525 118 22 utskottets
431 1525 81 28 förslag
530 1525 82 26 antagit
630 1525 40 20 den
689 1524 77 27 nädiga
784 1522 129 27 propositio-
