1084 1736
225 136 35 31 740
488 143 94 22 Borgarest.
593 144 48 19 1888.
665 144 16 19 21
694 145 49 22 April.

273 211 31 22 Hr
324 212 142 21 Molander:
495 212 75 22 Skulle
593 213 216 22 kommunalnämden
835 213 28 26 på
884 213 72 21 landet
979 212 46 21 icke

203 239 63 22 hafva
282 241 66 21 andra
363 241 148 28 befattningar,
528 243 28 20 än
571 244 32 19 att
618 243 73 20 utöfva
707 249 25 14 en
748 243 24 20 så
787 241 73 22 kallad
875 241 150 28 ordningsrätt,

203 269 24 21 så
249 269 68 22 skulle
338 276 50 15 man
405 276 65 21 gerna
488 270 73 21 kunna
579 270 74 22 förena
673 271 31 27 sig
723 271 49 21 med
791 271 54 25 dem,
865 276 45 15 som
929 276 50 15 anse
995 272 32 19 att

202 297 50 21 dess
267 298 136 21 medlemmar
418 298 70 21 kunde
503 298 90 28 fungera
604 306 45 14 som
664 299 157 27 polisbetjente.
852 298 34 22 Då
900 298 74 28 frågan
989 304 38 15 var

203 326 45 21 före
272 326 7 21 i
297 326 111 27 utskottet,
426 327 109 27 upplystes
555 328 42 26 det,
620 328 70 21 såsom
708 328 67 21 redan
793 327 66 27 några
882 327 66 21 talare
962 326 65 22 hafva

202 357 54 25 sagt,
273 356 31 20 att
319 356 244 26 kommunalnämderna,
579 358 38 19 när
637 356 35 22 det
690 356 40 25 har
749 356 91 26 behöfts,
859 356 64 21 hafva
945 356 81 27 antagit

204 383 106 21 särskilda
325 384 155 28 ordningsmän,
496 384 74 22 hvilka
585 385 35 21 vid
635 386 57 20 vissa
706 385 107 25 tillfällen,
833 384 70 22 såsom
918 384 35 21 vid
968 384 57 21 bröl-

203 412 42 26 lop,
261 412 7 21 i
283 414 68 20 större
366 412 160 28 folksamlingar
542 420 19 14 o.
577 420 16 15 s.
604 420 19 15 v.
638 414 58 21 skött
707 413 269 28 poliskonstapelstjenster
986 412 39 22 och

203 440 59 22 skött
277 441 116 28 ordningen
409 442 26 26 pä
449 442 68 26 grund
532 442 24 21 af
570 442 32 21 sin
616 442 201 28 yrkesskicklighet.
847 442 50 21 Men
913 441 54 22 skall
977 447 48 15 man

203 476 29 14 nu
251 470 55 26 välja
325 470 62 22 dessa
405 470 212 22 kommunalnämder
637 471 56 21 blott
711 472 50 20 med
779 470 101 22 afseende
899 470 12 22 &
927 470 98 27 skicklig-

203 498 37 21 het
255 498 7 21 i
278 498 58 22 detta
352 498 106 28 afseende,
478 499 23 21 sä
520 502 23 18 är
562 500 36 20 det
616 500 47 21 icke
683 500 62 28 sagdt
763 501 32 20 att
811 500 62 20 deras
888 499 137 21 medlemmar

203 527 61 21 skola
287 526 71 22 kunna
380 528 62 21 sköta
464 528 113 26 de'öfriga
595 528 146 28 befattningar
760 529 26 21 de
809 528 71 26 hafva,
904 528 69 21 säsom
992 527 33 21 till

203 555 95 26 exempel
315 558 32 19 att
361 558 76 25 utgöra
452 556 221 27 förmyndarenämnd,
693 559 32 19 att
740 557 56 21 vaka
811 556 60 22 öfver
885 556 138 22 helsovärden

203 584 41 21 och
266 590 26 15 en
313 585 76 27 mängd
408 585 66 21 andra
493 585 150 27 befattningar.
675 580 133 27 Ätminstone
828 585 50 21 sade
896 584 127 22 bondestän-

203 612 47 21 dets
261 613 153 22 medlemmar
402 608 13 37 i
429 613 105 22 utskottet
549 616 32 19 att
597 614 26 21 de
639 616 36 19 äro
692 613 137 28 öfvertygade
845 613 79 26 derom,
941 615 31 19 att
988 619 34 14 om

204 643 31 19 ett
253 642 116 27 stadgande
387 642 78 22 införes
485 644 31 19 att
536 643 253 21 kommunalnämdernas
807 642 137 21 medlemmar
963 641 60 22 skola

203 669 67 22 blifva
284 670 155 28 polisbetjente,
456 671 23 21 sä
494 673 24 19 är
533 671 37 21 det
585 671 124 27 detsamma,
725 678 46 15 som
787 672 32 20 att
838 671 55 21 döda
908 671 40 21 den
964 670 59 21 kom-

202 699 87 21 munala
307 699 157 28 sjelfstyrelsen.
498 700 66 26 Ingen
581 707 59 14 mera
659 700 80 21 ansedd
757 699 92 22 medlem
867 700 8 20 i
896 699 127 22 kommunen

204 727 68 22 skulle
287 727 63 28 ätaga
365 729 31 26 sig
412 730 30 19 ett
458 729 74 20 sådant
550 729 104 27 uppdrag,
677 729 40 21 och
740 729 28 21 dä
786 727 238 22 kommunalnämderna

202 756 67 21 redan
284 756 64 21 hafva
362 757 101 27 rättighet
478 759 32 19 att
525 759 78 24 antaga
617 757 102 27 lämpliga
729 763 102 22 personer
841 757 33 21 för
885 758 31 20 att
926 757 97 26 upprätt-

202 784 59 22 hälla
279 785 116 28 ordningen
413 786 7 21 i
439 785 118 27 samhället,
577 786 23 21 sä
618 787 57 20 inser
688 786 38 27 jag
741 786 47 21 icke
803 785 86 22 hvarför
905 785 35 21 det
955 785 68 21 skulle

202 819 52 15 vara
265 814 135 27 nödvändigt,
416 816 32 19 att
463 815 252 21 kommunalnämdernas
725 815 140 21 medlemmar
873 813 74 28 sjelfva
955 813 68 22 skulle

201 843 77 26 utgöra
297 849 25 14 en
341 843 183 27 polismyndighet,
544 843 39 22 och
601 843 88 22 hvarför
705 843 26 22 de
747 843 98 21 enskilda
859 843 163 20 medlemmarne

201 870 69 21 skulle
284 870 88 28 inväljas
383 871 56 21 blott
453 872 28 26 pä
495 872 40 20 den
551 872 74 26 grund,
641 873 31 19 att
688 872 26 20 de
730 877 50 16 vore
795 871 99 27 lämpliga
905 871 69 21 säsom
989 876 34 22 yr-

201 898 101 27 kespolis.
330 899 42 28 Jag
387 906 62 15 anser
464 900 72 21 derför
554 902 31 19 att
604 900 41 21 den
663 900 78 28 nädiga
759 900 160 27 propositionen
933 899 47 21 icke
999 901 23 19 är

201 927 57 27 bygd
273 928 27 26 pä
315 928 255 27 sjelfstyrelseprincipen.
593 928 43 22 För
647 928 65 28 öfrigt
727 929 40 21 har
779 929 38 26 jag
831 928 71 21 blifvit
917 928 105 21 förekom-

200 962 49 15 men
265 956 23 21 af
304 956 26 21 hr
345 956 102 28 Hallberg
463 957 39 21 och
517 957 86 21 förenar
617 958 44 27 mig
676 957 72 21 derför
763 957 50 21 med
828 957 84 21 honom.

270 984 32 21 Hr
319 985 103 22 Heikel:
452 986 50 21 Med
520 986 113 27 anledning
653 986 23 21 af
693 986 26 21 hr
735 986 115 26 Hallbergs
865 985 98 27 yttrande
985 984 38 22 ber

198 1013 38 27 jag
258 1015 32 19 att
312 1014 55 21 blott
389 1014 7 21 i
418 1016 80 20 största
519 1014 87 22 korthet
624 1014 21 22 få
663 1014 91 28 påpeka,
774 1016 32 19 att
825 1014 58 21 såväl
897 1013 126 21 utskottet
1010 1009 17 38 i

201 1041 49 21 dess
265 1042 78 26 helhet,
359 1048 44 16 som
418 1042 62 22 äfven
494 1042 51 22 flere
561 1043 22 21 af
596 1043 49 21 dess
663 1043 140 21 medlemmar
821 1043 8 21 i
848 1042 175 27 borgareständet

200 1070 64 21 hafva
279 1070 123 27 framhållit,
422 1073 32 19 att
472 1071 100 21 behofvet
588 1071 23 21 af
625 1078 26 14 en
665 1072 106 21 förstärkt
786 1071 54 27 polis
855 1071 28 27 pä
897 1070 126 28 landsbygg-

200 1098 42 22 den
259 1099 47 21 icke
325 1102 23 18 är
366 1100 78 26 utredt,
464 1100 38 21 och
525 1101 32 20 att
576 1100 59 21 detta
653 1100 67 22 behof
735 1100 201 26 öfverhufvudtaget
950 1099 74 27 tyckes

200 1133 52 15 vara
269 1128 85 27 mycket
372 1128 66 27 ringa.
472 1128 40 22 Om
530 1135 49 15 man
597 1129 36 21 vid
651 1129 76 21 sådant
746 1128 141 26 förhållande,
907 1128 68 21 såsom
990 1129 34 19 ut-

200 1155 82 22 skottet
298 1156 116 27 föreslagit,
430 1157 117 21 förstärker
562 1157 157 26 kronopolisen,
736 1157 25 21 sä
776 1159 24 18 är
815 1157 36 20 det
865 1156 63 26 klart,
940 1157 32 20 att
987 1156 36 21 nä-

199 1190 42 20 gon
256 1184 72 22 vidare
343 1185 119 26 polisvärds
476 1185 137 22 anordnande
629 1185 22 22 af
665 1186 26 21 de
702 1185 138 22 kommunala
850 1184 174 28 myndigheterna

199 1212 87 50 Pa
300 1213 275 28 kommunalförfattningen
593 1214 118 28 medgifver
729 1213 48 22 icke
797 1216 24 19 är
836 1213 23 22 af
873 1212 99 23 behofvet
987 1213 36 26 pä-

216 1247 63 15 allad.

269 1270 31 21 Hr
312 1270 142 22 Stenbäck:
470 1271 83 21 Hittills
563 1271 39 21 har
617 1271 146 21 allmänheten
774 1270 49 28 sjelf
837 1271 58 20 såväl
910 1270 27 27 pä
951 1269 73 22 landet

200 1304 45 15 som
256 1299 81 21 ocksä
328 1294 16 37 i
352 1299 27 21 de
393 1299 83 21 mindre
491 1299 100 22 städerna
605 1300 56 21 varit
677 1300 47 26 den,
736 1306 47 15 som
797 1298 178 27 hufvudsakligen
985 1298 40 21 har

199 1326 105 22 handhaft
319 1327 56 22 hvad
389 1334 49 15 man
457 1328 69 21 kallar
544 1328 142 27 polisvärden.
719 1329 41 26 De,
779 1327 74 22 hvilka
871 1327 55 21 varit
944 1328 81 19 utsatta

198 1355 34 22 för
248 1362 26 15 en
289 1356 181 26 rättskränkning,
486 1357 64 21 hafva
564 1357 75 27 sjelfva
654 1357 91 28 vidtagit
765 1357 26 20 de
807 1355 106 28 ätgärder,
929 1361 45 16 som
989 1361 36 15 va-

199 1384 29 21 rit
243 1385 135 26 nödvändiga
392 1385 33 21 för
444 1387 31 19 att
492 1385 100 27 uppdaga
610 1385 121 27 förbrytare
751 1385 40 21 och
810 1384 101 22 befordra
930 1384 48 21 dem
992 1383 33 22 till

200 1413 65 26 straff,
281 1413 97 22 anskaffa
392 1414 60 21 bevis
467 1416 44 19 mot
527 1414 48 21 dem
589 1414 49 21 med
653 1421 59 14 mera
723 1413 76 28 dylikt.
823 1413 46 21 Och
879 1412 35 22 vid
929 1411 66 22 behof
1004 1412 23 21 af

198 1441 122 29 bevakning
334 1443 40 20 har
389 1442 66 21 sådan
470 1442 115 22 anordnats:
601 1442 23 21 af
638 1442 109 27 frivillige.
779 1442 28 21 Sä
826 1442 96 20 kommer
937 1441 36 21 det
987 1446 38 15 na-

200 1470 107 27 turligtvis
322 1470 132 22 fortfarande
469 1472 31 20 att
515 1470 100 22 förblifva
629 1471 40 21 hos
686 1477 41 20 oss,
739 1472 24 25 ty
779 1472 32 19 att
826 1470 79 21 inrätta
921 1475 26 15 en
962 1469 63 27 polis-

198 1498 61 20 makt
281 1499 27 26 pä
326 1499 80 26 landet,
429 1505 45 15 som
493 1499 69 21 skulle
580 1500 72 20 kunna
672 1499 64 21 träda
754 1499 7 21 i
776 1498 117 22 utöfvande
909 1497 23 22 af
946 1504 81 14 samma

198 1526 129 27 funktioner,
344 1534 45 14 som
405 1528 41 20 den
464 1527 106 22 ordinarie
589 1528 82 27 polisen
691 1528 6 20 i
713 1528 54 20 vära
783 1529 68 19 större
867 1526 78 26 städer,
961 1528 24 19 är
1000 1532 26 15 en

198 1555 131 27 omöjlighet.
359 1556 50 21 Men
424 1556 118 21 emellertid
561 1558 24 19 är
608 1557 35 21 det
662 1556 84 28 ganska
761 1555 130 28 nödvändigt
905 1554 34 22 för
954 1560 73 22 perso-
