1092 1728
244 129 49 31 1040
515 135 93 22 Borgarest.
620 135 46 20 1888.
690 135 18 19 12
720 135 39 24 Maj.

219 202 49 21 från
291 204 138 27 synpunkten,
453 204 105 21 huruvida
582 211 25 15 en
627 205 55 22 skild
702 204 98 23 landsdel
820 204 72 22 kunde
906 204 92 28 förtjena
1013 207 32 19 att

220 231 90 22 sålunda
325 233 150 26 understödjas
491 233 53 21 eller
560 233 54 26 icke,
630 236 50 19 utan
696 236 33 19 att
744 234 20 21 vi
779 233 77 21 främst
870 233 67 22 borde
952 234 27 21 ha
995 235 49 25 ögo-

220 265 40 16 nen
276 260 84 23 fästade
376 261 81 27 dervid,
473 261 86 22 hvilken
576 264 60 25 nytta
651 268 25 16 en
693 263 55 21 bana
766 262 7 21 i
793 262 70 21 denna
882 262 34 21 del
936 262 22 21 af
972 262 73 21 landet

220 288 70 23 kunde
309 291 53 25 göra
377 291 36 20 det
429 290 68 27 öfriga
513 290 79 26 landet,
609 291 38 22 der
662 291 103 22 Finlands
781 290 107 27 egentliga
904 290 25 21 lif
942 291 33 21 till
991 291 53 27 följd

219 317 24 22 af
260 320 68 20 större
348 319 126 21 samfärdsel
490 325 37 22 var
542 319 175 22 koncentreradt.
746 319 42 27 Jag
804 319 110 27 påpekade
930 319 39 21 den
985 322 59 19 stora

220 347 123 26 betydelsen
365 347 66 26 deraf,
451 349 32 19 att
501 348 139 21 Österbotten
659 348 114 21 förenades
796 348 47 20 med
865 347 36 21 det
916 347 69 27 öfriga
999 348 45 21 lan-

220 376 43 25 det,
279 375 24 21 så
317 378 33 18 att
366 376 36 21 det
417 376 47 22 icke
480 376 133 27 småningom
629 376 70 22 skulle
710 376 68 22 blifva
788 378 32 19 ett
830 376 58 26 slags
898 376 67 22 andra
976 376 69 28 Lapp-

220 404 56 25 land,
293 404 89 21 afskildt
397 404 46 21 från
461 404 36 21 det
511 404 143 27 samfundslif,
671 405 47 21 vårt
733 404 47 22 folk
795 404 63 27 eljest
874 404 62 21 lefde.
959 404 85 22 Samma

220 432 129 27 synpunkter
364 439 62 15 anser
439 433 38 27 jag
491 433 6 20 i
513 435 78 25 ytterst
606 433 42 27 hög
663 434 53 27 grad
732 433 45 22 tala
792 432 62 22 äfven
870 433 34 21 för
919 433 41 21 den
976 439 27 15 nu
1013 433 32 21 fö-

220 461 99 27 reslagna
338 461 69 22 banan
427 461 79 22 mellan
525 461 111 28 Uleåborg
654 462 39 21 och
712 461 91 22 Torneå.
833 461 11 22 I
860 462 68 21 denna
946 461 97 22 landsdel

219 489 69 22 finnes
311 496 25 15 en
359 490 121 27 intelligent
502 490 125 27 befolkning
650 491 48 21 med
720 490 134 22 vidsträckta
876 496 106 21 resurser;
1005 491 39 21 och

220 518 69 21 denna
303 518 103 27 förtjenar
420 521 51 19 utan
487 519 73 21 tvifvel
576 519 28 27 på
619 519 39 21 allt
676 522 44 19 sätt
738 521 34 20 att
786 519 78 26 dragas
879 519 22 21 in
915 519 8 20 i
939 519 106 22 samlifvet

219 547 49 21 med
287 547 36 21 det
343 547 68 27 öfriga
426 547 80 22 landet.
537 547 71 22 Sedan
627 547 122 28 Uleåborgs
770 547 69 22 banan
857 547 71 22 blifvit
945 547 100 28 upplåten

219 575 38 22 för
271 575 72 26 trafik,
359 576 38 21 har
413 582 25 15 en
455 576 135 27 egendomlig
606 577 81 21 rörelse
703 576 103 26 inträffat,
822 582 45 15 som
878 576 69 27 tjenar
963 578 31 19 att
1009 577 36 21 be-

220 604 46 27 lysa
285 605 54 20 hvad
356 604 38 27 jag
413 604 87 27 åsyftar.
529 605 52 28 Med
596 607 76 19 nästan
688 605 123 26 feberaktig
826 604 94 22 brådska
934 605 39 21 har
987 605 36 21 det
1037 606 8 21 i

219 633 49 21 hela
283 633 110 21 mellersta
410 633 38 22 och
460 639 63 16 norra
534 633 139 22 Österbotten
684 634 81 27 begynt
775 633 78 27 uppstå
863 633 181 27 bolagsmejerier,

219 661 38 21 och
273 664 135 24 separatorer
423 662 116 21 anskaffats
554 663 34 20 till
604 663 26 20 de
646 662 62 22 flesta
724 662 98 22 socknar.
852 662 43 21 Det
909 663 61 20 torde
985 665 60 18 snart

217 690 47 20 icke
286 689 68 22 finnas
377 691 68 26 någon
467 691 58 21 trakt
548 691 99 21 söderom
666 691 118 26 Uleåborg,
804 691 38 21 der
862 691 35 21 det
917 691 46 21 icke
977 690 68 22 finnes

218 718 73 27 dylika
306 719 149 27 inrättningar.
484 719 73 21 Banan
573 719 39 21 har
628 720 55 20 varit
698 726 26 15 en
740 718 110 28 pulsåder,
866 725 75 20 genom
958 719 86 21 hvilken

217 746 152 28 befolkningen
389 747 81 22 kunnat
485 748 144 26 tillgodogöra
645 748 33 27 sig
694 748 44 21 alla
754 747 118 27 tillgångar
887 748 6 20 i
908 748 63 20 dessa
985 748 60 21 trak-

217 777 40 24 ter,
273 782 44 14 som
333 778 37 19 äro
386 776 95 21 särdeles
497 776 82 27 egnade
594 776 33 22 för
642 776 149 27 ängsskötsel;
815 776 39 21 och
870 782 80 15 samma
965 776 79 22 förhål-

217 804 63 21 lande
300 804 55 22 skall
374 804 151 28 obestridligen
541 811 41 21 ega
596 812 54 20 rum,
667 807 38 19 när
720 806 71 20 banan
806 804 121 22 utsträckes
941 805 56 21 ända
1011 805 34 21 till

219 832 88 22 Torneå.
330 833 73 21 Redan
419 833 44 26 har,
487 834 70 21 såvidt
574 834 38 26 jag
630 836 42 24 vet,
692 834 98 21 rörelsen
810 833 81 21 sträckt
910 833 32 27 sig
957 833 33 21 till
1005 834 38 27 Ijo.

217 861 43 27 Jag
281 862 60 20 anför
361 862 58 21 detta
438 862 33 21 för
490 864 31 19 att
536 862 53 26 visa,
604 862 117 22 huruledes
737 863 7 20 i
761 862 64 21 dessa
839 862 82 21 trakter
935 862 68 21 finnes
1019 869 25 15 en

218 890 133 26 befolkning,
375 896 51 20 som,
443 890 24 22 så
489 893 59 19 snart
572 890 55 22 blott
649 891 86 21 tillfälle
756 890 102 27 erbjuder
876 891 38 26 sig,
934 892 24 19 är
974 890 70 28 färdig

218 918 89 27 tillegna
330 919 33 26 sig
385 919 167 21 civilisationens
570 920 44 21 alla
632 922 74 24 nyaste
725 919 105 26 framsteg
848 918 34 22 för
900 921 31 19 att
945 920 100 21 utveckla

218 947 46 21 sina
287 947 138 21 ekonomiska
448 954 103 15 rusurser.
582 948 45 21 Der
650 948 68 21 finnas
738 947 135 22 vidsträckta
891 947 88 27 trakter,
997 954 46 15 som

217 975 73 21 kunna
305 976 156 26 tillgodogöras
481 976 32 21 för
533 976 134 28 ängsodling,
683 976 33 22 för
732 976 183 26 boskapsskötsel,
931 976 33 21 för
979 976 64 27 meje-

217 1004 53 26 rier;
286 1004 39 21 och
341 1004 38 21 der
393 1004 68 22 finnas
477 1007 58 19 stora
550 1004 74 27 floder,
640 1005 62 27 längs
717 1005 75 21 hvilka
808 1010 25 16 en
850 1004 119 28 betydande
979 1004 63 22 trafik

217 1032 68 21 måste
304 1032 92 22 tillföras
415 1039 25 15 en
457 1033 60 26 bana,
533 1039 46 16 som
596 1036 66 19 sätter
678 1034 64 21 dessa
757 1032 80 22 floders
853 1033 130 21 vidsträckta
999 1039 43 16 om-

218 1061 64 21 råden
298 1061 6 20 i
320 1061 131 22 förbindelse
467 1062 47 21 med
530 1062 37 21 det
583 1062 69 27 öfriga
668 1062 74 21 landet
758 1061 41 22 och
814 1061 50 22 med
880 1061 94 22 verlden.

288 1089 101 27 Sålunda,
411 1090 26 21 hr
459 1090 86 27 talman,
568 1097 63 21 synes
650 1091 44 26 mig
713 1090 72 22 denna
803 1089 57 22 bana
877 1089 65 22 redan
961 1092 82 19 ensamt

217 1117 33 21 för
273 1118 32 26 sig
324 1118 63 21 hafva
406 1125 25 15 en
451 1121 45 18 stor
514 1119 117 27 betydelse,
652 1119 46 22 icke
719 1119 57 21 blott
794 1118 33 21 för
842 1118 41 21 den
899 1118 142 27 landsträcka,

217 1145 43 22 den
276 1146 84 22 komme
375 1149 32 19 att
421 1147 134 28 genomlöpa,
571 1149 51 20 utan
639 1147 34 22 för
688 1147 49 22 hela
754 1147 75 21 landet
844 1147 39 21 och
898 1147 49 21 dess
957 1153 85 20 gemen-

217 1180 81 16 samma
314 1175 77 26 samlif,
407 1175 38 22 och
455 1176 37 27 jag
506 1176 66 27 vågar
586 1176 68 27 påstå,
670 1178 32 19 att
717 1178 51 19 näst
782 1175 101 22 karelska
898 1175 68 21 banan
981 1176 62 21 torde

216 1203 127 27 näppeligen
358 1203 70 28 någon
445 1211 67 14 annan
529 1205 55 21 bana
600 1205 6 20 i
623 1205 59 21 detta
697 1204 125 21 hänseende
838 1203 63 22 hafva
917 1204 23 21 så
951 1205 45 20 stor
1005 1204 37 21 be-

216 1231 84 27 tydelse
315 1238 44 15 som
377 1232 76 22 denna.
468 1245 26 3 —
511 1233 49 21 Men
576 1233 121 22 oberoende
708 1232 66 23 deraf
783 1232 39 21 har
832 1233 70 21 denna
912 1232 55 21 bana
977 1233 65 21 också

217 1266 25 15 en
258 1260 150 22 internationel
424 1261 108 27 betydelse
548 1261 23 22 af
585 1264 65 19 annat
665 1262 47 26 slag
728 1263 27 19 än
772 1261 49 26 den,
837 1267 46 15 som
895 1261 147 21 sammanhän-

215 1294 40 21 ger
273 1289 48 21 med
341 1289 49 22 dess
410 1290 111 21 eventuela
543 1290 98 27 förening
657 1291 48 20 med
722 1290 38 21 det
776 1289 92 22 svenska
881 1289 161 27 jernvägsnätet

216 1317 39 21 och
270 1317 158 22 förbindelsens
444 1318 150 22 utsträckande
610 1319 33 20 till
659 1319 111 20 Atlanten.
792 1318 46 21 Der
853 1317 67 22 finnes
935 1318 106 27 nemligen

215 1346 39 21 der
276 1352 55 21 uppe
353 1346 7 21 i
383 1347 80 21 norden
486 1353 25 15 en
530 1347 65 26 trakt,
612 1347 131 22 omfattande
761 1347 61 20 delar
837 1346 24 21 af
874 1347 54 20 både
943 1347 98 26 Finland,

216 1373 89 28 Sverige
321 1375 39 21 och
375 1375 79 27 Norge,
471 1375 37 21 der
523 1376 37 20 det
575 1375 66 27 pågår
656 1377 32 20 ett
702 1375 31 27 lif,
751 1381 47 15 som
812 1375 38 27 jag
860 1375 7 21 i
878 1375 53 21 visst
941 1375 100 21 afseende

215 1402 70 22 skulle
307 1403 52 27 vilja
377 1402 93 22 förlikpa
490 1404 47 21 med
558 1404 37 21 det
610 1404 54 21 halft
680 1404 111 21 oordnade
807 1410 48 14 men
872 1403 62 21 raska
949 1402 31 27 lif,
996 1409 45 15 som

215 1436 51 21 eger
285 1438 45 15 rum
351 1432 6 20 i
378 1432 40 20 den
438 1432 78 26 fjerran
532 1434 86 20 vestern
640 1432 7 21 i
662 1432 60 22 Nord
738 1432 116 21 Amerikas
869 1432 83 20 förenta
968 1433 73 20 stater.

215 1458 76 23 Denna
314 1460 81 22 rörelse
419 1460 93 28 deruppe
531 1461 6 21 i
557 1461 56 26 höga
631 1461 81 21 norden
732 1463 26 19 är
777 1460 103 26 temligen
895 1460 93 21 obekant
1003 1460 38 21 här

215 1493 58 20 nere,
289 1495 47 15 men
353 1489 40 21 den
408 1488 69 22 finnes
493 1490 49 25 der;
558 1490 40 20 och
614 1489 40 21 den
669 1489 87 21 komme
773 1488 45 22 helt
834 1488 109 27 naturligt,
958 1488 46 21 ifall
1015 1495 26 15 en

214 1515 57 22 bana
286 1517 79 21 mellan
381 1517 84 21 Torneå
479 1518 39 21 och
533 1518 109 26 Uleåborg
658 1518 89 27 bygdes,
765 1519 33 19 att
813 1520 51 24 taga
878 1517 32 21 sin
926 1519 41 24 väg
983 1517 59 22 öfver

214 1544 98 27 Finland,
331 1545 24 21 sä
373 1547 32 20 att
424 1546 20 21 vi
459 1546 84 22 komme
558 1548 33 20 att
606 1546 66 27 draga
688 1548 60 25 nytta
766 1545 40 22 och
822 1545 68 22 fördel
907 1545 66 22 deraf.
1004 1546 38 22 Sä-
