1089 1739
351 146 94 23 Borgarest.
457 146 48 18 1888.
527 145 21 19 25
561 145 39 23 Maj.
822 145 43 18 1331

136 214 39 28 De,
198 214 68 22 hvilka
283 215 70 21 såsom
371 214 207 27 kontraproposition
596 215 43 19 mot
657 213 107 22 utskottets
781 220 107 16 samman-

64 243 203 28 jemkningsförslag
282 242 129 27 beträffande
426 244 13 19 1
454 242 15 28 $
485 244 29 19 21
525 242 56 27 kap.,
593 242 65 22 önska
669 244 76 25 antaga
755 242 25 22 hr
791 242 97 22 Neovius"

69 272 80 28 förslag
167 279 33 14 om
219 272 124 25 äterremiss,
358 273 59 19 rösta
423 272 40 27 ja;
479 272 31 26 de,
526 271 34 21 det
574 271 43 21 icke
633 270 71 26 önska,
719 272 57 21 rösta
791 272 47 28 nej:

136 301 73 21 vinner
227 301 42 27 nej,
284 300 39 21 har
341 299 170 28 borgareständet
527 300 70 21 säsom
613 299 204 27 kontraproposition
831 300 57 27 före-

69 329 68 28 dragit
158 329 106 27 förslaget,
287 330 29 19 att
337 328 170 27 borgareständet
529 328 65 22 skulle
612 327 96 28 förkasta
726 328 162 28 sammanjemk-

68 358 164 27 ningsförslaget
247 356 35 22 och
297 356 100 28 vidblifva
413 357 37 21 sitt
464 356 60 28 förut
538 357 9 21 i
561 356 64 22 saken
640 356 81 27 fattade
735 356 70 22 beslut.

69 386 70 22 Sedan
158 387 68 20 denna
244 386 129 28 proposition
392 385 73 22 blifvit
485 386 46 21 med
553 385 156 27 öfvervägande
725 385 34 27 nej
779 386 109 25 besvarad,

69 415 66 27 följde
150 421 25 15 en
192 414 274 27 omröstningsproposition
483 414 24 22 af
521 414 158 22 nedanstäende
695 414 91 26 lydelse:

136 442 40 27 De,
203 442 67 22 hvilka
294 442 112 27 godkänna
428 442 218 28 strafflagsutskottets
664 441 224 29 sammanjemknings-

69 472 80 27 förslag
171 471 128 27 beträffande
317 472 12 20 1
348 471 15 28 $
381 472 30 20 21
429 470 92 28 kapitlet,
541 473 57 19 rösta
611 472 40 27 ja;
671 471 32 25 de,
723 470 33 22 det
775 470 42 22 icke
830 472 58 26 göra,

69 502 56 20 rösta
139 500 47 28 nej;

137 529 73 21 vinner
224 529 41 27 nej,
281 528 40 21 har
335 528 172 27 borgareständet
521 528 105 27 förkastat
640 527 102 28 förslaget
757 528 36 20 och
808 527 82 22 beslutit

70 558 101 27 vidblifva
186 558 36 20 sitt
235 557 88 27 tidigare
337 557 81 27 fattade
433 556 73 22 beslut.

137 587 41 21 Vid
197 586 82 21 anstäld
298 586 95 26 votering
412 586 130 21 besvarades
561 586 70 21 denna
650 585 130 27 proposition
799 585 47 21 med
863 585 26 21 17

68 616 23 26 ja
101 616 40 21 och
153 616 27 20 36
195 615 41 26 nej,
252 615 81 20 hvadan
349 614 178 27 borgareständet
538 614 94 26 beslutit,
643 616 38 23 att,
693 614 47 21 med
751 614 138 21 förkastande

71 644 22 20 af
114 642 317 28 sammanjemkningsförslaget
453 643 6 21 i
484 643 69 21 denna
571 643 42 26 del,
634 642 95 22 vidhälla
747 643 36 21 sitt
799 642 91 27 tidigare

71 672 75 26 beslut,
165 674 32 19 att
215 672 82 21 straffet
315 671 32 21 för
367 672 61 20 mord
444 671 70 22 skulle
529 673 88 25 utgöras
633 671 76 21 endast
724 670 22 22 af
760 671 87 21 tukthus
862 670 27 28 pä

70 700 67 22 lifstid
153 702 56 19 samt
224 700 75 21 förlust
314 700 22 21 af
351 700 168 27 medborgerligt
534 700 129 21 förtroende.

137 729 122 21 Utskottets
277 728 80 27 förslag
375 728 32 21 till
428 728 206 27 sammanjemkning
653 728 130 22 beträffande
803 729 9 20 1
835 728 11 27 $
862 728 29 21 33

71 758 90 27 kapitlet
183 757 122 27 godkändes
320 759 51 19 utan
385 757 72 27 yppad
472 757 253 27 meningsskiljaktighet.

137 786 136 21 Beträftande
288 786 13 21 6
317 786 10 27 &
342 786 26 21 41
385 785 93 27 kapitlet
493 786 72 21 anhöll

138 815 25 21 hr
185 814 137 21 Rönnbäck
344 820 33 15 om
397 814 63 21 ordet
479 814 39 21 och
537 814 95 21 uttalade
648 814 32 27 sig
696 814 97 21 sälunda:
815 813 76 21 Ehuru

69 843 36 27 jag
128 843 57 21 såväl
209 843 129 21 beträffande
361 843 11 27 $
396 844 10 20 1
427 843 6 20 i
454 843 28 21 10
501 843 90 27 kapitlet
610 849 45 15 som
675 843 11 27 &
705 843 12 21 9
736 843 6 20 i
757 843 28 21 20
800 842 90 27 kapitlet

71 873 68 20 röstat
157 871 34 22 för
209 873 32 19 att
255 871 176 27 borgareständet
446 871 71 21 skulle
533 871 102 21 vidblifva
651 871 46 21 sina
712 871 127 27 föregäende
854 870 37 21 be-

72 901 49 24 slut,
141 900 24 21 sä
184 906 62 15 anser
263 900 36 27 jag
314 906 35 20 nu,
365 901 38 19 när
418 899 179 28 borgareständet
613 899 76 22 endast
703 899 131 22 beträffande
850 899 39 21 den

71 929 80 26 vigtiga
169 929 73 26 frägan
262 935 32 14 om
315 928 137 21 dödsstraffet
472 928 107 21 vidblifvit
597 929 38 20 sitt
655 928 76 27 beslut,
746 930 31 19 att
793 929 31 20 ett
838 927 53 21 fast-

71 957 98 21 hällande
187 957 35 21 vid
240 957 93 21 beslutet
350 958 7 19 i
376 957 69 21 denna
461 957 68 26 fräga,
546 963 45 15 som
608 959 23 18 är
647 957 24 20 sä
687 957 113 26 obetydlig,
816 955 75 22 endast

72 985 67 22 skulle
163 985 98 27 försvaga
280 985 95 22 ständets
394 985 73 21 beslut
487 985 90 22 rörande
594 985 142 22 dödsstraffet.
765 985 41 26 Jag
822 984 69 21 skulle

72 1013 70 22 derför
165 1014 85 26 föreslä,
266 1015 31 20 att
319 1014 68 21 denna
405 1014 104 26 paragraf
525 1013 66 22 mätte
610 1013 123 27 godkännas
751 1014 67 26 enligt
836 1019 55 14 sam-

71 1043 276 26 manjemkningsförslaget.

139 1071 31 21 Hr
189 1071 122 21 Neovius:
334 1071 41 26 Jag
394 1071 71 21 skulle
484 1071 7 20 i
511 1073 88 19 motsats
615 1071 33 21 till
664 1071 25 21 hr
704 1070 114 21 Rönnbäck
834 1075 57 20 anse,

72 1101 31 20 att
122 1100 68 21 denna
209 1099 60 27 fräga
287 1099 46 22 icke
351 1101 24 19 är
393 1099 24 21 af
434 1099 25 21 sä
478 1099 90 22 alldeles
588 1099 61 27 ringa
667 1099 134 27 betydenhet,
817 1101 21 24 ty
856 1098 37 21 det

73 1128 68 27 gäller
157 1135 24 14 en
197 1128 23 21 af
234 1128 154 21 obskurantism
404 1127 133 22 förestafvad
552 1128 97 27 tolkning
665 1128 23 21 af
702 1127 54 22 hvad
770 1133 44 15 som
826 1129 24 18 är
861 1128 32 19 att

72 1163 50 14 anse
141 1156 33 21 för
193 1157 150 20 sabbatsbrott.
373 1156 42 21 Det
433 1156 44 21 kan
497 1157 34 20 väl
549 1156 46 22 icke
611 1163 51 14 vara
677 1157 111 26 meningen
804 1157 31 20 att
850 1155 42 21 för-

72 1185 64 27 bjuda
155 1185 38 21 allt
213 1185 72 21 arbete
303 1185 67 21 under
386 1185 156 21 sabbatstiden.
571 1185 42 26 Jag
628 1185 33 21 för
677 1185 41 20 min
734 1185 33 20 del
784 1190 62 15 anser
861 1185 33 19 att

72 1219 48 15 man
135 1220 75 20 genom
225 1214 77 27 nyttigt
317 1213 72 21 arbete
404 1213 47 21 icke
467 1213 118 27 vanhälgar
595 1215 50 20 utan
657 1215 92 20 tvärtom
760 1213 75 26 helgar
846 1212 47 21 sab-

72 1242 69 26 baten,
157 1242 39 21 och
215 1242 68 21 skulle
302 1242 28 26 pä
348 1242 69 21 denna
435 1242 70 26 grund
520 1242 116 27 ingalunda
651 1248 50 15 anse
717 1241 45 22 skäl
778 1241 115 21 förefinnas

72 1272 31 19 att
122 1271 26 20 de
167 1271 45 25 ord,
229 1276 43 15 som
291 1270 89 21 föresläs
399 1270 32 21 till
451 1271 139 26 uteslutning,
605 1271 67 20 borde
688 1272 135 19 utmönstras.
852 1269 40 26 Jag

72 1299 95 21 anhäller
185 1298 71 21 derför
271 1301 31 18 att
316 1298 179 27 borgareständet
510 1299 50 21 ville
575 1299 102 21 vidblifva
693 1299 36 21 sitt
743 1299 57 21 förra
815 1297 78 22 beslut.

140 1327 31 21 Pä
189 1327 68 26 grund
275 1327 23 21 af
314 1328 35 20 det
366 1327 23 21 af
402 1327 26 20 hr
442 1327 96 21 Neovius
553 1327 126 22 framstälda
694 1327 101 27 förslaget
810 1326 83 25 företog

73 1355 84 22 ständet
172 1356 131 27 omröstning
318 1355 55 22 efter
387 1355 97 27 följande
500 1356 140 27 proposition:

139 1383 40 26 De,
196 1383 67 21 hvilka
281 1383 112 28 godkänna
411 1383 220 27 strafflagsutskottets
645 1383 81 28 förslag
741 1383 31 21 till
786 1387 106 16 samman-

68 1411 111 29 jemkning
197 1412 129 27 beträffande
345 1413 13 19 6
376 1411 15 29 $
406 1413 28 19 41
449 1411 94 28 kapitlet,
558 1414 57 20 rösta
626 1413 39 27 ja;
685 1412 31 26 de,
732 1412 32 21 det
778 1410 43 22 icke
834 1411 60 26 göra,

72 1442 57 20 rösta
143 1441 45 27 nej;

139 1470 74 20 vinner
230 1470 42 27 nej,
288 1469 39 21 har
344 1469 173 27 borgareständet
535 1469 82 22 beslutit
635 1469 100 27 vidblifva
753 1470 36 20 sitt
806 1468 89 26 tidigure

72 1497 79 27 fattade
167 1498 64 21 beslut
245 1499 9 19 i
268 1498 83 27 frägan.

140 1526 49 22 Med
209 1527 28 21 29
253 1527 22 27 ja
293 1529 44 19 mot
354 1527 28 21 24
401 1526 34 26 nej
456 1526 73 22 beslöt
547 1526 84 22 ståndet
648 1526 36 21 vid
699 1526 82 21 anstäld
797 1525 97 26 votering

72 1556 31 18 att
118 1555 112 25 godkänna
245 1555 114 21 utskottets
375 1555 300 27 sammanjemkningsförslag
690 1554 7 21 i
712 1554 68 22 denna
795 1554 41 20 del.
