1086 1739
243 139 35 18 872
507 140 97 23 Borgarest.
616 141 46 19 1888.
685 141 10 18 5
708 141 37 22 Maj.

289 209 26 20 hr
334 209 155 22 Söderlund:
521 210 44 21 Det
583 213 23 19 är
622 211 48 21 med
686 217 26 14 en
727 210 107 27 synnerlig
849 209 193 25 tillfredsställelse,

220 243 46 15 som
280 237 36 28 jag
331 239 117 26 genomläst
460 239 218 28 jernvägsutskottets
693 239 145 28 föreliggande
853 238 140 24 betänkande,
1004 237 39 22 och

220 265 43 22 kan
280 266 37 27 jag
331 267 47 21 icke
397 267 111 22 underläta
523 269 31 20 att
570 274 26 21 ge
612 268 59 21 detta
686 268 36 21 det
737 269 79 20 största
831 267 142 22 erkännande.
1002 267 42 20 Det

220 294 39 22 har
274 295 67 27 gjorts
356 295 103 28 befogade
474 296 39 21 och
532 297 48 20 icke
598 296 106 27 befogade
719 296 163 27 anmärkningar
897 296 56 21 inom
968 295 75 27 borga-

220 323 110 22 reständet
347 326 45 19 mot
411 325 108 26 åtskilliga
533 325 257 22 utskottsbetänkandens
804 325 83 20 mindre
902 324 142 21 tillfredsstä]-

220 352 63 21 lande
304 353 95 26 motiver,
421 359 48 15 men
489 353 59 22 detta
564 353 217 28 jernvägsutskottets
800 353 136 22 betänkande
958 353 60 21 torde
1037 353 6 20 i

220 381 60 21 detta
295 381 121 22 hänseende
431 382 33 21 till
479 382 42 21 alla
537 382 59 21 delar
611 382 154 22 tillfredsställa
775 382 74 27 billiga
860 381 98 28 anspråk.
982 381 61 21 Hvad

220 415 46 16 som
277 410 100 21 särskildt
387 412 24 19 är
421 411 133 27 synnerligen
564 411 126 26 tilltalande,
702 411 129 22 ätminstone
841 410 34 21 för
884 411 49 26 mig,
942 410 23 21 sä
972 412 30 24 är,
1012 411 32 20 att

220 438 107 22 utskottet
341 445 76 21 genom
431 445 95 22 noggran
541 440 115 28 utredning
671 440 140 26 konstaterat,
827 440 32 20 att
871 439 26 22 de
909 439 22 21 af
939 439 105 21 utskottet

219 466 122 28 föreslagna
355 468 193 28 banbyggnaderna
563 469 72 21 kunna
651 469 68 21 under
733 470 62 20 nästa
810 468 187 27 landtdagsperiod
1008 467 36 21 be-

220 496 73 27 läggas
312 496 50 21 med
380 496 79 27 arbete,
479 497 71 21 derest
570 498 36 20 det
624 497 56 22 blott
700 497 67 28 gifves
787 497 41 26 god
847 497 50 27 vilja
911 497 33 21 för
958 496 85 22 realise-

218 524 78 22 randet
311 524 23 22 af
348 525 47 21 dess
411 525 84 28 förslag.
526 526 50 21 Men
592 526 69 21 skulle
676 532 29 15 nu
720 525 161 22 statsutskottet
891 526 47 20 icke
949 531 51 15 anse
1010 525 31 27 sig

218 552 74 22 kunna
306 554 84 20 ansluta
405 554 31 26 sig
451 554 32 21 till
499 554 35 21 det
549 554 23 22 af
584 554 205 28 jernvägsutskottet
805 554 112 21 förordade
927 554 63 26 länet,
1002 554 39 20 och

219 582 115 21 ständerna
356 582 18 27 ej
393 582 66 22 heller
477 583 83 21 besluta
578 585 33 19 att
629 583 66 21 redan
716 584 55 20 1890
789 582 126 28 päbegynna
933 582 48 21 med
1000 582 42 21 alla

219 610 27 21 de
265 610 22 22 af
300 610 206 28 jernvägsutskottet
523 618 29 14 nu
571 612 122 27 föreslagna
711 612 73 26 banor,
805 612 23 20 sä
845 611 69 21 blefve
930 611 36 21 det
982 610 60 22 Sata-

218 638 68 22 kunta
302 645 45 15 som
362 640 7 20 i
385 640 74 21 sädant
474 640 37 21 fall
526 640 46 22 äter
588 640 47 27 igen
650 640 56 28 finge
722 641 51 21 sitta
789 640 96 21 emellan.
911 639 129 21 Satakuntas

218 669 67 25 tunga
304 668 40 21 öde
359 668 104 22 beskärde
478 668 36 22 det
529 670 32 20 att
575 669 124 27 ytterligare
714 676 51 14 vara
780 668 24 22 sä
819 669 41 26 god
875 670 32 20 att
921 670 63 19 vänta
1000 668 42 20 och

218 696 34 21 stä
268 696 62 27 stilla,
346 697 47 21 med
409 697 67 21 andra
491 697 38 21 ord
540 699 32 19 att
582 698 27 26 gå
619 698 97 21 tillbaka.
742 698 41 26 Jag
794 699 24 19 är
829 697 122 27 öfvertygad
962 697 79 25 derom,

218 726 32 20 att
265 725 175 26 borgareständet
454 727 98 26 nogsamt
568 726 72 26 fattar,
656 726 55 21 huru
727 728 123 20 smärtsamt
865 727 31 19 ett
910 725 76 21 sädant
1000 724 42 22 för-

218 753 100 22 hällande
340 754 87 25 kännes,
450 754 55 22 huru
527 757 63 24 tungt
612 755 40 21 och
674 755 176 21 nedstämmande
870 754 61 22 dessa
949 754 93 26 stämdigt

218 782 76 21 svikna
309 782 166 28 förhoppningar
489 783 67 21 mäste
568 784 77 20 beröra
656 783 121 22 Satakunta
787 783 116 27 landskaps
912 782 129 26 befolkning.

220 808 76 24 Skulle
314 817 28 14 nu
361 812 114 20 ständerna
494 812 48 21 icke
560 812 68 21 heller
646 812 35 21 vid
700 812 70 21 denna
788 812 101 27 landtdag
908 811 84 21 besluta
1007 817 34 15 om

218 839 121 28 byggandet
354 839 23 21 af
391 840 69 22 denna
474 840 61 26 bana,
552 841 24 21 sä
590 847 51 15 vore
656 841 36 21 det
707 841 46 21 icke
769 842 32 20 att
816 840 68 21 undra
899 840 32 27 pä,
948 846 33 15 om
991 846 50 15 man

219 868 62 21 äfven
299 868 7 21 i
324 868 119 22 Satakunta
461 869 83 21 komme
563 869 67 21 under
648 869 54 21 fund
719 869 55 26 med,
791 871 32 19 att
838 869 37 21 der
890 868 108 26 verkligen
1013 880 26 3 —

218 896 70 22 säsom
308 896 24 21 hr
351 897 156 27 Neppenström
525 898 90 26 tidigare
635 898 75 21 barskt
726 898 39 20 har
781 898 76 27 antydt
872 910 27 2 —
914 897 66 21 mätte
995 897 46 21 rida

218 931 26 15 en
260 931 64 20 mara,
340 925 39 21 och
395 927 32 20 att
442 926 36 21 det
492 928 24 19 är
531 926 69 21 denna
615 932 66 20 mara,
697 932 45 16 som
757 926 68 21 häller
840 926 126 26 landskapet
976 926 6 21 i
994 926 46 21 sina

218 954 91 26 olösliga
324 954 67 27 bojor.

287 982 61 21 Hvad
367 988 29 15 nu
411 982 100 22 beträffar
527 983 74 27 sjelfva
616 983 151 27 sträckningen
782 982 33 22 för
831 983 117 21 Satakunta
963 983 76 25 banan,

217 1010 25 21 sä
259 1010 68 22 mäste
343 1011 36 27 jag
399 1011 60 21 helsa
477 1012 40 20 den
539 1012 23 21 af
579 1012 107 21 utskottet
704 1012 122 26 föreslagna
845 1012 48 20 med
913 1012 35 20 det
964 1013 77 19 största

217 1039 141 27 erkännande,
377 1040 40 21 och
435 1040 100 21 särskildt
554 1040 38 22 ber
604 1041 38 27 jag
656 1040 21 22 få
695 1040 57 22 fästa
769 1040 215 26 uppmärksamheten
1004 1040 35 20 vid

216 1068 118 21 utskottets
348 1068 126 28 motivering
488 1069 7 21 i
505 1069 65 21 slutet
580 1069 28 27 på
618 1069 61 21 sidan
688 1070 35 25 40,
735 1070 33 20 att
779 1068 65 21 linien
854 1069 104 21 måhända
969 1068 71 22 kunde

217 1096 49 21 med
281 1098 69 20 större
365 1096 68 22 fördel
449 1097 56 21 ledas
521 1098 63 20 söder
600 1104 34 14 om
649 1097 121 27 Puurijärvi
786 1097 38 27 sjö,
841 1099 26 19 än
883 1103 49 15 norr
944 1104 34 14 om
990 1097 50 21 den-

216 1130 88 16 samma.
333 1125 41 27 Jag
389 1127 38 25 gör
443 1126 58 21 detta
516 1126 23 21 så
554 1126 85 27 mycket
652 1132 66 20 mera,
729 1132 46 15 som
786 1125 63 21 äfven
857 1126 37 26 jag
904 1132 36 14 var
951 1126 89 20 betänkt

216 1154 34 20 att
268 1153 128 27 petitionera
415 1160 34 15 om
464 1154 75 26 linjens
554 1154 108 27 dragande
679 1155 69 21 denna
763 1156 46 24 väg,
826 1160 34 15 om
873 1155 37 26 jag
925 1154 18 27 ej
959 1154 81 21 fruktat

216 1183 34 19 att
266 1188 62 20 synas
344 1182 73 21 alltför
432 1183 83 26 mycket
530 1183 111 21 afvikande
656 1183 47 21 från
716 1184 210 26 representanternas
937 1182 33 22 för
981 1183 59 26 Björ-

215 1210 82 26 neborg
312 1210 84 27 förslag.
427 1210 40 22 Om
485 1211 64 26 linjen
570 1212 74 26 drages
664 1212 63 21 söder
747 1218 34 14 om
800 1212 93 20 nämnda
910 1211 38 27 sjö,
966 1211 73 21 vinnes

215 1238 64 22 äfven
302 1238 41 22 den
363 1240 58 20 stora
439 1239 74 27 fördel,
533 1241 31 20 att
580 1240 116 27 jernvägen
716 1241 85 20 komme
819 1240 103 27 betydligt
941 1241 98 19 närmare

215 1267 87 27 Hvittis,
326 1267 39 21 och
388 1268 59 21 detta
466 1270 51 19 utan
535 1270 32 20 att
586 1269 70 21 banan
675 1268 72 22 derför
766 1268 92 21 behöfde
876 1268 29 21 bli
924 1269 30 19 ett
972 1268 67 26 grand

215 1295 73 27 längre
304 1298 26 18 än
345 1296 110 22 Kauvatsa
469 1298 76 25 vägen;
561 1298 93 20 tvärtom
669 1297 72 21 kunde
757 1297 92 21 broarna
863 1296 58 22 öfver
931 1297 69 21 Kumo
1011 1296 30 21 elf

215 1324 31 21 bli
271 1324 89 26 mindre,
386 1325 39 21 och
451 1325 104 21 måhända
577 1326 105 26 betydligt
705 1326 84 21 minska
811 1325 150 21 kostnaderna.
998 1325 41 26 Jag

214 1353 143 21 understöder
375 1353 71 21 derför
463 1354 117 21 utskottets
599 1354 79 26 förslag
696 1360 34 16 om
751 1354 120 22 Satakunta
889 1354 98 20 sträckan
1006 1354 32 20 till

214 1382 43 21 alla
274 1382 64 21 delar.

284 1410 62 21 Hvad
361 1410 65 21 sedan
440 1410 131 22 vidkommer
587 1411 99 21 karelska
701 1410 203 27 bansträckningen,
920 1410 23 22 så
955 1410 39 21 har
1002 1411 36 27 jag

213 1438 34 21 för
264 1440 43 20 min
326 1439 35 21 del
375 1439 85 27 mycket
474 1440 85 20 vacklat
574 1439 90 21 emellan
679 1440 88 21 Jääskis
782 1440 40 20 och
839 1440 40 20 den
895 1438 22 22 af
931 1439 107 21 utskottet

213 1466 121 28 föreslagna
350 1467 31 21 S:t
396 1468 89 21 Andree
500 1468 72 27 linjen.
597 1468 41 27 Jag
652 1468 67 21 måste
730 1468 101 26 erkänna,
843 1469 32 19 att
883 1468 36 26 jag
930 1467 23 21 af
961 1467 76 28 många

212 1494 48 22 skäl
276 1496 59 21 hållit
349 1496 85 22 Jääskis
449 1496 33 22 för
497 1496 40 21 den
552 1496 112 27 riktigaste
682 1496 158 27 sträckningen,
860 1502 47 15 men
922 1496 115 22 utskottets

213 1523 135 22 betänkande
373 1524 39 21 har
437 1525 24 21 så
483 1525 151 27 öfvertygande
657 1526 114 20 motiverat
795 1525 31 21 S:t
849 1524 90 22 Andrex
962 1525 75 27 linjens

211 1551 130 27 företräden,
360 1554 32 20 att
408 1553 37 27 jag
462 1560 87 15 numera
565 1554 125 26 obetingadt
706 1553 68 21 måste
790 1554 85 20 ansluta
891 1553 43 27 mig
948 1554 33 20 till
996 1554 40 21 den
