1084 1734
342 134 91 23 Borgarest.
445 134 48 20 1888.
517 134 17 18 19
547 134 51 23 April.
835 135 33 18 711

70 204 66 27 fråga,
160 210 44 15 som
226 204 38 21 här
283 204 124 26 behandlas,
427 209 62 15 anses
504 209 52 15 vara
570 204 24 20 af
608 203 118 27 synnerligt
742 205 44 19 stor
800 204 45 28 vigt
859 204 34 21 för

71 233 121 25 dissenters,
204 232 53 22 böra
271 232 79 22 föreslå
363 238 25 15 en
403 232 64 26 något
482 232 116 21 förändrad
614 232 116 26 stilisering
744 232 23 21 af
776 232 116 22 utskottets

71 261 143 26 formulering.
244 261 42 21 Det
308 263 23 19 är
353 260 46 22 icke
421 266 58 15 mera
500 262 26 19 än
543 262 31 20 ett
590 261 38 20 ord
642 260 37 27 jag
693 260 50 22 ville
758 260 75 28 utbyta
847 263 46 19 mot

72 291 31 20 ett
120 296 38 20 par
176 290 72 25 andra,
265 289 22 21 så
303 291 32 19 att
350 290 35 20 det
401 289 68 21 skulle
484 288 85 22 komma
584 290 32 20 att
632 289 57 21 heta:
706 289 53 26 ,,och
775 289 34 21 må
823 289 48 21 icke
886 289 6 21 i

71 318 70 27 någon
162 318 99 21 händelse
283 318 22 21 åt
327 318 79 21 sådana
427 317 53 21 barn
503 317 151 27 undervisning
676 318 7 20 i
702 318 40 20 den
762 318 131 20 främmande

71 347 199 21 trosbekännelsens
288 346 108 27 skiljolära
414 346 130 21 meddelas".
575 346 104 21 Flertalet
694 346 23 21 af
730 346 27 21 de
772 346 57 22 olika
844 346 49 27 kyr-

71 376 78 21 komas
171 376 101 20 trosläror
296 375 193 25 öfverensstämma,
512 374 70 22 såsom
602 374 74 26 kändt,
692 374 7 21 i
715 374 39 22 allt
772 371 120 40 väsentligt.

72 404 42 21 Det
136 406 23 19 är
182 404 74 21 endast
277 404 7 20 i
306 404 65 27 nägra
393 403 82 21 mindre
495 403 98 27 punkter,
610 409 45 15 som
671 391 27 33 de
713 403 63 27 skilja
792 403 31 27 sig
837 403 56 21 ifrän

72 432 124 27 hvarandra,
213 432 39 22 och
269 434 32 20 att
319 439 25 14 en
361 432 114 21 dissenters
490 432 47 21 icke
554 432 38 21 bör
607 432 114 21 undervisa
736 432 53 21 barn
804 432 32 21 till
851 432 42 21 för-

72 461 77 27 äldrar,
172 467 45 16 som
234 461 52 21 höra
305 461 31 21 till
355 467 26 14 en
397 467 69 14 annan
480 461 184 26 trosbekännelse,
679 461 8 20 i
702 461 48 21 dess
766 461 126 26 skiljoläror,

72 492 24 19 är
118 489 111 28 sjelffallet,
254 496 47 15 men
319 496 34 15 om
372 489 25 21 de
412 489 99 21 meddela
527 489 47 22 dem
590 489 78 21 allmän
684 489 209 28 religionsundervis-

72 519 51 27 ning
141 519 31 20 uti
191 519 79 21 sädana
288 517 77 28 frägor,
381 524 46 15 som
441 519 37 20 äro
494 524 156 21 gemensamma
666 517 32 22 för
714 518 42 21 alla
770 518 123 27 kyrkosam-

72 547 58 26 fund,
150 547 24 22 sä
191 547 57 22 inser
264 547 36 27 jag
315 547 53 26 icke,
383 546 86 21 hvilken
484 547 55 20 väda
555 547 58 21 detta
629 546 69 21 skulle
713 547 101 21 medföra.
845 547 48 21 Sär-

72 576 65 21 skildt
159 578 23 19 är
204 576 59 21 detta
281 575 22 22 af
319 576 45 27 vigt
385 575 33 21 för
440 575 124 21 dissenters'
587 575 169 26 söndagsskolor,
776 575 28 27 pä
822 575 72 21 hvilka

72 605 26 20 de
113 605 83 27 mycket
211 604 63 21 hälla.
297 604 10 21 I
322 604 62 21 dessa
398 603 57 22 läras
470 604 75 27 aldrig,
562 603 70 22 sävidt
644 604 37 27 jag
697 604 38 21 har
750 604 43 27 mig
806 604 87 25 bekant,

71 633 95 22 hvarken
182 633 38 21 här
235 633 50 21 eller
304 633 3 20 i
323 632 96 27 England
435 632 40 21 och
491 632 107 26 Amerika,
616 632 92 21 derifrän
720 632 62 21 dessa
793 633 101 26 söndags-

72 662 72 21 skolor
162 661 41 22 fått
219 662 32 21 sin
266 661 97 26 förebild,
378 660 67 27 några
459 661 129 27 skiljoläror,
604 663 52 19 utan
672 661 55 21 blott
742 662 152 26 nytestament-

72 690 29 27 lig
120 690 137 21 kristendom.
285 690 42 26 Jag
345 689 94 26 föreslår,
459 691 32 20 att
512 690 61 21 ordet
588 689 119 27 ,,troslära'
723 689 69 22 skulle
806 690 88 27 utbytas

72 720 58 20 emot
144 719 211 26 ,,trosbekännelsens
371 717 143 28 skiljoläror''.

142 747 30 21 Hr
186 747 78 21 Lille:
292 747 41 27 Jag
351 747 37 20 vill
407 747 6 20 i
428 746 122 22 hufvudsak
565 746 85 21 ansluta
664 746 43 27 mig
722 747 32 20 till
770 747 24 20 hr
809 747 84 26 Heikel,

71 781 49 15 men
135 782 62 15 anser
212 775 32 22 för
258 776 44 21 min
317 775 40 26 del,
374 776 32 20 att
420 781 25 15 ur
461 775 70 22 denna
545 775 107 27 paragraf,
668 775 66 21 sådan
750 775 40 21 den
805 775 6 21 i
826 781 68 15 reser-

71 804 100 21 vationen
192 810 34 16 n:o
250 805 10 20 1
283 804 69 21 blifvit
373 803 137 27 formulerad,
533 810 66 20 gerna
616 803 72 21 kunde
706 803 52 28 utgå
772 804 119 27 meningen:

73 833 54 26 »och
141 833 35 21 må
190 833 47 21 icke
251 833 7 20 i
273 833 68 26 någon
356 832 101 21 händelse
474 833 22 20 åt
511 832 81 21 sådana
606 832 54 21 barn
675 832 150 27 undervisning
835 833 7 20 i
853 832 41 21 den

72 861 130 21 främmande
217 861 105 21 trosläran
336 861 32 21 uti
383 861 75 21 skolan
473 861 130 21 meddelas'.
626 861 42 27 Jag
682 861 37 21 vill
734 861 55 22 blott
804 861 89 27 påpeka,

72 891 32 20 att
126 890 37 21 det
184 892 24 19 är
230 891 31 20 ett
279 890 80 26 ganska
377 891 55 19 stort
451 890 85 26 intrång
554 890 8 20 i
581 890 40 21 den
638 890 106 21 enskildes
760 890 133 26 rättigheter,

72 920 32 20 att
118 918 42 22 han
175 918 54 26 icke,
245 924 34 16 om
293 918 42 22 han
351 918 22 21 så
388 918 85 27 önskar,
490 918 55 22 skall
560 918 23 21 få
597 918 45 21 låta
652 918 47 21 sina
709 918 52 22 barn
772 918 27 28 gå
809 918 6 21 i
827 918 66 26 skola,

71 947 158 27 upprätthållen
244 947 24 21 af
280 947 136 21 medlemmar
431 947 21 21 af
468 953 27 15 en
511 953 69 15 annan
595 946 122 22 konfession
733 948 38 20 och
787 946 44 22 låta
845 947 48 21 dem

72 976 86 26 deltaga
176 976 7 20 i
200 976 280 27 religionsundervisningen
499 976 7 20 i
522 982 26 14 en
564 975 66 21 sådan
646 975 66 22 skola.
742 976 42 20 Det
799 976 38 20 har
852 975 42 21 vis-

72 1004 91 26 serligen
183 1004 23 21 af
218 1006 159 20 reservanterne
393 1004 116 26 anmärkts,
525 1005 33 20 att
572 1005 31 20 ett
619 1004 116 26 stadgande
750 1005 7 20 i
772 1004 12 28 $
799 1005 13 21 5
827 1004 7 20 i
849 1004 45 26 gäl-

71 1032 63 22 lande
155 1032 103 28 kyrkolag
280 1033 47 21 icke
349 1032 68 22 skulle
439 1032 108 27 medgifva
569 1033 66 21 detta.
666 1032 11 27 $
699 1033 13 21 5
734 1033 7 20 i
763 1032 131 28 kyrkolagen

72 1061 92 27 stadgar,
180 1061 70 21 såvidt
261 1062 36 27 jag
312 1062 42 20 kan
370 1062 69 20 erinra
453 1062 51 26 mig,
520 1062 32 20 att
566 1061 54 21 barn
636 1061 22 21 af
666 1061 110 21 lutherska
789 1060 106 22 föräldrar

72 1090 60 22 skola
146 1090 121 26 uppfostras
281 1090 7 21 i
303 1090 41 21 den
359 1090 111 21 lutherska
485 1090 158 21 konfessionen.
673 1090 65 20 Detta
752 1090 87 21 hindrar
853 1089 41 21 lik-

71 1119 53 21 visst
139 1118 47 22 icke
201 1120 32 20 att
247 1118 110 22 lutherska
371 1118 106 21 föräldrar
493 1118 65 22 också
572 1118 72 21 kunna
659 1118 44 22 låta
718 1118 46 22 sina
778 1118 53 21 barn
846 1118 27 26 gå
887 1118 7 21 i

72 1147 122 21 dissenters”
211 1147 71 21 skolor
297 1147 39 21 och
351 1147 85 27 deltaga
451 1147 7 21 i
474 1147 42 21 den
531 1147 259 27 religionsundervisning,
801 1152 44 16 som
857 1146 38 22 der

71 1176 115 26 meddelas,
201 1176 56 21 blott
271 1176 26 20 de
311 1176 63 26 tillse,
384 1177 31 19 att
430 1176 26 20 de
471 1176 48 21 icke
535 1177 37 19 äro
587 1176 108 27 okunniga
710 1182 34 14 om
759 1176 40 20 den
814 1175 81 21 luther-

71 1204 39 21 ska
128 1204 127 28 religionens
273 1204 120 21 lärosatser.
423 1204 41 28 Jag
484 1206 36 19 vet
538 1204 47 22 icke
604 1204 56 21 hvad
676 1210 44 15 som
735 1204 69 21 skulle
818 1204 77 20 hindra

71 1239 26 15 en
117 1232 147 28 familjefader,
279 1239 45 15 som
340 1235 23 19 är
378 1233 107 26 lutheran,
502 1234 31 20 att
548 1233 7 21 i
570 1232 38 22 sitt
623 1233 40 21 hus
678 1232 58 22 hålla
750 1233 34 21 till
799 1232 95 27 exempel

71 1267 26 15 en
112 1261 80 27 baptist
207 1262 69 20 såsom
291 1261 177 27 religionslärare.
491 1261 78 21 Derför
584 1267 62 15 anser
659 1262 37 26 jag
712 1261 70 27 också,
798 1263 32 19 att
840 1261 55 21 intet

70 1290 76 21 hinder
161 1290 39 21 bör
215 1292 59 19 möta
288 1290 33 21 för
336 1290 110 21 lutherska
461 1290 107 21 föräldrar
584 1291 31 20 att
631 1291 56 20 sätta
702 1290 46 21 sina
762 1290 53 21 barn
830 1290 7 20 i
852 1289 43 21 dis-

71 1318 89 22 senters”
176 1319 78 21 skolor.

139 1347 31 21 Hr
185 1347 150 22 Rönnbäck:
365 1347 66 27 Ingen
447 1347 70 21 skulle
532 1347 67 21 hellre
615 1349 27 19 än
654 1347 44 27 jag,
714 1347 45 26 och,
775 1347 69 21 såsom
857 1346 38 27 jag

69 1377 52 25 tror,
145 1375 61 22 äfven
226 1376 26 21 de
269 1375 70 33 öfriga
357 1376 185 21 undertecknarne
557 1376 23 21 af
593 1376 41 21 den
648 1375 68 22 första
730 1375 164 23 reservationen,

69 1404 51 27 vilja
139 1404 113 21 instämma
267 1404 6 21 i
290 1405 25 20 hr
330 1404 65 21 Lilles
410 1404 99 27 tolkning
525 1404 23 21 af
562 1405 11 26 $
588 1405 13 21 5
616 1404 8 21 i
639 1404 135 27 kyrkolagen.
804 1403 49 21 Men
868 1402 27 21 då

70 1433 36 21 det
128 1433 7 20 i
158 1433 69 21 denna
248 1433 101 27 paragraf
365 1433 136 26 bestämmes,
518 1433 47 21 icke
580 1433 56 21 blott
650 1434 32 20 att
697 1433 52 20 barn
765 1431 62 22 skola
840 1437 55 20 upp-

69 1461 79 21 fostras
166 1462 7 20 i
192 1462 40 21 den
252 1461 131 26 evangelisk-|
383 1446 118 47 lutherska
510 1461 89 27 kyrkan,
615 1463 52 19 utan
683 1463 31 19 att
728 1461 93 26 kyrkans
835 1459 60 22 med-

68 1489 89 22 lemmar
172 1492 37 29 äro
224 1490 91 27 pliktiga
330 1491 51 25 att
383 1489 50 27 ,läta
449 1490 47 21 sina
511 1490 52 21 barn
578 1489 112 27 kristligen
700 1489 128 27 uppfostras,
840 1490 55 19 samt

69 1519 65 26 enligt
151 1519 40 20 den
206 1503 242 46 evangelisk-lutherska
463 1518 95 27 kyrkans
572 1518 136 27 grundsatser
719 1518 7 21 i
736 1517 159 22 kristendomen

68 1547 146 26 undervisas'*,
235 1547 23 20 så
275 1546 86 21 befarar
378 1547 42 27 jag,
436 1547 93 21 likasom
543 1546 58 22 mina
616 1548 184 24 samreservanter,
817 1547 31 20 att
864 1546 32 20 ett
