1084 1739
222 128 35 32 840
498 133 93 23 Borgarest.
603 134 45 19 1888.
671 134 11 19 3
694 134 40 24 Maj.

201 203 28 21 30
244 201 12 22 å
271 203 29 20 40
314 203 102 27 miljoner,
433 209 45 15 som
494 203 101 21 Finlands
611 203 58 21 bank
684 203 43 21 kan
742 203 97 21 använda
850 202 34 21 för
895 203 40 21 den
946 203 79 21 inhem-

202 231 38 20 ska
258 231 130 27 utlåningen.
422 232 42 20 Det
482 233 24 19 är
521 231 47 22 icke
583 233 32 19 ett
630 232 23 21 så
669 234 54 19 stort
738 231 84 27 belopp,
839 232 32 20 att
885 231 84 22 banken
983 231 42 21 för-

200 259 47 21 mår
266 259 6 21 i
291 259 65 28 högre
375 260 52 27 grad
443 260 87 27 utvidga
546 260 32 21 sin
593 261 87 20 rörelse.
710 261 41 26 Jag
767 265 62 16 anser
845 260 36 21 det
896 259 71 22 derför
981 259 44 22 helt

202 287 72 22 enkelt
294 288 69 21 såsom
382 295 26 14 en
427 288 157 28 nödvändighet
603 288 34 21 för
656 289 101 20 Finlands
773 288 62 26 bank,
852 290 31 19 att
898 289 27 26 gå
939 288 87 27 tillväga

202 317 49 20 med
267 317 121 20 varsamhet
403 317 6 20 i
425 317 59 21 detta
498 317 122 21 hänseende
636 317 40 21 och
691 317 86 21 förenar
791 317 44 26 mig
846 317 6 20 i
864 317 35 21 det
909 317 115 25 uttalande,

200 351 47 15 som
266 345 55 21 först
339 345 39 21 har
396 345 67 27 gjorts
481 345 23 21 af
517 345 26 21 hr
559 345 123 28 Borgström
699 346 39 21 och
754 345 121 21 sedermera
889 345 136 21 understödts

200 373 24 21 af
238 373 72 21 andra.

271 402 30 20 Hr
317 402 23 21 A.
357 402 25 21 O.
399 402 141 21 Snellman:
571 403 42 20 Det
629 404 24 19 är
667 408 42 21 nog
725 402 62 21 svåra
799 403 168 25 anmärkningar,
979 408 45 15 som

200 430 72 21 blifvit
286 431 74 26 gjorda
371 432 45 19 mot
426 431 117 20 utskottets
555 431 134 20 betänkande
701 431 6 20 i
720 431 41 20 den
773 431 42 26 del,
827 437 46 14 som
884 437 29 14 nu
925 433 23 18 är
959 430 66 21 under

201 459 128 21 diskussion.
359 459 47 21 Den
421 466 40 14 ena
472 461 66 25 säger,
551 461 31 19 att
595 459 35 21 det
642 461 23 19 är
678 459 65 21 stäldt
755 459 28 27 pä
793 459 102 26 skrufvar,
907 459 39 20 den
959 459 66 20 andra

200 489 34 19 att
252 487 36 21 det
303 489 24 18 är
342 488 149 25 vilseledande,
507 488 42 21 den
564 488 67 27 tredje
647 489 32 19 att
695 488 36 21 det
747 487 80 22 drifver
841 488 46 21 sina
901 487 124 21 uttalanden

201 516 22 20 in
242 516 122 25 absurdum,
384 517 41 20 den
444 516 67 27 fjerde
526 518 33 19 att
574 517 36 20 det
626 518 23 19 är
665 516 122 26 sväfvande,
803 518 32 19 att
850 517 36 20 det
901 522 40 15 ena
955 516 69 26 pästä-

201 544 63 21 endet
279 545 117 26 upphäfver
411 545 35 20 det
456 545 73 20 andra.
552 545 43 20 Det
607 547 23 18 är
643 545 81 26 ganska
736 545 122 27 obehagligt
869 545 33 20 för
914 545 53 25 dem,
979 551 45 14 som

201 573 63 20 suttit
279 573 6 20 i
301 573 110 26 utskottet,
428 575 31 19 att
470 573 70 21 erfara
553 573 22 21 sä
587 573 141 27 oförmänliga
739 573 147 21 bedömanden
897 579 34 15 om
942 573 82 20 utskot-

200 603 42 19 tets
258 601 94 21 arbeten.
383 602 93 21 Likvisst
491 601 73 28 tyckes
580 602 36 21 det
631 602 49 26 mig,
697 603 31 20 att
743 601 129 22 åtminstone
884 603 67 20 större
963 601 60 21 delen

200 629 25 22 af
242 630 62 21 dessa
322 631 124 20 uttalanden
465 630 47 21 icke
531 630 64 21 hafva
615 630 81 27 ätfölits
712 630 23 21 af
748 630 66 27 något
828 636 45 15 som
888 631 55 20 helst
958 630 65 21 bevis.

201 658 76 21 Säsom
293 658 25 21 hr
334 658 104 21 Sanmark
454 659 64 20 redan
535 659 118 24 anmärkte,
669 659 24 20 sä
708 661 23 18 är
747 659 36 20 det
798 661 78 18 tvenne
887 659 57 21 olika
956 659 67 25 saker,

200 693 46 14 som
265 687 117 21 behandlas
400 687 7 21 i
426 687 68 21 denna
512 687 35 21 del
565 687 23 21 af
605 687 152 21 betänkandet.
791 687 46 21 Den
853 693 40 16 ena
911 687 66 27 gäller
992 688 31 20 ett

200 715 112 21 uttalande
328 721 34 15 om
378 716 26 20 de
418 716 106 21 inrättade
539 722 41 21 nya
596 716 111 25 kontoren,
723 716 41 21 den
779 716 67 21 andra
861 722 33 15 om
910 716 26 21 de
945 716 78 26 grand-

202 745 75 24 satser,
294 750 44 15 som
353 744 113 21 framdeles
481 744 66 21 borde
561 744 63 27 följas
639 745 35 20 vid
689 745 114 26 utgrening
819 744 23 21 af
854 745 96 20 bankens
963 745 60 20 verk-

202 772 84 21 samhet
300 773 7 20 i
323 773 128 21 landsorten.
481 773 33 21 Då
528 773 106 21 utskottet
649 773 76 21 främst
741 773 46 21 haft
798 775 31 19 att
839 773 70 21 uttala
919 773 30 27 sig
961 773 62 27 angä-

202 800 54 21 ende
271 801 131 21 inrättandet
418 801 22 22 af
454 801 25 21 de
494 802 13 21 3
522 808 41 21 nya
577 802 84 25 kontor,
673 808 45 15 som
730 801 123 21 tillkommit
862 802 67 21 under
940 803 83 20 senaste

199 829 195 26 landtdagsperiod,
406 830 38 21 har
454 830 105 21 utskottet
569 830 74 21 dervid
653 830 47 21 icke
711 830 83 21 kunnat
804 830 77 27 undgå,
893 832 31 19 att
934 830 88 27 påpeka,

200 857 109 26 hurusom,
326 858 76 21 medan
416 858 148 27 utvecklingen
581 859 23 20 af
613 859 101 21 Finlands
725 858 69 21 banks
805 858 121 27 förgrening
936 859 6 20 i
953 859 69 20 lands-

201 887 62 20 orten
278 886 67 27 under
360 887 26 20 de
402 886 126 28 föregående
545 887 139 21 decennierna
699 887 47 27 gått
761 887 81 26 ganska
857 887 110 26 långsamt,
983 887 40 21 den

199 920 30 15 nu
249 915 47 20 med
316 921 36 14 ens
371 915 54 26 tagit
443 915 50 21 rask
511 915 50 26 fart,
581 916 27 21 då
626 915 28 27 på
673 917 31 19 ett
723 916 24 20 år
765 915 100 22 inrättats
880 915 47 22 icke
941 915 82 21 mindre

200 944 27 19 än
242 943 14 20 3
271 949 41 21 nya
327 943 81 26 filialer,
423 943 108 22 äfvensom
547 944 105 21 utskottet
668 945 71 20 ansett
754 944 31 27 sig
797 944 52 21 böra
861 943 118 27 framhålla,
991 945 32 20 att

198 971 215 27 bankförvaltningen
435 972 80 21 kanske
539 973 121 26 lämpligast
682 973 49 20 bort
754 972 116 27 uppskjuta
891 972 48 21 med
958 973 64 20 inrät-

198 999 76 21 tandet
292 1000 23 21 af
332 1000 62 21 dessa
413 1001 83 25 kontor,
515 1001 34 20 till
567 1001 48 21 dess
631 1001 116 21 ständerna
762 1000 71 21 blifvit
849 1001 7 20 i
870 1001 84 20 tillfälle
969 1003 32 19 att
1016 1001 6 20 i

197 1027 210 22 öfverenstämmelse
425 1029 48 21 med
492 1029 203 26 bankfullmäktiges
714 1030 7 20 i
740 1029 130 21 berättelsen
889 1029 134 21 framställda

197 1056 83 21 önskan
303 1057 68 21 uttala
393 1057 32 26 sig
448 1057 108 26 angående
575 1058 40 21 den
634 1058 101 26 riktning,
755 1063 46 15 som
820 1057 65 22 borde
904 1058 64 21 inslås
987 1058 35 21 vid

195 1084 63 27 fråga
281 1090 33 16 om
337 1085 109 27 placering
470 1085 22 21 af
508 1092 43 21 nya
569 1086 77 20 kontor
664 1086 7 20 i
689 1086 132 20 landsorten.
854 1086 33 20 Då
906 1086 116 21 emellertid

196 1112 69 27 enligt
284 1113 98 26 gällande
399 1114 127 26 reglemente
541 1114 32 21 för
589 1114 102 21 Finlands
707 1114 57 21 bank
780 1114 191 27 bankfullmäktige
984 1116 37 19 äro

197 1140 133 28 berättigade
349 1143 32 19 att
400 1142 78 21 inrätta
496 1148 41 22 nya
556 1142 77 21 kontor
652 1143 27 26 på
698 1142 81 22 sådana
797 1144 63 24 orter,
877 1142 38 21 der
930 1142 26 21 de
971 1148 50 16 anse

196 1169 38 21 det
249 1176 51 14 vara
315 1169 101 27 förenligt
431 1170 48 21 med
494 1171 95 21 bankens
605 1170 74 27 fördel,
696 1171 39 21 och
751 1170 106 21 utskottet
873 1172 70 20 ansett
955 1170 66 22 bank-

194 1196 137 28 fullmäktige
353 1198 63 21 äfven
438 1199 62 21 hafva
522 1198 71 22 anfört
611 1199 47 21 skäl
676 1205 42 21 nog
738 1198 33 22 för
790 1199 32 21 sin
841 1199 81 27 åtgärd,
941 1199 24 21 så
983 1199 39 21 har

194 1226 108 21 utskottet
320 1226 47 21 icke
386 1227 81 21 kunnat
482 1229 65 19 annat
561 1229 28 19 än
603 1227 178 21 rekommendera
796 1228 114 20 ständerna
925 1229 31 19 att
970 1228 51 26 god-

195 1254 72 21 känna
281 1254 162 27 ifrågavarande
458 1255 82 27 åtgärd.
565 1256 41 26 Jag
617 1256 42 20 kan
670 1256 83 21 således
764 1256 48 20 icke
821 1256 64 26 finna,
897 1257 30 20 att
937 1256 84 21 utskot-

195 1284 43 19 tets
257 1283 126 21 uttalanden
403 1284 7 20 i
430 1284 68 20 denna
518 1284 34 20 del
571 1284 28 26 på
617 1284 66 27 något
701 1286 44 19 sätt
760 1284 69 21 skulle
844 1290 52 15 vara
911 1284 69 21 stälda
994 1284 28 27 på

194 1310 100 22 skrufvar
314 1312 52 20 eller
385 1312 108 21 stridande
513 1314 57 19 emot
588 1312 57 21 hvad
663 1312 108 22 utskottet
785 1312 90 22 föreslår
889 1313 8 20 i
911 1312 60 28 fråga
987 1319 34 15 om

193 1339 74 21 vidare
290 1340 112 26 utgrening
425 1340 23 21 af
472 1340 95 22 bankens
589 1341 143 21 verksamhet.
771 1341 42 21 Vill
835 1347 49 15 man
907 1341 44 21 läsa
974 1341 47 21 dem

193 1368 82 21 sådana
294 1368 26 21 de
339 1370 43 24 äro,
401 1370 51 20 utan
472 1370 31 20 att
521 1369 54 21 söka
592 1369 109 27 uppspåra
716 1369 72 27 något,
805 1375 45 15 som
865 1376 49 14 man
929 1371 44 19 tror
989 1370 32 26 sig

194 1395 64 27 finna,
282 1403 48 14 men
353 1402 45 16 som
420 1397 47 21 icke
485 1396 68 22 finnes
575 1398 90 20 emellan
684 1398 98 25 raderna,
801 1398 24 20 så
843 1398 75 28 tycker
934 1398 37 27 jag
989 1400 32 18 att

194 1430 50 15 man
264 1425 54 21 skall
337 1424 58 22 finna
413 1425 47 22 dem
479 1426 82 26 ganska
575 1426 125 26 förklarliga
715 1426 41 21 och
772 1426 72 21 kunna
858 1426 36 21 väl
909 1426 111 21 försvaras.

194 1452 63 21 Hvad
280 1452 101 22 beträffar
400 1454 41 20 den
459 1460 74 15 senare
553 1454 67 26 delen,
640 1460 46 15 som
706 1454 106 21 utskottet
831 1456 70 20 ansett
920 1455 31 27 sig
970 1455 51 21 böra

194 1482 50 24 taga
262 1481 33 21 till
313 1482 136 26 behandling,
469 1482 101 21 särskildt
584 1482 49 21 med
648 1482 117 27 anledning
780 1482 24 21 af
817 1483 204 27 bankfullmäktiges

193 1508 41 21 och
250 1510 96 20 enskilda
362 1512 182 24 representanters
559 1511 57 21 inom
630 1512 77 20 tvenne
719 1511 63 21 stånd
793 1512 74 27 gjorda
877 1511 98 21 anhållan
986 1518 35 15 om

193 1538 31 19 ett
240 1538 110 21 uttalande
364 1538 8 20 i
387 1538 69 22 denna
471 1538 66 28 fråga,
553 1539 24 21 så
591 1539 72 27 tyckes
679 1540 43 26 mig
734 1541 32 19 att
777 1540 27 21 de
815 1540 64 21 ärade
889 1540 74 26 talare,
975 1546 45 16 som
