1084 1736
219 144 33 18 728
483 145 93 23 Borgarest.
589 146 48 19 1888.
661 146 16 19 21
690 146 52 23 April.

196 212 109 27 Englands
321 213 101 22 berömda
437 214 137 28 sjelfstyrelse
589 215 73 21 stöder
677 215 38 27 sig,
731 216 23 26 ty
770 215 40 21 den
825 214 39 22 hos
875 221 34 15 oss
925 215 38 21 och
973 215 48 22 fler-

196 241 72 21 städes
290 241 171 23 förekommande
484 243 282 27 kommunalförvaltningen
788 243 48 21 med
855 243 165 29 kommunalsty-

196 270 62 26 relse,
277 270 225 29 kommunalstämmor
521 273 40 20 och
581 272 75 27 dylikt,
676 272 39 21 har
733 273 7 20 i
755 272 104 27 England,
876 272 48 21 med
940 273 79 20 undan-

196 300 37 25 tag
249 298 23 21 af
285 299 7 20 i
307 299 106 26 städerna,
429 300 32 21 till
477 300 69 21 denna
562 301 42 26 dag
619 301 48 20 icke
686 301 81 20 funnits
788 313 25 2 —
832 307 29 14 nu
876 300 55 21 först
946 303 23 18 är
984 301 36 20 det

196 327 62 26 fräga
273 333 33 15 om
322 329 32 19 att
369 328 68 21 införa
451 329 66 26 nägot
532 329 84 21 sädant.
647 329 31 21 Pä
693 329 73 21 landet
782 331 23 19 är
820 329 36 21 det
871 329 148 28 polismyndig-

197 355 71 26 heten,
284 362 45 15 som
345 356 38 21 har
398 357 54 22 varit
468 357 37 21 det
519 357 135 22 förvaltande
672 360 94 25 organet,
785 357 36 22 det
835 358 37 21 vill
887 360 52 24 säga
953 357 66 22 freds-

197 385 102 20 domarne
319 385 38 20 och
374 385 61 22 deras
449 386 172 21 underordnade.
647 387 42 20 Det
708 389 24 18 är
751 387 68 25 dessa,
838 392 45 15 som
899 387 120 20 handhafva

196 413 141 27 polisvärden,
353 414 39 21 och
409 414 119 27 derigenom
541 415 69 21 skaffa
620 415 138 22 erkännande
766 415 39 21 och
816 415 88 28 aktning
919 415 22 21 åt
951 415 69 21 denna

196 441 145 28 sjelfstyrelse,
356 448 46 15 som
423 443 70 22 blifvit
511 443 24 22 sä
555 444 46 21 vidt
620 444 90 21 berömd
728 444 8 21 i
750 443 93 22 verlden.
873 443 146 22 Öfverhufvud

196 470 62 27 ingär
273 470 68 21 denna
363 472 80 27 princip
466 472 47 21 icke
531 473 7 20 i
558 473 41 20 den
615 473 139 20 ekonomiska
772 472 143 27 sjelfstyrelse,
935 479 45 14 som
998 473 21 20 vi

196 499 70 21 hafva.
289 499 42 21 Det
347 499 59 22 heter
421 501 105 26 nemligen
541 501 8 21 i
559 501 53 21 vära
622 501 279 26 kommunalförfattningar,
913 503 32 19 att
960 501 59 22 kom-

196 527 225 27 munalmyndigheten
431 529 97 21 handhar
539 529 140 22 kommunens
690 529 284 27 ordningsangelägenheter,
986 530 32 21 sä-

196 555 50 22 vida
264 556 25 21 de
308 556 47 21 icke
374 557 51 22 bero
444 558 27 26 pä
490 558 95 26 offentlig
604 559 134 26 myndighets
758 558 133 26 tillgörande.
921 559 42 26 Jag
984 560 35 19 vet

196 584 124 27 visserligen
339 586 32 20 att
389 586 59 21 detta
467 586 56 27 slags
540 586 254 27 kommunalförvaltning
813 586 96 22 kommer
927 586 26 22 de
969 587 49 21 eko-

196 613 98 21 nomiska
309 613 199 23 intressekretsarne
523 615 86 27 mycket
628 618 104 24 närmare,
752 617 27 19 än
801 615 173 21 handhafvandet
997 616 22 20 af

195 641 66 27 polis-
272 642 39 21 och
323 642 196 28 säkerhetsvärden,
533 644 41 21 den
584 644 90 21 tilltalar
688 650 60 15 mera
762 650 107 20 personer,
886 650 45 15 som
947 646 70 24 egent-

195 670 57 26 ligen
273 670 47 21 icke
344 671 50 27 vilja
412 672 79 21 blanda
509 672 32 27 sig
559 673 8 21 i
585 672 164 27 förvaltningen,
768 674 51 19 utan
842 673 33 21 stä
893 672 28 27 pä
939 679 24 14 en
986 672 31 21 in-

196 698 94 22 dividuel
313 699 136 27 ståndpunkt.
483 701 76 21 Likväl
582 703 24 19 är
633 701 36 21 det
688 702 30 26 sä,
738 703 32 19 att
793 700 59 22 detta
874 701 143 27 rädplägande

195 727 40 21 och
254 728 132 25 beslutande,
406 729 23 21 sä
447 729 39 21 bra
505 730 35 21 det
563 732 27 19 än
610 730 42 21 kan
671 736 52 15 vara
741 730 7 21 i
764 730 40 21 och
819 730 32 21 för
867 730 38 26 sig,
920 730 46 21 icke
980 736 37 20 ger

195 762 55 14 vana
265 756 39 21 och
318 756 95 28 förmäga
428 760 32 19 att
474 758 108 22 behandla
597 758 108 27 offentliga
720 758 184 27 angelägenheter.
938 758 41 22 Det
994 760 23 20 är

197 784 129 27 handlingen
337 785 70 22 såsom
417 786 72 27 sådan,
505 793 46 15 som
566 789 24 19 är
605 787 37 21 det
657 788 120 26 egentligen
792 787 178 21 karakteristiska
984 787 33 21 för

195 812 162 28 förvaltningen,
373 814 40 22 och
425 815 44 27 just
484 822 76 20 genom
576 817 32 20 att
623 816 123 21 handhafva
765 815 163 28 förvaltningen,
943 822 75 20 genom

195 843 33 19 att
244 842 73 21 utöfva
327 842 128 25 densamma,
467 844 69 22 bildas
553 844 69 21 denna
637 844 102 22 säkerhet
753 844 8 21 i
776 844 103 26 omdöme,
895 845 59 21 detta
969 844 50 21 obe-

194 870 79 21 roende
288 871 7 20 i
306 871 106 22 allmänna
422 872 77 27 frägor,
513 879 45 14 som
569 873 55 21 skall
634 879 51 15 vara
696 873 40 21 och
744 873 35 20 väl
791 873 112 20 allestädes
915 873 39 20 har
964 873 55 21 varit

195 898 41 21 den
247 899 166 22 verksammaste
424 900 86 22 frukten
526 901 24 21 af
562 908 26 14 en
598 898 87 30 verklig
691 901 146 28 sjelfstyrelse.
855 901 51 21 Man
917 901 39 21 bör
964 901 54 22 dock

194 927 48 21 icke
257 927 66 22 tänka
338 928 31 27 sig
385 930 31 19 att
427 929 33 21 till
472 930 112 26 exempel
579 923 14 38 i
600 930 97 27 England
714 930 70 21 denna
799 929 137 28 sjelfstyrelse
951 929 67 22 skulle

194 955 64 22 hafva
277 956 70 21 blifvit
366 957 69 22 införd
451 957 69 22 säsom
540 965 26 14 en
582 958 145 27 förmänsrätt,
743 958 70 21 säsom
829 960 31 19 ett
880 958 138 27 privilegium,

195 983 41 22 den
252 984 38 21 har
305 987 92 20 tvärtom
412 986 69 21 blifvit
500 986 70 21 införd
589 993 76 20 genom
680 989 89 24 stränga
783 987 100 27 kungliga
899 987 119 21 förordnin-

193 1018 47 21 gar,
256 1013 40 21 den
311 1013 40 22 har
370 1014 69 21 blifvit
457 1015 76 28 pälagd
553 1015 69 22 säsom
642 1022 26 15 en
684 1016 50 21 svär
748 1015 54 27 pligt
816 1015 34 22 för
865 1016 153 26 medborgarne

194 1041 41 20 och
251 1041 25 22 de
291 1041 63 22 hafva
369 1042 47 22 haft
431 1043 57 22 svärt
498 1046 33 19 att
541 1043 87 22 försona
643 1045 31 26 sig
694 1044 94 26 dermed,
804 1044 33 21 till
853 1044 49 21 dess
918 1044 26 21 de
959 1044 59 21 kom-

194 1069 40 21 mit
252 1070 121 27 underfund
391 1072 48 21 med
455 1074 32 19 att
501 1073 63 21 deras
579 1073 147 21 välförstädda
744 1073 91 21 intresse
853 1073 100 21 fordrade
971 1073 46 26 den,

194 1098 41 21 och
250 1099 32 20 att
301 1099 62 21 deras
377 1100 99 27 trygghet
491 1101 95 21 berodde
601 1101 28 27 pä
644 1101 174 22 handhafvandet
837 1101 23 22 af
875 1101 128 22 densamma.

265 1127 42 21 Det
329 1127 42 22 kan
390 1129 47 21 icke
456 1129 65 22 nekas
541 1131 32 20 att
592 1129 172 28 framläggandet
787 1129 23 22 af
827 1130 58 21 detta
903 1129 115 28 lagförslag

194 1155 58 21 visar
267 1157 30 19 ett
312 1157 55 20 stort
382 1157 121 22 förtroende
518 1157 34 23 till
568 1158 41 21 den
624 1158 107 21 allmänna
747 1158 118 27 lojaliteten
880 1158 39 22 hos
935 1158 82 21 befolk-

194 1183 84 27 ningen,
295 1184 39 21 och
349 1184 54 22 hvar
417 1186 40 21 och
476 1192 26 15 en
521 1186 24 21 af
562 1192 35 16 oss
615 1188 36 20 vet
670 1188 31 20 att
717 1187 61 21 detta
793 1186 122 22 förtroende
931 1189 24 19 är
969 1186 48 22 full-

193 1210 91 28 komligt
299 1212 135 29 berättigadt.
458 1214 48 21 Men
525 1215 36 20 det
577 1215 55 21 hade
648 1215 27 21 dä
692 1215 84 21 kanske
791 1215 47 22 icke
853 1215 67 21 heller
935 1211 81 35 skadat,

193 1245 35 16 om
242 1246 49 15 man
310 1241 99 22 besvarat
431 1243 159 26 propositionen
607 1243 28 28 pä
654 1245 31 20 ett
704 1246 67 19 annat
790 1245 42 20 sätt
850 1244 40 21 och
908 1244 110 27 verkligen

193 1268 55 27 tagit
267 1268 56 22 fasta
345 1270 27 26 pä
395 1271 40 21 den
457 1271 116 27 utvidgade
592 1272 102 27 rättighet
714 1274 32 19 att
766 1274 49 19 röra
833 1272 32 27 sig
884 1272 7 21 i
910 1272 108 28 offentliga

192 1297 185 28 angelägenheter,
393 1305 45 15 som
457 1299 71 22 blifvit
547 1301 108 26 erbjuden.
687 1301 43 21 Det
747 1303 24 18 är
786 1301 120 27 egentligen
922 1301 74 21 endast
1010 1302 7 20 i

192 1331 27 15 en
231 1327 74 26 punkt,
317 1333 44 14 som
374 1327 37 28 jag
426 1328 47 21 icke
488 1329 42 20 kan
545 1329 112 21 underlåta
672 1331 33 20 att
719 1329 61 28 gifva
794 1329 106 22 utskottet
915 1331 49 20 rätt.
987 1329 31 22 På

192 1354 61 21 sidan
272 1355 14 22 5
301 1355 7 21 i
327 1355 144 23 betänkandet
490 1357 62 21 heter
570 1357 36 21 det
624 1358 116 27 nemligen:
772 1375 4 9 ,
780 1357 131 28 Uppenbart
927 1360 23 19 är
965 1360 31 19 att
1011 1359 7 20 i

191 1383 42 20 den
249 1383 121 28 föreslagna
389 1385 171 27 organisationen
578 1386 68 27 ligger
664 1388 32 20 ett
714 1386 35 21 frö
765 1386 33 21 till
816 1387 202 26 kompetenstvister

191 1411 92 22 emellan
305 1413 215 22 kommunalnämden
544 1415 40 20 och
606 1415 213 27 kronobetjeningen,
843 1417 52 19 enär
913 1415 105 21 hvardera

190 1439 71 21 skulle
275 1447 51 15 vara
345 1441 97 27 skyldiga
461 1444 32 20 att
508 1443 71 21 lemna
598 1443 40 21 den
654 1444 67 20 andra
740 1443 168 28 handräckning,
924 1450 48 14 men
986 1444 31 20 in-

190 1468 93 25 gendera
305 1470 62 20 torde
390 1470 95 22 befinnas
503 1471 85 27 hugade
607 1473 32 20 att
660 1472 140 22 underordna
818 1472 32 28 sig
869 1472 41 21 den
929 1472 88 21 andra".

189 1495 43 27 Jag
247 1498 23 19 är
285 1498 126 28 öfvertygad
427 1505 33 15 om
476 1501 31 19 att
523 1500 69 21 denna
607 1500 144 28 förutsägelse
767 1502 24 20 är
805 1501 65 27 rigtig
885 1500 40 22 och
936 1502 31 19 att
977 1500 40 22 den

189 1524 185 29 polismyndighet,
398 1533 45 15 som
471 1528 118 22 tillkomme
611 1529 224 27 kommunalnämden,
859 1528 159 29 otvifvelaktigt

189 1553 82 27 ganska
287 1556 59 20 snart
362 1556 69 21 skulle
446 1556 85 22 komma
546 1557 7 21 i
563 1557 91 21 konflikt
664 1558 50 21 med
726 1558 107 21 ordinarie
843 1558 174 28 kronobetjenin-
