1089 1739
221 128 41 31 944
499 134 94 23 Borgarest.
605 135 45 18 1888.
674 135 10 18 5
697 135 39 23 Maj.

202 209 40 20 gen
259 201 22 22 af
295 202 41 21 den
351 203 28 22 23
394 209 55 16 mars
461 203 55 22 1868
527 203 110 28 angående
647 203 186 26 vattenledningar
844 203 40 22 och
894 203 132 22 vattenverk.

203 231 41 21 Det
263 233 23 18 är
305 231 82 22 således
406 234 31 19 att
455 231 104 27 förmoda,
578 234 32 19 att
629 239 26 14 en
673 232 133 27 proposition
825 231 75 22 härom
914 232 36 21 vid
965 234 62 19 nästa

202 259 145 22 ständermöte
357 260 118 27 förelägges
489 261 115 21 ständerna
614 261 33 21 till
657 261 136 26 behandling,
805 260 40 21 och
856 260 68 21 skulle
934 261 7 20 i
950 261 76 21 sådant

202 287 37 22 fall
255 288 35 22 det
305 295 28 15 nu
349 289 145 27 föreliggande
509 289 138 28 lagförslaget
659 289 66 22 blifva
737 289 23 22 af
769 295 60 15 mera
840 291 107 24 temporär
958 291 68 19 natur.

202 317 124 22 Emellertid
345 319 23 20 är
386 319 31 20 ett
435 318 153 27 lagstadgande
606 319 7 20 i
632 318 60 21 detta
711 318 55 27 syfte
785 317 34 22 för
836 317 82 22 landets
933 318 91 21 industri

202 345 22 22 af
237 346 138 27 oberäknelig
390 348 61 26 nytta
467 347 39 20 och
522 347 51 26 vigt.
603 347 50 20 Man
670 347 38 20 bör
723 347 84 21 således
823 347 67 26 enligt
904 346 43 21 min
962 347 65 20 tanke

201 374 47 21 icke
269 375 82 21 riskera
373 377 31 19 att
427 375 99 27 möjligen
547 381 76 20 genom
642 381 26 15 en
688 375 123 22 återremiss
830 375 33 21 till
882 375 106 22 utskottet
1005 375 22 21 få

202 403 48 21 hela
266 403 69 22 denna
348 403 60 28 fråga
423 406 31 19 att
469 403 90 22 förfalla.
589 404 42 27 Jag
646 404 69 21 skulle
731 403 72 22 derför
818 403 34 21 för
866 403 44 22 min
926 403 33 22 del
974 405 52 20 utan

202 431 72 22 vidare
285 432 114 26 godkänna
410 433 36 21 det
456 432 79 27 förslag
545 432 34 21 till
590 433 212 26 sammanjemkning,
813 438 45 15 som
868 438 29 15 nu
907 432 119 27 föreligger.

270 461 32 20 Hr
321 461 190 27 Schybergson:
546 461 31 21 Hr
593 461 88 27 Elvings
696 461 142 26 anmärkning
852 462 44 20 mot
910 461 49 21 mitt
974 461 52 21 sista

201 489 137 27 andragande
353 495 37 16 var
405 490 64 21 minst
484 489 62 27 sagdt
561 490 84 27 onödig.
675 490 42 21 För
732 491 33 20 att
775 489 65 21 hafva
850 495 26 16 en
886 489 140 28 öfvertygelse

201 517 78 27 derom,
295 518 105 21 huruvida
415 520 31 20 ett
461 518 85 21 utskott
560 519 36 20 vid
607 518 206 28 sammanjemkning
824 518 7 21 i
844 519 31 20 ett
886 518 94 21 enskildt
990 518 36 21 fall

201 545 84 23 förfarit
308 547 74 26 riktigt
400 547 51 21 eller
471 547 93 26 oriktigt,
586 547 70 21 denna
675 547 142 27 öfvertygelse
836 547 34 20 må
888 553 29 14 nu
935 547 32 20 till
986 547 39 21 och

201 575 47 20 med
265 575 67 21 strida
345 577 46 20 mot
405 575 42 22 den
462 575 23 22 af
497 576 152 26 lagutskottets
660 576 109 27 majoritet
781 575 123 26 omfattade,
918 575 23 21 sä
952 575 74 21 behöf-

201 609 36 24 ver
259 610 48 15 man
329 604 115 27 ingalunda
462 604 67 21 tilltro
549 604 32 27 sig
599 610 51 15 vara
668 604 139 21 innehafvare
826 603 23 22 af
866 603 41 22 den
926 603 99 22 absoluta

201 632 122 27 sanningen,
339 634 25 19 än
380 633 83 21 mindre
477 632 102 23 behöfver
593 639 49 15 man
657 633 7 21 i
679 633 82 21 sådana
777 633 62 21 saker
854 632 101 21 inblanda
970 638 55 15 sam-

200 661 125 26 vetsfrågor.
356 661 49 21 Men
421 661 33 22 för
468 662 43 26 mig
527 663 23 19 är
565 662 37 21 det
616 661 204 27 öfverhufvudtaget
830 661 153 27 motbjudande
994 662 32 20 att

201 689 44 21 afse
260 690 55 21 hvad
331 696 49 15 man
395 690 100 27 möjligen
506 690 93 21 riskerar
610 690 52 21 eller
673 691 47 20 icke
733 690 101 26 riskerar,
847 689 39 22 och
897 689 53 22 allra
961 689 65 22 minst

200 717 67 22 finnes
289 719 36 20 det
347 719 114 27 anledning
483 719 32 21 till
537 719 72 27 dylika
627 719 90 28 hänsyn,
737 719 28 21 då
782 718 130 27 farhågorna
930 718 69 21 såsom
1018 718 7 21 i

201 746 139 22 förevarande
355 747 37 21 fall
408 749 37 20 äro
461 747 98 27 temligen
576 747 144 27 öfverflödiga.

269 776 31 21 Hr
315 776 104 27 Elving:
448 776 41 27 Jag
503 776 39 21 ber
557 778 32 19 att
603 776 49 21 med
667 777 116 25 anledning
799 776 23 21 af
831 775 25 22 hr
867 775 158 27 Schybergsons

199 805 98 26 yttrande
317 804 22 21 få
357 804 118 27 framhålla,
495 806 32 20 att
543 805 37 26 jag
598 805 48 21 icke
664 805 39 21 har
723 807 48 25 sagt
789 806 33 19 att
837 804 25 21 hr
878 803 146 28 Schybergson

201 833 67 22 skulle
287 834 32 20 tro
339 833 31 26 sig
388 839 52 16 vara
458 833 136 22 innehafvare
613 833 24 21 af
654 834 41 21 den
715 833 99 22 absoluta
830 833 123 26 sanningen.
983 833 41 26 Jag

200 861 57 26 sade,
277 863 32 20 att
321 861 44 28 jag,
381 862 74 21 endast
473 862 67 21 under
555 868 25 15 en
596 862 66 21 sådan
678 862 159 26 förutsättning,
853 863 32 19 att
897 861 37 27 jag
949 861 75 22 trodde

200 889 41 26 det,
258 890 69 21 skulle
341 890 82 21 kunnat
438 891 47 21 dela
499 891 26 20 hr
540 891 159 26 Schybergsons
710 890 145 28 uppfattning,
868 895 48 16 men
929 889 23 22 så
963 890 61 26 länge

197 918 37 27 jag
252 919 33 20 för
300 919 43 21 min
359 919 40 26 del,
426 933 10 1 —
458 919 67 21 churu
537 919 38 27 jag
590 919 133 22 beträffande
739 919 231 26 sammanjemkningen
986 919 38 20 har

199 953 80 16 samma
293 947 137 28 uppfattning
445 953 44 16 som
505 948 25 21 hr
541 948 147 27 Schybergson
699 960 29 3 —
739 948 69 21 mäste
819 949 34 19 tro
865 949 31 19 att
905 947 37 27 jag
954 947 70 21 deruti

198 976 100 27 möjligen
317 976 112 28 misstager
447 977 48 26 mig,
515 977 23 20 sä
556 977 38 21 vill
610 977 37 26 jag
666 977 47 21 icke
728 977 33 20 för
777 976 70 21 denna
862 975 50 27 min,
928 981 45 16 som
986 975 38 27 jag

199 1011 68 20 anser,
287 1005 77 21 osäkra
381 1005 136 27 uppfattning
534 1005 133 22 beträffande
682 1005 56 21 hvad
754 1011 46 15 som
816 1006 24 19 är
854 1005 44 20 rätt
913 1004 39 21 och
967 1005 57 20 orätt

197 1033 7 20 i
219 1033 100 21 afseende
335 1033 12 22 &
359 1033 314 28 sammanjemkningsmetoden
684 1034 64 21 ställa
759 1033 71 22 denna
842 1033 106 28 synpunkt
959 1033 64 20 fram-

198 1061 33 21 för
247 1061 74 27 sjelfva
336 1062 162 27 hufvudfrägan.

266 1090 154 22 Diskussionen
435 1090 131 22 förklarades
581 1090 88 22 härmed
685 1091 101 25 afslutad,
803 1090 40 22 och
855 1090 135 21 framstäldes
1001 1089 23 21 af

198 1118 25 21 hr
238 1119 123 21 talmannen
377 1119 32 21 till
425 1119 95 22 ständets
535 1119 132 21 besvarande
682 1126 26 15 en
724 1120 24 20 sä
763 1119 92 27 lydande
870 1118 152 26 omröstnings-

198 1148 131 26 proposition
335 1155 5 13 :

265 1176 41 26 De,
329 1175 69 22 hvilka
416 1176 70 21 säsom
505 1176 205 27 kontraproposition
729 1178 44 19 mot
791 1175 107 22 utskottets
916 1181 106 15 samman-

191 1203 206 29 jemkninysförslag
415 1204 65 22 önska
497 1206 76 26 antaga
591 1204 26 22 hr
635 1204 102 22 Juselius
757 1204 89 27 förslag,
866 1205 58 20 rösta
934 1204 40 27 ja;
990 1203 32 26 de,

196 1233 33 21 det
244 1232 43 22 icke
303 1232 73 26 önska,
392 1235 57 19 rösta
463 1234 48 26 nej;

265 1262 74 20 vinner
360 1262 43 27 nej,
423 1262 38 21 har
480 1262 191 27 borgareständet
666 1256 13 38 i
692 1262 79 21 sädant
791 1261 97 27 afseende
906 1260 117 27 föredragit

195 1290 26 20 hr
240 1290 111 27 Tallgvists
365 1290 88 28 förslag.

264 1319 163 27 Propositionen
453 1319 128 21 besvarades
607 1320 47 20 med
680 1319 159 27 öfvervägande
863 1318 29 27 ja,
915 1318 32 21 till
969 1318 52 27 följd

195 1348 76 22 hvaraf
285 1348 40 21 den
341 1348 86 27 slutliga
442 1348 157 26 propositionen
616 1348 67 21 erhöll
699 1348 96 27 följande
809 1347 91 27 lydelse:

263 1376 40 26 De,
319 1375 69 22 hvilka
402 1376 111 26 godkänna
528 1376 141 27 lagutskottets
680 1376 142 27 förevarande
831 1375 82 27 förslag
923 1374 31 22 till
964 1381 57 15 sam-

194 1404 158 28 manjemkning
371 1404 148 27 oförändradt,
538 1406 57 20 rösta
609 1405 39 27 ja;
668 1405 31 26 de,
719 1404 34 22 det
769 1404 42 21 icke
825 1405 59 25 göra,
899 1405 58 19 rösta
972 1404 48 26 nej;

264 1434 73 20 vinner
355 1434 44 27 nej,
418 1433 39 21 har
475 1433 170 27 borgareständet
663 1433 83 21 beslutit
762 1434 31 20 att
807 1432 153 21 återremittera
974 1431 47 27 för-

193 1460 65 28 slaget
273 1462 32 21 till
320 1461 97 22 utskottet
432 1462 8 20 i
455 1462 33 21 det
502 1461 60 27 syfte,
578 1461 26 21 hr
619 1462 97 21 Juselius
731 1461 117 27 föreslagit.

263 1490 41 22 Vid
327 1491 84 21 anstäld
432 1490 97 27 votering
551 1490 96 27 afgäfvos
670 1492 26 20 31
713 1491 24 27 ja
757 1490 41 21 och
817 1490 29 21 20
864 1490 41 26 nej,
926 1489 39 21 och
984 1495 37 15 var

193 1518 82 22 säledes
295 1519 317 27 sammanjemkningsförslaget
631 1519 24 21 af
669 1519 86 22 ständet
771 1518 140 22 oförändradt
927 1519 93 26 antaget.
