1089 1736
237 137 45 18 1136
511 138 94 22 Borgarest.
617 138 46 18 1888.
686 138 18 18 16
717 138 40 22 Maj.

214 204 127 27 tänkandet;
357 206 165 22 äterremitterat
538 206 12 27 $
566 206 27 22 19
609 206 33 22 för
658 208 32 20 att
705 207 7 21 i
727 206 101 22 afseende
843 206 12 21 å
865 206 53 22 sista
927 207 113 26 meningen

213 233 8 21 i
237 234 10 20 1
265 236 116 19 momentet
395 235 141 21 underkastas
550 241 27 15 en
592 234 158 28 förtydligande
766 235 166 27 omredigering;
952 236 61 26 gillat
1028 234 12 28 8

214 261 28 21 20
261 260 131 24 beträffande
412 264 10 20 1
442 263 40 21 och
501 264 13 20 2
533 265 117 19 momentet
669 264 67 26 enligt
755 263 151 27 betänkandet,
922 270 47 15 men
987 264 6 20 i
1009 263 31 22 af-

214 289 79 21 seende
309 290 12 21 å
336 291 13 20 3
365 293 115 19 momentet
494 291 83 26 antagit
593 291 40 21 den
648 291 8 21 i
671 291 68 22 första
749 291 158 21 reservationen
918 291 123 27 föreslagna

214 317 141 28 formulering
373 319 23 21 af
410 320 65 26 sagda
491 322 103 23 moment;
610 321 56 20 samt
681 319 95 27 godkänt
792 319 24 28 $$
832 320 84 21 21—36
931 320 108 21 äfvensom

215 346 101 21 rubriken
332 347 33 21 till
380 348 138 26 lagförslaget
534 348 67 27 enligt
617 348 153 25 betänkandet;

284 377 32 19 att
335 375 84 22 ståndet
436 376 95 27 godkänt
550 377 171 20 statsutskottets
739 377 135 21 betänkande
889 383 33 14 n:o
940 377 26 21 13
981 377 6 20 i
1003 383 37 14 an-

215 403 86 27 ledning
324 404 23 21 af
368 404 76 27 nådiga
464 405 165 26 propositionen,
653 405 111 26 angående
787 405 197 21 bränvinsskattens
1003 411 36 15 an-

215 432 116 26 vändning;

284 462 32 19 att
331 461 84 21 ståndet
430 461 93 27 godkänt
538 462 152 26 lagutskottets
706 461 136 22 betänkande
857 468 33 15 n:o
907 462 25 21 13
948 462 6 20 i
966 462 73 21 anled-

215 488 51 27 ning
285 488 23 21 af
325 495 26 15 en
369 489 55 21 inom
443 489 151 28 ridderskapet
611 490 39 21 och
669 490 63 21 adeln
748 492 56 19 samt
818 490 100 26 borgare-
933 490 38 21 och
988 490 51 21 bon-

215 517 118 21 destånden
347 517 63 22 väckt
426 519 77 20 motion
519 524 34 15 om
569 518 132 27 författning,
713 519 109 26 angående
839 518 93 21 vilkoren
944 518 32 21 för
987 519 52 20 kon-

215 545 83 21 cession
314 545 13 21 å
342 546 95 21 enskilda
450 547 258 33 jerqvägsanläggningar
723 547 6 20 i
745 547 101 25 Finland;

285 575 32 18 att
335 574 84 21 ståndet
437 574 95 27 godkänt
550 575 171 21 statsutskottets
739 574 134 21 betänkande
890 580 32 15 n:o
939 575 26 20 12
981 576 5 19 i
1003 581 37 14 an-

215 601 87 26 ledning
313 601 23 21 af
345 603 105 21 särskilda
460 604 55 20 inom
531 605 89 25 preste-,
631 603 100 26 borgare-
743 603 39 21 och
793 603 160 21 bondestånden
964 603 76 21 väckta

215 629 183 28 petitionsförslag
416 638 33 15 om
469 631 200 27 skatteförmedling
688 631 27 27 på
734 625 70 27 Åland
823 633 55 19 samt
897 631 30 21 uti
943 631 59 21 delar
1018 631 24 22 af

215 657 114 28 Egentliga
344 658 98 28 Finland;

285 688 32 19 att
336 687 90 27 ståndet,
446 689 48 22 med
512 689 138 21 förkastande
670 688 23 21 af
710 688 108 21 allmänna
836 688 204 21 besvärsutskottets

216 714 134 23 betänkande
366 722 33 15 n:o
414 717 28 21 26
458 717 108 27 angående
583 719 31 19 ett
629 717 6 21 i
652 716 156 22 bondeståndet
823 717 63 21 väckt
897 717 144 26 petitionsför-

216 743 46 26 slag
277 749 34 15 om
327 743 145 24 förbättrande
488 746 23 21 af
521 746 25 21 de
559 745 32 22 till
604 745 92 22 Sibirien
707 745 141 26 deporterade
859 744 107 22 finnarnas
977 745 64 26 själa-

216 771 58 26 vård,
291 772 86 22 beslutit
397 774 88 21 omfatta
506 775 36 20 det
559 774 82 27 förslag
656 774 33 21 till
704 773 134 27 underdånig
853 773 89 27 petition
957 773 7 21 i
979 775 62 20 ären-

215 799 43 27 det,
270 806 45 15 som
331 801 40 21 den
386 802 31 21 till
434 803 142 21 betänkandet
592 802 77 27 fogade
680 802 160 21 reservationen
852 801 122 27 innehåller,
987 801 54 22 dock

216 829 47 20 med
280 829 65 21 sådan
361 831 95 26 ändring,
468 833 31 20 att
514 831 61 21 ordet
590 831 87 26 ,minst*
689 830 70 21 skulle
769 830 105 27 inskjutas
884 830 7 21 i
902 831 64 20 slutet
977 830 65 21 fram-

215 856 34 21 för
265 857 60 21 ordet
341 859 108 26 ,tvenne;*

285 887 32 19 att
331 886 90 27 ständet,
433 888 34 20 vid
478 888 157 26 behandlingen
648 887 23 21 af
678 886 220 28 jernvägsutskottets
908 887 134 21 betänkande

216 919 33 15 n:o
269 914 14 20 2
301 914 7 20 i
324 915 113 27 anledning
455 916 22 21 af
491 916 106 22 särskilda
612 916 33 20 till
662 916 115 21 ständerna
793 915 119 21 inlemnade
928 916 114 26 petitioner

216 941 110 27 angäende
343 943 262 29 jernvägsanläggningar,
622 946 85 19 stannat
725 944 6 21 i
748 944 76 21 sädant
839 944 77 26 beslut,
931 946 31 18 att
977 943 23 21 af
1015 944 26 21 de

215 970 7 20 i
238 970 145 23 betänkandet
401 972 103 27 ingäende
523 972 239 27 resolutionsförslagen
780 972 44 21 alla
843 972 68 26 öfriga
929 972 112 26 godkänts,

216 1000 58 20 utom
291 999 93 27 följande
395 1003 85 19 tvenne:
497 1001 105 26 nemligen
615 1002 33 20 1:0
660 1000 238 26 resolutionsförslagen
910 1000 131 22 beträffande

216 1027 141 26 petitionerna
376 1029 51 21 n:ris
447 1030 54 21 1—2
520 1029 109 27 angäende
646 1029 90 27 jernväg
754 1029 46 20 frän
818 1027 108 28 Uleäborg
940 1029 33 20 till
989 1028 53 21 Tor-

216 1055 47 25 neä,
279 1056 7 20 i
306 1057 71 21 stället
397 1057 33 22 för
448 1058 81 21 hvilket
544 1058 81 27 förslag
641 1057 85 22 ständet
742 1057 99 22 omfattat
856 1057 36 21 det
907 1056 23 21 af
943 1057 26 20 hr
984 1056 58 21 Tall-

216 1085 56 26 gvist
290 1086 174 21 reservationsvis
480 1086 124 21 framstälda
620 1086 113 27 förslaget;
750 1087 55 20 samt
820 1085 34 21 2:0
870 1084 172 22 resolutionsför-

217 1113 70 26 slaget
308 1114 47 21 med
375 1114 113 28 anledning
507 1115 22 21 af
546 1115 118 26 petitionen
683 1121 34 14 n:o
737 1114 29 21 24
785 1113 109 26 angäende
913 1113 77 21 bibana
1008 1113 34 20 till

216 1141 165 22 Fredrikshamn
401 1143 45 21 frän
466 1143 108 21 Tavastila
593 1143 86 26 station,
695 1142 86 21 hvilken
801 1141 23 21 af
842 1142 84 20 ständet
944 1141 44 21 helt
1004 1141 38 21 och

216 1169 68 21 hället
302 1170 123 27 förkastats,
440 1171 117 27 hvarjemte
572 1171 104 27 förslaget
692 1177 33 15 om
741 1170 79 21 bibana
836 1170 46 21 frän
898 1169 122 27 bangärden
1036 1169 6 21 i

216 1197 90 28 Wiborg
321 1198 32 22 till
370 1200 85 21 stadens
471 1200 63 20 södra
549 1200 63 21 hamn
628 1199 132 21 remitterats
776 1198 34 22 till
824 1198 159 21 statsutskottet
994 1198 6 20 i
1012 1197 32 21 af-

217 1226 78 22 seende
315 1227 13 21 &
346 1228 110 21 utlätande
474 1228 47 21 med
540 1228 115 26 anledning
673 1227 23 21 af
710 1227 37 21 det
762 1227 34 21 för
811 1226 161 27 ifrägavarande
985 1226 59 26 jern-

217 1254 137 28 vägsföretag
369 1256 141 27 erforderliga
524 1256 98 26 anslaget

287 1369 97 27 Upptogs
403 1370 31 20 till
453 1370 86 21 fortsatt
558 1370 131 26 behandling
708 1370 42 20 den
768 1369 69 21 under
855 1368 119 27 gärdagens
990 1373 55 15 sam-

217 1398 109 21 samträde
341 1398 125 26 päbegynta,
483 1405 47 15 men
546 1398 28 21 dä
588 1398 102 21 afbrutna
702 1397 157 27 behandlingen
871 1396 23 22 af
904 1395 142 27 strafflagsut-

217 1425 93 22 skottets
325 1426 133 21 betänkande
470 1432 34 15 n:o
518 1428 9 19 1
541 1427 7 20 i
560 1426 115 26 anledning
687 1426 23 21 af
723 1426 79 26 nådiga
817 1425 158 31 propositionen
986 1430 35 15 n:o
1033 1424 11 20 1

217 1459 34 14 om
267 1455 120 26 antagande
403 1454 23 21 af
441 1456 32 19 1:0
488 1455 78 20 allmän
578 1453 96 28 strafflag
685 1454 33 21 för
729 1453 209 22 Storfurstendömet
946 1451 100 26 Finland,

217 1481 35 21 2:0
268 1481 125 27 förordning
408 1489 33 14 om
457 1483 163 26 verkställighet
635 1482 23 21 af
672 1482 67 25 straff,
756 1484 56 18 samt
827 1482 34 20 3:o
875 1481 125 25 förordning
1012 1485 34 15 om

217 1508 112 22 införande
349 1510 23 21 af
390 1510 122 28 strafflagen
528 1511 39 21 och
583 1510 56 22 hvad
655 1511 6 20 i
677 1510 101 22 afseende
794 1509 52 21 derä
861 1509 55 21 skall
931 1508 115 27 iakttagas,

218 1537 75 22 dervid
313 1538 24 20 hr
352 1538 122 22 talmannen
490 1539 76 21 främst
580 1539 33 21 till
630 1539 96 21 ständets
742 1538 132 26 granskning
888 1536 159 22 öfverlemnade
