1086 1739
235 129 34 32 934
506 135 93 24 Borgarest.
613 135 50 20 1888.
686 137 10 18 5
709 136 38 23 Maj.

212 204 85 21 hvarför
310 204 37 27 jag
361 204 33 22 för
408 205 164 27 lysningssedlar
587 205 22 22 ät
623 205 120 22 handlande
758 205 40 22 och
813 205 131 22 fabrikanter
963 205 69 22 skulle

212 232 79 23 föreslä
306 239 26 15 en
349 233 143 27 stämpelafgit
509 233 23 22 af
545 234 29 21 30
588 234 66 21 mark.
685 235 101 21 Deremot
800 234 72 21 kunde
887 234 32 21 för
934 241 62 21 egare
1011 234 23 21 af

212 261 61 27 bruk,
291 261 71 22 fabrik
380 262 51 21 eller
449 264 68 19 större
531 263 53 26 gods
600 263 40 21 den
655 263 70 26 gamla
740 263 165 26 bestämningen,
922 263 27 21 80
964 263 68 26 mark,

212 290 125 22 bibehållas.
367 291 43 21 Min
428 292 33 20 tro
481 293 29 24 är,
529 292 33 21 att
577 291 61 22 deraf
651 291 48 22 icke
714 291 69 28 någon
798 291 106 28 synnerlig
919 291 113 28 olägenhet

213 319 68 22 skulle
295 319 97 28 härflyta.

280 349 41 26 Jag
342 348 67 21 måste
430 347 69 27 äfven,
521 348 6 21 i
548 348 68 21 likhet
633 349 50 21 med
701 349 25 20 hr
740 349 90 26 Hoving,
847 349 27 26 på
889 349 35 20 det
939 349 92 20 bestäm-

212 377 60 21 daste
287 377 70 26 ogilla,
372 378 32 20 att
418 377 230 26 boktryckerifaktorer
662 377 71 22 blifvit
748 377 62 22 förda
826 377 139 22 tillsammans
983 377 47 22 med

211 405 168 27 näringsidkare,
394 405 39 22 och
448 405 37 22 det
499 405 46 22 icke
560 406 55 21 blott
630 406 77 26 derför,
723 408 32 19 att
770 406 36 21 det
816 408 23 19 är
850 405 85 22 formelt
945 406 86 26 oriktigt

211 436 39 18 när
265 434 36 22 det
315 434 53 21 står:
388 433 248 29 ,boktryckerifaktorer,
655 434 157 28 byggmästare,
826 434 155 22 handtverkare
991 434 40 22 och

211 462 67 22 andra
293 462 18 28 ej
327 462 99 22 särskildt
436 462 91 22 nämnda
536 463 179 27 näringsidkare”,
726 465 51 19 enär
788 469 26 15 en
825 462 206 28 boktryckerifaktor

211 491 47 21 icke
273 493 23 19 är
311 491 69 27 någon
394 491 165 27 näringsidkare,
574 493 52 20 utan
641 492 61 21 äfven
717 492 33 21 för
765 492 40 21 den
820 492 57 20 skull
892 493 31 19 att
938 491 35 21 det
985 491 46 22 helt

211 520 52 21 visst
280 520 33 21 för
332 526 26 16 en
375 519 215 28 boktryckerifaktor,
605 520 123 27 isynnerhet
743 526 35 16 om
792 526 50 15 man
857 520 132 27 undantager
1004 520 27 21 de

211 550 68 20 större
294 548 143 28 tryckerierna
450 548 7 22 i
471 548 155 22 hufvudstaden
642 549 40 21 och
697 550 31 20 ett
742 555 40 21 par
796 548 68 22 andra
874 550 67 20 större
952 548 78 26 städer,

213 579 22 19 är
257 577 32 21 för
311 577 89 27 mycket,
416 584 34 15 om
467 577 42 21 han
525 579 85 19 taxeras
628 578 72 27 högre,
720 580 26 19 än
761 577 214 21 handelsbokhållare
990 578 39 20 och

211 605 135 22 kontorister.
374 606 38 21 Att
426 606 88 21 hänföra
529 612 25 15 en
570 608 80 19 sättare
664 606 33 22 till
713 612 81 16 samma
808 606 96 26 kategori
919 612 45 15 som
978 606 52 20 han-

211 634 170 22 delsbokhållare
403 634 39 22 och
463 635 129 21 kontorister
614 636 23 20 är
660 634 62 22 äfven
744 635 95 26 oriktigt,
861 637 52 19 utan
931 634 39 21 bör
988 634 41 21 han

211 662 90 22 likasom
323 662 57 22 förut
401 663 74 21 ställas
493 664 7 20 i
519 669 80 15 samma
617 663 96 27 kategori
732 670 46 15 som
793 663 92 21 fabriks-
900 663 39 21 och
953 663 76 21 handt-

210 691 159 27 verksgesäller,
388 692 73 21 hvilka
478 692 42 21 han
538 692 46 21 står
602 694 101 20 närmast.
733 693 103 21 Deremot
851 692 68 21 skulle
931 692 36 27 jag
982 691 48 21 icke

210 720 50 27 vilja
282 720 112 26 godkänna
415 720 26 22 hr
459 721 93 26 Hovings
571 720 85 27 förslag,
672 723 32 19 att
718 721 164 27 byggmästarne
896 720 68 22 skulle
979 720 50 21 ned-

210 747 78 29 flyttas,
311 750 22 26 ty
355 748 23 22 af
398 749 42 21 alla
461 749 156 21 handtverkare
639 751 37 19 äro
698 750 34 20 väl
754 750 163 27 byggmästarne
935 749 32 26 de,
983 754 45 16 som

210 777 64 21 hafva
292 777 26 21 de
335 778 79 21 största
431 778 149 25 inkomsterna,
600 778 39 21 och
658 778 36 21 det
709 778 68 21 finnes
792 778 54 21 intet
860 778 46 21 skäl
921 779 31 19 att
967 777 63 27 skilja

210 806 48 21 dem
281 806 46 21 från
349 806 26 21 de
390 806 73 27 öfriga,
481 808 51 20 utan
550 812 62 22 synes
627 806 37 22 det
678 808 44 20 rätt
737 806 39 22 och
792 806 75 27 billigt,
884 808 31 19 att
929 806 99 27 byggmä-

210 836 72 19 starne
297 834 131 22 fortfarande
443 835 103 21 likställas
561 835 48 21 med
624 835 68 27 öfriga
707 835 157 21 handtverkare
879 835 7 21 i
901 834 99 22 afseende
1015 834 13 21 å

210 862 178 28 stämpelafgiften
403 863 33 21 för
449 863 170 27 lysningssedlar.

279 892 32 20 Hr
333 891 153 22 Söderlund:
515 892 41 27 Jag
578 892 37 21 vill
637 892 56 22 fästa
715 892 215 27 uppmärksamheten
949 892 34 20 vid
998 893 32 19 att

210 920 36 21 det
261 920 68 28 finngs
343 920 77 27 många
434 920 45 27 slag
494 920 22 22 af
528 920 126 22 handlande.
687 921 165 21 Handlandenas
862 920 167 26 förmögenhets-

210 948 70 21 vilkor
298 950 37 19 äro
352 949 33 20 till
403 949 40 21 den
458 950 51 25 grad
525 949 64 26 olika,
605 951 32 19 att
652 950 39 20 här
706 955 66 22 gerna
786 949 71 21 kunde
872 948 116 22 bibehållas
1003 955 25 14 en

209 977 79 21 latitud
306 977 47 21 från
371 977 28 22 30
416 977 33 22 till
467 978 28 21 50
511 977 68 27 mark,
598 977 56 22 inom
670 978 72 21 hvilka
756 979 89 25 gränser
860 977 147 28 kyrkoherden
1021 977 8 20 i

209 1005 151 27 församlingen
378 1006 65 21 sedan
458 1006 69 21 kunde
543 1006 22 21 få
580 1006 124 21 bestämma.
733 1007 44 20 Det
792 1008 24 19 är
831 1006 73 25 kändt,
919 1007 32 20 att
965 1006 7 20 i
987 1007 42 19 stä-

210 1033 66 22 derna
290 1033 69 22 finnas
373 1034 76 26 många
463 1035 126 26 handlande,
606 1041 44 15 som
666 1035 48 21 från
729 1035 67 26 dreng
806 1035 52 20 eller
869 1034 80 27 betjent
959 1034 71 26 börjat

209 1062 32 21 sin
260 1063 77 20 handel
355 1063 48 21 med
422 1063 65 27 några
504 1063 82 22 hundra
601 1063 71 22 marks
687 1063 119 28 tillgånger.
838 1063 39 21 Om
893 1063 60 21 dessa
968 1062 61 22 skola

208 1091 67 21 blifva
293 1093 94 24 tvungna
406 1093 32 20 att
455 1092 35 21 vid
503 1092 128 27 uttagandet
646 1092 22 21 af
681 1091 156 28 lysningssedel
851 1091 90 22 bekosta
955 1091 32 26 sig
1002 1097 26 15 en

208 1119 64 22 karta
294 1119 23 22 af
336 1119 28 22 80
381 1120 67 26 mark,
467 1120 24 21 så
508 1126 50 15 vore
576 1121 36 20 det
630 1120 74 22 alltför
718 1121 90 26 strängt.
838 1121 42 26 Jag
894 1120 48 21 ville
957 1119 71 22 derför

208 1147 84 26 föreslå,
308 1149 32 20 att
355 1148 69 22 denna
435 1149 131 26 bestämning
581 1149 7 20 i
603 1149 120 22 hufvudsak
738 1149 70 21 skulle
822 1149 22 20 få
859 1149 33 21 stå
907 1154 58 21 qvar,
980 1154 48 15 men

207 1176 132 26 modifierad,
355 1176 23 22 sä
392 1178 33 20 att
440 1177 35 22 det
489 1177 67 22 skulle
571 1177 50 22 heta
636 1177 58 28 ,frän
710 1178 28 21 30
752 1177 35 21 till
801 1177 29 22 50
845 1177 77 22 mark".

276 1205 32 21 Hr
326 1205 122 27 Högman:
478 1205 88 22 Tahdon
580 1212 55 15 vaan
649 1206 40 21 hra
704 1206 139 21 Rönnbäckin
859 1205 108 22 viimeisen
982 1205 45 21 lau-

207 1239 83 16 sunnon
309 1234 101 27 johdosta
428 1234 143 27 huomauttaa,
591 1236 45 20 että
656 1235 140 21 varmaankin
813 1234 101 27 jokainen
930 1233 51 27 joka
1000 1239 27 16 on

206 1262 273 22 taksoituslautakunnassa
501 1263 59 26 ollut,
576 1269 26 15 on
616 1263 65 22 tullut
696 1263 161 26 huomaamaan,
874 1264 43 19 että
933 1262 95 27 käsityö-

206 1291 63 21 läisiä
286 1291 71 27 löytyy
373 1291 64 27 hyvin
455 1291 77 28 paljon,
547 1292 61 27 joilla
627 1297 27 16 on
672 1292 131 27 pienemmät
821 1292 55 21 tulot
893 1291 52 21 kuin
963 1290 64 27 kirja-

205 1319 78 27 painon
294 1319 127 22 faktoreilla.
450 1319 53 22 Mitä
517 1321 56 20 tulee
584 1326 79 15 sanaan
677 1320 117 26 ,,muulle*,
804 1320 45 21 niin
859 1319 48 22 sillä
917 1319 19 21 ei
946 1319 81 26 tietysti

205 1348 76 22 viitata
295 1347 95 22 kaikkiin
406 1354 36 15 sen
459 1349 67 21 edellä
535 1349 145 21 mainittuihin
690 1349 138 26 henkilöihin,
839 1354 54 16 vaan
904 1348 123 21 ainoastaan

205 1377 74 26 niihin,
292 1377 62 27 jotka
368 1377 80 21 todella
466 1379 50 20 ovat
534 1377 120 22 elinkeinon
672 1377 140 28 harjoittajia.
846 1376 97 28 Latojain
958 1376 69 27 tuloja

204 1406 58 21 minä
277 1405 119 27 puolestani
411 1412 26 14 en
452 1405 125 22 tarkemmin
592 1408 72 19 tunne.

274 1434 33 21 Då
325 1434 63 27 ingen
406 1434 71 21 vidare
493 1434 91 27 begärde
600 1435 67 26 ordet,
683 1434 135 22 förklarades
834 1434 147 21 diskussionen
995 1433 31 21 af-

205 1461 78 27 slutad,
299 1463 40 21 och
358 1462 123 22 framstälde
499 1463 26 21 hr
542 1463 122 21 talmannen
683 1463 49 21 med
751 1463 117 26 anledning
882 1462 23 22 af
919 1463 26 20 de
959 1462 67 20 under

204 1489 123 23 densamma
345 1491 75 27 gjorda
435 1491 104 21 särskilda
552 1491 124 27 yrkandena
694 1491 95 27 följande
808 1491 219 27 omröstningspropo-

204 1518 99 22 sitioner:
