1089 1742
207 133 46 18 1262
477 132 96 24 Borgarest.
586 133 46 19 1888.
655 133 20 19 22
689 134 38 22 Maj.

184 202 34 22 får
233 202 32 22 lof
279 204 31 19 att
326 202 125 27 respektera
466 202 36 22 det
517 202 70 27 stånd,
599 209 46 15 som
658 203 84 27 pröfvat
754 203 162 26 bestämningen
928 203 6 21 i
946 202 68 22 landt-

185 230 171 28 dagsordningen
371 232 39 20 och
425 231 46 21 icke
487 231 6 21 i
509 231 60 21 detta
581 231 38 21 fall
632 231 70 21 funnit
713 232 65 26 något
789 231 76 21 hinder
876 231 137 21 förekomma.

186 259 50 21 Men
259 259 27 26 på
307 259 83 27 sakliga
409 260 47 21 skäl
475 260 38 21 ber
533 260 65 21 också
615 260 44 27 jag,
679 262 31 19 att
729 260 133 21 fortfarande
881 259 21 21 få
921 260 93 21 vidhålla

187 288 48 21 mitt
250 287 87 27 förslag,
353 290 33 19 att
401 288 116 27 petitionen
534 288 66 21 måtte
615 288 81 21 lemnas
712 290 51 19 utan
779 288 107 21 afseende.

256 315 71 22 Sedan
342 317 150 21 diskussionen
507 316 88 22 harmed
607 316 118 22 förklarats
738 319 102 23 atslutad,
851 318 108 20 anstäldes
970 321 45 16 om-

187 344 98 27 röstning
300 345 109 26 angående
425 345 26 21 de
467 345 108 21 särskilda
591 345 87 26 förslag,
690 351 45 15 som
751 345 68 21 under
831 345 123 21 densamma
966 344 48 21 blif-

186 373 31 21 vit
232 373 83 26 väckta,
331 373 33 21 till
380 373 54 22 först
449 373 67 27 enligt
532 373 159 22 nedanstående
707 374 142 27 proposition:

256 401 40 28 De,
311 401 69 22 hvilka
395 402 70 21 såsom
480 401 207 28 kontraproposition
702 403 43 20 mot
759 401 108 22 utskottets
881 401 81 28 förslag
976 403 38 19 ön-

185 429 37 22 ska
241 432 76 25 antaga
335 429 107 28 förslaget,
457 431 29 20 att
499 430 115 27 petitionen
630 430 65 21 skulle
711 430 80 21 lemnas
805 432 53 19 utan
874 430 96 27 afseende
985 430 29 27 på

186 458 25 21 de
225 458 80 27 jemväl
321 459 8 20 i
342 459 107 21 utskottets
463 458 129 22 betänkande
602 459 131 27 framhållna
745 459 89 26 formela
846 458 54 27 skäl,
911 460 57 20 rösta
974 459 40 28 ja;

187 487 32 26 de,
235 487 34 20 det
284 486 43 22 icke
343 487 70 26 önska,
428 489 57 20 rösta
500 488 48 27 nej;

255 516 74 21 vinner
346 516 43 27 nej,
405 515 39 22 har
462 516 170 27 borgareståndet
649 516 71 21 såsom
735 515 206 28 kontraproposition
956 515 56 27 före-

187 544 71 27 dragit
275 544 106 27 förslaget,
397 546 30 19 att
440 545 30 26 på
485 544 80 28 sakliga
581 544 48 21 skäl
644 544 68 22 lemna
728 545 40 21 den
783 544 164 27 ifrågavarande
961 544 53 27 peti-

188 573 70 20 tionen
274 575 51 18 utan
340 573 103 27 afseende.

255 601 34 22 Då
304 602 69 21 denna
387 602 130 27 proposition
534 602 129 21 besvarades
679 602 49 21 med
740 602 157 27 öfvervägande
906 602 30 27 ja,
948 601 66 26 följde

188 636 26 15 en
231 630 73 27 slutlig
320 631 131 26 omröstning
466 631 67 26 enligt
548 637 25 14 en
589 631 24 20 så
629 631 91 27 lydande
737 631 143 26 proposition:

255 657 40 27 De,
314 658 68 21 hvilka
403 659 113 26 godkänna
538 658 109 22 utskottets
667 658 213 27 resolutionsförslag,
898 660 57 19 rösta
973 658 40 27 ja;

187 687 32 26 de,
235 687 34 20 det
283 686 43 21 icke
339 689 58 25 göra,
413 689 57 20 rösta
484 687 48 28 nej;

254 715 73 21 vinner
341 716 43 27 nej,
400 715 39 22 har
454 716 171 26 borgareståndet
640 715 88 27 beslutit,
741 717 31 20 alt
783 716 32 26 på
831 715 34 22 det
880 715 26 27 af
918 715 96 21 utskottet

185 744 94 27 antydda
300 744 89 27 formela
411 744 65 21 skälet
494 744 67 21 lemna
582 745 34 20 det
634 745 9 20 i
661 744 138 21 betänkandet
817 743 127 22 behandlade
960 743 54 27 peti-

185 772 159 27 tionsförslaget
358 775 51 18 utan
425 773 102 26 afseende.

256 801 74 21 Denna
350 802 131 26 proposition
501 802 129 21 besvarades
649 802 36 21 vid
703 801 111 27 företagen
836 801 68 22 sluten
924 802 90 20 omröst-

186 830 50 26 ning
255 830 47 21 med
320 830 25 21 12
359 830 23 27 ja
398 830 37 21 och
451 831 28 20 39
494 830 41 27 nej,
552 830 83 21 hvadan
652 830 96 21 ståndets
765 830 70 21 beslut
850 836 44 20 var,
910 831 31 19 att
956 829 36 21 det
1006 829 7 20 i

185 858 146 21 betänkandet
346 858 133 22 behandlade
494 858 213 27 petitionsförslaget,
723 859 28 26 på
765 859 70 25 grund
851 858 23 20 at
886 859 36 19 det
934 857 78 27 jemväl

185 887 6 20 i
208 886 116 21 utskottets
340 886 134 22 betänkande
490 887 12 21 å
518 887 60 21 sidan
594 887 13 21 3
623 887 128 21 framhållna
767 886 91 22 formela
874 886 53 26 skäl,
943 885 69 21 skulle

185 914 24 22 af
223 915 116 21 ständerna
355 915 81 21 lemnas
452 917 49 19 utan
516 915 108 21 afseende.

253 1005 32 21 Hr
308 1006 121 21 talmannen
452 1006 71 21 afbröt
545 1006 100 26 härefter,
665 1006 29 21 kl.
714 1006 13 22 3
747 1012 17 16 e.
784 1012 34 20 m.,
838 1006 173 25 sammanträdet,

184 1034 207 26 tilikännagifvande
410 1036 31 20 att
461 1035 95 21 ständets
576 1034 139 22 medlemmar
733 1034 55 28 ånyo
807 1034 67 21 borde
890 1034 77 21 samlas
983 1034 28 20 kl.

186 1063 24 25 1/2
218 1062 19 26 8,
255 1062 32 21 för
303 1065 32 18 att
350 1062 101 22 fortsätta
467 1063 48 21 med
530 1063 157 27 behandlingen
703 1063 24 21 af
740 1063 26 21 de
781 1063 33 21 till
832 1062 79 27 dagens
926 1063 85 26 plenum

184 1090 119 27 bordlagda
318 1093 113 19 ärendena.

781 1125 19 17 In
814 1124 60 18 fidem:

711 1153 98 22 Mauritz
823 1153 119 27 Hornborg.

385 1284 100 29 Tisdagen
501 1284 38 24 den
555 1284 26 24 22
598 1285 39 28 maj
655 1285 25 23 kl.
698 1285 45 28 '/28
759 1290 18 18 e.
793 1290 24 17 m.

252 1342 41 21 Vid
315 1342 95 21 anstäldt
427 1349 81 21 upprop
527 1342 104 22 befunnos
647 1342 96 22 ständets
760 1342 100 27 samtliga
875 1342 138 21 medlemmar

184 1370 141 26 närvarande,
345 1373 58 19 utom
422 1370 26 22 hr
467 1371 140 26 Sumelius,
623 1378 45 14 som
684 1371 28 27 pä
727 1371 69 27 grund
812 1370 24 22 af
849 1370 90 27 tidigare
956 1370 56 21 med-

183 1398 74 21 deladt
273 1399 97 21 tillständ
385 1405 38 15 var
437 1399 147 21 fränvarande.

183 1511 4 3 .
253 1483 122 27 Föredrogs
395 1486 31 19 ett
445 1485 33 20 till
497 1485 58 20 detta
570 1485 86 26 plenum
670 1485 89 26 ingifvet
775 1484 115 27 protokoll,
906 1483 57 22 fördt
979 1483 34 22 vid

182 1517 6 14 i
209 1511 42 26 dag
273 1511 66 22 hället
359 1513 157 21 sammanträde
536 1513 23 21 af
577 1513 188 26 borgareständets
785 1513 107 21 elektorer
911 1512 38 21 och
968 1512 45 21 vid-

182 1539 197 27 handengifvande
367 1535 16 35 :
