1089 1742
231 137 47 18 1192
500 136 94 23 Borgarest.
607 136 45 19 1888.
675 136 18 18 18
705 136 39 22 Maj.

280 204 121 28 Föredrogs
420 205 151 26 lagutskottets
591 205 118 27 bordlagda
729 204 135 22 betänkande
882 210 34 15 n:o
936 205 26 21 21
978 204 6 21 i
1001 210 36 15 an-

211 233 86 26 ledning
319 233 23 21 af
363 236 30 18 ett
414 234 56 20 inom
489 233 158 21 bondeståndet
665 234 62 20 väckt
747 232 182 28 petitionsförslag
949 239 33 15 om
1002 233 35 21 be-

210 264 70 18 svärs-
296 261 39 21 och
351 262 124 21 vadetidens
490 262 136 26 förlängning
641 262 34 20 för
690 256 82 27 Ålands
789 262 108 26 domsaga.
920 261 68 21 Ordet
1001 262 36 20 be-

210 290 78 26 gärdes
304 290 73 21 härvid
394 290 23 21 af

278 320 26 19 hr
316 320 193 25 Schybergson,
520 324 46 16 som
577 320 96 25 yttrade:
688 320 111 20 Utskottet
808 319 73 26 tyckes
891 319 7 20 i
909 319 68 25 någon
988 319 60 20 män
1039 315 12 34 :

209 346 64 22 hafva
292 347 80 25 tvekat,
388 347 103 21 huruvida
511 347 69 21 denna
600 346 161 27 lagförändring
779 346 40 21 alls
835 353 50 15 vore
901 346 23 21 af
938 346 100 22 behofvet

211 375 106 27 påkallad,
334 382 47 14 men
401 375 36 21 det
454 377 24 19 är
493 375 56 21 dock
564 375 46 21 icke
627 375 65 26 detta,
709 381 45 15 som
768 375 37 27 jag
820 375 6 21 i
842 375 90 21 främsta
947 377 91 19 rummet

209 404 52 20 ville
277 404 102 20 anmärka
394 410 41 17 om,
451 406 49 18 utan
517 410 25 14 en
559 410 69 14 annan
645 404 163 26 omständighet.
831 403 33 21 Då
875 403 115 21 ständerna
1000 410 38 14 nu-

209 438 60 15 mera
288 432 63 21 hafva
370 432 141 27 motionsrätt,
530 432 24 21 så
573 432 69 26 ligger
662 432 36 21 det
717 432 157 26 otvifvelaktigt
892 433 94 19 närmast
1005 432 33 20 till

208 460 76 26 hands,
301 463 31 18 att
352 460 43 22 alla
414 460 79 21 sådana
511 460 46 21 små
576 460 193 27 lagförändringar,
785 466 44 15 som
846 460 40 21 den
901 460 39 20 här
954 460 7 20 i
976 460 62 26 fråga

209 491 66 22 satta,
291 489 7 21 i
314 488 52 22 form
383 489 23 21 af
420 489 104 21 motioner
539 488 122 27 föreläggas
677 489 122 21 ständerna.
822 488 40 22 Om
876 494 34 20 nu,
922 488 68 21 såsom
1000 488 38 27 jag

210 517 38 21 ber
265 519 31 19 att
312 517 21 21 få
348 517 86 25 föreslå,
447 518 68 20 denna
530 518 89 26 petition
636 517 114 21 förkastas,
762 517 88 27 uppstår
865 517 121 26 derigenom
998 517 40 21 alls

210 546 46 20 icke
273 546 64 26 något
353 546 107 26 dröjsmål.
483 546 147 21 Petitionären
646 546 53 20 eller
714 546 69 26 någon
800 552 67 14 annan
879 545 41 21 kan
934 545 35 21 vid
980 547 58 19 näst-

209 574 127 21 kommande
358 574 102 26 landtdag
477 574 80 26 ingifva
575 576 31 19 ett
625 574 136 26 fullständigt
781 574 122 26 redigeradt
923 573 115 27 lagförslag

209 602 7 21 i
227 604 81 24 ämnet;
321 604 87 25 antages
420 603 58 21 detta
488 603 27 20 då
526 602 23 22 af
558 602 121 26 ständerna,
689 602 41 21 kan
743 602 38 22 det
791 602 65 21 blifva
868 602 34 26 lag
913 602 43 20 lika
967 602 71 26 tidigt,

210 636 45 16 som
268 636 33 16 om
313 631 115 21 ständerna
440 631 113 26 godkänna
563 631 140 21 förevarande
714 631 97 27 petition.
835 630 44 22 Och
892 630 110 21 skilnaden
1014 632 24 19 är

210 659 48 26 den,
269 661 32 19 att
315 659 7 21 i
338 660 24 20 så
372 659 37 21 fall
426 660 42 20 alla
480 659 26 21 de
517 660 117 26 omgångar
645 659 113 26 undvikas,
770 665 45 15 som
826 661 36 19 äro
874 665 25 15 en
911 658 52 26 följd
974 658 23 22 af
1006 660 32 20 att

210 688 126 20 ständernas
352 684 112 25 skrifvelse
479 688 110 26 angående
601 688 68 21 denna
681 688 89 26 petition
782 687 54 21 först
846 687 78 21 sändes
934 687 32 21 till
979 687 59 21 Hans

210 716 121 26 Kejserliga
350 716 106 27 Majestät,
476 716 93 21 derifrån
589 716 144 21 återkommer
752 716 33 21 till
806 718 87 19 senaten
913 716 5 20 i
936 715 102 21 afseende

210 744 13 21 å
246 744 116 26 utlåtande,
382 745 6 20 i
411 744 37 22 fall
472 745 58 21 detta
553 744 110 22 utlåtande
687 744 77 22 blifver
786 744 155 27 tillstyrkande,
964 744 74 21 färdas

210 778 81 15 samma
307 774 39 25 väg
362 779 24 15 en
402 773 56 27 gång
473 773 38 26 till,
527 773 39 21 sist
581 773 40 21 och
637 773 103 27 slutligen
757 772 64 22 också
836 774 6 20 i
859 779 26 20 ny
901 772 53 21 form
966 772 71 21 såsom

209 800 82 27 förslag
310 801 32 21 till
362 802 129 26 proposition
508 803 55 19 samt
578 801 55 21 först
649 802 65 20 sedan
731 801 121 27 förelägges
868 801 114 21 ständerna
998 801 39 21 och

209 831 117 25 yttermera
344 830 42 20 blir
404 829 88 22 föremål
513 830 33 20 för
565 836 81 14 samma
661 830 123 26 omgångar.
815 830 64 20 Detta
894 831 46 25 gör,
956 831 31 19 att
1000 829 38 27 jag

210 857 71 22 såsom
297 858 63 26 sagdt
375 857 201 28 öfverhufvudtaget
591 864 62 15 anser
669 858 36 21 det
716 864 52 15 vara
781 858 121 26 önskvärdt,
914 860 31 19 att
956 858 81 21 mindre

209 885 187 28 lagförändringar
418 887 69 21 skulle
510 886 118 21 framträda
646 887 6 20 i
673 887 180 26 motionsförslag.
883 886 41 27 Jag
943 888 39 24 gör
1001 887 37 20 det

210 914 136 27 naturligtvis
362 915 46 21 icke
424 915 6 20 i
446 915 99 21 afseende
561 915 13 21 å
589 917 70 19 större
675 915 124 26 lagförslag,
812 915 38 21 der
862 921 26 15 en
898 915 139 26 omsorgsful-

210 942 45 21 lare
271 943 136 26 utarbetning
422 943 114 21 erfordras.

278 971 43 21 Det
341 971 39 21 har
396 971 53 22 dock
464 972 115 26 ingalunda
594 972 91 26 undgått
700 972 50 27 mig,
766 974 32 19 att
813 972 5 21 i
835 972 151 26 motiveringen
1003 971 33 21 till

210 999 59 21 detta
288 999 134 22 betänkande
441 1000 130 27 framhälles,
587 1003 32 18 att
636 1001 65 26 något
717 1001 58 26 slags
791 1001 113 26 utredning
919 1000 69 21 skulle
1004 1006 32 15 er-

209 1027 85 21 fordras
312 1027 80 27 derom,
404 1028 103 21 huruvida
522 1029 167 26 olägenheterna
704 1031 37 19 äro
758 1029 24 20 så
793 1031 64 24 stora,
870 1031 32 18 att
913 1029 69 20 denna
992 1029 45 26 lag-

208 1055 126 27 förändring
352 1056 109 27 verkligen
480 1059 25 18 är
524 1057 23 20 af
561 1057 101 21 behofvet
676 1057 102 26 påkallad
794 1059 55 19 samt
864 1057 55 21 huru
934 1059 45 19 stor
994 1057 43 20 för-

209 1083 129 27 längningen
358 1084 67 21 borde
444 1085 71 21 blifva.
545 1085 50 21 Men
615 1086 60 20 detta
693 1088 25 19 är
734 1085 25 27 ju
779 1085 53 21 dock
852 1085 122 27 obetydliga
993 1091 43 15 om-

208 1112 154 26 ständigheter,
378 1119 46 14 som
438 1113 158 22 motionärerna
611 1113 36 21 vid
662 1115 62 20 nästa
739 1114 103 26 landtdag
858 1114 44 21 lika
917 1114 34 20 väl
967 1113 69 21 skulle

208 1139 75 28 kunna
295 1141 76 20 utreda
386 1147 45 15 som
446 1142 132 26 regeringen.
604 1142 42 26 Jag
662 1142 91 21 föreslår
770 1142 27 27 på
812 1143 63 20 dessa
890 1142 99 26 grunder,
1005 1143 32 19 att

208 1169 237 25 petitionsmemorialet
460 1170 45 21 icke
520 1170 66 21 måtte
602 1170 46 21 från
665 1170 97 21 ståndets
778 1171 46 20 sida
836 1171 31 20 till
881 1170 68 26 någon
962 1170 74 26 åtgärd

208 1196 120 21 föranleda.

277 1225 32 20 Hr
319 1225 150 22 Rönnbäck:
480 1226 33 21 Då
523 1226 246 27 landtdagsordningens
780 1227 26 21 51
816 1227 11 27 $
838 1227 77 27 tydligt
925 1226 111 21 föreskrif-

207 1253 62 25 ver,
263 1249 10 37 i
285 1253 73 21 hvilka
372 1253 45 26 fall,
429 1260 47 15 man
491 1254 34 21 får
535 1254 120 22 framställa
671 1256 80 20 motion
768 1255 39 21 och
822 1255 97 27 petition,
935 1255 24 21 sä
974 1255 61 21 torde

208 1286 49 15 man
273 1281 47 21 icke
330 1281 72 22 kunna
415 1282 128 22 föreskrifva
553 1289 26 15 en
591 1283 170 27 landtdagsman,
775 1289 45 15 som
831 1284 37 21 vill
879 1283 7 22 i
897 1290 25 15 en
934 1283 38 22 sak
983 1284 53 26 peti-

208 1309 90 26 tionera,
310 1311 32 19 att
353 1310 41 21 han
405 1310 39 21 bör
460 1311 118 21 framställa
593 1311 32 21 sin
641 1311 39 22 sak
695 1312 6 20 i
717 1312 55 21 form
787 1311 24 22 af
819 1312 87 21 motion.
929 1312 32 21 Hr
972 1311 65 27 Schy-

207 1337 105 27 bergsons
327 1337 86 27 önskan,
425 1341 31 18 att
471 1339 23 21 sä
506 1339 66 22 mätte
587 1339 45 26 ske,
645 1340 61 21 torde
719 1341 33 20 väl
765 1340 46 21 icke
824 1340 71 21 kunna
906 1347 51 14 vara
968 1340 22 21 af
999 1340 37 21 nä-

206 1371 42 20 gon
264 1366 117 27 afgörande
394 1366 116 27 betydelse.
533 1368 76 21 Denna
625 1368 81 21 önskan
721 1369 42 20 kan
780 1369 100 26 möjligen
895 1374 75 21 genom
987 1374 26 15 en
1029 1369 6 20 i

206 1393 115 22 framtiden
332 1394 98 22 utbildad
445 1396 70 26 praxis
531 1396 66 21 blifva
614 1396 94 27 uppfyld,
722 1403 48 15 men
786 1397 24 20 sä
825 1397 62 26 länge
903 1397 23 20 sä
942 1396 46 21 icke
1004 1398 30 24 är,

206 1421 39 22 har
260 1429 49 14 man
323 1423 63 26 ingen
402 1425 43 19 rätt
463 1425 36 25 att,
515 1424 28 27 pä
558 1425 41 20 den
614 1425 69 26 grund
699 1427 32 19 att
747 1431 48 15 man
811 1425 67 21 hellre
891 1425 70 21 skulle
974 1431 22 15 se
1009 1431 26 15 en

205 1450 90 25 petition
306 1451 118 21 framträda
435 1452 7 21 i
453 1451 154 27 motionsform,
620 1453 55 21 afslä
687 1453 130 22 densamma.
833 1453 68 21 Finna
912 1453 122 26 ständerna,

205 1479 31 19 att
248 1479 117 25 petitionen
381 1481 25 19 är
421 1480 96 27 befogad,
528 1481 53 20 böra
597 1481 26 21 de
638 1481 75 21 förena
725 1482 34 26 sig
770 1487 33 16 om
818 1482 129 25 densamma,
960 1482 76 21 obero-

205 1506 55 21 ende
272 1507 66 26 deraf,
348 1513 34 15 om
395 1509 173 21 motionsformen
580 1509 56 21 varit
647 1511 32 19 att
695 1510 3 20 i
710 1510 67 21 saken
788 1510 120 25 föredraga.
928 1509 31 22 Hr
971 1510 64 27 Schy-

204 1533 100 28 bergsom
324 1535 38 21 har
381 1535 117 22 framhällit
515 1537 67 26 nägra
596 1537 105 22 förmenta
717 1538 101 25 fördelar,
834 1544 45 15 som
896 1538 70 22 skulle
982 1539 52 26 följa
