1086 1739
222 139 35 18 998
495 139 94 23 Borgarest.
602 140 46 18 1888.
672 139 10 18 8
696 139 39 23 Maj.

269 207 93 22 Härmed
377 208 133 21 förklarades
525 208 150 21 diskussionen
690 207 101 26 afslutad,
807 207 52 22 derä
874 208 84 21 ständet
973 209 52 20 utan

199 235 97 27 votering
315 236 75 26 beslöt,
410 238 32 19 att
461 237 6 20 i
487 236 94 27 enlighet
596 237 48 21 med
660 237 36 20 det
712 236 22 21 af
748 236 25 21 hr
789 235 148 28 Schybergson
951 236 78 21 väckta

199 263 104 27 förslaget
321 265 7 20 i
346 265 116 21 utskottets
480 265 81 26 förslag
579 265 35 21 till
632 265 125 26 förordning
777 264 69 21 skulle
861 264 81 22 införas
958 267 26 18 en
1001 265 27 21 12

199 291 12 28 8
227 291 24 22 af
264 292 94 27 följande
372 293 90 27 lydelse:

269 321 50 21 Men
336 321 88 27 ändring
440 321 22 22 af
476 321 25 28 $$
518 321 26 21 77
561 321 40 22 och
617 322 27 21 99
660 321 7 21 i
682 321 141 27 reglementet
833 321 77 21 varder
921 321 107 26 stadgadt,

200 350 33 20 att
247 349 94 28 tillfällig
355 350 95 26 ledighet
464 349 33 22 för
508 349 64 27 högst
583 356 26 15 en
619 350 68 21 vecka
698 349 35 22 mä
744 349 153 22 bankdirektör
909 349 39 22 och
960 349 68 22 bank-

200 377 148 22 kommissarie
367 378 89 27 beviljas
475 377 23 22 af
514 378 185 26 bandirektionen,
716 384 45 15 som
777 378 36 21 det
828 378 130 21 tillkommer
974 379 31 20 att
1020 378 7 21 i

200 405 78 22 sädant
300 406 36 21 fall
359 406 101 22 förordna
482 407 68 26 nägon
570 407 95 21 bankens
684 407 127 26 tjensteman
831 407 32 20 att
882 406 145 27 befattningen

200 434 70 21 under
284 434 61 21 tiden
360 435 127 21 handhafva.

268 463 11 20 I
297 463 113 28 anledning
425 463 24 22 af
462 463 26 21 hr
503 463 109 26 Högmans
627 463 81 27 förslag
722 463 125 21 framstälde
863 463 26 21 hr
903 463 123 21 talmannen

198 491 97 27 följande
312 491 288 28 omröstningsproposition
590 487 12 36 :

268 519 41 26 De,
329 519 69 22 hvilka
412 520 112 27 godkänna
539 519 108 22 utskottets
661 519 224 28 författningsförslag
898 521 52 19 utan
964 521 63 26 ytter-

199 547 66 27 ligare
280 547 206 28 tillägsstadganden,
501 549 57 20 rösta
569 549 39 27 ja;
625 549 31 25 de,
672 548 34 21 det
720 547 44 22 icke
777 549 60 26 göra,
852 549 56 20 rösta
923 549 52 26 nej;

269 576 74 21 vinner
357 577 39 26 nej,
407 577 39 21 har
460 577 170 26 borgareständet
641 576 89 26 beslutit,
743 578 30 19 att
783 576 88 27 omfatta
882 576 25 21 hr
917 576 110 27 Högmans

200 604 82 27 förslag
297 611 34 14 om
345 605 113 26 införande
474 605 8 20 i
497 605 185 27 bankreglementet
697 605 26 27 af
736 611 26 15 en
772 605 16 28 $
797 605 29 20 13
838 605 48 21 med
895 605 39 21 den
944 604 82 27 lydelse,

200 639 46 15 som
265 633 8 20 i
291 633 40 21 den
350 633 67 21 andra
436 633 32 21 till
486 633 137 22 betänkandet
640 633 77 27 fogade
731 633 155 22 reservationen
900 633 126 27 föreslagits.

270 662 75 21 Denna
361 662 275 27 omröstningsproposition
647 662 46 22 blef
703 662 35 21 vid
750 662 85 21 anstäld
846 662 95 26 votering
952 661 76 22 besva-

200 690 39 21 rad
261 691 47 21 med
331 691 28 20 32
375 691 23 26 ja
416 691 40 21 och
475 691 27 22 19
520 691 41 27 nej,
579 691 85 21 hvadan
683 691 86 21 ständet
787 691 82 21 säledes
888 690 88 21 beslutit
994 691 33 20 att

199 718 97 22 förkasta
311 719 36 21 det
362 719 23 21 af
398 719 25 21 hr
438 719 98 26 Högman
550 719 78 21 väckta
642 719 109 27 förslaget.

269 747 10 21 I
298 747 113 28 anledning
430 747 63 22 häraf
510 748 97 21 anmälde
625 748 25 20 hr
665 748 192 26 Neppenström
873 748 34 20 att
921 747 42 21 han
978 747 49 21 icke

199 775 49 22 med
263 776 33 21 sin
311 777 45 20 röst
370 776 93 27 bidragit
478 776 33 21 till
527 776 36 21 det
578 777 73 20 senast
666 776 83 21 fattade
764 775 99 22 beslutet.

269 803 70 22 Sedan
354 804 25 21 hr
394 805 120 20 talmannen
525 804 113 26 meddelat,
650 805 32 20 att
691 804 37 21 hrr
739 803 124 22 Calonius
875 804 38 21 och
925 803 102 27 Hoving

199 832 34 21 för
250 832 96 21 enskilda
364 833 177 26 angelägenheter
558 833 81 21 anmält
658 833 32 27 sig
709 834 97 25 tvungna
825 834 32 19 att
875 831 47 22 frän
938 832 87 27 plenum

199 859 95 28 aflägsna
309 861 38 26 sig,
363 861 39 21 och
418 861 85 21 ständet
517 861 78 21 bifallit
610 861 80 26 härtill,
706 861 75 27 vidtog
795 860 157 27 granskningen
967 860 23 21 af
1000 860 26 21 de

199 889 8 20 i
224 889 176 22 bankutskottets
418 889 161 27 ifrägavarande
599 889 136 22 betänkande
750 889 105 26 ingäende
869 889 107 26 förslagen
993 888 33 21 till

199 917 114 27 ändringar
327 918 32 20 uti
374 917 40 22 och
429 918 74 27 tillägg
517 918 33 21 till
565 918 96 21 bankens
677 918 41 21 den
734 917 27 21 18
777 917 54 26 april
846 917 55 21 1886
912 917 114 21 utfärdade

203 947 50 25 stat,
268 945 73 22 hvilka
356 946 123 26 godkändes
494 948 53 19 utan
563 946 130 21 diskussion.

271 973 103 28 Slutligen
393 975 123 26 godkändes
528 975 79 26 jemväl
623 976 52 19 utan
690 974 122 21 diskussion
829 973 39 22 den
885 973 22 21 af
920 973 107 22 utskottet

199 1001 121 28 föreslagna
338 1003 100 20 rubriken
457 1003 33 21 till
507 1003 163 26 ifrägavarande
684 1002 219 27 författningsförslag
918 1001 108 22 äfvensom

199 1030 27 21 de
245 1030 13 21 &
276 1031 86 21 sidorna
382 1031 26 22 15
424 1031 39 21 och
478 1031 27 21 16
520 1031 7 21 i
542 1031 118 22 utskottets
675 1031 136 21 betänkande
827 1030 126 21 framstälda
968 1035 58 16 reso-

199 1058 195 28 lutionsförslagen.

270 1155 114 27 Upplästes
402 1157 77 20 tvenne
494 1156 47 21 frän
556 1156 162 21 statsutskottet
732 1156 93 20 anlända
840 1155 126 25 skrifvelser,
983 1154 44 21 vid-

200 1183 198 27 handengifvande:

269 1213 33 20 att
320 1212 171 21 statsutskottets
510 1212 136 22 betänkande
665 1218 33 15 n:o
718 1212 13 21 8
749 1213 8 20 i
777 1212 116 26 anledning
910 1211 23 21 af
949 1210 78 22 finans-

200 1240 161 26 expeditionens
382 1241 8 20 i
412 1240 114 27 kejserliga
544 1243 88 19 senaten
650 1241 33 21 till
701 1240 116 22 ständerna
836 1240 81 26 afgifna
935 1240 92 21 relation

200 1274 35 15 om
258 1268 139 21 statsverkets
415 1268 96 22 tillständ
528 1275 90 15 numera
636 1269 70 21 blifvit
724 1270 7 20 i
751 1269 44 21 alla
813 1268 63 22 ständ
894 1268 133 21 behandladt

200 1296 39 21 och
263 1296 74 25 skulle,
360 1296 135 22 alldenstund
513 1297 37 21 två
569 1297 63 21 stånd
650 1297 47 21 icke
716 1297 100 21 omfattat
833 1297 117 21 utskottets
969 1298 57 19 utta-

199 1324 64 22 lande
282 1325 13 21 å
313 1325 60 21 sidan
392 1326 28 20 35
438 1325 132 21 beträffande
588 1326 138 20 landtbruks-
741 1325 41 21 och
795 1324 232 28 jordbruksfondernas

198 1353 133 27 indragning,
351 1353 92 21 berörda
457 1354 109 21 uttalande
581 1354 123 26 derigenom
719 1354 93 25 förfalla,
827 1354 111 20 hvaremot
953 1352 74 21 betän-

198 1381 82 22 kandet
299 1382 7 21 i
325 1381 64 27 öfrigt
407 1382 71 21 blifvit
496 1382 22 21 af
534 1384 33 19 tre
583 1382 63 21 stånd
661 1382 111 26 godkändt
787 1384 52 18 utan
855 1381 101 26 ändring;
972 1382 55 19 samt

269 1413 32 19 att
315 1410 99 26 samtliga
428 1410 63 21 stånd
501 1412 50 19 utan
563 1410 90 28 ändring
662 1410 97 27 godkänt
770 1410 171 21 statsutskottets
952 1409 75 21 betän-

198 1437 72 23 kande
285 1445 34 15 n:o
336 1439 27 21 10
377 1438 7 21 i
394 1438 114 27 anledning
518 1438 24 22 af
551 1438 78 27 nådiga
639 1439 168 27 propositionen,
819 1438 108 26 angående
938 1438 88 20 omsätt-

199 1466 51 26 niog
269 1467 23 21 af
309 1467 26 21 de
353 1466 33 21 för
404 1466 82 22 inlösen
505 1467 23 21 af
545 1467 238 27 donationslägenheter
802 1467 7 21 i
829 1466 88 27 Wiborg
936 1465 39 22 och
996 1465 32 22 S:t

199 1493 90 23 Michels
305 1496 34 20 län
354 1497 110 25 upptagna
479 1495 96 21 statslån.
