1081 1734
366 132 95 22 Borgarest.
472 132 47 19 1888.
541 132 11 18 3
564 132 39 22 Maj.
833 132 33 19 837

60 202 84 21 kontor.
168 201 74 20 Såsom
253 201 26 20 hr
289 200 99 27 Eneberg
399 200 68 21 redan
479 200 98 27 nämnde,
593 200 106 21 bedrifver
715 200 101 21 Finlands
832 201 57 22 bank

62 230 63 26 ingen
148 229 101 27 inlåning,
267 229 103 21 Finlands
389 228 57 21 bank
465 229 68 20 håller
552 229 63 26 ingen
631 228 92 27 löpande
738 229 90 26 räkning
843 231 44 20 mot

62 258 202 27 räntegodtgörelse,
280 258 106 26 mottager
400 257 50 26 inga
466 257 143 26 depositioner
629 257 46 20 mot
691 259 67 23 ränta,
775 257 39 21 och
830 258 59 21 detta

64 288 24 19 är
103 287 54 20 dock
173 292 25 15 en
214 286 24 21 så
252 285 105 27 väsentlig
373 285 46 21 sida
435 285 22 21 af
471 291 26 15 en
513 285 68 21 banks
599 285 142 25 verksamhet,
763 287 32 19 att
814 291 26 15 en
856 288 34 18 ort

64 315 115 26 ingalunda
194 314 42 21 kan
252 320 61 15 anses
327 320 52 15 vara
393 313 144 27 tillgodosedd
556 314 56 21 hvad
631 313 136 22 bankkontor
782 313 106 26 beträffar,

63 349 37 15 om
114 343 47 21 icke
177 343 68 20 denna
259 343 80 20 rörelse
354 342 37 21 der
407 344 24 19 är
445 342 168 27 representerad.
648 342 41 27 Jag
708 348 106 21 upprepar
833 344 56 19 ännu

65 371 37 21 det
116 371 93 27 uttryck,
224 377 45 15 som
286 371 24 20 hr
325 371 98 26 Eneberg
442 370 39 21 här
495 371 112 26 begagnat,
624 370 27 21 då
666 370 43 21 han
724 371 57 25 sade,
797 373 32 18 att
843 370 47 21 icke

66 400 42 21 alla
122 400 72 21 kunna
209 399 66 27 blifva
293 399 102 21 Finlands
414 399 68 21 banks
503 399 89 26 kunder,
612 405 46 14 som
677 399 72 21 kunna
769 399 65 21 blifva
848 399 42 26 pri-

64 428 166 21 vatbankernas.
260 427 67 21 Afven
345 427 58 21 hvad
421 427 125 27 utlåningen
565 427 109 26 beträffar,
695 427 68 22 skulle
778 430 61 18 orten
854 433 36 15 na-

64 457 108 27 turligtvis
190 463 51 14 vara
259 458 69 19 sämre
343 456 98 27 betjenad
457 462 78 21 genom
550 456 76 21 endast
641 455 101 22 Finlands
756 456 68 21 banks
840 456 51 21 kon-

65 487 42 24 tor,
123 487 26 19 än
164 491 76 21 genom
255 484 184 27 privatbankerna.
463 484 42 21 Det
520 486 24 19 är
558 485 90 26 möjligt,
665 485 31 20 att
714 484 101 21 Finlands
833 484 57 21 bank

65 513 70 22 skulle
150 520 23 15 se
188 513 32 26 sig
234 513 8 20 i
257 512 84 22 tillfälle
356 514 31 19 att
403 513 95 21 leverera
514 513 46 20 sina
570 513 116 26 penningar
700 515 45 19 mot
761 519 26 14 en
799 513 7 21 i
822 513 68 27 någon

65 542 51 21 mån
130 542 99 27 billigare
244 543 67 24 ränta,
327 547 48 15 men
392 541 37 26 jag
447 542 46 20 tror
516 542 32 20 att
567 547 26 15 en
612 541 67 21 sådan
695 541 52 22 liten
762 543 34 19 ort
810 541 8 21 i
833 541 59 21 detta

66 570 102 22 afseende
183 570 32 21 får
229 569 58 22 finna
302 570 31 25 sig
348 570 13 25 i,
377 571 33 19 att
425 569 62 21 äfven
507 570 144 27 penningarna
667 570 37 21 der
720 569 62 22 ställa
797 570 33 26 sig
844 569 48 22 litet

65 599 85 27 dyrare,
166 601 27 18 än
208 599 28 26 på
254 604 26 15 en
299 599 38 25 ort,
358 598 37 21 der
413 598 96 21 rörelsen
528 598 42 21 kan
589 597 108 22 bedrifvas
715 598 7 21 i
741 600 68 19 större
825 597 66 22 skala.

67 627 44 22 Det
126 629 24 19 är
165 627 47 21 icke
228 627 142 25 onaturligare
385 627 32 20 att
432 627 146 25 penningarna
593 629 37 18 äro
650 627 75 27 dyrare
743 627 7 21 i
765 627 85 27 Kajana
865 628 27 19 än

66 656 7 20 i
89 655 140 27 Helsingfors,
246 657 26 19 än
287 656 32 20 att
334 656 15 19 t.
366 660 31 15 ex.
413 654 57 21 kaffe
485 654 53 22 eller
554 655 75 21 socker
645 656 24 19 är
683 655 49 21 litet
747 655 75 27 dyrare
832 655 7 20 i
849 654 43 21 Ka-

63 684 54 26 jana
128 686 27 19 än
167 684 6 20 i
185 683 140 27 Helsingfors.
346 682 77 22 Derför
435 683 38 21 ber
483 683 37 27 jag
532 686 31 18 att
574 683 33 21 för
617 684 44 20 min
673 683 34 21 del
719 683 22 21 få
754 683 85 21 ansluta
849 683 43 27 mig

67 712 35 21 till
116 712 36 21 det
162 712 117 26 uttalande,
295 717 44 15 som
354 711 39 21 här
409 711 70 21 blifvit
493 712 71 26 gjordt
575 711 22 21 af
606 712 37 20 hrr
653 712 123 26 Borgström
786 712 40 21 och
837 711 55 21 Ene-

68 740 59 27 berg,
142 740 28 21 då
186 740 26 21 de
226 740 97 26 påyrkat,
339 741 32 19 att
385 740 96 21 ståndets
497 740 71 21 beslut
583 740 69 21 skulle
667 740 116 21 inskränka
798 740 32 26 sig
845 740 47 20 der-

68 769 42 26 till,
121 770 32 20 att
163 768 101 21 Finlands
275 768 58 21 bank
343 768 35 21 vid
388 768 133 21 inrättandet
531 768 23 21 af
563 774 40 20 nya
611 768 78 22 kontor
700 768 69 22 skulle
779 768 115 27 tillvägagå

67 798 51 20 med
132 799 46 19 stor
192 797 127 21 varsamhet.
339 796 42 22 Det
391 798 24 19 är
426 796 85 28 mycket
523 796 64 27 svårt,
601 799 32 19 att
640 797 39 21 här
686 797 63 21 tvista
761 803 34 15 om
807 796 87 21 hvilken

68 826 26 21 af
108 826 26 20 de
148 825 120 27 föreslagna
284 826 85 20 orterna
383 825 42 20 kan
441 825 90 27 erbjuda
542 825 124 27 tillräckligt
681 826 46 20 skäl
742 825 33 21 för
790 825 104 21 inrättan-

68 854 38 21 det
126 854 23 21 af
169 854 79 21 sådana
270 854 83 26 kontor,
371 860 49 15 men
436 853 37 28 jag
488 855 47 20 tror
552 854 21 21 vi
596 854 72 21 kunna
687 860 50 15 enas
759 854 79 25 derom,
862 854 32 20 att

68 882 55 22 hvar
148 883 39 20 och
210 889 25 14 en
254 888 62 15 anser
338 882 32 21 sin
390 884 33 19 ort
442 889 52 14 vara
513 882 40 21 den
573 883 64 20 rätta.
666 883 49 20 Just
729 883 60 20 detta
803 882 90 25 bevisar,

68 911 58 21 huru
145 911 57 21 svårt
221 911 35 20 det
275 913 24 18 är
316 911 33 20 för
369 911 115 20 ständerna
503 912 32 19 att
554 910 76 27 pröfva
651 911 74 27 frågan
744 911 21 20 in
780 917 57 19 casu,
854 909 39 22 och

68 941 36 20 att
118 939 70 22 lusten
204 941 31 19 att
249 939 22 21 få
285 939 136 21 bankkontor
437 941 24 18 är
475 945 42 21 nog
533 939 24 20 så
572 941 50 24 stor,
641 941 32 19 att
691 939 36 21 det
745 941 24 19 är
787 939 39 21 allt
840 938 54 26 skäl,

68 970 40 24 att,
124 974 35 15 om
174 969 32 20 ett
220 967 109 22 uttalande
345 967 47 21 från
411 967 126 21 ständernas
555 968 47 21 sida
621 973 49 22 eger
688 974 52 20 rum,
759 967 61 21 detta
838 968 56 20 utta-

69 996 65 21 lande
148 996 36 21 må
198 1002 63 15 mana
275 996 34 21 till
323 995 143 27 försigtighet.

140 1025 32 20 Hr
196 1024 128 21 Renlund:
347 1024 50 21 Med
417 1024 114 27 anledning
552 1024 23 21 af
593 1024 173 21 bankutskottets
784 1023 110 22 uttalande

69 1053 29 26 på
114 1053 61 21 sidan
190 1053 13 21 6
218 1053 7 20 i
240 1053 68 20 andra
322 1053 83 27 stycket
421 1053 39 20 och
475 1053 61 20 sidan
552 1053 19 25 7,
588 1053 45 20 deri
648 1053 162 21 bankutskottet
820 1057 38 21 ger
868 1057 26 15 en

69 1081 157 27 fingervisning,
237 1081 56 21 huru
304 1081 162 26 bankstyrelsen
477 1081 40 21 bör
531 1081 81 21 förfara
627 1081 35 21 vid
677 1081 130 21 inrättandet
819 1079 23 22 af
853 1086 42 20 nya

69 1109 86 27 kontor,
171 1109 39 21 ber
220 1109 34 27 jag
268 1108 34 22 för
317 1109 43 21 min
379 1109 34 21 del
429 1108 21 22 få
465 1109 120 25 framhålla,
605 1110 36 20 det
653 1109 38 27 jag
706 1115 61 15 anser
782 1110 32 20 att
830 1108 66 21 bank-

70 1138 106 27 styrelsen
190 1137 39 21 bör
244 1137 64 21 hafva
323 1138 26 20 de
363 1138 166 20 vidsträcktaste
548 1137 124 21 fullmakter
691 1138 7 20 i
716 1138 58 20 detta
789 1136 106 22 afseende.

73 1166 40 21 Om
128 1165 102 27 nemligen
246 1166 113 21 ständerna
375 1166 83 26 engång
476 1166 114 26 godkänna
605 1166 41 21 den
662 1166 81 26 princip
758 1172 51 14 vara
824 1165 72 26 riktig,

71 1196 33 20 att
124 1194 85 22 banken
223 1194 40 21 bör
281 1194 80 21 inrätta
379 1194 138 22 bankkontor
532 1195 5 20 i
557 1194 214 26 landsortsstäderna,
792 1194 24 21 så
835 1199 61 16 anser

67 1223 39 27 jag
130 1224 31 20 att
183 1223 102 21 Finlands
307 1222 57 22 bank
386 1222 7 21 i
415 1222 51 22 mån
489 1222 23 22 af
529 1222 172 27 kapitaltillgång
720 1223 39 21 bör
777 1222 22 22 få
817 1223 80 20 inrätta

70 1251 78 22 kontor
163 1252 7 20 i
186 1252 42 20 alla
243 1251 72 21 städer
329 1251 7 21 i
351 1251 79 21 landet.
454 1251 32 21 De
501 1251 120 26 affärsmän,
637 1257 46 15 som
701 1251 63 21 hafva
778 1250 118 22 vidsträck-

71 1282 49 19 tare
136 1279 76 22 affärer
227 1280 28 26 på
269 1279 155 26 landsorterna,
440 1279 73 21 kunna
528 1280 47 20 icke
590 1280 67 20 under
672 1280 131 21 närvarande
818 1278 79 22 förhål-

70 1308 78 22 landen
164 1314 65 20 gerna
244 1308 66 20 anlita
324 1308 103 20 Finlands
445 1308 58 20 bank
521 1308 37 20 vid
576 1308 125 27 försäljning
719 1308 22 21 af
757 1308 47 21 sina
818 1307 79 26 vexlar,

70 1336 30 22 då
115 1336 101 22 Finlands
232 1336 57 21 bank
304 1336 47 21 icke
366 1336 39 21 har
421 1336 78 22 kontor
514 1336 6 21 i
536 1336 42 21 alla
588 1336 78 27 städer,
682 1336 40 22 och
736 1336 27 27 på
782 1341 74 17 senare
871 1335 26 21 ti-

70 1365 40 21 der
125 1364 64 22 hafva
204 1364 155 22 affärsmännen
375 1364 70 21 funnit
464 1364 32 22 sin
511 1364 70 22 fördel
599 1365 7 21 i
621 1366 33 20 att
669 1365 74 21 arbeta
758 1364 76 22 endast
849 1363 48 22 med

70 1400 29 14 en
115 1393 63 26 bank,
194 1393 83 21 hvilket
291 1392 110 22 bankerna
416 1392 62 22 äfven
494 1394 71 20 ansett
575 1400 51 14 vara
636 1393 100 27 förenligt
745 1393 48 21 med
809 1392 32 21 sin
856 1391 42 21 för-

70 1422 44 21 del.
136 1422 42 26 Jag
192 1422 55 20 hade
262 1421 75 27 begärt
351 1421 69 26 ordet,
436 1421 33 21 för
479 1423 33 19 att
526 1422 130 21 understöda
665 1422 26 21 hr
706 1422 53 20 Lille
774 1422 7 20 i
796 1421 54 21 hans
864 1421 34 20 ut-

69 1450 90 21 talande
182 1450 109 26 angående
313 1449 187 27 Gamla-Karleby.
534 1450 43 21 För
595 1450 43 21 min
661 1450 35 21 del
719 1456 61 15 anser
800 1449 44 27 jag,
868 1450 31 20 att

70 1478 183 27 Gamla-Karleby
275 1478 48 20 stad
345 1477 71 21 såsom
439 1478 100 21 affärsort
561 1478 82 26 intager
663 1484 25 16 en
711 1478 23 21 så
756 1477 144 22 framstående

70 1506 66 26 plats,
152 1508 32 19 att
202 1506 41 21 den
262 1506 7 20 i
284 1505 68 22 första
367 1508 93 18 rummet
475 1506 40 21 bör
530 1506 85 21 komma
630 1507 7 20 i
652 1506 61 28 fråga
727 1507 36 20 vid
778 1505 121 22 inrättande

70 1534 26 21 af
111 1534 101 21 Finlands
228 1534 68 21 banks
311 1534 85 26 kontor,
416 1534 40 21 och
475 1534 93 21 derefter
587 1535 137 21 Tavastehus.
754 1535 43 20 Det
816 1536 24 19 är
856 1533 43 22 min

69 1562 145 27 uppfattning,
231 1564 33 19 att
279 1562 181 27 Gamla-Karleby
479 1563 70 20 såsom
566 1563 122 21 handelsort
702 1563 47 21 vida
765 1561 134 23 öfverträffar

808 1601 24 18 54
