1081 1739
214 131 33 18 820
483 131 94 22 Borgarest.
589 131 46 19 1888.
661 131 10 19 2
683 132 39 22 Maj.

260 199 175 22 bankutskottets
456 200 136 21 betänkande
615 207 34 15 n:o
672 201 13 21 2
708 201 6 20 i
736 200 114 27 anledning
869 200 24 21 af
910 200 108 22 verkstäld

190 227 131 28 granskning
344 228 23 21 af
387 229 102 21 Finlands
512 229 67 21 banks
598 229 89 27 styrelse
705 229 40 21 och
764 229 97 21 tillstånd
880 230 67 21 under
966 229 51 22 åren

194 256 151 27 1885—1887;

260 267 217 40 ekonomiutskottets
498 285 80 27 förslag
599 286 32 21 till
651 285 204 28 sammanjemkning
875 285 24 22 af
916 286 100 21 ståndens

190 313 125 27 skiljaktiga
329 314 70 21 beslut
415 314 35 21 vid
465 314 157 26 behandlingen
638 313 23 22 af
675 314 117 21 utskottets
808 314 134 21 betänkande
958 321 34 14 n:o
1003 315 13 21 9

190 341 8 21 i
218 342 113 26 anledning
350 342 22 22 af
388 342 79 28 nådiga
485 343 161 26 propositionen
665 349 35 15 n:o
720 343 33 26 32,
773 343 110 26 angående
902 343 66 27 skydd
984 343 32 21 för

190 371 152 24 varumärken;
357 373 55 19 samt

261 399 106 21 allmänna
382 399 203 22 besvärsutskottets
601 399 135 21 betänkande
750 405 34 15 n:o
798 400 25 21 24
833 406 34 15 om
878 399 70 22 finska
958 399 58 28 språ-

191 427 49 21 kets
255 427 136 27 användning
405 428 36 21 vid
456 427 101 22 Mustiala
571 427 220 22 landtbruksinstitut.

261 541 58 21 Ifrån
334 542 107 21 allmänna
456 542 194 21 besvärsutskottet
664 542 55 21 hade
734 542 116 21 ankommit
860 548 26 15 en
898 542 116 26 skrifvelse,

192 570 46 21 deri
260 570 105 22 utskottet
386 571 113 26 meddelat,
522 572 31 20 att
574 577 27 15 ur
623 571 27 20 de
672 570 47 22 från
740 570 90 22 stånden
848 570 107 22 utskottet
972 570 43 21 till-

189 598 152 22 handakomna
355 599 230 27 protokollsutdragen,
597 599 90 21 rörande
698 599 157 26 behandlingen
866 598 24 22 af
899 598 116 22 utskottets

192 627 297 27 sammanjemkningsförslag
503 628 7 20 i
526 627 75 27 frågan
617 634 35 14 om
667 628 119 20 utskottets
801 628 137 20 betänkande
948 633 34 15 n:o
994 627 20 26 6,

190 656 111 26 angående
320 656 137 27 belysningen
472 656 23 21 af
508 656 96 27 inloppet
619 656 31 21 till
666 656 133 21 Mariehamn
814 656 40 21 och
869 655 145 27 hamnumgäl-

190 684 67 20 derna
273 684 115 26 derstädes,
404 684 107 27 framgått,
523 686 32 19 att
565 684 100 26 samtliga
675 684 62 21 stånd
747 684 96 27 godkänt
853 684 161 28 ifrågavarande

190 712 301 28 sammanjemkningsförslag,
505 713 85 21 hvadan
606 713 90 21 sålunda
712 713 177 26 ständerpetition
905 713 6 21 i
927 712 87 22 ärendet

189 740 130 22 tillkommit.
353 741 102 21 Deremot
474 741 54 21 hade
547 742 35 20 vid
600 741 157 27 behandlingen
773 741 23 21 af
809 741 116 21 utskottets
940 741 74 21 betän-

190 768 71 22 kande
276 776 35 14 n:o
327 770 19 25 7,
363 770 108 26 angående
486 770 116 21 understöd
613 770 23 21 åt
646 770 110 20 inhemska
766 769 156 27 skriftställare,
934 769 80 21 ridder-

190 797 77 27 skapet
293 798 39 20 och
358 798 62 21 adeln
443 798 99 21 omfattat
565 800 31 19 ett
621 798 35 21 vid
679 798 149 21 diskussionen
850 798 57 21 inom
930 798 84 21 ståndet

189 825 122 22 framstäldt
329 826 59 21 såväl
406 826 47 21 från
471 827 177 26 petitionärernes
668 832 44 16 som
732 826 118 22 utskottets
868 826 78 27 förslag
962 826 51 21 afvi-

188 854 72 21 kande
275 854 118 27 uttalande,
408 855 157 26 presteståndet
581 855 40 21 och
636 854 176 27 borgareståndet
825 854 95 27 godkänt
930 855 82 21 utskot-

189 883 42 20 tets
250 882 87 27 förslag,
355 885 56 19 samt
429 883 157 21 bondeståndet
603 883 85 21 förenat
707 884 31 26 sig
758 890 34 14 om
810 883 42 21 den
867 883 145 21 betänkandet

188 910 114 28 vidfogade
320 912 165 26 reservationen,
504 912 33 20 till
555 912 53 26 följd
626 911 81 27 hvaraf,
728 912 38 21 och
786 911 28 21 då
830 912 78 26 jemväl
924 918 26 14 en
965 911 46 21 från

188 938 156 22 bondeståndet
359 940 33 20 till
407 940 26 20 de
449 940 68 26 öfriga
531 940 90 21 stånden
632 939 78 22 aflåten
721 940 125 27 inbjudning
856 942 32 19 att
898 940 114 26 godkänna

188 968 133 21 sistnämnda
335 968 71 21 beslut
421 968 46 21 icke
482 969 44 21 ledt
541 969 32 21 till
589 968 93 27 åsyftadt
696 968 96 26 resultat,
809 968 203 27 petitionsförslaget

188 996 91 21 sålunda
295 996 95 22 förfallit.

256 1082 89 21 Plenum
360 1082 74 21 afslöts
449 1082 29 22 kl.
494 1082 13 22 9
522 1088 17 16 e.
555 1088 28 15 m.

775 1121 22 17 In
809 1120 64 19 fidem:

711 1155 97 21 Mauritz
822 1155 119 27 Hornborg.

402 1304 105 28 Onsdagen
524 1304 38 23 den
578 1304 12 22 2
607 1304 39 28 maj
663 1304 26 23 kl.
704 1304 16 22 11
737 1304 14 22 f.
770 1308 25 18 m.

254 1362 42 20 Vid
317 1362 94 21 anstäldt
425 1368 82 21 upprop
524 1361 106 22 befunnos
646 1361 96 22 ständets
758 1361 100 27 samtliga
872 1360 138 22 medlemmar

184 1390 140 21 närvarande.

253 1475 34 21 En
309 1475 24 21 af
348 1475 26 21 hr
389 1475 112 21 Hedman
517 1475 112 21 framstäld
645 1475 106 27 anhällan,
767 1476 33 20 att
814 1475 32 21 för
862 1474 97 22 enskilda
974 1480 37 16 an-

182 1502 153 28 gelägenheter
349 1503 22 21 fä
385 1510 51 15 vara
451 1503 140 22 fränvarande
606 1504 48 21 frän
668 1505 62 20 nästa
745 1504 91 26 plenum,
852 1503 78 21 bifölls.
