1084 1739
224 126 38 32 800
484 130 93 22 Borgarest.
589 130 48 19 1888.
661 130 21 19 28
693 130 52 23 April.

202 199 32 21 för
258 199 135 21 statsverket.
430 198 57 22 Ifrån
510 198 99 22 utlandet
631 199 40 21 har
690 199 37 27 jag
745 198 48 21 icke
811 198 67 21 heller
897 198 48 21 hört
964 197 65 27 något

202 227 113 27 klagomål,
338 234 44 14 som
401 227 68 22 skulle
487 227 95 27 häntyda
600 227 29 27 pä
647 227 165 27 olämpligheten
830 226 23 22 af
871 228 32 20 att
920 226 48 21 med
987 232 41 21 nya

202 256 80 20 ersätta
292 256 112 21 förkomna
414 256 147 26 obligationer,
573 256 68 21 ehuru
649 256 38 27 jag
699 256 5 20 i
713 255 50 22 flere
771 255 24 21 är
803 255 48 27 följt
858 256 48 20 med
913 254 116 22 utländska

202 284 171 28 börstidningars
388 290 106 16 annonser
509 290 34 15 om
559 284 113 21 förkomna
688 284 153 26 obligationers
856 284 103 20 dödande.
987 284 42 26 Jag

202 312 40 22 har
264 312 69 27 aldrig
355 314 42 20 sett
416 315 31 19 att
466 312 133 27 utgifvandet
618 312 23 22 af
657 319 42 21 nya
718 312 142 28 obligationer
879 312 68 22 skulle
965 311 64 21 hafva

203 341 107 21 föranledt
324 341 33 21 till
373 341 65 27 något
452 341 76 21 trassel
545 341 52 21 eller
607 341 66 26 några
683 341 150 21 ledsamheter.
857 341 42 26 Jag
909 341 38 21 ber
957 340 72 21 derför

204 371 32 19 att
250 370 7 20 i
274 370 70 20 denna
359 370 34 20 del
408 369 22 21 fä
444 370 7 20 i
467 369 40 21 allo
523 370 132 20 understöda
670 370 151 20 betänkandet.

273 398 31 20 Hr
323 398 192 27 Schybergson:
549 398 34 21 Dä
601 398 75 27 frägan
695 398 7 21 i
722 397 75 28 sjelfva
811 398 75 21 verket
901 398 59 27 längt
975 398 54 20 ifrän

204 428 23 19 är
246 427 51 20 utan
316 427 32 20 sin
367 426 114 28 betydelse,
500 429 34 18 tar
546 426 37 27 jag
598 427 44 25 mig
657 426 91 22 friheten
763 428 32 19 att
811 428 56 19 ännu
883 426 81 26 engäng
979 428 51 25 taga

204 454 32 21 till
256 455 60 21 ordet
334 455 8 21 i
362 455 126 21 densamma.
519 455 33 21 Dä
567 461 50 15 man
632 455 87 25 känner,
735 455 54 21 huru
804 454 49 27 föga
869 455 161 25 obligationsin-

204 483 136 26 nehafvarne,
360 483 117 21 ätmintone
495 484 7 20 i
522 484 60 20 detta
600 483 57 25 land,
677 486 36 18 äro
729 489 56 15 vana
800 485 31 19 att
846 483 53 27 följa
913 484 48 20 med
976 483 55 21 kun-

204 512 94 27 görelser
317 518 37 14 ens
373 518 33 15 om
426 512 25 20 de
470 512 80 26 ärligen
565 512 175 21 äterkommande
756 512 165 27 utlottningarne
938 524 24 2 —
979 518 50 14 man

204 540 33 20 fär
254 540 23 27 ju
297 540 6 20 i
322 540 60 21 detta
401 540 99 21 afseende
518 540 95 28 ständigt
632 540 39 21 och
688 541 54 26 jemt
757 540 95 21 bevittna
868 542 32 19 att
915 540 25 21 de
955 540 74 27 klippa

204 569 47 21 sina
266 568 112 27 kuponger
392 569 7 21 i
414 568 67 22 åratal
496 570 53 20 etter
566 569 36 21 det
617 569 145 26 obligationen
777 569 66 21 redan
855 569 102 21 utlottats
967 580 28 3 —
1005 569 24 20 sä

204 597 74 27 tycker
294 598 38 26 jag
350 599 32 19 att
401 604 47 14 man
467 597 38 21 bör
523 597 27 27 gä
568 597 88 27 tillväga
673 598 49 20 med
742 604 26 14 en
787 597 42 21 viss
844 597 141 27 försigtighet,
1001 597 27 21 dä

205 626 36 20 det
256 625 66 27 gäller
337 627 32 19 att
384 626 26 26 pä
425 626 68 26 grund
508 626 7 20 i
530 625 91 22 främsta
635 629 92 18 rummet
743 626 22 20 af
779 632 26 14 en
821 626 65 21 sädan
902 625 127 27 kungörelse

204 654 99 26 fräntaga
318 660 101 20 personer
434 654 62 21 deras
511 654 126 26 eganderätt
653 654 32 21 till
701 654 176 27 obligationerna.
901 654 74 21 Säsom
987 653 41 22 den

205 684 85 20 senaste
312 682 83 22 talaren
414 683 116 25 anmärkte,
551 689 34 15 om
602 682 37 27 jag
657 683 107 27 nemligen
782 683 82 21 fattade
883 682 76 22 honom
979 684 50 24 rätt,

205 711 55 21 hade
272 711 6 20 i
290 711 26 21 de
327 711 23 21 af
357 711 78 21 honom
446 712 128 20 omnämnda
585 711 64 21 fallen
661 711 140 27 utredningen
811 712 47 20 icke
869 712 56 20 varit
935 711 94 26 säkrare,

206 741 27 19 än
252 740 32 20 att
302 739 43 21 han
364 746 33 14 om
416 740 48 20 dem
482 740 95 20 använde
596 740 108 27 uttrycket
724 740 92 27 ,ganska
834 740 121 27 pätagligt*.
988 740 41 27 Jag

205 768 37 21 vill
260 768 88 21 härmed
367 768 114 26 ingalunda
496 771 57 24 säga,
573 770 32 19 att
624 769 115 20 ständerna
754 768 52 21 böra
821 769 142 27 uttryckligen
977 769 53 27 yrka

205 795 28 28 pä
252 802 26 15 en
298 797 140 26 bestämning,
457 797 99 20 liknande
575 797 41 20 den
635 797 91 21 rörande
746 797 284 26 donationsobligationerna

205 825 127 23 falststälda,
352 831 46 15 men
416 825 37 27 jag
472 831 61 15 anser
548 825 75 26 frägan
639 825 63 21 hafva
717 825 24 22 sä
756 825 76 26 mänga
847 825 59 22 sidor
921 825 38 21 och
975 825 55 22 dock

205 859 52 15 vara
276 853 23 21 sä
317 853 67 26 oklar,
400 855 31 19 att
446 853 114 22 ständerna
575 854 122 27 lämpligast
711 854 72 21 kunde
799 853 44 22 läta
857 854 52 21 bero
924 854 34 21 vid
974 854 57 21 hvad

206 881 78 21 allmän
300 882 35 26 lag
350 881 73 22 härom
438 882 42 21 kan
496 882 132 23 föreskrifva,
645 883 90 20 oaktadt
750 882 36 21 det
801 882 70 21 säsom
881 882 68 21 kändt
958 884 73 25 egent-

206 910 56 27 ligen
282 912 24 19 är
321 910 46 27 just
385 911 109 26 ingenting
509 911 46 20 alls.
586 911 73 27 Enligt
673 911 44 21 min
733 911 55 26 äsigt
803 913 24 18 är
843 911 36 21 det
893 911 47 20 icke
955 911 28 26 pä
997 911 34 20 sin

205 938 57 26 plats
278 939 31 20 att
325 939 6 20 i
347 938 201 28 obligationstexten
564 939 103 27 stipulera
678 941 31 19 ett
720 939 272 27 annulleringsförfarande,
1003 939 29 21 dä

206 966 19 21 vi
241 967 47 20 icke
303 967 65 21 hafva
384 973 24 15 en
426 967 76 27 speciel
517 967 34 26 lag
567 973 33 15 om
617 968 54 20 huru
687 968 35 21 vid
737 968 130 26 amortering
882 968 39 21 och
933 967 98 21 dödande

206 994 23 21 af
246 1001 88 20 papper,
353 995 69 21 stälda
440 996 27 26 pä
484 996 158 26 innehafvaren,
662 996 55 21 skall
736 996 133 26 tillvägagäs.
902 996 37 21 Ett
955 996 76 21 sädant

206 1024 49 25 sätt,
271 1025 33 19 att
318 1024 7 20 i
340 1024 116 21 motiverna
472 1024 32 21 till
518 1024 128 21 ständernas
661 1024 172 21 svarsskrifvelse
849 1024 43 21 läta
907 1030 26 15 en
944 1025 87 20 alldeles

206 1057 27 21 ny
252 1052 82 27 princip
353 1052 7 20 i
380 1053 60 20 detta
459 1053 98 20 afseende
576 1053 86 21 komma
680 1053 31 20 till
727 1053 93 27 uttryck,
840 1059 26 15 en
881 1053 88 26 princip,
986 1059 45 14 som

206 1080 128 21 åtminstone
350 1081 47 20 icke
412 1080 66 22 finnes
492 1081 59 21 förut
566 1081 7 20 i
584 1081 35 26 lag
629 1081 105 26 faststäld,
746 1087 62 21 synes
818 1081 43 27 mig
871 1081 46 22 icke
928 1081 103 26 lämpligt.

205 1108 42 27 Jag
258 1109 69 20 skulle
337 1109 66 20 hellre
413 1109 63 21 hafva
483 1112 48 23 sett,
540 1115 34 15 om
582 1110 162 21 statsutskottet
752 1109 54 22 hade
813 1109 118 22 framhållit
939 1109 92 26 önsklig-

206 1136 64 21 heten
286 1137 22 20 af
318 1139 33 19 att
360 1138 124 26 regeringen
495 1138 85 28 vidtoge
592 1138 75 27 åtgärd
679 1144 33 15 om
725 1139 32 20 att
769 1138 8 21 i
788 1138 48 26 laga
847 1138 89 26 ordning
947 1137 86 22 författ-

207 1165 50 27 ning
273 1165 124 22 utfärdades
408 1167 89 20 rörande
508 1167 107 20 dödandet
627 1167 22 20 af
658 1173 87 20 papper,
758 1166 69 21 stälda
837 1166 27 27 på
875 1166 157 21 innehafvaren.

277 1193 31 21 Hr
326 1194 104 27 Elving:
463 1195 41 26 Jag
522 1197 45 18 tror
585 1197 33 18 att
636 1195 25 20 hr
681 1195 148 27 Schybergson
848 1195 51 26 slog,
919 1201 45 14 som
982 1201 50 14 man

207 1223 69 24 säger,
296 1222 104 21 hufvudet
418 1223 28 26 på
464 1223 81 26 spiken,
565 1223 28 21 då
611 1223 42 21 han
673 1223 52 21 sade
745 1225 32 19 att
792 1223 7 20 i
814 1223 37 21 vår
867 1223 35 26 lag
917 1223 47 21 icke
979 1223 54 20 före-

206 1249 96 22 kommer
320 1250 70 27 någon
409 1251 132 27 bestämning
561 1252 107 27 angående
687 1251 110 21 dödandet
815 1251 22 21 af
851 1251 80 21 sådana
946 1257 86 21 papper.

206 1277 69 22 Deraf
290 1279 76 26 drager
378 1279 37 28 jag
431 1280 41 21 den
486 1280 121 26 slutsatsen,
624 1282 31 19 att
670 1286 49 15 man
735 1286 52 15 vore
801 1280 37 21 illa
853 1279 76 25 lottad,
941 1286 33 14 om
984 1285 50 15 man

207 1306 50 27 såge
273 1307 32 26 sig
320 1309 93 26 tvungen
424 1310 32 19 att
466 1308 57 21 hålla
534 1309 32 26 sig
577 1309 76 20 endast
664 1309 32 20 till
706 1308 57 21 hvad
773 1309 62 25 lagen
847 1309 6 20 i
865 1309 59 20 detta
935 1307 99 22 afseende

206 1335 94 27 stadgar.
330 1336 50 21 Just
394 1337 70 20 derför
479 1337 61 21 torde
556 1338 31 19 ett
603 1337 76 21 sådant
693 1337 125 26 stadgande,
829 1343 47 14 som
887 1337 65 24 detta,
963 1337 7 20 i
982 1336 52 21 obli-

206 1363 159 26 gationstexten
387 1371 51 15 vara
457 1365 106 26 behöfligt.
597 1365 42 27 Jag
657 1365 43 21 kan
718 1365 48 21 icke
785 1365 68 21 förstå
871 1365 87 20 hvilken
977 1366 58 19 orätt

207 1391 37 21 det
263 1392 67 28 ligger
350 1392 51 27 deri,
420 1396 32 19 att
470 1400 25 14 en
514 1393 83 21 enskild
616 1400 78 20 person
709 1394 52 21 eller
777 1393 65 22 också
857 1394 77 24 staten,
950 1392 27 21 då
993 1393 40 20 den

207 1420 98 22 utfärdar
324 1428 24 14 en
366 1422 121 27 obligation,
503 1422 70 27 säger:
587 1422 37 28 jag
634 1422 99 21 utfärdar
743 1422 41 21 den
794 1428 29 14 nu
833 1422 33 20 till
876 1421 158 27 innehafvaren,

206 1455 49 14 men
274 1450 42 20 kan
336 1456 27 14 en
381 1456 82 20 person,
482 1456 44 16 som
545 1451 56 21 varit
620 1450 138 22 innehafvare
777 1450 23 21 af
814 1450 129 26 densamma,
959 1450 76 20 utreda

207 1478 33 19 att
254 1478 41 20 den
311 1478 70 21 blifvit
395 1478 99 27 förstörd,
510 1479 23 21 så
549 1479 95 21 utfärdar
657 1479 37 27 jag
709 1486 26 14 en
752 1485 69 15 annan
837 1478 124 26 obligation.
992 1478 42 21 Det

207 1506 24 20 är
249 1506 125 26 visserligen
392 1508 88 26 möjligt,
499 1509 32 19 att
547 1509 31 19 ett
593 1507 112 27 bedrägeri
721 1507 90 21 sålunda
826 1507 71 21 kunde
913 1506 121 28 befrämjas,

207 1540 48 15 men
274 1534 26 21 hr
318 1534 96 22 Fellman
433 1536 38 20 har
489 1536 65 21 redan
574 1537 53 25 sagt,
647 1538 32 19 att
697 1542 50 15 man
766 1535 61 21 alltid
846 1535 35 21 vid
896 1535 101 27 pröfning
1012 1535 22 21 af
