1081 1734
354 139 93 23 Borgarest.
459 139 44 19 1888.
528 139 21 19 28
561 139 52 23 April.
841 138 34 18 807

72 208 33 22 för
120 208 62 21 dessa
197 214 29 15 nu
240 208 125 26 ifrågasatta
379 208 261 26 barnbördsafdelningar,
657 214 62 20 synes
735 208 40 20 den
791 208 43 26 mig
845 208 54 21 kan-

72 236 38 22 ske
124 236 66 26 något
204 236 34 22 för
252 236 47 27 hög,
316 236 88 21 emedan
417 236 36 27 jag
467 238 52 24 tror,
536 238 32 19 att
583 236 37 21 det
635 236 82 21 kanske
731 237 23 19 är
763 236 34 20 för
807 236 90 27 mycket,

73 266 32 20 att
127 266 75 25 genast
223 264 47 22 från
293 265 74 27 början
389 264 119 22 bestämma
527 265 81 21 antalet
624 264 129 27 sjukplatser
768 264 33 21 till
817 265 18 21 6.
865 264 34 21 En

74 293 66 21 sådan
161 293 228 27 sjukvårdsafdelning,
411 299 46 15 som
478 299 30 15 nu
531 293 44 21 står
597 293 8 21 i
626 292 67 27 fråga,
709 292 38 21 har
763 292 64 22 sedan
844 292 55 22 1878

74 321 128 21 förefunnits
217 322 36 20 vid
268 322 107 20 allmänna
390 321 111 27 sjukhuset
516 322 6 20 i
538 321 139 27 Björneborg,
694 321 39 21 och
749 321 39 21 har
800 321 37 27 jag
845 321 54 21 deri-

73 350 47 21 från
143 350 68 26 någon
234 350 121 20 erfarenhet
376 356 34 14 om
432 350 129 21 hithörande
579 349 148 21 förhållanden
743 350 38 20 allt
795 349 66 21 sedan
876 349 24 21 år

76 378 62 27 1880,
156 378 56 21 ifrån
227 378 86 21 hvilken
328 378 31 21 tid
372 378 37 26 jag
425 378 104 21 handhaft
544 378 155 21 läkarevården
714 378 34 20 vid
765 378 66 26 sagda
845 378 55 20 lasa-

75 408 49 20 rett.
145 406 44 21 Der
204 407 39 20 har
257 406 168 27 sjukplatsernas
441 407 58 21 antal
514 407 55 21 varit
584 407 20 25 4,
621 406 39 21 och
675 406 49 21 med
739 406 48 21 dem
802 406 39 21 har
851 412 50 15 man

74 435 90 21 kommit
178 435 33 21 till
226 436 63 25 rätta,
304 434 86 22 hvarför
405 435 82 21 således
502 434 47 28 fyra
559 435 127 27 sjuksängar
703 434 118 22 tillsvidare
839 434 62 22 äfven

74 463 36 21 vid
134 463 66 21 andra
222 463 88 27 sjukhus
333 463 66 21 borde
420 463 72 27 förslä,
517 463 67 21 eburu
600 463 37 21 det
651 462 114 22 framdeles
780 463 121 27 antagligen

74 492 42 20 blir
138 492 136 26 nödvändigt,
298 493 33 19 att
353 492 42 20 öka
417 492 114 21 desamma.
561 492 52 21 Med
631 492 69 20 denna
714 492 45 20 lilla
773 492 129 27 upplysning

75 520 33 21 till
130 520 107 21 allmänna
259 520 205 21 besvärsutskottets
486 520 137 21 betänkande
645 520 43 20 kan
709 520 36 27 jag
760 520 32 22 för
807 521 43 20 min
866 526 36 14 en-

76 548 70 22 skilda
168 549 35 21 del
224 548 47 22 icke
287 550 66 20 annat
368 550 26 19 än
409 549 69 21 uttala
493 549 43 21 min
551 548 124 22 belåtenhet
689 549 49 21 med
753 549 36 21 det
804 548 98 26 resultat,

76 577 33 21 till
126 577 83 21 hvilket
223 577 106 21 utskottet
343 576 95 27 kommit,
455 577 33 27 då,
504 577 7 21 i
526 577 103 21 händelse
645 577 69 21 denna
728 578 90 26 petition
834 577 68 21 skulle

76 605 64 22 vinna
162 606 117 21 understöd
302 605 61 21 äfven
378 606 57 20 inom
451 605 26 21 de
492 606 68 20 andra
575 606 98 25 stånden,
689 612 26 14 en
729 606 104 26 väsentlig
847 605 56 21 brist

75 634 8 21 i
98 634 41 22 den
155 634 107 21 allmänna
278 634 127 26 sjukvården
419 633 72 22 blefve
506 634 97 27 afhjelpt.
628 634 42 26 Jag
685 634 44 26 ber,
745 635 32 20 att
791 634 22 21 få
829 633 74 22 förena

76 663 43 27 mig
135 669 34 15 om
184 662 149 22 slutklämmen
348 662 8 20 i
369 662 118 22 utskottets
502 662 144 22 betänkande.

146 691 34 21 Då
194 691 63 27 ingen
272 697 69 15 annan
356 690 90 22 medlem
463 691 22 21 af
498 690 179 28 borgareståndet
691 690 95 22 önskade
800 692 58 26 yttra
871 690 32 28 sig

76 720 7 20 i
99 719 36 21 det
150 719 145 27 föreliggande
310 719 89 21 ärendet
414 719 40 21 och
469 720 63 26 ingen
547 720 68 20 heller
630 720 90 20 motsatt
731 720 31 26 sig
772 719 132 27 antagandet

77 747 23 22 af
120 747 117 21 utskottets
255 747 143 27 betänkande,
413 747 46 21 blef
473 748 118 21 detsamma
606 748 53 21 härå
675 747 22 21 af
711 748 85 21 ståndet
811 748 92 21 omedel-

77 776 49 21 bart
143 776 116 26 godkändt.

147 862 105 27 Företogs
269 862 33 21 till
320 861 130 27 behandling
468 862 109 21 allmänna
599 862 207 21 besvärsutskottets
828 861 76 22 betän-

77 891 71 20 kande
167 897 35 14 n:o
221 891 34 26 22,
273 891 7 20 i
298 890 116 27 anledning
433 889 24 22 af
475 890 106 21 särskilda
596 891 34 20 till
645 892 88 25 preste-,
748 891 100 26 borgare-
864 891 40 21 och

78 919 160 21 bondestånden
260 918 81 27 ingifna
363 919 183 26 petitionsförslag
569 919 110 26 angående
701 919 83 27 privata
806 919 99 21 fruntim-

78 947 169 22 mersskolornas
269 947 7 21 i
317 947 35 26 Åbo,
376 947 144 21 Tammerfors
539 947 40 21 och
597 947 97 22 Joensuu
713 947 151 28 öfvertagande
883 947 24 22 af

79 976 135 21 statsverket.
244 975 80 22 Dervid
339 976 84 26 yttrade

146 1004 26 21 hr
187 1004 136 27 Bergbom:
339 1004 10 21 I
359 1003 122 22 hufvudsak
496 1004 125 27 godkänner
633 1004 38 27 jag
686 1004 106 21 allmänna
807 1004 98 21 besvärs-

78 1033 118 20 utskottets
215 1033 111 20 uttalande
345 1033 7 20 i
371 1032 100 21 afseende
489 1033 14 20 &
521 1033 41 20 den
577 1032 70 21 finska
662 1032 243 22 fruntimmersskolan
890 1028 19 35 i

98 1061 34 26 bo,
143 1067 49 15 men
203 1061 75 26 finner,
290 1063 32 19 att
337 1061 106 21 utskottet
454 1061 48 21 icke
517 1060 86 22 förfarit
614 1061 135 28 följdriktigt,
765 1061 27 21 dä
807 1061 37 20 det
858 1061 48 21 icke

78 1090 56 27 gjort
149 1090 32 20 ett
195 1089 101 22 liknande
310 1089 113 21 uttalande
437 1089 135 21 beträffande
587 1089 70 22 finska
669 1089 100 22 skolorna
780 1090 7 20 i
797 1089 109 22 Tammer-

78 1118 45 21 fors
144 1117 40 22 och
206 1118 102 21 Joensuu.
340 1117 85 22 Samma
444 1117 54 27 skäl,
517 1124 46 15 som
581 1118 45 21 tala
644 1117 34 22 för
696 1119 32 20 att
747 1120 69 19 staten
838 1118 68 21 borde

78 1146 109 27 öfvertaga
202 1145 70 22 finska
286 1145 223 22 fruntimmersskolan
523 1146 7 21 i
546 1141 54 32 Åbo,
613 1147 55 20 talar
678 1146 63 21 äfven
751 1146 34 21 för
795 1148 32 19 ett
837 1146 69 27 dylikt

78 1174 124 22 förfarande
212 1174 162 22 vidkommande
385 1175 101 20 skolorna
497 1175 4 20 i
509 1174 144 22 Tammerfors
661 1175 40 21 och
708 1175 101 21 Joensuu.
826 1175 81 21 Skolan

78 1203 7 21 i
100 1203 144 21 Tammerfors
260 1205 22 19 är
297 1203 44 21 lika
356 1203 97 26 gammal,
469 1209 47 15 som
529 1203 41 21 den
580 1203 7 21 i
597 1197 60 32 Åbo;
669 1203 40 21 den
719 1203 145 22 förstnämnda
875 1203 33 21 in-

78 1231 96 22 rättades
190 1231 24 22 år
230 1231 62 27 1883,
312 1231 40 21 den
367 1231 66 21 andra
448 1231 63 26 1882,
527 1231 41 22 den
583 1232 7 20 i
605 1231 96 22 Joensuu
717 1232 45 21 åter
778 1234 23 19 är
817 1231 23 22 af
849 1234 58 19 ännu

78 1260 60 21 äldre
151 1260 74 21 datum
237 1260 51 21 eller
299 1260 67 21 redan
377 1259 47 22 från
435 1259 24 22 år
472 1260 65 26 1865;
550 1260 43 21 alla
602 1261 33 20 tre
643 1260 102 21 skolorna
752 1260 73 21 kunna
833 1260 74 27 påvisa

79 1295 26 15 en
113 1289 95 26 betydlig
216 1288 151 27 elevfreqvens,
375 1288 42 21 den
428 1288 3 21 i
439 1287 145 22 Tammerfors
595 1288 56 21 dock
663 1288 40 21 den
711 1290 85 25 största,
805 1289 52 21 eller
866 1289 42 20 102

79 1317 69 21 elever
159 1317 13 20 å
182 1317 13 22 5
205 1317 89 21 klasser.
311 1316 104 27 Samtliga
426 1316 73 21 desssa
508 1317 71 21 städer
587 1319 37 18 äro
633 1317 134 27 synnerligen
774 1317 34 21 väl
817 1317 92 27 belägna

79 1345 70 22 såsom
165 1345 112 26 skolorter,
293 1345 40 21 och
348 1345 47 20 från
409 1345 157 22 allmänhetens
577 1345 47 21 sida
633 1345 66 21 hafva
709 1345 26 21 de
745 1345 164 27 ifrågavarande

79 1374 101 21 skolorna
188 1375 50 20 rönt
245 1375 55 20 stort
308 1373 153 26 erkännande,i
469 1373 38 22 det
514 1373 109 27 betydliga
631 1374 180 27 penningebidrag
818 1374 91 21 kommit

79 1402 48 21 dem
141 1402 33 21 till
190 1402 41 21 del.
251 1402 41 27 Jag
308 1402 69 21 skulle
392 1401 72 22 derför
478 1402 52 27 vilja
545 1401 68 27 påstå,
630 1403 32 20 att
673 1402 26 21 de
709 1403 96 26 samtliga
815 1401 52 27 fylla
878 1403 31 19 ett

78 1430 92 28 verkligt
179 1429 180 28 bildningsbehof.
374 1429 37 22 Uti
421 1430 42 21 den
473 1430 34 21 till
517 1430 118 21 utskottets
646 1430 136 22 betänkande
790 1429 78 27 fogade
875 1436 34 15 re-

79 1459 135 21 servationen
225 1458 130 26 framhålles,
366 1459 32 20 att
408 1458 37 21 det
454 1458 48 21 icke
513 1465 52 14 vore
575 1458 102 27 förenligt
687 1459 48 21 med
746 1465 25 15 en
782 1458 127 21 välbetänkt

79 1487 39 21 och
133 1493 85 15 varsam
233 1487 130 27 skolpolitik,
379 1488 33 20 att
426 1493 30 14 nu
469 1486 122 22 framställa
600 1487 90 26 petition
701 1493 35 16 om
746 1493 26 15 en
783 1487 126 26 förändring

79 1515 23 22 af
115 1515 42 21 den
166 1515 126 27 författning
304 1515 109 27 angående
424 1515 175 27 organisationen
609 1515 24 21 af
641 1516 126 21 läroverken
777 1515 33 22 för
821 1515 88 27 qvinno-

78 1544 104 26 bildning,
197 1544 87 21 hvilken
298 1543 127 27 författning
441 1543 78 22 endast
535 1543 97 27 omkring
647 1545 14 20 2
671 1543 24 22 år
709 1544 55 21 varit
778 1544 7 21 i
800 1543 110 22 verksam-
