1089 1736
354 126 92 22 Borgarest.
459 125 48 19 1888.
530 125 18 19 15
563 125 40 23 Maj.
826 126 45 17 1121

66 195 47 21 icke
127 195 7 21 i
150 201 26 15 en
192 195 49 20 hast
255 196 59 25 säga,
329 194 55 21 buru
399 196 44 19 stor
455 194 107 27 rubbning
574 195 60 20 detta
646 194 70 21 skulle
728 194 165 23 åstadkomma
881 189 16 36 i

67 224 14 21 5
99 223 45 28 &ns
161 223 123 21 nuvarande
300 222 118 27 affattning,
434 228 48 15 men
498 223 24 20 sä
538 223 84 27 mycket
636 224 25 19 är
677 223 79 25 säkert,
772 225 32 19 att
818 224 76 21 ätmin-

67 253 61 20 stone
144 251 53 21 sista
213 253 116 19 momentet
344 250 28 21 dä
384 251 79 26 jemväl
479 251 40 21 bör
534 251 98 26 undergä
646 251 132 26 förändring.

135 280 32 20 Hr
183 279 140 26 Clouberg:
339 278 220 27 Strafflagsutskottet
573 279 40 21 har
624 279 178 27 hufvudsakligen
813 280 47 26 gätt
870 283 23 18 ut

67 308 47 21 frän
130 308 40 21 den
185 307 143 27 uppfattning,
339 308 32 20 att
385 307 36 21 det
432 307 48 21 icke
491 307 69 21 finnes
572 307 70 27 nägon
654 307 116 27 anledning
778 309 32 19 att
820 308 74 26 tvinga

67 343 26 15 en
113 342 84 22 person,
217 342 45 14 som
282 336 39 20 har
339 335 105 27 päbördat
463 342 25 14 en
508 342 70 15 annan
594 337 32 19 ett
640 336 60 20 brott
714 336 39 20 och
769 336 36 20 vill
820 336 74 21 bevisa

67 365 37 21 det
123 364 76 22 endast
217 364 33 20 för
265 366 32 19 att
312 363 51 27 sjelf
376 364 72 26 undgä
462 370 84 20 ansvar,
562 366 33 19 att
610 364 73 21 derför
698 363 58 22 ätala
772 364 40 21 den
827 364 66 21 andre

67 393 40 21 och
126 393 76 26 bringa
220 392 77 21 honom
315 392 32 21 till
364 398 84 16 ansvar.
477 392 49 27 Nog
540 392 43 22 kan
599 398 48 15 man
664 392 79 21 omtala
758 394 32 20 ett
804 392 89 26 faktum,

68 423 31 19 ett
116 421 65 26 brott,
195 421 23 27 ja
237 426 48 15 man
305 420 40 21 kan
365 420 65 22 ocksä
449 421 66 26 ogilla
531 421 41 26 det,
588 423 52 19 utan
656 422 32 20 att
704 420 71 22 derför
790 420 58 27 vilja,
863 422 32 20 att

68 450 39 21 den
127 450 66 21 andre
209 449 56 21 skall
280 449 113 21 befordras
408 449 33 21 till
457 455 78 15 ansvar
550 449 80 21 derför.
661 449 43 21 Det
719 449 67 21 finnes
802 449 44 21 helt
862 451 33 19 sä-

68 479 48 20 kert
130 478 47 21 icke
193 478 65 26 nägot
273 477 47 21 skäl
336 479 32 19 att
383 478 72 26 tvinga
471 478 69 26 nägon
557 478 85 20 enskild
658 479 32 19 att
706 477 100 22 befordra
821 484 25 14 en
858 484 36 14 an-

67 513 41 15 nan
123 506 34 22 till
173 512 83 20 ansvar,
273 506 102 26 antingen
390 506 40 21 han
446 508 40 24 gör
498 506 37 21 det
547 512 45 15 som
605 506 137 26 mälsegande
754 506 52 21 eller
818 512 75 20 genom

69 537 32 19 att
119 534 87 28 angifva
221 534 77 22 honom
313 534 39 21 hos
368 534 109 27 äklagare,
494 534 28 21 dä
536 534 42 21 han
594 534 77 22 endast
686 534 37 21 vill
738 535 52 25 visa,
806 536 32 19 att
852 534 42 21 han

67 564 47 21 icke
133 563 120 26 lättsinnigt
273 562 39 21 och
328 563 145 26 sanningslöst
488 563 39 20 har
542 563 58 26 gjort
615 569 25 14 en
658 562 140 27 beskyllning.
829 562 65 21 Detta

67 592 116 21 utskottets
207 591 182 26 ändringsförslag
410 593 25 18 är
457 591 85 21 således
565 591 117 26 ingalunda
704 591 33 20 till
758 591 83 21 förmån
860 591 34 21 för

67 620 165 25 ärekränkaren,
255 621 52 19 utan
330 621 98 20 tvärtom.
457 619 44 22 Det
522 621 24 19 är
564 619 127 26 visserligen
710 619 8 21 i
736 619 24 21 sä
778 619 65 21 måtto
861 619 32 21 till

68 649 83 20 förmän
171 648 34 21 för
223 647 165 26 ärekränkaren,
408 649 32 20 att
458 648 38 21 det
514 647 34 22 för
565 647 77 22 honom
658 648 6 20 i
681 647 26 21 de
722 647 61 22 flesta
798 648 38 21 fall
851 647 43 22 kan

67 683 52 14 vara
133 677 128 26 begvämare
277 678 32 19 att
323 676 22 21 fä
360 676 119 21 framställa
494 676 32 21 sin
538 676 112 26 bevisning
662 676 6 20 i
681 676 153 27 sammanhang
844 676 50 21 med

68 704 241 27 ärekränkningsmälet,
328 711 48 14 men
395 705 70 26 någon
483 711 69 14 annan
568 704 69 21 fördel
653 704 39 21 har
708 704 40 21 han
764 704 46 22 icke
826 704 66 22 deraf.

67 733 103 22 Deremot
184 735 25 18 är
225 733 36 21 det
275 739 26 14 en
317 733 82 20 förmän
414 733 34 20 för
463 733 41 21 den
520 733 98 25 kränkte,
630 735 32 18 att
672 733 47 21 icke
731 733 162 26 nödvändigtvis

68 761 69 22 måsta
155 761 68 21 blifva
241 761 79 26 åtalad,
339 761 67 21 ehuru
424 761 160 21 ärekränkaren
603 761 47 21 icke
668 761 58 21 velat
743 761 42 21 det.
814 761 80 21 Likaså

67 791 25 20 är
111 790 36 21 det
163 789 24 27 ju
206 790 7 20 i
232 789 27 21 de
277 789 62 22 flesta
354 789 37 22 fall
408 789 166 26 ärekränkaren,
590 795 46 15 som
652 789 55 21 skall
722 789 120 21 framställa
856 789 37 21 be-

67 818 90 27 visning,
176 818 25 21 så
219 819 32 20 att
269 817 37 22 det
323 817 34 22 för
376 818 40 21 den
435 817 92 22 kränkte
546 817 73 26 oftast,
633 817 37 27 jag
686 819 62 25 säger
762 817 47 22 icke
825 817 67 26 alltid,

68 849 24 18 är
110 846 103 26 likgiltigt
226 846 57 21 inför
298 846 139 21 hvilkendera
453 846 121 21 domstolen
589 846 158 21 ärekränkaren
763 845 130 22 framställer

68 875 46 21 sina
129 874 66 21 bevis.
220 874 62 21 Hvad
299 874 36 21 det
350 874 46 21 skäl
412 874 109 26 beträffar,
537 876 32 19 att
584 874 93 21 domstol
692 874 8 21 i
715 874 178 26 ärekränknings-

68 903 65 21 målet
147 903 42 21 kan
205 902 102 25 förklara,
323 905 32 18 att
369 902 158 22 ärekränkaren
543 902 47 22 icke
605 902 40 22 har
660 902 70 27 styrkt
744 903 38 20 sitt
796 902 96 26 tillmäle,

68 931 52 22 eller
138 933 33 19 att
188 931 42 21 han
248 931 108 21 framstält
374 931 24 21 så
415 931 89 27 mycken
519 931 121 27 utredning,
656 933 32 19 att
704 931 40 21 han
759 931 39 26 går
813 930 27 21 fri
856 936 37 15 an-

68 961 71 19 svaret
157 959 34 21 för
209 959 192 27 ärekränkningen,
420 960 24 20 så
463 959 88 21 hindrar
570 960 36 20 det
624 959 47 21 icke
690 960 38 25 att,
746 958 48 22 ifall
813 959 80 21 brottet

68 988 122 21 sedermera
208 988 79 21 blifver
305 988 90 21 föremål
413 988 34 21 för
466 988 44 21 åtal
528 988 57 21 inför
602 988 41 21 den
660 987 98 26 domstol,
774 988 38 20 der
827 987 66 21 åtalet

68 1016 54 21 skall
141 1016 45 26 ske,
206 1016 69 21 denna
293 1016 92 21 domstol
404 1016 69 27 gifver
492 1018 32 20 ett
542 1018 66 19 annat
626 1016 79 26 utslag,
723 1016 81 20 hvilket
820 1016 73 20 natur-

68 1044 71 27 ligtvis
161 1046 25 19 är
208 1044 36 22 det
263 1045 61 26 enda,
343 1050 46 16 som
408 1045 69 26 gäller
496 1044 34 21 för
548 1045 41 21 den
609 1045 39 21 der
666 1044 85 21 åtalade
768 1044 124 26 gerningen.

67 1072 41 27 Jag
127 1074 35 20 vet
180 1072 71 27 också,
271 1074 32 20 att
323 1073 54 21 1866
397 1073 35 21 års
451 1072 138 28 förordnings
608 1073 134 26 bestämning
759 1072 134 25 härutinnan,

68 1101 67 27 enligt
154 1101 87 21 hvilken
260 1101 102 21 tillmäles
381 1102 91 26 sanning
490 1101 69 21 måste
578 1102 84 20 bevisas
681 1101 35 21 vid
734 1101 40 21 den
793 1100 100 26 domstol,

68 1130 67 20 under
153 1129 65 21 hvars
234 1130 138 26 jurisdiktion
392 1130 81 20 brottet
491 1129 117 25 föregifves
626 1129 65 21 hafva
709 1129 62 26 skett,
790 1128 40 21 har
848 1128 46 21 ledt

68 1157 33 21 till
116 1157 77 27 många
208 1157 165 27 förvecklingar,
389 1159 21 25 ty
426 1158 37 21 det
477 1157 40 21 har
532 1157 85 28 mycket
632 1157 44 22 ofta
689 1157 101 26 inträffat,
804 1158 32 19 att
847 1157 47 20 äre-

68 1185 120 22 kränkaren
205 1188 54 24 sagt,
275 1188 32 19 att
321 1186 42 21 han
379 1185 118 28 ingalunda
512 1186 69 21 skulle
597 1186 51 26 vilja
664 1185 100 22 befordra
775 1185 40 21 den
828 1185 66 21 andre

67 1214 33 21 till
117 1220 82 15 ansvar.
223 1214 47 21 Han
286 1214 39 21 har
341 1214 80 21 kunnat
436 1214 54 21 fälla
504 1220 26 15 en
546 1214 126 26 visserligen
688 1220 53 15 sann
752 1213 142 27 beskyllning,

68 1248 48 15 men
130 1242 83 21 kanske
228 1242 23 21 af
265 1242 108 27 lättsinne,
389 1243 40 20 och
443 1243 119 26 ingalunda
573 1242 79 27 derför,
664 1244 33 19 att
708 1242 41 21 han
762 1241 70 22 skulle
842 1241 52 26 vilja

68 1270 101 21 befordra
187 1271 41 20 den
246 1271 66 21 andre
331 1271 34 21 till
384 1277 84 15 ansvar.
498 1271 50 21 Icke
567 1273 25 18 är
610 1271 37 21 det
666 1270 72 22 derför
755 1270 92 25 rättvist,
863 1271 32 19 att

68 1299 77 21 honom
165 1298 55 21 skall
239 1299 83 21 drabba
340 1299 49 21 hela
407 1301 107 24 ansvaret,
530 1299 28 21 då
572 1299 42 21 han
629 1299 37 21 vill
682 1299 39 21 och
737 1298 100 27 möjligen
852 1297 42 21 kan

67 1327 73 21 bevisa
159 1327 37 20 sitt
215 1327 96 26 tillmäle,
331 1327 73 22 derför
422 1329 33 20 att
473 1327 43 22 han
535 1327 47 22 icke
600 1327 38 21 vill
656 1327 101 21 befordra
772 1327 41 20 den
829 1325 65 22 andre

67 1355 33 21 till
123 1361 84 15 ansvar.
236 1355 42 21 Vid
301 1355 113 22 1863—64
436 1356 36 21 års
496 1355 102 27 landtdag
620 1357 65 25 antog
707 1355 141 27 lagutskottet
868 1359 27 15 en

67 1383 90 26 ungefär
176 1383 87 21 likadan
282 1384 143 27 ordalydelse,
445 1390 47 15 som
512 1384 41 21 den
572 1390 28 15 nu
619 1384 129 26 föreslagna,
766 1383 68 22 ehuru
854 1381 41 21 den

67 1411 46 22 icke
132 1411 125 27 godkändes
275 1412 24 21 af
315 1412 44 21 alla
374 1412 69 21 stånd.
472 1413 43 26 Jag
531 1412 83 21 förstod
629 1412 47 21 icke
691 1412 25 20 hr
731 1412 108 21 Fellmans
853 1411 43 25 ytt-

68 1440 65 20 rande
149 1446 33 14 om
199 1440 160 26 nödvändighet
372 1440 34 21 för
422 1441 40 21 den
478 1441 130 20 ärekränkte
624 1443 32 18 att
670 1441 28 25 på
713 1440 68 26 grund
796 1437 24 22 af
832 1438 64 20 dessa

67 1468 160 26 bestämningar
249 1468 102 27 möjligen
374 1469 82 26 nödgas
479 1470 53 25 göra
552 1468 70 27 någon
641 1468 75 26 längre
735 1473 49 16 resa
802 1466 33 21 till
855 1466 41 21 den

67 1496 100 26 domstol,
179 1496 38 21 der
232 1496 238 27 ärekränkningsmålet
485 1496 139 27 handlägges.
647 1496 51 22 Men
710 1496 80 21 kanske
800 1494 38 28 jag
848 1494 48 22 icke

68 1524 65 21 hörde
149 1524 26 21 hr
188 1524 97 22 Fellman
301 1524 81 27 riktigt.
