1084 1742
208 136 45 18 1226
473 136 93 23 Borgarest.
579 136 46 20 1888.
652 137 18 19 19
683 137 40 24 Maj.

254 204 32 20 Hr
304 204 103 22 Heikel:
429 206 42 26 Jag
489 206 36 20 vill
546 206 48 21 icke
613 206 67 22 väcka
699 206 66 27 något
783 207 47 26 nytt
846 205 101 27 yrkande,
963 211 47 15 men

188 233 40 21 kan
244 232 54 22 dock
313 233 46 22 icke
374 234 112 21 underlåta
501 236 32 19 att
548 234 84 28 påpeka
647 241 25 15 en
689 235 114 27 synpunkt,
817 234 84 22 hvilken
917 234 93 21 hvarken

186 262 6 20 i
215 261 115 22 utskottets
352 262 134 22 betänkande
508 264 54 20 eller
581 264 6 20 i
607 264 41 21 den
668 264 77 26 nådiga
764 263 158 27 propositionen
942 262 68 21 blifvit

187 289 98 22 beaktad.
317 290 35 22 Uti
372 291 104 21 hvardera
493 291 23 22 af
530 291 65 22 dessa
610 292 80 27 förslag
706 292 130 21 bestämmes
852 297 24 16 en
893 291 118 21 maximiar-

189 321 79 19 betstid
289 321 34 19 för
346 321 51 20 barn
419 321 39 20 och
478 326 56 21 unga
552 326 110 21 personer.
693 323 49 19 Men
762 327 7 15 i
788 323 117 24 ingendera
923 319 22 21 ai
963 319 46 21 dem

188 347 86 27 stadgas
294 348 115 27 nägonting
428 349 90 21 rörande
536 349 111 21 fullvuxna
667 349 95 26 gvinnor.
794 349 74 21 Säsom
890 347 22 22 af
926 347 83 26 bilagan

188 376 32 21 till
239 376 116 22 utskottets
373 377 133 21 betänkande
526 377 101 27 framgår,
644 378 39 21 har
700 384 48 15 man
767 377 54 22 dock
838 377 5 21 i
860 376 92 22 flertalet
967 377 44 20 län-

188 405 44 26 der,
248 405 38 21 der
302 412 24 14 en
346 405 207 27 arbetslagstiftning
568 406 150 26 förekommer,
730 406 63 21 äfven
809 405 64 22 infört
886 406 56 20 vissa
954 405 57 21 stad-

188 433 82 26 ganden
292 434 90 21 rörande
402 435 98 26 gvinnors
520 435 111 21 arbetstid.
662 435 28 21 Sä
709 435 38 21 har
767 435 6 20 i
793 434 51 21 flere
863 434 74 21 länder
954 434 57 20 stad-

188 464 53 24 gats,
257 464 32 19 att
304 463 91 26 gvinnan
411 463 66 21 under
492 463 57 21 vissa
565 463 78 22 veckor
659 463 54 22 efter
729 463 32 21 sin
776 463 113 21 nedkomst
901 463 38 20 och
949 462 61 21 äfven

188 490 57 22 vissa
263 491 77 21 veckor
359 491 134 22 derförinnan
509 491 47 22 icke
572 492 33 21 fär
621 492 108 21 användas
746 492 5 21 i
768 490 176 23 handtverkerier
959 491 52 20 eller

188 519 100 26 fabriker,
304 520 38 21 och
362 520 6 21 i
388 520 96 27 England
502 521 40 20 har
561 527 49 14 man
626 521 5 20 i
649 521 100 21 afseende
766 521 13 20 &
794 520 103 21 arbetstid
913 519 44 22 helt
972 519 39 21 och

188 547 68 22 hället
273 548 83 21 likstält
374 549 90 26 gvinnan
482 549 49 21 med
549 555 58 21 unga
624 549 105 22 arbetare.
759 549 67 21 Detta
841 549 117 26 stadgande
973 547 38 22 fin-

189 583 37 14 ner
242 577 38 26 jag
298 577 33 21 för
351 577 41 21 min
412 578 33 21 del
462 577 84 28 mycket
561 578 130 21 välbetänkt.
721 577 120 22 Samhället
855 577 39 21 har
909 577 60 20 äfven
987 583 25 14 en

189 605 91 21 särskild
300 605 54 27 plikt
373 608 31 19 att
423 605 65 22 värda
503 607 33 26 sig
552 613 33 14 om
603 607 103 26 gvinnans
721 607 62 21 helsa
798 606 39 21 och
852 605 160 22 välbefinnande

190 640 58 15 mera
268 636 26 19 än
315 641 32 14 om
367 641 107 15 mannens.
505 635 97 26 Ovinnan
622 637 24 19 är
665 635 6 21 i
691 635 107 22 anseende
817 635 32 20 till
869 635 46 20 sina
933 633 80 28 fysiska

188 661 82 22 krafter
289 663 199 27 öfverhufvudtaget
502 670 91 21 svagare
609 665 26 20 än
651 670 98 20 mannen,
766 664 39 21 och
821 663 23 22 af
858 663 79 21 hennes
952 663 61 20 helsa

190 691 37 21 och
243 691 161 22 välbefinnande
419 694 24 19 är
458 693 127 20 kommande
601 693 162 26 generationers
779 692 34 21 väl
829 691 39 22 och
884 698 24 14 ve
923 691 7 21 i
945 691 67 26 högre

189 719 53 26 grad
262 720 106 21 beroende
387 723 26 19 än
432 721 23 21 af
472 727 108 16 mannens.
611 721 41 27 Jag
670 721 55 21 hade
746 721 73 21 derför
837 726 66 21 gerna
921 721 42 20 sett
981 721 32 19 att

188 748 105 21 utskottet
308 749 6 20 i
330 749 59 22 detta
404 749 132 22 betänkande
552 750 62 21 äfven
630 750 55 21 hade
700 749 55 28 tagit
771 750 69 20 denna
855 748 158 26 omständighet

189 777 5 20 i
218 777 126 22 beaktande.
374 777 80 22 Genom
478 781 31 18 att
530 779 96 20 likställa
649 779 91 26 gvinnan
762 778 48 21 med
829 784 66 21 yngre
915 777 97 21 arbetare

189 805 95 22 kommer
300 812 46 15 man
363 806 60 22 äfven
440 807 74 21 lättast
528 807 33 21 till
579 807 36 21 det
627 807 97 26 resultat,
736 813 46 14 som
797 806 80 27 äsyftas
889 811 74 21 genom
976 811 36 15 an-

189 835 91 26 tagande
300 835 23 20 af
340 841 26 15 en
381 836 80 21 normal
478 835 121 27 arbetsdag.
629 835 65 22 Detta
710 835 39 21 har
764 835 57 21 visat
838 835 32 26 sig
888 835 3 19 i
907 833 104 28 England,

190 863 37 20 der
246 869 47 15 man
313 864 64 20 redan
394 864 55 21 1850
464 864 32 21 för
512 865 89 25 gvinnor
617 864 39 21 och
672 870 55 20 unga
743 863 100 21 arbetare
858 863 111 21 faststälde
986 868 25 15 en

189 890 87 22 kortare
291 892 110 26 arbetstid,
417 892 38 22 och
471 892 27 21 dä
513 892 64 22 dessa
593 893 5 20 i
615 892 93 22 flertalet
723 892 118 21 industrier
856 893 75 25 utgöra
947 897 25 15 en
988 890 24 22 sä

190 922 44 18 stor
249 923 89 23 procent
352 920 23 21 af
388 921 233 27 arbetarepersonalen,
637 923 31 19 att
683 921 84 21 arbetet
783 920 48 21 icke
847 920 42 20 kan
903 919 70 27 fortgä
986 926 25 14 en

189 948 73 26 längre
278 949 38 25 tid,
328 951 26 19 än
370 949 62 21 dessa
448 950 37 21 der
500 950 71 20 kunna
587 950 143 27 sysselsättas,
747 950 24 20 sä
786 948 45 22 blef
845 948 41 21 den
901 948 110 25 arbetstid,

189 982 45 16 som
250 976 123 23 faststäldes
389 978 33 20 för
437 978 61 21 dessa
513 978 124 27 kategorier
653 978 22 21 af
689 977 208 27 arbetspersonalen,
913 976 98 27 gällande

188 1005 33 21 för
240 1006 99 26 samtliga
357 1006 125 22 industriela
502 1007 58 21 verk.
591 1006 94 22 Sälunda
705 1006 38 21 har
762 1012 48 15 man
831 1006 6 20 i
853 1005 104 27 England,
974 1005 37 21 der

189 1040 47 14 man
252 1034 46 22 icke
315 1035 119 27 egentligen
451 1036 38 20 har
504 1035 70 27 nägon
591 1035 81 21 normal
689 1035 123 25 arbetsdag,
825 1034 88 21 kommit
924 1033 86 26 derhän,

188 1064 32 19 att
238 1063 6 21 i
264 1064 43 20 alla
325 1064 74 20 textila
418 1064 115 21 industrier
549 1064 40 21 den
605 1064 77 26 högsta
697 1063 134 21 arbetstiden
847 1064 24 19 är
886 1062 27 21 10
927 1062 85 20 timmar

189 1091 37 21 och
247 1092 6 20 i
273 1092 68 26 öfriga
359 1092 115 22 industrier
491 1092 64 27 högst
575 1093 27 21 10
612 1091 23 24 '!/2
650 1092 73 21 timme
739 1098 34 15 om
790 1092 68 26 dagen
873 1090 67 22 under
955 1090 27 21 de
997 1090 14 21 5

188 1119 68 22 första
272 1120 92 26 dagarna
379 1121 7 22 i
401 1121 87 21 veckan.
512 1121 39 21 Om
567 1121 102 27 lördagen
685 1122 25 19 är
725 1119 218 22 maximiarbetstiden
955 1124 54 21 resp.

188 1148 14 21 6
217 1148 38 21 och
272 1147 46 25 7'/2
333 1149 94 27 timmar;
443 1150 83 21 arbetet
540 1149 55 21 skall
612 1149 106 27 nemligen
734 1155 34 15 om
785 1149 102 25 lördagen
902 1147 65 21 slutas
981 1147 28 21 kl.

190 1177 9 20 1
221 1176 13 22 å
252 1177 14 21 2
284 1177 28 27 pä
330 1177 74 27 dagen.
435 1178 93 21 Sålunda
547 1178 40 21 har
605 1184 48 15 man
671 1178 90 20 kommit
776 1177 32 21 till
825 1183 26 15 en
867 1176 144 26 sammanlagd

188 1204 104 22 arbetstid
308 1206 34 20 för
356 1212 26 15 en
398 1206 65 22 vecka
478 1207 22 21 af
514 1207 64 26 högst
586 1207 34 27 56
635 1207 85 20 timmar
736 1206 7 20 i
759 1206 76 21 textila
846 1205 114 21 industrier
972 1204 38 22 och

188 1234 28 20 60
231 1235 85 20 timmar
332 1234 5 20 i
354 1234 68 28 öfriga
436 1235 122 21 industrier.
581 1235 69 21 Äfven
666 1235 38 21 hos
720 1241 36 15 oss
772 1234 69 27 gäller
855 1234 36 20 det
901 1235 50 19 utan
963 1233 48 21 tvif-

188 1262 32 20 vel
244 1265 33 18 att
296 1263 46 21 med
362 1263 29 21 all
410 1264 57 20 kraft
484 1264 51 21 söka
555 1264 76 21 arbeta
649 1263 28 27 pä
695 1265 32 19 att
746 1263 132 26 smäningom
897 1262 114 20 inskränka

188 1290 138 22 arbetstiden.
349 1291 49 22 Men
414 1292 33 21 för
462 1294 31 19 att
508 1292 59 21 detta
583 1292 47 22 icke
645 1292 54 21 skall
716 1292 49 20 leda
780 1291 32 21 till
825 1297 25 15 en
863 1290 148 22 motsvarande

187 1319 138 27 nedsättning
340 1320 24 21 af
377 1320 166 27 arbetslönerna,
559 1322 24 20 är
599 1320 36 22 det
650 1320 23 21 af
687 1320 70 21 nöden
773 1322 32 18 att
819 1320 94 20 arbetets
925 1318 86 22 intensi-

187 1350 31 18 tet
237 1348 6 21 i
264 1349 148 21 motsvarande
434 1350 52 26 grad
505 1349 59 26 ökas,
584 1349 33 21 för
637 1351 30 19 att
687 1355 48 15 man
755 1348 28 27 pä
801 1348 87 20 kortare
907 1347 31 21 tid
957 1346 54 21 skall

186 1376 74 22 kunna
274 1379 82 19 uträtta
370 1383 81 15 samma
467 1378 79 26 arbete,
563 1384 46 14 som
625 1378 27 26 pä
667 1384 26 14 en
709 1377 82 26 längre.
821 1376 37 22 Att
873 1376 24 21 sä
912 1376 41 20 kan
967 1375 44 25 ske,

187 1404 39 22 har
245 1406 55 20 visat
318 1406 32 26 sig
368 1406 6 20 i
390 1406 102 26 utlandet,
508 1406 103 21 särskildt
630 1407 3 19 i
648 1405 106 27 England,
771 1405 38 21 der
825 1411 48 15 man
889 1404 67 21 under
972 1404 39 20 den

186 1432 125 23 förkortade
329 1434 130 21 arbetstiden
474 1440 75 21 genom
567 1436 30 19 ett
613 1434 60 21 raskt
687 1436 44 19 sätt
746 1436 32 18 att
793 1434 75 20 arbeta
883 1432 130 27 producerar

186 1461 90 22 alldeles
293 1462 43 21 lika
351 1462 89 27 mycket,
457 1469 44 15 som
517 1462 59 21 förut
592 1463 66 20 under
671 1463 40 20 den
724 1462 76 26 längre
811 1461 138 21 arbetstiden.
973 1459 38 22 Om

187 1489 19 26 ej
223 1490 132 22 arbetstiden
371 1491 113 26 förkortas,
500 1491 64 21 hafva
579 1491 47 21 icke
641 1491 51 21 vära
707 1491 101 20 arbetare
823 1490 31 20 tid
872 1491 32 19 att
915 1495 54 20 egna
981 1489 32 26 sig

186 1518 22 21 åt
227 1518 133 21 intellektue]
380 1519 126 27 utbildning,
522 1519 144 27 familjelifvet
683 1519 39 21 och
739 1518 101 21 bildande
856 1517 69 27 nöjen,
941 1517 71 21 hvilka

186 1546 32 21 för
234 1547 47 21 dem
298 1549 36 19 äro
350 1547 43 21 lika
409 1548 140 27 nödvändiga,
561 1554 46 15 som
623 1548 33 20 för
671 1547 70 27 öfriga
757 1546 194 22 samhällsklasser.
975 1547 36 20 Att
