1089 1734
367 120 94 23 Borgarest.
478 120 50 19 1888.
552 121 17 18 15
581 121 39 22 Maj.
837 122 44 18 1071

76 189 157 26 behandlingen
251 189 24 21 af
292 189 115 21 utskottets
427 189 136 22 betänkande
583 196 34 14 n:o
637 190 27 20 10
679 189 6 21 i
702 189 114 28 anledning
832 190 22 22 af
868 190 36 21 nå-

77 218 50 26 diga
142 217 159 27 propositionen
316 223 34 15 n:o
365 217 29 21 30
409 223 34 15 om
459 217 76 27 tillägg
550 218 33 21 till
594 217 153 26 förordningen
758 218 41 21 den
809 219 28 21 23
848 225 56 15 mars

78 246 55 21 1868
149 246 110 26 angående
275 245 186 27 vattenledningar
477 246 39 20 och
531 245 138 26 vattenverk;
685 247 55 19 samt
752 246 152 26 lagutskottets

77 274 67 21 andra
163 274 80 27 förslag
263 274 33 21 till
315 274 208 26 sammanjemkning
540 274 24 21 af
577 274 102 21 ståndens
695 274 124 26 skiljaktiga
834 275 70 21 beslut

77 302 35 21 vid
127 302 186 27 handläggningen
331 302 23 21 af
367 302 118 21 utskottets
500 302 137 22 betänkande
653 308 34 15 n:o
703 302 14 21 5
731 302 8 21 i
754 302 114 26 anledning
882 303 24 21 af

77 330 79 27 nådiga
170 331 159 26 propositionen
345 336 34 15 n:o
396 330 33 26 16,
445 330 111 27 angående
572 331 82 21 lärares
670 331 39 21 och
725 330 130 21 lärarinnors
868 331 36 21 vid

77 359 250 26 elementarläroverken,
344 358 125 22 läroverken
485 358 35 22 för
535 359 176 27 qvinnobildning
723 360 55 20 samt
789 358 115 22 folkskole-

78 387 78 21 lärare-
172 388 39 20 och
227 387 262 21 lärarinneseminarierna
504 387 80 27 afgång
595 393 26 15 ur
631 387 93 27 tjensten
735 387 35 21 vid
781 387 43 21 viss
834 386 70 27 ålder;

146 418 33 19 att
197 416 86 21 ståndet
301 416 94 26 godkänt
414 415 95 26 följande
525 416 109 20 allmänna
649 415 205 21 besvärsutskottets
870 415 35 21 be-

77 444 129 26 tänkanden,
226 444 115 26 nemligen:
360 449 34 15 n:o
414 443 28 22 25
461 443 7 21 i
484 443 114 27 anledning
614 443 23 21 af
651 443 36 21 två
701 443 33 21 till
750 443 156 22 bondeståndet

79 472 120 21 inlemnade
216 472 183 27 petitionsförslag
415 478 34 15 om
465 472 123 21 inrättande
604 471 23 22 af
641 472 60 26 lägre
716 471 190 27 jordbruksskolor

78 501 7 20 i
100 501 147 26 Lappmarken
264 500 39 21 och
319 502 57 19 östra
391 500 102 26 Karelen,
505 502 56 19 samt
577 506 34 15 n:o
627 500 28 21 26
669 500 109 27 angående
794 502 32 19 ett
836 500 7 21 i
854 500 52 21 bon-

78 529 113 21 deståndet
206 529 63 21 väckt
284 528 182 27 petitionsförslag
482 535 34 14 om
532 528 149 22 förbättrande
696 528 23 21 af
729 529 25 21 de
765 528 32 21 till
814 528 91 21 Sibirien

80 557 142 27 deporterade
237 557 106 21 finnarnes
359 557 118 26 själavård;

147 587 34 20 2:0
197 585 47 22 från
259 585 162 26 bondeståndet,
439 585 49 22 med
503 585 168 22 underrättelse:

147 616 32 19 att
196 614 85 21 ståndet
295 614 94 26 godkänt
404 614 153 26 lagutskottets
573 613 68 22 andra
657 613 80 26 förslag
752 614 33 21 till
801 619 104 16 samman-

76 643 111 26 jemkning
206 642 23 21 af
246 643 26 20 de
289 642 67 21 delvis
372 641 125 28 skiljaktiga
511 642 79 26 beslut,
606 642 7 21 i
629 642 72 21 hvilka
716 642 89 21 stånden
821 644 85 19 stannat

78 671 35 20 vid
130 671 156 26 behandlingen
301 670 23 21 af
338 670 115 21 utskottets
469 670 137 21 betänkande
622 676 34 15 n:o
667 670 14 22 5
695 670 7 21 i
712 670 114 27 anledning
837 670 23 21 af
869 670 36 21 nå-

79 699 50 26 diga
147 699 165 26 propositionen,
328 699 109 26 angående
457 699 82 21 lärares
559 699 40 21 och
617 699 131 20 lärarinnors
763 699 35 20 vid
814 699 91 21 elemen-

78 727 168 26 tarläroverken,
261 727 126 21 läroverken
406 727 33 21 för
457 727 177 26 qvinnobildning
649 729 56 19 samt
719 726 186 22 folkskolelärare-

79 755 39 22 och
135 755 260 22 lärarinneseminarierna
413 755 80 27 afgång
508 761 25 15 ur
548 755 94 26 tjensten
657 755 36 21 vid
709 755 42 21 viss
767 755 69 26 ålder;

147 785 32 20 att
197 784 86 21 ståndet
301 783 94 28 godkänt
414 783 175 22 statsutskottets
605 783 134 22 betänkande
755 789 33 16 n:o
805 783 27 22 13
847 784 7 20 i
869 789 35 15 an-

78 812 87 27 ledning
189 812 23 21 af
234 813 76 26 nådiga
332 812 160 27 propositionen
515 812 111 26 angående
649 811 197 22 bränvinsskattens
869 817 36 15 an-

78 841 116 27 vändning;
211 843 54 18 samt

147 871 32 19 att
194 869 85 21 ståndet
294 869 95 27 godkänt
404 869 154 26 lagutskottets
573 869 136 21 betänkande
725 875 33 15 n:o
774 868 27 21 14
816 869 6 20 i
833 868 73 21 anled-

79 898 50 26 ning
147 897 23 21 af
188 898 77 26 nådiga
283 898 166 26 propositionen,
468 898 111 26 angående
599 897 86 21 makars
704 896 201 28 förmögenhetsför-

79 926 121 26 hällanden,
216 926 7 20 i
242 926 70 26 öfrigt,
332 927 57 20 utom
409 927 32 20 att
466 926 7 21 2
493 926 12 27 8
523 926 8 20 i
551 926 13 21 2
579 926 92 26 kapitlet
685 926 7 20 i
708 925 93 27 enlighet
816 925 49 21 med
880 924 25 21 hr

79 954 119 22 Stenbäcks
221 954 32 21 till
277 954 144 21 betänkandet
442 953 102 28 bifogade
563 954 132 21 reservation
715 954 104 26 godkänts
838 953 66 21 sådan

78 982 42 22 den
135 982 60 28 lyder
210 983 7 20 i
233 983 40 21 den
289 982 76 27 nådiga
379 982 172 27 propositionen;
567 984 32 20 att
615 984 31 20 ett
657 983 6 20 i
674 983 14 20 4
699 982 90 27 kapitiet
798 981 106 21 förekom-

79 1011 76 21 mande
175 1010 97 28 tryckfel,
288 1011 136 26 hvarigenom
441 1017 26 14 ur
483 1011 42 21 den
539 1010 158 28 finskspråkiga
712 1012 71 20 texten
799 1010 66 21 orden
881 1009 24 27 ,5

79 1039 12 27 &
106 1039 44 21 niin
169 1039 50 21 kuin
239 1039 144 21 armollisessa
401 1039 143 27 esityksessä*
563 1039 112 26 bortfallit,
691 1040 86 24 rättats;
796 1040 32 19 att
846 1038 37 20 det
898 1038 7 20 i

78 1068 15 21 5
110 1068 91 26 kapitlet
220 1067 11 27 8
251 1068 12 20 8
283 1068 40 20 och
342 1067 67 21 första
428 1068 68 20 raden
515 1067 24 21 af
552 1068 61 21 sidan
629 1068 28 21 32
672 1068 7 20 i
695 1068 39 20 den
749 1066 69 22 finska
833 1067 71 20 texten

79 1095 174 22 förekommande
272 1096 113 27 tryckfelet
404 1095 124 28 ,kenkilön*
547 1097 88 24 rättats;
655 1097 32 19 att
705 1096 36 21 det
758 1095 6 21 i
780 1095 41 21 den
836 1094 69 21 finska

79 1124 108 26 lagtexten
202 1124 23 21 af
239 1130 81 15 samma
335 1124 80 26 kapitel
431 1124 12 27 8
460 1124 27 22 15
503 1124 12 21 &
531 1124 68 21 andra
610 1124 67 21 raden
687 1122 174 23 förekommande
872 1128 33 15 or-

80 1152 37 22 det
132 1152 101 25 ,olkoon*
251 1152 82 27 utbytts
348 1154 45 20 mot
407 1152 63 22 ordet
486 1152 79 28 ,olko,*
582 1155 56 19 samt
653 1154 32 20 att
700 1152 53 22 efter
769 1151 66 21 orden
851 1151 53 26 ,lain

81 1180 102 22 mukaan"
199 1181 13 21 ä
227 1182 48 20 näst
289 1181 54 21 sista
358 1181 65 21 raden
439 1180 84 27 tillagts
539 1181 62 21 ordet
616 1181 48 27 ,ei.*

146 1294 57 21 Frän
223 1295 108 20 ailmänna
349 1294 196 21 besvärsutskottet
564 1294 55 22 hade
638 1295 88 20 anländt
745 1301 24 14 en
785 1294 119 24 skrifvelse,

78 1322 151 22 meddelande:

147 1352 32 19 att
198 1351 115 21 utskottets
332 1350 136 22 betänkande
484 1357 34 15 n:o
534 1351 35 26 20,
584 1351 111 26 angående
711 1353 30 19 ett
756 1351 6 20 i
778 1349 128 22 bondestån-

79 1379 36 21 det
131 1379 63 21 väckt
209 1379 80 26 förslag
300 1385 34 15 om
349 1379 103 27 flyttande
467 1379 25 21 af
506 1379 146 27 biskopssätet
666 1379 47 21 från
728 1378 71 27 Borgå
813 1377 33 21 till
863 1377 42 20 Wi-

78 1407 58 26 borg,
147 1407 107 27 godkänts
269 1407 24 21 af
307 1407 149 26 ridderskapet
471 1407 40 22 och
522 1407 63 22 adeln
597 1409 56 20 samt
662 1406 184 28 borgareståndet,
858 1411 48 15 men

79 1435 117 22 förkastats
215 1435 22 22 af
251 1437 81 25 preste-
348 1435 39 22 och
402 1435 171 27 bondestånden,
590 1435 84 22 hvadan
690 1436 83 21 således
789 1434 59 21 detta
864 1433 42 22 för-

78 1464 47 26 slag
140 1463 99 26 förfallit;

147 1494 32 19 att
193 1492 117 21 utskottets
325 1491 136 22 betänkande
477 1498 35 15 n:o
528 1492 26 21 21
571 1492 111 27 angående
698 1494 32 19 tre
742 1492 6 20 i
759 1493 89 25 preste-,
859 1490 47 21 bor-

78 1526 61 20 gare-
154 1520 39 21 och
209 1520 160 21 bondestånden
385 1520 77 21 väckta
477 1520 185 27 petitionsförslag
679 1526 33 15 om
727 1519 148 22 förbättrande
886 1517 22 22 af
