1089 1739
204 131 50 32 1130
480 137 94 23 Borgarest.
586 137 45 19 1888.
655 138 17 18 15
684 138 39 22 Maj.

181 205 48 24 den,
246 209 45 15 som
308 204 124 28 ,eftergjort
456 205 150 27 metallmynt*.
630 206 50 21 Man
695 205 42 22 kan
753 205 108 27 eftergöra
872 206 133 27 metallmynt

180 232 27 27 pä
222 234 78 19 tvenne
316 235 48 24 sätt,
381 234 105 26 nemligen
502 233 31 26 sä,
549 236 32 19 att
596 234 26 21 de
638 236 37 19 äro
691 233 128 27 fullhaltiga,
836 233 39 22 och
891 234 29 25 sä,
936 236 32 19 att
978 234 26 21 de

182 260 47 21 icke
246 261 38 20 äro
300 260 128 28 fullhaltiga.
458 262 45 21 Här
517 263 25 20 är
557 262 46 21 icke
619 262 61 27 gjord
697 263 69 26 nägon
782 261 84 22 skilnad
882 263 6 20 i
904 262 59 21 detta
973 262 31 21 af-

180 288 86 26 seende,
283 295 47 15 men
346 290 36 21 det
398 296 61 21 synes
475 290 42 26 mig
533 292 32 19 att
580 297 26 14 en
622 291 66 20 sädan
705 291 54 20 dock
775 291 38 20 bör
827 292 71 25 göras.
923 291 41 26 Jag
980 293 24 18 är

180 316 46 21 icke
243 317 73 21 alltför
331 318 122 21 bevandrad
469 319 6 20 i
491 318 126 21 hithörande
633 319 94 23 historia,
743 325 47 15 men
804 318 38 27 jag
856 320 50 24 tror,
921 321 31 18 att
968 319 36 21 det

178 344 40 22 har
240 345 102 22 existerat
364 349 31 18 ett
416 347 89 20 allmänt
527 347 61 26 bruk,
611 349 33 19 att
662 347 107 21 särskilda
789 347 85 21 länders
894 347 110 26 myntverk

178 373 86 26 präglat
286 373 126 22 holländska
434 375 96 21 dukater.
560 375 10 21 I
589 375 43 21 alla
652 375 37 21 fall
705 375 40 21 kan
763 375 36 21 det
813 375 85 21 komma
913 375 7 20 i
936 375 66 26 fråga,

179 403 31 19 att
234 407 48 16 man
310 402 93 27 eftergör
425 405 31 19 ett
478 403 117 21 metalliskt
617 405 59 25 mynt
698 406 50 19 utan
773 405 32 19 att
823 403 117 21 förminska
956 404 48 21 dess

178 429 46 21 halt
242 429 40 22 och
311 430 49 21 dess
378 431 51 26 vigt,
448 431 38 21 och
505 437 33 15 om
557 431 62 21 äfven
639 432 76 20 sådant
733 433 25 19 är
776 432 109 20 stridande
904 433 44 19 mot
962 432 42 26 god

178 458 91 27 ordning
293 458 39 22 och
354 459 39 21 bör
416 459 116 26 bestraffas,
555 459 24 21 så
601 460 38 20 bör
662 460 35 20 det
720 460 53 20 dock
793 460 46 20 icke
862 459 83 21 straffas
960 459 44 21 lika

178 486 92 26 mycket,
288 493 44 15 som
349 494 25 14 en
391 487 81 27 verklig
487 487 142 27 förfalskning
644 488 23 21 af
681 490 58 25 mynt
753 488 33 20 till
803 488 45 21 halt
863 488 39 21 och
918 488 49 26 vigt.

206 520 43 26 Jag
268 521 68 21 skulle
352 522 72 20 derför
439 521 79 21 föreslå
533 522 125 20 återremiss
674 522 32 20 till
722 522 112 26 utskottet,
850 521 34 21 för
899 523 31 19 att
946 521 58 22 detta

181 548 66 22 måtte
267 551 50 25 taga
336 550 5 20 i
362 549 139 22 betraktande
521 550 40 20 den
581 550 84 21 skilnad
681 550 7 21 i
704 550 188 27 ,eftergörandet",
908 555 45 15 som
966 550 38 26 jag

178 576 102 27 påpekat.

247 610 33 22 Hr
294 611 130 27 Eneberg:
440 612 46 21 Den
502 612 132 26 distinktion,
651 618 45 15 som
711 612 26 21 hr
753 611 105 28 Cydenius
874 612 38 20 här
922 611 82 23 försökt

178 640 60 24 göra,
254 639 110 22 förefaller
387 641 42 26 mig
452 640 62 27 högst
535 640 109 27 obetydlig
667 640 38 22 och
727 642 52 20 utan
799 640 65 27 något
882 640 121 27 inflytande,

180 666 42 22 Det
242 669 24 19 är
282 668 33 20 väl
334 668 7 21 i
357 668 117 22 allmänhet
491 669 28 26 på
538 668 36 22 det
590 670 71 25 sättet,
678 671 31 19 att
724 675 49 15 man
789 668 47 22 icke
852 668 93 27 eftergör
960 674 43 16 me-

178 695 85 21 talliskt
286 699 64 23 mynt.
380 696 44 22 Gör
448 703 46 15 man
510 697 55 21 efter
588 697 139 27 silfvermynt,
748 697 66 21 sedan
832 696 170 28 guldmyntfoten

179 723 72 22 blifvit
265 724 76 26 införd,
358 725 24 21 så
396 727 40 25 gör
451 732 46 14 man
514 732 25 14 en
555 725 150 27 förfalskning.
729 726 31 26 Ty
776 732 33 14 om
826 732 47 14 man
889 726 6 20 i
906 725 98 21 utlandet

181 751 96 27 eftergör
299 752 65 22 finskt
387 753 138 27 silfvermynt,
549 754 24 20 så
591 754 39 20 har
649 760 48 14 man
717 754 75 21 beredt
807 753 69 21 finska
892 756 68 18 staten
977 760 26 15 en

178 780 86 21 förlust.
294 780 44 22 Gör
354 788 48 14 man
418 782 54 21 efter
487 782 116 26 guldmynt,
620 782 24 20 så
660 784 24 18 är
700 782 120 21 kontrollen
836 782 60 21 öfver
911 784 92 24 myntets

181 810 57 19 rätta
253 808 51 26 halt,
321 809 84 22 hvilken
421 810 87 26 prägeln
524 810 39 20 bör
578 810 77 26 utvisa,
671 810 101 21 förlorad.
795 810 10 21 I
821 810 73 26 hvarje
904 810 99 22 härdelse

181 838 24 19 är
221 837 36 21 det
273 840 31 18 ett
319 838 122 26 myntbrott,
458 844 43 15 som
517 838 39 21 bör
571 838 126 27 allvarligen
714 838 117 22 bestraftas.
847 838 61 21 Hvad
925 838 77 22 beträf-

180 864 34 21 far
229 866 26 20 de
272 866 126 22 holländska
413 867 124 25 dukaterna,
553 866 24 22 så
592 866 63 22 hafva
671 867 79 21 sådana
766 867 43 26 mig
824 867 117 26 veterligen
957 867 46 21 icke

179 893 97 27 präglats
298 894 39 21 hos
360 900 44 21 oss;
428 895 107 21 dessutom
558 896 37 20 äro
615 895 63 21 dessa
697 895 46 21 icke
763 895 64 26 något
845 895 77 21 kurant
938 897 65 25 mynt.

182 921 42 27 Jag
243 924 35 19 vet
297 922 47 22 icke
360 929 34 15 om
409 923 25 21 hr
450 923 119 27 Chydenius
585 923 84 27 uppgift
683 926 24 18 är
723 924 71 26 rigtig,
810 930 46 14 men
872 924 6 20 i
894 923 43 21 alla
952 923 51 21 hän-

180 950 72 21 delser
271 950 98 21 förordar
382 951 38 27 jag
435 954 31 18 att
481 952 68 20 denna
564 952 103 26 paragraf
681 952 65 20 måtte
762 954 89 23 antagas
866 951 136 22 oförändrad.

248 984 32 21 Hr
296 984 140 28 Clouberg:
455 986 40 27 Jag
511 986 36 21 vill
563 985 46 22 icke
625 986 65 21 tvista
705 991 34 16 om
755 985 111 27 uttrycken
878 985 124 27 sedelmynt,

178 1018 47 15 som
240 1013 105 22 utskottet
360 1014 39 21 har
417 1015 98 25 användt,
533 1014 173 27 penningesedel,
726 1020 46 15 som
792 1014 158 26 propositionen
966 1020 37 14 an-

180 1041 71 26 vändt,
268 1041 53 22 eller
340 1042 122 26 banksedel,
482 1049 44 14 som
545 1042 26 21 hr
586 1043 95 20 Fellman
701 1042 40 21 har
759 1042 117 26 föreslagit.
906 1042 41 26 Jag
966 1042 36 21 vill

178 1068 48 22 icke
242 1069 68 22 heller
324 1071 68 26 påstå,
408 1073 32 19 att
452 1071 36 27 jag
503 1077 64 15 anser
581 1071 108 26 uttrycket
703 1071 120 26 sedelmynt
833 1076 51 15 vara
894 1070 108 26 egentligt.

180 1096 51 22 Men
247 1097 37 22 det
299 1098 38 21 har
353 1099 53 21 dock
422 1100 102 20 användts
540 1100 7 20 i
561 1099 152 26 författningar
727 1099 64 26 förut,
809 1099 39 21 och
864 1098 26 21 då
906 1099 36 20 det
956 1099 46 20 icke

178 1125 63 22 torde
260 1132 52 15 vara
330 1127 24 20 så
373 1128 122 26 oegentligt,
515 1130 32 19 att
562 1128 36 21 det
613 1127 114 22 förefinnes
743 1127 66 26 något
824 1127 117 27 synnerligt
956 1127 46 21 skäl

178 1153 34 21 till
227 1155 141 26 anmärkning
383 1158 44 19 mot
442 1156 123 26 detsamma,
581 1156 39 21 och
636 1156 12 21 å
663 1155 67 22 andra
741 1156 62 21 sidan
814 1162 24 15 en
850 1155 152 27 omstilisering

178 1181 70 22 skulle
269 1183 65 21 verka
353 1183 51 22 flere
424 1184 148 27 förändringar
591 1185 6 20 i
616 1184 97 27 kapitlet,
732 1184 25 21 så
776 1184 69 21 skulle
858 1184 38 26 jag
911 1183 33 21 för
960 1184 42 20 min

178 1209 42 26 del,
245 1210 34 21 för
298 1213 32 19 att
347 1211 132 22 förekomma
497 1213 58 20 detta
575 1212 38 21 och
632 1213 33 20 för
685 1215 32 18 att
732 1212 47 21 icke
796 1219 27 14 nu
838 1213 6 20 i
861 1211 141 27 landtdagens

177 1237 54 22 sista
245 1239 87 21 timmar
346 1240 42 21 öka
404 1241 37 21 det
456 1241 72 21 arbete
543 1247 45 14 som
600 1241 101 26 möjligen
716 1240 214 27 strafflagsutskottet
946 1242 56 19 ännu

178 1265 98 22 kommer
292 1269 32 20 att
338 1268 22 21 få
375 1269 47 20 med
438 1269 114 26 anledning
567 1269 24 21 af
604 1269 184 26 ändringsförslag
805 1269 38 21 och
854 1269 148 26 sammanjem-

177 1293 99 28 kningar,
302 1295 87 27 föreslå,
405 1299 32 19 att
452 1297 61 21 ordet
528 1297 141 27 ,sedelmynt"
686 1297 65 21 måtte
767 1297 125 26 bibehållas,

247 1329 11 21 I
274 1330 115 27 anledning
404 1331 24 21 af
442 1331 26 21 de
483 1331 47 21 utaf
544 1331 36 20 hrr
590 1331 96 21 Fellman
697 1331 40 21 och
749 1330 123 28 Chydenius
883 1331 67 20 under
961 1331 41 20 dis-

176 1355 117 24 kussionen
312 1358 77 27 gjorda
403 1359 122 27 yrkandena
539 1359 114 27 uppstälde
668 1359 25 21 hr
709 1359 123 21 talmannen
848 1359 94 27 följande
959 1365 43 14 om-

175 1385 277 28 röstningspropositioner:

246 1421 33 20 1:o
296 1421 136 21 Beträffande
448 1421 25 21 hr
488 1421 108 22 Fellmans
611 1421 104 28 yrkande:

245 1447 41 27 De,
302 1448 69 21 hvilka
384 1449 113 27 godkänna
511 1449 16 28 $
543 1450 31 20 1i
583 1449 140 27 förevarande
733 1449 118 22 hänseende
862 1449 138 27 oförändrad,

174 1475 59 20 rösta
250 1476 40 26 ja;
312 1476 32 26 de,
367 1477 34 21 det
423 1476 43 22 icke
481 1478 58 26 göra,
558 1479 57 19 rösta
629 1478 47 27 nej;

243 1503 75 22 vinner
339 1506 43 26 nej,
400 1504 39 22 har
458 1505 169 27 borgareståndet
644 1506 84 26 förenat
745 1506 34 26 sig
797 1512 33 14 om
849 1506 26 20 hr
895 1504 107 22 Fellmans

172 1530 90 28 förslag.
