1081 1723
370 120 93 23 Borgarest.
475 120 46 19 1888.
545 120 10 19 3
568 120 39 24 Maj.
847 121 33 18 827

144 191 32 20 att
190 190 85 21 ståndet
289 189 96 27 godkänt
398 189 94 27 följande
506 190 76 21 trenne
597 189 174 22 statsutskottets
786 190 117 22 betänkan-

74 218 48 26 den,
138 218 114 26 nemligen:
267 224 35 15 n:o
318 218 13 21 9
347 218 7 20 i
369 218 115 27 anledning
500 217 23 21 af
533 218 78 28 nådiga
621 218 162 26 propositionen
794 218 108 27 angående

76 246 74 27 anslag
164 246 33 22 till
212 246 149 22 fullbordande
377 246 22 21 af
410 246 117 27 jernvägen
541 246 48 21 från
604 246 98 22 Kouvola
717 246 32 21 till
764 246 92 28 Kuopio,
867 253 35 15 n:o

78 274 25 22 11
119 275 7 21 i
142 274 112 27 anledning
269 274 23 22 af
304 274 79 28 nådiga
397 274 160 27 propositionen
573 274 111 27 angående
697 274 148 22 öfverförande
854 275 48 21 från

76 303 170 27 krigsmanshus-
257 303 40 21 och
307 302 270 22 militieboställskassorna
587 303 33 21 till
631 303 107 21 allmänna
748 303 154 21 militiekassan

76 331 24 21 af
117 332 105 20 särskilda
239 331 124 26 inkomster,
379 333 56 19 samt
449 337 34 15 n:o
499 332 14 21 8
528 332 7 20 i
551 332 114 26 anledning
680 331 24 21 af
717 330 185 28 finansexpeditio-

76 366 53 15 nens
147 360 8 20 i
174 360 112 27 kejserliga
305 361 87 20 senaten
407 360 34 21 till
456 360 116 21 ständerna
587 359 82 29 afgifna
683 360 91 21 relation
789 366 35 15 om
839 361 63 20 stats-

76 388 86 22 verkets
177 388 105 26 tillstånd;

146 418 32 20 att
196 416 85 22 ståndet
299 416 95 27 godkänt
413 416 216 22 ekonomiutskottets
649 416 135 22 betänkande
803 422 34 16 n:o
854 417 25 21 11
895 417 7 21 i

76 445 114 27 anledning
205 445 23 21 af
242 447 31 19 ett
288 445 57 21 inom
359 444 150 28 ridderskapet
524 445 40 21 och
579 445 63 21 adeln
658 445 64 21 väckt
731 445 171 27 motionsförslag

76 480 36 15 om
129 474 138 26 upphörande
286 473 23 21 af
326 473 141 27 kungörelsen
483 474 42 20 den
539 474 29 21 20
582 473 117 22 november
714 474 62 26 1882,
792 473 109 27 angående

76 502 134 27 tillämpning
229 502 22 21 af
268 502 77 26 nådiga
359 502 153 27 förordningen
527 502 24 21 af
564 502 41 21 den
620 502 29 22 20
663 502 41 27 maj
722 502 55 22 1878
793 508 34 16 om
842 503 60 25 utgö-

76 530 67 22 rande
158 530 23 22 af
194 530 58 22 skatt
266 530 34 21 för
315 530 93 26 hundar;

146 561 32 19 att
197 559 92 26 ståndet,
308 559 47 21 med
374 558 139 22 förkastande
532 558 23 22 af
571 559 108 21 allmänna
697 559 205 21 besvärsutskottets

76 587 137 22 betänkande
230 593 34 15 n:o
284 588 27 21 19
329 587 110 27 angående
454 589 31 19 ett
500 588 34 20 till
549 587 158 27 presteståndet
722 588 39 21 och
776 589 78 20 tvenne
868 587 34 21 till

77 616 156 21 bondeståndet
247 616 121 21 inlemnade
382 615 184 27 petitionsförslag
581 622 34 15 om
631 615 133 22 afskaffande
779 616 22 21 af
811 615 91 27 postför-

76 644 108 22 valtarnes
199 644 78 22 arvode
292 644 34 21 för
340 644 276 27 tidnivgsprenumeration,
633 644 34 22 för
678 645 32 21 sin
721 644 34 22 del
766 644 93 26 beslutit,
870 645 32 20 att

76 672 158 22 återremittera
244 672 145 22 betänkandet
400 672 33 22 till
443 672 107 22 utskottet
560 672 33 22 för
604 674 33 20 att
644 673 160 21 omformuleras
811 673 8 21 i
826 672 76 22 sådant

76 700 62 27 syfte,
162 707 44 15 som
229 701 116 21 innehålles
366 702 6 20 i
395 700 94 28 följande
511 701 24 21 af
551 701 108 27 professor
678 702 104 20 Forsman
801 701 101 21 affattade

77 728 91 28 förslag;
186 730 106 26 nemligen
311 732 56 23 ,että
384 730 65 21 niistä
467 730 126 26 maksuista,
607 730 62 26 jotka
684 731 46 20 tätä
745 730 69 27 nykyä
828 729 74 22 tilaus-

77 757 79 21 hinnan
171 758 73 21 lisäksi
258 758 179 26 postilaitokselle
453 758 138 26 suoritetaan,
608 758 43 21 kun
667 764 38 16 sen
719 758 101 27 välitystä
829 758 73 26 käyte-

75 787 53 20 tään
146 786 167 22 sanomalehtien
328 787 24 27 ja
369 786 197 28 aikakauskirjojen
581 786 130 26 tilauksissa,
727 786 175 27 postinhoitajan-

75 814 89 27 palkkio
176 815 24 27 ja
214 815 211 21 kotiinkantomaksu
441 815 186 26 lakkautettaisin;
643 816 45 20 että
698 815 133 27 postimaksu
840 820 62 16 sano-

76 843 134 25 malehdistä,
226 843 44 22 kun
285 844 64 21 tilaus
364 844 105 27 tapahtuu
484 844 165 27 postilaitoksen
663 844 83 26 kautta,
762 843 140 22 laskettaisiin

79 872 26 21 15
120 871 12 22 å
148 872 28 21 20
190 872 129 27 prosentiksi
336 873 165 20 tilaushinnasta
516 872 207 27 ulosantopaikassa,
737 872 111 21 kuitenkin
858 871 44 22 niin

76 901 46 20 että
139 900 24 27 '/>
177 901 76 26 penniä
268 901 120 21 numerolta
402 901 157 21 määrättäisiin
569 901 141 21 vähimmäksi
723 901 117 25 maksuksi;
852 901 50 25 että,

75 928 46 21 kun
146 929 159 21 sanomalehdet
328 929 89 22 tilataan
441 935 91 16 suoraan
554 929 153 22 toimituksilta
725 929 24 27 ja
769 929 133 22 ristisiteissä

77 956 97 28 tilaajille
192 957 128 26 lähetetään,
339 957 134 27 postimaksu
491 958 150 25 laskettaisiin,
661 958 97 26 lehdistä,
776 959 25 20 12
817 963 86 21 prosen-

75 985 53 21 tiksi
149 985 164 22 tilaushinnasta
334 986 208 27 ulosantopaikassa,
563 986 53 27 joka
638 987 76 20 maksu
733 987 19 20 ei
771 985 132 22 kuitenkaan

76 1013 51 22 saisi
142 1014 43 21 olla
199 1014 97 27 vähempi
311 1014 51 21 kuin
380 1015 24 27 '/3
419 1015 78 26 penniä
510 1015 129 26 numerolta;
648 1015 24 27 ja
682 1016 45 20 että
737 1014 166 27 aikauskirjojen

75 1042 134 27 postimaksu
227 1043 140 21 asetettaisiin
386 1043 127 27 lähempään
528 1043 114 27 yhteyteen
657 1043 138 22 ristisiteiden
811 1043 93 27 lähetys-

78 1070 89 21 maksun
182 1070 101 26 kanssa*;

145 1100 33 20 att
193 1098 86 22 ständet
293 1099 89 21 beslutit
396 1099 98 21 förkasta
503 1100 108 21 allmänna
621 1100 205 21 besvärsutskottets
837 1098 7 22 i
855 1098 48 22 dess

76 1126 135 22 betänkande
230 1134 34 14 n:o
283 1128 35 26 20,
337 1128 109 26 angående
465 1130 32 19 ett
515 1128 7 21 i
542 1128 155 22 bondeståndet
715 1128 64 22 väckt
793 1127 111 28 petitions-

76 1155 79 27 förslag
176 1162 34 15 om
232 1155 138 28 förflyttande
393 1156 22 22 af
436 1156 147 27 biskopssätet
604 1156 47 22 från
670 1157 70 27 Borgå
756 1156 34 22 till
808 1156 95 26 Wiborg,

74 1184 76 26 gjorda
176 1184 114 27 afböjande
311 1184 80 27 förslag
413 1184 40 22 och
477 1185 100 21 omfattat
600 1187 31 19 ett
653 1185 90 21 sälunda
764 1184 140 22 formuleradt

76 1212 120 22 uttalande:
212 1214 32 20 att
259 1213 92 26 ständet,
371 1220 46 14 som
432 1213 48 21 icke
495 1213 40 21 har
550 1214 32 26 sig
597 1214 81 21 bekant
693 1215 31 20 att
739 1214 66 26 nägra
820 1214 84 20 väsent-

76 1240 43 27 liga
134 1241 76 21 hinder
224 1241 131 21 förekomma
370 1241 33 22 för
419 1242 157 26 biskopssätets
586 1242 179 27 äterförflyttning
775 1241 49 21 frän
834 1240 70 28 Borgä

76 1269 33 21 till
125 1269 94 28 Wiborg,
235 1276 62 15 anser
313 1270 70 21 denna
397 1269 136 28 förflyttning
547 1271 134 27 synnerligen
697 1270 116 26 önskvärd;

145 1299 32 20 att
199 1298 85 21 ständet
305 1298 96 27 godkänt
420 1299 108 21 allmänna
546 1299 204 21 besvärsutskottets
768 1298 136 22 betänkande

76 1332 34 15 n:0
122 1326 33 26 18,
166 1326 110 27 angående
285 1327 106 21 särskilda
401 1327 58 21 inom
469 1327 158 22 bondeståndet
637 1327 78 21 väckta
722 1326 182 28 petitionsförslag

76 1360 35 15 om
126 1354 150 22 förbättrande
291 1354 24 22 af
328 1355 130 27 sjukvärden
474 1356 13 20 &
502 1356 158 27 landsbygden
651 1350 13 37 ;

145 1384 33 20 att
204 1384 94 20 ständets
324 1384 107 21 elektorer
453 1384 33 21 till
509 1384 138 27 suppleanter
669 1384 7 21 i
696 1382 209 29 jernvägsutskottet

76 1413 117 25 yttermera
207 1413 69 20 utsett
290 1412 37 21 hrr
342 1412 96 21 Hällfors
453 1412 40 21 och
509 1412 138 27 Fredrikson;
663 1415 55 19 samt

146 1440 34 20 3:0
196 1440 46 21 från
258 1440 165 27 bondeståndet,
439 1441 49 21 med
503 1441 166 21 underrättelse:

145 1470 33 19 att
196 1468 85 22 ståndet
295 1468 96 28 godkänt
407 1469 172 21 statsutskottets
593 1470 128 20 hemställan
736 1476 33 14 om
785 1470 31 20 ett
831 1468 74 27 anslag

76 1496 23 20 af
112 1496 64 26 5,000
191 1497 60 21 mark
266 1496 22 22 åt
304 1496 161 28 Stenografiska
480 1497 130 27 föreningen,
622 1500 32 19 att
664 1498 85 26 påföras
759 1497 146 21 kostnaderna

76 1524 33 21 för
124 1524 141 22 innevarande
280 1525 112 27 landtdag;
