1081 1734
352 126 92 23 Borgarest.
456 126 46 19 1888.
527 126 21 19 26
561 126 49 23 April.
836 126 34 18 789

65 194 58 22 tulisi
143 194 98 27 myöskin
256 194 183 22 ruotsinkielisten
454 194 95 28 hyväksi,
565 196 69 20 mutta
649 195 44 20 kun
710 201 26 15 on
753 197 87 19 annettu
855 195 38 27 yk-

66 223 81 21 sistään
169 223 188 21 ruotsinkieliselle
378 223 102 21 väestölle
503 223 55 21 vielä
581 223 43 21 sitä
638 223 66 27 paitsi
721 222 23 24 '/s
759 223 56 21 koko
831 224 62 21 raha-

65 252 114 25 määrästä,
200 251 45 21 niin
260 258 22 14 se
298 257 27 15 on
340 251 50 21 ihan
406 252 94 21 liiallista
514 252 23 27 ja
551 258 74 14 menee
640 251 29 27 yli
685 251 102 21 kaikkien
802 252 91 20 kohtuu-

67 280 40 20 den
129 279 88 27 rajojen,
240 280 44 20 kun
306 280 56 21 vielä
384 280 74 21 lisäksi
480 281 58 20 ottaa
557 280 75 21 senkin
648 280 81 20 lukuun
745 281 42 20 että
803 280 90 20 Ruotsin

66 308 96 21 kansalle
185 308 136 21 testamentin
343 308 66 27 tekijä
431 309 59 21 antoi
512 308 72 27 paljon
602 310 111 19 enemmän
727 308 52 21 kuin
795 308 98 21 Suomen.

67 336 54 21 Mitä
142 336 58 21 tulee
221 336 40 21 hra
279 336 139 22 Rönnbäckin
436 337 164 26 ennustukseen,
617 338 45 20 että
676 336 58 28 kyllä
749 336 144 22 suomalainen

66 364 196 28 kirjallisuusseura
276 365 48 21 olisi
338 365 96 21 hakenut
450 372 60 20 apua,
524 366 34 26 jos
574 365 42 21 sitä
630 365 133 27 Längmanin
773 365 122 21 rahastosta

67 393 68 21 siihen
158 393 77 21 aikaan
258 393 47 21 olisi
328 393 54 21 ollut
405 395 121 25 saatavana,
545 394 45 21 niin
606 394 80 20 tahdon
701 394 81 26 lausua,
799 395 44 19 että
858 400 36 14 en-

67 423 77 20 nustaa
159 422 35 21 voi
209 422 58 21 kuka
281 422 90 21 tahansa
385 422 50 21 näin
448 422 136 27 jälestäpäin,
594 422 48 22 sillä
657 422 42 21 hän
714 422 34 21 voi
764 422 42 21 olla
820 428 74 15 varma

66 450 57 26 siitä,
140 451 52 20 ettei
206 451 70 20 hänen
291 453 153 19 ennnstustaan
460 453 52 19 enää
527 451 35 21 voi
577 451 126 21 todellisuus
718 451 94 21 kumota.
835 450 59 21 Minä

68 479 83 26 epäilen
175 480 45 20 että
242 479 47 21 sillä
312 485 27 15 on
357 479 81 21 mitään
453 479 137 27 tosiperäistä
605 479 85 28 pohjaa,
704 479 23 27 ja
742 479 82 27 epäilen
838 479 56 20 vielä

68 509 111 19 enemmän
201 509 45 20 että
267 507 40 21 hra
329 508 117 21 Rönnbäck
468 508 47 21 olisi
538 508 139 27 puolustanut
699 514 54 15 avun
773 508 120 24 antamista,

66 535 34 28 jos
115 536 42 21 sitä
172 536 70 21 silloin
259 536 47 21 olisi
321 536 109 27 pyydetty.
460 536 46 21 Hra
520 536 118 21 Rönnbäck
654 536 70 22 silloin
739 537 56 21 tosin
811 536 20 21 ei
846 536 47 21 olisi

68 565 74 20 voinut
163 565 44 21 olla
229 564 48 21 siitä
299 566 152 25 päättämässä,
467 567 69 19 mutta
550 571 33 20 ne,
597 565 63 27 jotka
675 566 49 20 ovat
739 565 88 21 samalla
842 565 52 20 kan-

67 593 58 21 nalla
146 593 53 21 kuin
222 593 47 26 hän,
293 593 57 21 eivät
371 593 158 22 varmaankaan
548 593 72 22 silloin
635 593 48 21 olisi
699 595 100 19 antaneet
813 593 81 21 mitään

67 627 57 21 apua
139 621 140 22 suomalaisen
294 621 262 28 kirjallisuudenseuralle.

137 650 32 21 Hr
192 650 191 27 Schybergson:
406 650 65 21 Emot
492 651 26 20 hr
541 650 87 27 Elvings
650 649 137 28 formulering
803 650 39 21 har
858 655 36 16 an-

68 678 88 26 märkts,
180 679 32 20 att
234 679 40 20 den
297 678 68 21 skulle
387 678 51 24 afse,
457 680 31 19 att
503 679 71 21 lemna
589 678 85 22 ständet
689 680 67 25 vägen
771 680 75 25 öppen,
862 679 32 20 att

69 706 7 21 i
97 708 90 19 motsats
201 708 46 19 mot
261 707 241 27 landtdagsordningens
517 707 151 22 bestämmelse
684 707 77 26 derom,
778 709 31 19 att
824 706 71 21 beslut

69 735 47 20 icke
138 734 23 22 fä
183 735 35 21 vid
233 735 106 28 justering
355 735 83 26 ändras,
454 736 7 20 i
476 736 94 21 beslutet
585 736 7 21 i
608 735 69 22 denna
692 735 60 27 fräga
767 735 86 27 vidtaga
868 741 26 14 en

68 763 66 21 sädan
158 763 95 28 ändring.
283 763 66 22 Detta
370 764 40 21 har
432 763 54 22 dock
509 764 116 27 ingalunda
646 763 56 22 varit
723 763 98 27 afsigten,
842 765 52 19 utan

68 793 99 25 tvärtom,
183 793 32 20 att
230 792 95 21 ständets
340 792 77 27 beslut,
434 793 70 20 sävidt
518 793 90 26 möjligt,
624 792 69 21 skulle
709 791 66 22 blifva
789 791 105 28 gällande.

68 819 50 22 Men
134 820 70 21 sävidt
219 820 7 21 i
241 821 291 28 sammanjemkningsväg
516 815 14 38 —
548 821 40 21 och
604 821 60 21 detta
680 823 23 18 är
716 821 23 26 ju
754 827 25 14 en
790 822 47 25 väg,
849 826 45 15 som

68 848 145 28 uttryckligen
234 849 8 21 i
264 849 230 28 landtdagsordningen
517 849 85 22 anvisas
619 861 25 4 —
660 855 27 15 en
709 849 146 21 modifikation
874 848 23 22 af

68 877 97 21 ständets
184 877 71 21 beslut
269 878 43 21 kan
327 878 45 21 visa
387 878 32 27 sig
434 878 23 21 af
470 878 76 26 nöden,
562 878 130 21 förbehäller
707 878 31 27 sig
753 878 90 25 ständet,
859 883 36 15 en-

68 905 40 28 ligt
122 906 26 20 hr
163 906 88 27 Elvings
265 906 145 27 formulering,
426 908 33 20 att
474 906 50 28 sjelf
537 907 97 25 bedöma,
650 906 87 22 hvilken
748 905 147 22 modifikation

68 934 44 21 kan
126 934 114 26 erfordras,
256 934 39 22 och
311 934 68 22 afstär
393 934 47 22 icke
456 935 22 21 ät
488 935 107 21 utskottet
606 937 50 24 rätt,
673 936 37 24 att,
723 935 48 21 med
781 934 114 28 styckning

69 962 23 22 af
113 962 96 22 ständets
231 963 76 27 beslut,
326 963 63 21 derur
404 965 51 25 taga
470 964 81 21 sädana
566 964 65 25 delar,
648 969 46 15 som
709 963 98 28 möjligen
822 963 73 21 kunna

68 996 63 22 passa
153 991 52 27 ihop
227 991 48 21 med
293 992 26 20 de
335 992 68 26 öfriga
418 992 102 21 ständens
535 992 77 26 beslut,
628 998 49 15 men
692 992 95 21 deremot
801 991 94 21 utesluta

69 1019 74 21 andra.
168 1020 42 26 Jag
225 1020 42 21 kan
283 1020 90 21 sälunda
388 1020 48 21 icke
451 1020 63 26 finna,
531 1022 32 20 att
578 1020 26 21 hr
619 1020 88 27 Elvings
722 1020 78 27 förslag
815 1020 28 26 pä
858 1019 37 21 nä-

68 1049 37 25 got
127 1049 44 20 sätt
193 1048 77 21 strider
288 1050 57 20 emot
359 1048 235 28 landtdagsordningen
610 1049 51 21 eller
676 1048 40 22 alls
730 1048 39 22 har
783 1048 66 27 nägot
863 1048 33 20 att

69 1076 68 21 skaffa
159 1076 50 21 med
231 1076 40 22 den
289 1076 104 28 paragraf
408 1078 8 20 i
431 1077 237 28 landtdagsordningen,
685 1083 44 15 som
744 1077 55 21 talar
815 1082 34 16 om
861 1076 34 27 ju-

69 1105 87 27 stering.
187 1105 41 27 Jag
244 1104 85 22 förenar
343 1106 44 27 mig
402 1106 7 20 i
424 1106 43 21 allo
483 1112 35 15 om
532 1106 26 21 hr
573 1106 87 27 Elvings
676 1105 87 28 förslag.

139 1133 31 21 Hr
188 1133 113 28 Löfgren
320 1134 99 21 biträdde
436 1134 37 21 det
489 1134 23 22 af
526 1134 25 21 hr
566 1135 99 27 Högman
680 1134 73 27 gjorda
768 1133 127 21 uttalandet.

138 1162 32 20 Hr
185 1162 148 22 Wasenius:
349 1162 10 21 I
374 1162 68 22 likhet
456 1163 48 21 med
520 1163 37 21 hrr
568 1163 83 27 Elving,
662 1162 55 22 Lille
727 1162 39 22 och
777 1162 118 27 Schyberg-

69 1196 39 15 son
122 1190 38 21 vill
173 1190 38 28 jag
226 1190 33 22 för
274 1191 44 21 min
333 1191 35 21 del
382 1191 115 27 godkänna
512 1191 42 21 den
570 1191 22 21 af
606 1191 105 21 utskottet
723 1191 120 26 föreslagna
853 1189 43 22 för-

69 1218 114 28 delningen
202 1218 23 22 af
241 1219 26 21 de
282 1219 121 27 disponibla
418 1220 141 21 vinstmedlen
575 1220 7 20 i
597 1220 150 26 Längmanska
761 1220 135 20 testaments-

68 1246 80 22 fonden
170 1247 39 21 och
232 1248 73 20 dervid
324 1247 57 22 fästa
396 1248 36 21 det
448 1248 24 21 af
484 1248 26 21 hr
525 1248 77 26 Elving
616 1248 75 27 gjorda
707 1247 133 26 förbehället,
857 1247 39 21 och

68 1275 42 21 kan
130 1276 39 27 jag
191 1275 34 22 för
247 1276 42 21 min
311 1276 40 27 del,
368 1276 66 22 innan
446 1277 37 27 jag
498 1277 83 21 lemnar
596 1276 67 26 ordet,
679 1276 46 22 icke
741 1278 64 19 annat
820 1278 27 18 än
862 1276 35 20 ut-

69 1304 50 26 tala,
135 1306 34 19 att
184 1305 37 21 det
235 1305 39 21 har
288 1305 56 27 gjort
359 1305 43 28 mig
418 1306 58 25 ondt,
493 1307 32 20 att
540 1305 7 21 i
563 1305 59 22 detta
637 1305 136 21 betänkande
788 1304 61 27 ingär
864 1310 33 15 re-

69 1333 136 21 servationen
220 1339 34 15 n:o
270 1333 19 21 2.

138 1361 32 21 Hr
185 1361 150 22 Rönnbäck:
359 1362 41 27 Jag
415 1362 38 21 vill
468 1364 109 24 gentemot
592 1362 26 21 hr
633 1362 108 27 Högmans
757 1362 52 21 sista
824 1360 73 22 invek-

68 1389 31 21 tiv
121 1391 45 20 mot
188 1390 55 26 dem,
266 1396 45 15 som
333 1390 58 27 hylla
412 1390 86 27 äsigter,
515 1391 72 20 hvilka
602 1391 46 21 icke
664 1391 33 21 stä
712 1391 7 20 i
734 1390 163 21 öfverensstäm-

68 1417 65 22 melse
154 1418 49 21 med
218 1419 59 25 hans,
293 1418 90 27 päpeka,
399 1420 33 19 att
447 1419 43 21 han
505 1419 47 21 icke
567 1419 82 21 kunnat
665 1419 79 26 bevisa,
761 1420 31 20 att
805 1418 37 27 jag
858 1417 39 26 och

68 1446 48 21 med
131 1447 44 26 mig
191 1447 44 20 lika
251 1447 108 21 tänkande
374 1447 70 21 skulle
459 1449 67 25 vägra
541 1447 22 22 ät
578 1447 70 27 nägon
663 1447 55 22 finsk
733 1446 122 23 institution
865 1445 32 22 fö-

68 1475 93 26 reslaget
175 1475 75 28 anslag
265 1475 54 26 frän,
335 1481 50 15 vare
401 1475 32 27 sig
449 1476 41 21 den
506 1482 40 15 ena
560 1476 52 21 eller
628 1476 67 21 andra
709 1475 84 27 fonden,
805 1475 23 20 sä
839 1476 59 20 snart

68 1503 70 21 denna
153 1503 119 22 institution
287 1504 56 21 visat
358 1504 32 26 sig
405 1510 53 15 vara
472 1504 34 21 för
521 1504 141 21 fosterlandet
676 1504 103 27 gagnelig.
802 1503 42 28 Jag
860 1503 38 21 ber

68 1531 78 21 honom
169 1532 70 21 erinra
261 1532 38 26 sig,
323 1534 32 19 att
375 1532 38 27 jag
428 1532 76 27 aldrig,
520 1533 95 21 hvarken
631 1539 28 15 nu
674 1533 52 21 eller
740 1533 35 21 vid
792 1532 55 21 1885
863 1531 34 21 års

805 1583 22 19 51
