<?xml version="1.0" encoding="UTF-8"?>
<alto xmlns="http://www.loc.gov/standards/alto/ns-v3#" xmlns:xlink="http://www.w3.org/1999/xlink" xmlns:xsi="http://www.w3.org/2001/XMLSchema-instance" xsi:schemaLocation="http://www.loc.gov/standards/alto/ns-v3# http://www.loc.gov/alto/v3/alto-3-0.xsd">
	<Description>
		<MeasurementUnit>pixel</MeasurementUnit>
		<sourceImageInformation>
			<fileName>/tmp/tess_g_1piy86_input.PNG</fileName>
		</sourceImageInformation>
		<OCRProcessing ID="OCR_0">
			<ocrProcessingStep>
				<processingSoftware>
					<softwareName>tesseract 5.3.4</softwareName>
				</processingSoftware>
			</ocrProcessingStep>
		</OCRProcessing>
	</Description>
	<Layout>
		<Page WIDTH="1081" HEIGHT="1736" PHYSICAL_IMG_NR="0" ID="page_0">
			<PrintSpace HPOS="0" VPOS="0" WIDTH="1081" HEIGHT="1736">
				<ComposedBlock ID="cblock_0" HPOS="209" VPOS="128" WIDTH="523" HEIGHT="25">
					<TextBlock ID="block_0" HPOS="209" VPOS="128" WIDTH="523" HEIGHT="25">
						<TextLine ID="line_0" HPOS="209" VPOS="128" WIDTH="523" HEIGHT="25">
							<String ID="string_0" HPOS="209" VPOS="128" WIDTH="33" HEIGHT="17" WC="0.96" CONTENT="794"/><SP WIDTH="231" VPOS="128" HPOS="242"/>
							<String ID="string_1" HPOS="473" VPOS="130" WIDTH="92" HEIGHT="22" WC="0.92" CONTENT="Borgarest."/><SP WIDTH="13" VPOS="130" HPOS="565"/>
							<String ID="string_2" HPOS="578" VPOS="130" WIDTH="47" HEIGHT="19" WC="0.95" CONTENT="1888."/><SP WIDTH="24" VPOS="130" HPOS="625"/>
							<String ID="string_3" HPOS="649" VPOS="130" WIDTH="21" HEIGHT="19" WC="0.93" CONTENT="26"/><SP WIDTH="12" VPOS="130" HPOS="670"/>
							<String ID="string_4" HPOS="682" VPOS="130" WIDTH="50" HEIGHT="23" WC="0.93" CONTENT="April."/>
						</TextLine>
					</TextBlock>
				</ComposedBlock>
				<ComposedBlock ID="cblock_1" HPOS="179" VPOS="197" WIDTH="833" HEIGHT="1251">
					<TextBlock ID="block_1" HPOS="183" VPOS="197" WIDTH="829" HEIGHT="680">
						<TextLine ID="line_1" HPOS="186" VPOS="197" WIDTH="825" HEIGHT="30">
							<String ID="string_5" HPOS="186" VPOS="197" WIDTH="75" HEIGHT="21" WC="0.96" CONTENT="sådant"/><SP WIDTH="11" VPOS="197" HPOS="261"/>
							<String ID="string_6" HPOS="272" VPOS="198" WIDTH="84" HEIGHT="26" WC="0.95" CONTENT="ärende,"/><SP WIDTH="13" VPOS="198" HPOS="356"/>
							<String ID="string_7" HPOS="369" VPOS="204" WIDTH="45" HEIGHT="16" WC="0.96" CONTENT="som"/><SP WIDTH="11" VPOS="204" HPOS="414"/>
							<String ID="string_8" HPOS="425" VPOS="199" WIDTH="64" HEIGHT="26" WC="0.96" CONTENT="detta,"/><SP WIDTH="13" VPOS="199" HPOS="489"/>
							<String ID="string_9" HPOS="502" VPOS="199" WIDTH="121" HEIGHT="28" WC="0.96" CONTENT="egentligen"/><SP WIDTH="8" VPOS="199" HPOS="623"/>
							<String ID="string_10" HPOS="631" VPOS="200" WIDTH="72" HEIGHT="20" WC="0.93" CONTENT="tillhör"/><SP WIDTH="9" VPOS="200" HPOS="703"/>
							<String ID="string_11" HPOS="712" VPOS="200" WIDTH="211" HEIGHT="21" WC="0.91" CONTENT="ekonomiutskottet."/><SP WIDTH="23" VPOS="200" HPOS="923"/>
							<String ID="string_12" HPOS="946" VPOS="200" WIDTH="65" HEIGHT="21" WC="0.93" CONTENT="Para-"/>
						</TextLine>
						<TextLine ID="line_2" HPOS="186" VPOS="224" WIDTH="825" HEIGHT="30">
							<String ID="string_13" HPOS="186" VPOS="224" WIDTH="74" HEIGHT="28" WC="0.96" CONTENT="grafen"/><SP WIDTH="22" VPOS="224" HPOS="260"/>
							<String ID="string_14" HPOS="282" VPOS="226" WIDTH="60" HEIGHT="27" WC="0.93" CONTENT="lyder"/><SP WIDTH="22" VPOS="226" HPOS="342"/>
							<String ID="string_15" HPOS="364" VPOS="227" WIDTH="115" HEIGHT="27" WC="0.91" CONTENT="nemligen:"/><SP WIDTH="39" VPOS="227" HPOS="479"/>
							<String ID="string_16" HPOS="518" VPOS="228" WIDTH="52" HEIGHT="26" WC="0.80" CONTENT=",Till"/><SP WIDTH="20" VPOS="228" HPOS="570"/>
							<String ID="string_17" HPOS="590" VPOS="228" WIDTH="206" HEIGHT="22" WC="0.92" CONTENT="ekonomiutskottet"/><SP WIDTH="18" VPOS="228" HPOS="796"/>
							<String ID="string_18" HPOS="814" VPOS="228" WIDTH="100" HEIGHT="22" WC="0.96" CONTENT="hänvisas"/><SP WIDTH="20" VPOS="228" HPOS="914"/>
							<String ID="string_19" HPOS="934" VPOS="229" WIDTH="26" HEIGHT="21" WC="0.96" CONTENT="de"/><SP WIDTH="18" VPOS="229" HPOS="960"/>
							<String ID="string_20" HPOS="978" VPOS="228" WIDTH="33" HEIGHT="22" WC="0.96" CONTENT="till"/>
						</TextLine>
						<TextLine ID="line_3" HPOS="186" VPOS="253" WIDTH="825" HEIGHT="31">
							<String ID="string_21" HPOS="186" VPOS="253" WIDTH="101" HEIGHT="23" WC="0.91" CONTENT="ståndens"/><SP WIDTH="19" VPOS="253" HPOS="287"/>
							<String ID="string_22" HPOS="306" VPOS="255" WIDTH="157" HEIGHT="27" WC="0.96" CONTENT="handläggning"/><SP WIDTH="19" VPOS="255" HPOS="463"/>
							<String ID="string_23" HPOS="482" VPOS="256" WIDTH="38" HEIGHT="21" WC="0.96" CONTENT="och"/><SP WIDTH="19" VPOS="256" HPOS="520"/>
							<String ID="string_24" HPOS="539" VPOS="256" WIDTH="112" HEIGHT="22" WC="0.96" CONTENT="utlåtande"/><SP WIDTH="19" VPOS="256" HPOS="651"/>
							<String ID="string_25" HPOS="670" VPOS="257" WIDTH="100" HEIGHT="21" WC="0.96" CONTENT="inkomna"/><SP WIDTH="18" VPOS="257" HPOS="770"/>
							<String ID="string_26" HPOS="788" VPOS="256" WIDTH="86" HEIGHT="28" WC="0.96" CONTENT="förslag,"/><SP WIDTH="20" VPOS="256" HPOS="874"/>
							<String ID="string_27" HPOS="894" VPOS="263" WIDTH="44" HEIGHT="15" WC="0.92" CONTENT="som"/><SP WIDTH="20" VPOS="263" HPOS="938"/>
							<String ID="string_28" HPOS="958" VPOS="257" WIDTH="53" HEIGHT="27" WC="0.92" CONTENT="angå"/>
						</TextLine>
						<TextLine ID="line_4" HPOS="185" VPOS="282" WIDTH="827" HEIGHT="29">
							<String ID="string_29" HPOS="185" VPOS="282" WIDTH="83" HEIGHT="21" WC="0.96" CONTENT="landets"/><SP WIDTH="20" VPOS="282" HPOS="268"/>
							<String ID="string_30" HPOS="288" VPOS="284" WIDTH="107" HEIGHT="21" WC="0.96" CONTENT="allmänna"/><SP WIDTH="17" VPOS="284" HPOS="395"/>
							<String ID="string_31" HPOS="412" VPOS="284" WIDTH="137" HEIGHT="27" WC="0.95" CONTENT="hushållning"/><SP WIDTH="19" VPOS="284" HPOS="549"/>
							<String ID="string_32" HPOS="568" VPOS="285" WIDTH="51" HEIGHT="20" WC="0.92" CONTENT="eller"/><SP WIDTH="20" VPOS="285" HPOS="619"/>
							<String ID="string_33" HPOS="639" VPOS="285" WIDTH="70" HEIGHT="20" WC="0.92" CONTENT="dertill"/><SP WIDTH="15" VPOS="285" HPOS="709"/>
							<String ID="string_34" HPOS="724" VPOS="285" WIDTH="95" HEIGHT="20" WC="0.96" CONTENT="hörande"/><SP WIDTH="15" VPOS="285" HPOS="819"/>
							<String ID="string_35" HPOS="834" VPOS="285" WIDTH="140" HEIGHT="26" WC="0.96" CONTENT="inrättningar"/><SP WIDTH="15" VPOS="285" HPOS="974"/>
							<String ID="string_36" HPOS="989" VPOS="285" WIDTH="23" HEIGHT="21" WC="0.96" CONTENT="af"/>
						</TextLine>
						<TextLine ID="line_5" HPOS="186" VPOS="310" WIDTH="825" HEIGHT="31">
							<String ID="string_37" HPOS="186" VPOS="310" WIDTH="42" HEIGHT="21" WC="0.96" CONTENT="alla"/><SP WIDTH="15" VPOS="310" HPOS="228"/>
							<String ID="string_38" HPOS="243" VPOS="311" WIDTH="46" HEIGHT="27" WC="0.96" CONTENT="slag"/><SP WIDTH="15" VPOS="311" HPOS="289"/>
							<String ID="string_39" HPOS="304" VPOS="314" WIDTH="55" HEIGHT="19" WC="0.96" CONTENT="samt"/><SP WIDTH="15" VPOS="314" HPOS="359"/>
							<String ID="string_40" HPOS="374" VPOS="313" WIDTH="96" HEIGHT="27" WC="0.96" CONTENT="ändring,"/><SP WIDTH="15" VPOS="313" HPOS="470"/>
							<String ID="string_41" HPOS="485" VPOS="313" WIDTH="120" HEIGHT="28" WC="0.96" CONTENT="förklaring"/><SP WIDTH="16" VPOS="313" HPOS="605"/>
							<String ID="string_42" HPOS="621" VPOS="313" WIDTH="52" HEIGHT="21" WC="0.93" CONTENT="eller"/><SP WIDTH="15" VPOS="313" HPOS="673"/>
							<String ID="string_43" HPOS="688" VPOS="313" WIDTH="150" HEIGHT="27" WC="0.91" CONTENT="upphäfvande"/><SP WIDTH="15" VPOS="313" HPOS="838"/>
							<String ID="string_44" HPOS="853" VPOS="313" WIDTH="23" HEIGHT="22" WC="0.93" CONTENT="af"/><SP WIDTH="9" VPOS="313" HPOS="876"/>
							<String ID="string_45" HPOS="885" VPOS="314" WIDTH="126" HEIGHT="21" WC="0.92" CONTENT="dithörande"/>
						</TextLine>
						<TextLine ID="line_6" HPOS="184" VPOS="339" WIDTH="827" HEIGHT="29">
							<String ID="string_46" HPOS="184" VPOS="339" WIDTH="148" HEIGHT="28" WC="0.96" CONTENT="förordningar"/><SP WIDTH="19" VPOS="339" HPOS="332"/>
							<String ID="string_47" HPOS="351" VPOS="341" WIDTH="39" HEIGHT="21" WC="0.96" CONTENT="och"/><SP WIDTH="19" VPOS="341" HPOS="390"/>
							<String ID="string_48" HPOS="409" VPOS="342" WIDTH="148" HEIGHT="25" WC="0.87" CONTENT="stadganden&quot;."/><SP WIDTH="34" VPOS="342" HPOS="557"/>
							<String ID="string_49" HPOS="591" VPOS="342" WIDTH="42" HEIGHT="26" WC="0.96" CONTENT="Jag"/><SP WIDTH="18" VPOS="342" HPOS="633"/>
							<String ID="string_50" HPOS="651" VPOS="342" WIDTH="42" HEIGHT="21" WC="0.96" CONTENT="kan"/><SP WIDTH="19" VPOS="342" HPOS="693"/>
							<String ID="string_51" HPOS="712" VPOS="342" WIDTH="47" HEIGHT="21" WC="0.96" CONTENT="icke"/><SP WIDTH="19" VPOS="342" HPOS="759"/>
							<String ID="string_52" HPOS="778" VPOS="348" WIDTH="50" HEIGHT="15" WC="0.96" CONTENT="anse"/><SP WIDTH="20" VPOS="348" HPOS="828"/>
							<String ID="string_53" HPOS="848" VPOS="344" WIDTH="70" HEIGHT="24" WC="0.96" CONTENT="annat,"/><SP WIDTH="20" VPOS="344" HPOS="918"/>
							<String ID="string_54" HPOS="938" VPOS="344" WIDTH="26" HEIGHT="19" WC="0.96" CONTENT="än"/><SP WIDTH="15" VPOS="344" HPOS="964"/>
							<String ID="string_55" HPOS="979" VPOS="343" WIDTH="32" HEIGHT="20" WC="0.96" CONTENT="att"/>
						</TextLine>
						<TextLine ID="line_7" HPOS="186" VPOS="367" WIDTH="824" HEIGHT="29">
							<String ID="string_56" HPOS="186" VPOS="367" WIDTH="83" HEIGHT="22" WC="0.93" CONTENT="landets"/><SP WIDTH="15" VPOS="367" HPOS="269"/>
							<String ID="string_57" HPOS="284" VPOS="369" WIDTH="101" HEIGHT="21" WC="0.92" CONTENT="kartverk"/><SP WIDTH="15" VPOS="369" HPOS="385"/>
							<String ID="string_58" HPOS="400" VPOS="369" WIDTH="39" HEIGHT="22" WC="0.96" CONTENT="hör"/><SP WIDTH="14" VPOS="369" HPOS="439"/>
							<String ID="string_59" HPOS="453" VPOS="370" WIDTH="68" HEIGHT="21" WC="0.96" CONTENT="under"/><SP WIDTH="15" VPOS="370" HPOS="521"/>
							<String ID="string_60" HPOS="536" VPOS="377" WIDTH="26" HEIGHT="14" WC="0.96" CONTENT="en"/><SP WIDTH="15" VPOS="377" HPOS="562"/>
							<String ID="string_61" HPOS="577" VPOS="371" WIDTH="128" HEIGHT="25" WC="0.93" CONTENT="institution,"/><SP WIDTH="17" VPOS="371" HPOS="705"/>
							<String ID="string_62" HPOS="722" VPOS="370" WIDTH="165" HEIGHT="26" WC="0.90" CONTENT="landtmäteriet,"/><SP WIDTH="17" VPOS="370" HPOS="887"/>
							<String ID="string_63" HPOS="904" VPOS="377" WIDTH="44" HEIGHT="15" WC="0.96" CONTENT="som"/><SP WIDTH="16" VPOS="377" HPOS="948"/>
							<String ID="string_64" HPOS="964" VPOS="371" WIDTH="46" HEIGHT="20" WC="0.96" CONTENT="åter"/>
						</TextLine>
						<TextLine ID="line_8" HPOS="185" VPOS="396" WIDTH="824" HEIGHT="29">
							<String ID="string_65" HPOS="185" VPOS="396" WIDTH="13" HEIGHT="20" WC="0.93" CONTENT="å"/><SP WIDTH="22" VPOS="396" HPOS="198"/>
							<String ID="string_66" HPOS="220" VPOS="397" WIDTH="32" HEIGHT="20" WC="0.96" CONTENT="sin"/><SP WIDTH="23" VPOS="397" HPOS="252"/>
							<String ID="string_67" HPOS="275" VPOS="397" WIDTH="46" HEIGHT="21" WC="0.96" CONTENT="sida"/><SP WIDTH="23" VPOS="397" HPOS="321"/>
							<String ID="string_68" HPOS="344" VPOS="399" WIDTH="65" HEIGHT="26" WC="0.96" CONTENT="angår"/><SP WIDTH="23" VPOS="399" HPOS="409"/>
							<String ID="string_69" HPOS="432" VPOS="399" WIDTH="83" HEIGHT="20" WC="0.96" CONTENT="landets"/><SP WIDTH="19" VPOS="399" HPOS="515"/>
							<String ID="string_70" HPOS="534" VPOS="399" WIDTH="107" HEIGHT="21" WC="0.96" CONTENT="allmänna"/><SP WIDTH="18" VPOS="399" HPOS="641"/>
							<String ID="string_71" HPOS="659" VPOS="399" WIDTH="136" HEIGHT="26" WC="0.96" CONTENT="hushållning"/><SP WIDTH="19" VPOS="399" HPOS="795"/>
							<String ID="string_72" HPOS="814" VPOS="399" WIDTH="40" HEIGHT="21" WC="0.96" CONTENT="och"/><SP WIDTH="19" VPOS="399" HPOS="854"/>
							<String ID="string_73" HPOS="873" VPOS="399" WIDTH="39" HEIGHT="21" WC="0.94" CONTENT="hör"/><SP WIDTH="19" VPOS="399" HPOS="912"/>
							<String ID="string_74" HPOS="931" VPOS="399" WIDTH="32" HEIGHT="21" WC="0.95" CONTENT="till"/><SP WIDTH="21" VPOS="399" HPOS="963"/>
							<String ID="string_75" HPOS="984" VPOS="399" WIDTH="25" HEIGHT="21" WC="0.94" CONTENT="de"/>
						</TextLine>
						<TextLine ID="line_9" HPOS="185" VPOS="425" WIDTH="825" HEIGHT="29">
							<String ID="string_76" HPOS="185" VPOS="425" WIDTH="148" HEIGHT="28" WC="0.96" CONTENT="inrättningar,"/><SP WIDTH="16" VPOS="425" HPOS="333"/>
							<String ID="string_77" HPOS="349" VPOS="433" WIDTH="44" HEIGHT="14" WC="0.96" CONTENT="som"/><SP WIDTH="16" VPOS="433" HPOS="393"/>
							<String ID="string_78" HPOS="409" VPOS="427" WIDTH="90" HEIGHT="21" WC="0.96" CONTENT="hänföra"/><SP WIDTH="16" VPOS="427" HPOS="499"/>
							<String ID="string_79" HPOS="515" VPOS="427" WIDTH="31" HEIGHT="26" WC="0.96" CONTENT="sig"/><SP WIDTH="15" VPOS="427" HPOS="546"/>
							<String ID="string_80" HPOS="561" VPOS="428" WIDTH="34" HEIGHT="20" WC="0.96" CONTENT="till"/><SP WIDTH="16" VPOS="428" HPOS="595"/>
							<String ID="string_81" HPOS="611" VPOS="428" WIDTH="74" HEIGHT="21" WC="0.96" CONTENT="denna."/><SP WIDTH="31" VPOS="428" HPOS="685"/>
							<String ID="string_82" HPOS="716" VPOS="427" WIDTH="42" HEIGHT="21" WC="0.93" CONTENT="Det"/><SP WIDTH="14" VPOS="427" HPOS="758"/>
							<String ID="string_83" HPOS="772" VPOS="433" WIDTH="38" HEIGHT="15" WC="0.95" CONTENT="var"/><SP WIDTH="15" VPOS="433" HPOS="810"/>
							<String ID="string_84" HPOS="825" VPOS="427" WIDTH="62" HEIGHT="21" WC="0.96" CONTENT="äfven"/><SP WIDTH="16" VPOS="427" HPOS="887"/>
							<String ID="string_85" HPOS="903" VPOS="427" WIDTH="27" HEIGHT="27" WC="0.96" CONTENT="på"/><SP WIDTH="10" VPOS="427" HPOS="930"/>
							<String ID="string_86" HPOS="940" VPOS="428" WIDTH="70" HEIGHT="20" WC="0.96" CONTENT="denna"/>
						</TextLine>
						<TextLine ID="line_10" HPOS="184" VPOS="454" WIDTH="825" HEIGHT="27">
							<String ID="string_87" HPOS="184" VPOS="454" WIDTH="75" HEIGHT="25" WC="0.96" CONTENT="grund,"/><SP WIDTH="20" VPOS="454" HPOS="259"/>
							<String ID="string_88" HPOS="279" VPOS="460" WIDTH="44" HEIGHT="15" WC="0.93" CONTENT="som"/><SP WIDTH="20" VPOS="460" HPOS="323"/>
							<String ID="string_89" HPOS="343" VPOS="455" WIDTH="117" HEIGHT="26" WC="0.93" CONTENT="petitionen"/><SP WIDTH="19" VPOS="455" HPOS="460"/>
							<String ID="string_90" HPOS="479" VPOS="455" WIDTH="45" HEIGHT="22" WC="0.96" CONTENT="blef"/><SP WIDTH="17" VPOS="455" HPOS="524"/>
							<String ID="string_91" HPOS="541" VPOS="455" WIDTH="24" HEIGHT="22" WC="0.96" CONTENT="af"/><SP WIDTH="18" VPOS="455" HPOS="565"/>
							<String ID="string_92" HPOS="583" VPOS="456" WIDTH="84" HEIGHT="21" WC="0.96" CONTENT="ståndet"/><SP WIDTH="18" VPOS="456" HPOS="667"/>
							<String ID="string_93" HPOS="685" VPOS="456" WIDTH="124" HEIGHT="21" WC="0.96" CONTENT="remitterad"/><SP WIDTH="18" VPOS="456" HPOS="809"/>
							<String ID="string_94" HPOS="827" VPOS="456" WIDTH="32" HEIGHT="21" WC="0.93" CONTENT="till"/><SP WIDTH="19" VPOS="456" HPOS="859"/>
							<String ID="string_95" HPOS="878" VPOS="456" WIDTH="131" HEIGHT="21" WC="0.91" CONTENT="ekonomiut-"/>
						</TextLine>
						<TextLine ID="line_11" HPOS="185" VPOS="481" WIDTH="823" HEIGHT="30">
							<String ID="string_96" HPOS="185" VPOS="481" WIDTH="86" HEIGHT="22" WC="0.96" CONTENT="skottet."/><SP WIDTH="32" VPOS="481" HPOS="271"/>
							<String ID="string_97" HPOS="303" VPOS="483" WIDTH="42" HEIGHT="21" WC="0.95" CONTENT="Der"/><SP WIDTH="15" VPOS="483" HPOS="345"/>
							<String ID="string_98" HPOS="360" VPOS="483" WIDTH="39" HEIGHT="22" WC="0.96" CONTENT="har"/><SP WIDTH="16" VPOS="483" HPOS="399"/>
							<String ID="string_99" HPOS="415" VPOS="484" WIDTH="39" HEIGHT="21" WC="0.96" CONTENT="den"/><SP WIDTH="16" VPOS="484" HPOS="454"/>
							<String ID="string_100" HPOS="470" VPOS="484" WIDTH="57" HEIGHT="27" WC="0.96" CONTENT="legat"/><SP WIDTH="15" VPOS="484" HPOS="527"/>
							<String ID="string_101" HPOS="542" VPOS="485" WIDTH="7" HEIGHT="20" WC="0.97" CONTENT="i"/><SP WIDTH="16" VPOS="485" HPOS="549"/>
							<String ID="string_102" HPOS="565" VPOS="485" WIDTH="116" HEIGHT="21" WC="0.96" CONTENT="utskottets"/><SP WIDTH="15" VPOS="485" HPOS="681"/>
							<String ID="string_103" HPOS="696" VPOS="487" WIDTH="97" HEIGHT="24" WC="0.96" CONTENT="gömmor"/><SP WIDTH="15" VPOS="487" HPOS="793"/>
							<String ID="string_104" HPOS="808" VPOS="484" WIDTH="33" HEIGHT="21" WC="0.96" CONTENT="till"/><SP WIDTH="15" VPOS="484" HPOS="841"/>
							<String ID="string_105" HPOS="856" VPOS="485" WIDTH="52" HEIGHT="20" WC="0.96" CONTENT="sista"/><SP WIDTH="11" VPOS="485" HPOS="908"/>
							<String ID="string_106" HPOS="919" VPOS="485" WIDTH="89" HEIGHT="20" WC="0.95" CONTENT="stunden"/>
						</TextLine>
						<TextLine ID="line_12" HPOS="186" VPOS="509" WIDTH="823" HEIGHT="30">
							<String ID="string_107" HPOS="186" VPOS="509" WIDTH="23" HEIGHT="22" WC="0.93" CONTENT="af"/><SP WIDTH="21" VPOS="509" HPOS="209"/>
							<String ID="string_108" HPOS="230" VPOS="511" WIDTH="135" HEIGHT="27" WC="0.92" CONTENT="landtdagen,"/><SP WIDTH="22" VPOS="511" HPOS="365"/>
							<String ID="string_109" HPOS="387" VPOS="513" WIDTH="39" HEIGHT="20" WC="0.96" CONTENT="och"/><SP WIDTH="23" VPOS="513" HPOS="426"/>
							<String ID="string_110" HPOS="449" VPOS="519" WIDTH="29" HEIGHT="14" WC="0.96" CONTENT="nu"/><SP WIDTH="22" VPOS="519" HPOS="478"/>
							<String ID="string_111" HPOS="500" VPOS="512" WIDTH="55" HEIGHT="22" WC="0.95" CONTENT="först"/><SP WIDTH="22" VPOS="512" HPOS="555"/>
							<String ID="string_112" HPOS="577" VPOS="513" WIDTH="67" HEIGHT="21" WC="0.93" CONTENT="finner"/><SP WIDTH="22" VPOS="513" HPOS="644"/>
							<String ID="string_113" HPOS="666" VPOS="513" WIDTH="106" HEIGHT="21" WC="0.93" CONTENT="utskottet"/><SP WIDTH="18" VPOS="513" HPOS="772"/>
							<String ID="string_114" HPOS="790" VPOS="513" WIDTH="74" HEIGHT="26" WC="0.93" CONTENT="nödigt"/><SP WIDTH="21" VPOS="513" HPOS="864"/>
							<String ID="string_115" HPOS="885" VPOS="513" WIDTH="124" HEIGHT="21" WC="0.96" CONTENT="underrätta"/>
						</TextLine>
						<TextLine ID="line_13" HPOS="185" VPOS="539" WIDTH="823" HEIGHT="29">
							<String ID="string_116" HPOS="185" VPOS="539" WIDTH="90" HEIGHT="26" WC="0.96" CONTENT="ståndet,"/><SP WIDTH="24" VPOS="539" HPOS="275"/>
							<String ID="string_117" HPOS="299" VPOS="541" WIDTH="31" HEIGHT="19" WC="0.96" CONTENT="att"/><SP WIDTH="22" VPOS="541" HPOS="330"/>
							<String ID="string_118" HPOS="352" VPOS="541" WIDTH="66" HEIGHT="20" WC="0.96" CONTENT="saken"/><SP WIDTH="23" VPOS="541" HPOS="418"/>
							<String ID="string_119" HPOS="441" VPOS="541" WIDTH="118" HEIGHT="27" WC="0.96" CONTENT="egentligen"/><SP WIDTH="23" VPOS="541" HPOS="559"/>
							<String ID="string_120" HPOS="582" VPOS="542" WIDTH="47" HEIGHT="20" WC="0.96" CONTENT="icke"/><SP WIDTH="23" VPOS="542" HPOS="629"/>
							<String ID="string_121" HPOS="652" VPOS="543" WIDTH="35" HEIGHT="19" WC="0.96" CONTENT="rör"/><SP WIDTH="21" VPOS="543" HPOS="687"/>
							<String ID="string_122" HPOS="708" VPOS="542" WIDTH="42" HEIGHT="20" WC="0.94" CONTENT="det."/><SP WIDTH="35" VPOS="542" HPOS="750"/>
							<String ID="string_123" HPOS="785" VPOS="541" WIDTH="41" HEIGHT="21" WC="0.95" CONTENT="Det"/><SP WIDTH="19" VPOS="541" HPOS="826"/>
							<String ID="string_124" HPOS="845" VPOS="543" WIDTH="24" HEIGHT="19" WC="0.96" CONTENT="är"/><SP WIDTH="15" VPOS="543" HPOS="869"/>
							<String ID="string_125" HPOS="884" VPOS="541" WIDTH="124" HEIGHT="26" WC="0.95" CONTENT="visserligen"/>
						</TextLine>
						<TextLine ID="line_14" HPOS="184" VPOS="566" WIDTH="824" HEIGHT="31">
							<String ID="string_126" HPOS="184" VPOS="566" WIDTH="67" HEIGHT="26" WC="0.95" CONTENT="fallet,"/><SP WIDTH="20" VPOS="566" HPOS="251"/>
							<String ID="string_127" HPOS="271" VPOS="570" WIDTH="32" HEIGHT="18" WC="0.96" CONTENT="att"/><SP WIDTH="20" VPOS="570" HPOS="303"/>
							<String ID="string_128" HPOS="323" VPOS="568" WIDTH="24" HEIGHT="21" WC="0.96" CONTENT="af"/><SP WIDTH="13" VPOS="568" HPOS="347"/>
							<String ID="string_129" HPOS="360" VPOS="569" WIDTH="105" HEIGHT="21" WC="0.96" CONTENT="utskottet"/><SP WIDTH="16" VPOS="569" HPOS="465"/>
							<String ID="string_130" HPOS="481" VPOS="569" WIDTH="61" HEIGHT="21" WC="0.95" CONTENT="äfven"/><SP WIDTH="17" VPOS="569" HPOS="542"/>
							<String ID="string_131" HPOS="559" VPOS="576" WIDTH="26" HEIGHT="14" WC="0.96" CONTENT="en"/><SP WIDTH="16" VPOS="576" HPOS="585"/>
							<String ID="string_132" HPOS="601" VPOS="576" WIDTH="70" HEIGHT="15" WC="0.96" CONTENT="annan"/><SP WIDTH="15" VPOS="576" HPOS="671"/>
							<String ID="string_133" HPOS="686" VPOS="570" WIDTH="106" HEIGHT="27" WC="0.93" CONTENT="synpunkt"/><SP WIDTH="15" VPOS="570" HPOS="792"/>
							<String ID="string_134" HPOS="807" VPOS="569" WIDTH="129" HEIGHT="25" WC="0.91" CONTENT="framhålles,"/><SP WIDTH="16" VPOS="569" HPOS="936"/>
							<String ID="string_135" HPOS="952" VPOS="576" WIDTH="56" HEIGHT="14" WC="0.91" CONTENT="nem-"/>
						</TextLine>
						<TextLine ID="line_15" HPOS="184" VPOS="595" WIDTH="824" HEIGHT="30">
							<String ID="string_136" HPOS="184" VPOS="595" WIDTH="57" HEIGHT="27" WC="0.96" CONTENT="ligen"/><SP WIDTH="23" VPOS="595" HPOS="241"/>
							<String ID="string_137" HPOS="264" VPOS="597" WIDTH="31" HEIGHT="20" WC="0.96" CONTENT="att"/><SP WIDTH="24" VPOS="597" HPOS="295"/>
							<String ID="string_138" HPOS="319" VPOS="597" WIDTH="40" HEIGHT="20" WC="0.96" CONTENT="den"/><SP WIDTH="22" VPOS="597" HPOS="359"/>
							<String ID="string_139" HPOS="381" VPOS="597" WIDTH="86" HEIGHT="28" WC="0.95" CONTENT="knappa"/><SP WIDTH="22" VPOS="597" HPOS="467"/>
							<String ID="string_140" HPOS="489" VPOS="598" WIDTH="58" HEIGHT="21" WC="0.95" CONTENT="tiden"/><SP WIDTH="23" VPOS="598" HPOS="547"/>
							<String ID="string_141" HPOS="570" VPOS="598" WIDTH="48" HEIGHT="21" WC="0.93" CONTENT="icke"/><SP WIDTH="19" VPOS="598" HPOS="618"/>
							<String ID="string_142" HPOS="637" VPOS="597" WIDTH="75" HEIGHT="22" WC="0.96" CONTENT="tillåtit"/><SP WIDTH="18" VPOS="597" HPOS="712"/>
							<String ID="string_143" HPOS="730" VPOS="598" WIDTH="106" HEIGHT="21" WC="0.96" CONTENT="utskottet"/><SP WIDTH="19" VPOS="598" HPOS="836"/>
							<String ID="string_144" HPOS="855" VPOS="599" WIDTH="31" HEIGHT="20" WC="0.96" CONTENT="att"/><SP WIDTH="18" VPOS="599" HPOS="886"/>
							<String ID="string_145" HPOS="904" VPOS="597" WIDTH="104" HEIGHT="22" WC="0.96" CONTENT="behandla"/>
						</TextLine>
						<TextLine ID="line_16" HPOS="184" VPOS="623" WIDTH="824" HEIGHT="30">
							<String ID="string_146" HPOS="184" VPOS="623" WIDTH="73" HEIGHT="22" WC="0.95" CONTENT="saken."/><SP WIDTH="35" VPOS="623" HPOS="257"/>
							<String ID="string_147" HPOS="292" VPOS="625" WIDTH="33" HEIGHT="21" WC="0.95" CONTENT="Då"/><SP WIDTH="18" VPOS="625" HPOS="325"/>
							<String ID="string_148" HPOS="343" VPOS="632" WIDTH="28" HEIGHT="14" WC="0.95" CONTENT="nu"/><SP WIDTH="20" VPOS="632" HPOS="371"/>
							<String ID="string_149" HPOS="391" VPOS="626" WIDTH="105" HEIGHT="21" WC="0.96" CONTENT="utskottet"/><SP WIDTH="18" VPOS="626" HPOS="496"/>
							<String ID="string_150" HPOS="514" VPOS="627" WIDTH="56" HEIGHT="20" WC="0.96" CONTENT="varit"/><SP WIDTH="19" VPOS="627" HPOS="570"/>
							<String ID="string_151" HPOS="589" VPOS="627" WIDTH="24" HEIGHT="20" WC="0.93" CONTENT="så"/><SP WIDTH="15" VPOS="627" HPOS="613"/>
							<String ID="string_152" HPOS="628" VPOS="627" WIDTH="120" HEIGHT="26" WC="0.91" CONTENT="betungadt"/><SP WIDTH="15" VPOS="627" HPOS="748"/>
							<String ID="string_153" HPOS="763" VPOS="626" WIDTH="23" HEIGHT="21" WC="0.96" CONTENT="af"/><SP WIDTH="13" VPOS="626" HPOS="786"/>
							<String ID="string_154" HPOS="799" VPOS="626" WIDTH="100" HEIGHT="27" WC="0.96" CONTENT="göromål,"/><SP WIDTH="17" VPOS="626" HPOS="899"/>
							<String ID="string_155" HPOS="916" VPOS="626" WIDTH="22" HEIGHT="21" WC="0.96" CONTENT="så"/><SP WIDTH="15" VPOS="626" HPOS="938"/>
							<String ID="string_156" HPOS="953" VPOS="626" WIDTH="55" HEIGHT="21" WC="0.96" CONTENT="hade"/>
						</TextLine>
						<TextLine ID="line_17" HPOS="184" VPOS="652" WIDTH="824" HEIGHT="31">
							<String ID="string_157" HPOS="184" VPOS="652" WIDTH="36" HEIGHT="21" WC="0.96" CONTENT="det"/><SP WIDTH="15" VPOS="652" HPOS="220"/>
							<String ID="string_158" HPOS="235" VPOS="653" WIDTH="55" HEIGHT="21" WC="0.96" CONTENT="varit"/><SP WIDTH="15" VPOS="653" HPOS="290"/>
							<String ID="string_159" HPOS="305" VPOS="653" WIDTH="47" HEIGHT="22" WC="0.96" CONTENT="skäl"/><SP WIDTH="11" VPOS="653" HPOS="352"/>
							<String ID="string_160" HPOS="363" VPOS="654" WIDTH="33" HEIGHT="21" WC="0.96" CONTENT="för"/><SP WIDTH="10" VPOS="654" HPOS="396"/>
							<String ID="string_161" HPOS="406" VPOS="655" WIDTH="111" HEIGHT="26" WC="0.96" CONTENT="utskottet,"/><SP WIDTH="12" VPOS="655" HPOS="517"/>
							<String ID="string_162" HPOS="529" VPOS="656" WIDTH="32" HEIGHT="20" WC="0.96" CONTENT="att"/><SP WIDTH="10" VPOS="656" HPOS="561"/>
							<String ID="string_163" HPOS="571" VPOS="655" WIDTH="66" HEIGHT="28" WC="0.93" CONTENT="enligt"/><SP WIDTH="11" VPOS="655" HPOS="637"/>
							<String ID="string_164" HPOS="648" VPOS="655" WIDTH="241" HEIGHT="27" WC="0.92" CONTENT="landtdagsordningens"/><SP WIDTH="10" VPOS="655" HPOS="889"/>
							<String ID="string_165" HPOS="899" VPOS="653" WIDTH="109" HEIGHT="22" WC="0.95" CONTENT="föreskrift"/>
						</TextLine>
						<TextLine ID="line_18" HPOS="184" VPOS="680" WIDTH="824" HEIGHT="31">
							<String ID="string_166" HPOS="184" VPOS="680" WIDTH="83" HEIGHT="22" WC="0.96" CONTENT="fördela"/><SP WIDTH="18" VPOS="680" HPOS="267"/>
							<String ID="string_167" HPOS="285" VPOS="681" WIDTH="32" HEIGHT="26" WC="0.96" CONTENT="sig"/><SP WIDTH="18" VPOS="681" HPOS="317"/>
							<String ID="string_168" HPOS="335" VPOS="682" WIDTH="27" HEIGHT="27" WC="0.96" CONTENT="på"/><SP WIDTH="18" VPOS="682" HPOS="362"/>
							<String ID="string_169" HPOS="380" VPOS="684" WIDTH="77" HEIGHT="20" WC="0.92" CONTENT="tvenne"/><SP WIDTH="19" VPOS="684" HPOS="457"/>
							<String ID="string_170" HPOS="476" VPOS="683" WIDTH="138" HEIGHT="28" WC="0.91" CONTENT="afdelningar,"/><SP WIDTH="20" VPOS="683" HPOS="614"/>
							<String ID="string_171" HPOS="634" VPOS="683" WIDTH="34" HEIGHT="22" WC="0.96" CONTENT="för"/><SP WIDTH="19" VPOS="683" HPOS="668"/>
							<String ID="string_172" HPOS="687" VPOS="685" WIDTH="32" HEIGHT="20" WC="0.96" CONTENT="att"/><SP WIDTH="15" VPOS="685" HPOS="719"/>
							<String ID="string_173" HPOS="734" VPOS="683" WIDTH="90" HEIGHT="21" WC="0.96" CONTENT="sålunda"/><SP WIDTH="16" VPOS="683" HPOS="824"/>
							<String ID="string_174" HPOS="840" VPOS="683" WIDTH="63" HEIGHT="21" WC="0.96" CONTENT="hinna"/><SP WIDTH="16" VPOS="683" HPOS="903"/>
							<String ID="string_175" HPOS="919" VPOS="682" WIDTH="89" HEIGHT="22" WC="0.96" CONTENT="slutföra"/>
						</TextLine>
						<TextLine ID="line_19" HPOS="184" VPOS="709" WIDTH="824" HEIGHT="30">
							<String ID="string_176" HPOS="184" VPOS="709" WIDTH="158" HEIGHT="27" WC="0.96" CONTENT="behandlingen"/><SP WIDTH="23" VPOS="709" HPOS="342"/>
							<String ID="string_177" HPOS="365" VPOS="711" WIDTH="22" HEIGHT="21" WC="0.96" CONTENT="af"/><SP WIDTH="22" VPOS="711" HPOS="387"/>
							<String ID="string_178" HPOS="409" VPOS="711" WIDTH="25" HEIGHT="21" WC="0.96" CONTENT="de"/><SP WIDTH="23" VPOS="711" HPOS="434"/>
							<String ID="string_179" HPOS="457" VPOS="712" WIDTH="31" HEIGHT="21" WC="0.95" CONTENT="till"/><SP WIDTH="23" VPOS="712" HPOS="488"/>
							<String ID="string_180" HPOS="511" VPOS="712" WIDTH="106" HEIGHT="21" WC="0.95" CONTENT="utskottet"/><SP WIDTH="22" VPOS="712" HPOS="617"/>
							<String ID="string_181" HPOS="639" VPOS="712" WIDTH="117" HEIGHT="21" WC="0.96" CONTENT="hänvisade"/><SP WIDTH="22" VPOS="712" HPOS="756"/>
							<String ID="string_182" HPOS="778" VPOS="712" WIDTH="100" HEIGHT="21" WC="0.95" CONTENT="ärenden."/><SP WIDTH="32" VPOS="712" HPOS="878"/>
							<String ID="string_183" HPOS="910" VPOS="711" WIDTH="41" HEIGHT="28" WC="0.96" CONTENT="Jag"/><SP WIDTH="19" VPOS="711" HPOS="951"/>
							<String ID="string_184" HPOS="970" VPOS="711" WIDTH="38" HEIGHT="21" WC="0.96" CONTENT="har"/>
						</TextLine>
						<TextLine ID="line_20" HPOS="184" VPOS="737" WIDTH="824" HEIGHT="31">
							<String ID="string_185" HPOS="184" VPOS="737" WIDTH="55" HEIGHT="22" WC="0.96" CONTENT="dock"/><SP WIDTH="19" VPOS="737" HPOS="239"/>
							<String ID="string_186" HPOS="258" VPOS="738" WIDTH="47" HEIGHT="22" WC="0.96" CONTENT="icke"/><SP WIDTH="18" VPOS="738" HPOS="305"/>
							<String ID="string_187" HPOS="323" VPOS="739" WIDTH="115" HEIGHT="28" WC="0.96" CONTENT="någonting"/><SP WIDTH="19" VPOS="739" HPOS="438"/>
							<String ID="string_188" HPOS="457" VPOS="742" WIDTH="62" HEIGHT="24" WC="0.95" CONTENT="emot,"/><SP WIDTH="17" VPOS="742" HPOS="519"/>
							<String ID="string_189" HPOS="536" VPOS="742" WIDTH="31" HEIGHT="19" WC="0.96" CONTENT="att"/><SP WIDTH="16" VPOS="742" HPOS="567"/>
							<String ID="string_190" HPOS="583" VPOS="741" WIDTH="66" HEIGHT="27" WC="0.96" CONTENT="enligt"/><SP WIDTH="15" VPOS="741" HPOS="649"/>
							<String ID="string_191" HPOS="664" VPOS="741" WIDTH="118" HEIGHT="20" WC="0.96" CONTENT="utskottets"/><SP WIDTH="14" VPOS="741" HPOS="782"/>
							<String ID="string_192" HPOS="796" VPOS="747" WIDTH="29" HEIGHT="14" WC="0.96" CONTENT="nu"/><SP WIDTH="15" VPOS="747" HPOS="825"/>
							<String ID="string_193" HPOS="840" VPOS="740" WIDTH="74" HEIGHT="27" WC="0.96" CONTENT="gjorda"/><SP WIDTH="14" VPOS="740" HPOS="914"/>
							<String ID="string_194" HPOS="928" VPOS="739" WIDTH="80" HEIGHT="27" WC="0.96" CONTENT="förslag"/>
						</TextLine>
						<TextLine ID="line_21" HPOS="183" VPOS="766" WIDTH="824" HEIGHT="28">
							<String ID="string_195" HPOS="183" VPOS="766" WIDTH="118" HEIGHT="26" WC="0.91" CONTENT="petitionen"/><SP WIDTH="16" VPOS="766" HPOS="301"/>
							<String ID="string_196" HPOS="317" VPOS="769" WIDTH="118" HEIGHT="20" WC="0.96" CONTENT="remitteras"/><SP WIDTH="17" VPOS="769" HPOS="435"/>
							<String ID="string_197" HPOS="452" VPOS="769" WIDTH="31" HEIGHT="20" WC="0.96" CONTENT="till"/><SP WIDTH="14" VPOS="769" HPOS="483"/>
							<String ID="string_198" HPOS="497" VPOS="769" WIDTH="107" HEIGHT="21" WC="0.93" CONTENT="allmänna"/><SP WIDTH="12" VPOS="769" HPOS="604"/>
							<String ID="string_199" HPOS="616" VPOS="769" WIDTH="202" HEIGHT="25" WC="0.92" CONTENT="besvärsutskottet;"/><SP WIDTH="14" VPOS="769" HPOS="818"/>
							<String ID="string_200" HPOS="832" VPOS="769" WIDTH="105" HEIGHT="20" WC="0.96" CONTENT="måhända"/><SP WIDTH="11" VPOS="769" HPOS="937"/>
							<String ID="string_201" HPOS="948" VPOS="768" WIDTH="59" HEIGHT="21" WC="0.96" CONTENT="detta"/>
						</TextLine>
						<TextLine ID="line_22" HPOS="183" VPOS="795" WIDTH="825" HEIGHT="24">
							<String ID="string_202" HPOS="183" VPOS="795" WIDTH="84" HEIGHT="21" WC="0.96" CONTENT="utskott"/><SP WIDTH="19" VPOS="795" HPOS="267"/>
							<String ID="string_203" HPOS="286" VPOS="797" WIDTH="55" HEIGHT="20" WC="0.96" CONTENT="ännu"/><SP WIDTH="21" VPOS="797" HPOS="341"/>
							<String ID="string_204" HPOS="362" VPOS="797" WIDTH="6" HEIGHT="20" WC="0.96" CONTENT="i"/><SP WIDTH="19" VPOS="797" HPOS="368"/>
							<String ID="string_205" HPOS="387" VPOS="797" WIDTH="52" HEIGHT="21" WC="0.96" CONTENT="sista"/><SP WIDTH="18" VPOS="797" HPOS="439"/>
							<String ID="string_206" HPOS="457" VPOS="798" WIDTH="87" HEIGHT="21" WC="0.96" CONTENT="timmen"/><SP WIDTH="20" VPOS="798" HPOS="544"/>
							<String ID="string_207" HPOS="564" VPOS="797" WIDTH="55" HEIGHT="22" WC="0.96" CONTENT="skall"/><SP WIDTH="18" VPOS="797" HPOS="619"/>
							<String ID="string_208" HPOS="637" VPOS="797" WIDTH="56" HEIGHT="22" WC="0.96" CONTENT="finna"/><SP WIDTH="15" VPOS="797" HPOS="693"/>
							<String ID="string_209" HPOS="708" VPOS="797" WIDTH="32" HEIGHT="21" WC="0.96" CONTENT="tid"/><SP WIDTH="16" VPOS="797" HPOS="740"/>
							<String ID="string_210" HPOS="756" VPOS="797" WIDTH="39" HEIGHT="21" WC="0.96" CONTENT="och"/><SP WIDTH="16" VPOS="797" HPOS="795"/>
							<String ID="string_211" HPOS="811" VPOS="797" WIDTH="83" HEIGHT="21" WC="0.96" CONTENT="tillfälle"/><SP WIDTH="16" VPOS="797" HPOS="894"/>
							<String ID="string_212" HPOS="910" VPOS="798" WIDTH="32" HEIGHT="20" WC="0.93" CONTENT="att"/><SP WIDTH="14" VPOS="798" HPOS="942"/>
							<String ID="string_213" HPOS="956" VPOS="797" WIDTH="52" HEIGHT="20" WC="0.92" CONTENT="slut-"/>
						</TextLine>
						<TextLine ID="line_23" HPOS="183" VPOS="823" WIDTH="825" HEIGHT="29">
							<String ID="string_214" HPOS="183" VPOS="823" WIDTH="107" HEIGHT="22" WC="0.96" CONTENT="behandla"/><SP WIDTH="14" VPOS="823" HPOS="290"/>
							<String ID="string_215" HPOS="304" VPOS="824" WIDTH="80" HEIGHT="28" WC="0.95" CONTENT="frågan."/><SP WIDTH="29" VPOS="824" HPOS="384"/>
							<String ID="string_216" HPOS="413" VPOS="825" WIDTH="42" HEIGHT="27" WC="0.96" CONTENT="Jag"/><SP WIDTH="15" VPOS="825" HPOS="455"/>
							<String ID="string_217" HPOS="470" VPOS="825" WIDTH="32" HEIGHT="22" WC="0.96" CONTENT="får"/><SP WIDTH="15" VPOS="825" HPOS="502"/>
							<String ID="string_218" HPOS="517" VPOS="826" WIDTH="72" HEIGHT="21" WC="0.96" CONTENT="derför"/><SP WIDTH="10" VPOS="826" HPOS="589"/>
							<String ID="string_219" HPOS="599" VPOS="826" WIDTH="92" HEIGHT="26" WC="0.96" CONTENT="anhålla,"/><SP WIDTH="11" VPOS="826" HPOS="691"/>
							<String ID="string_220" HPOS="702" VPOS="827" WIDTH="32" HEIGHT="20" WC="0.96" CONTENT="att"/><SP WIDTH="12" VPOS="827" HPOS="734"/>
							<String ID="string_221" HPOS="746" VPOS="825" WIDTH="83" HEIGHT="22" WC="0.96" CONTENT="ståndet"/><SP WIDTH="11" VPOS="825" HPOS="829"/>
							<String ID="string_222" HPOS="840" VPOS="825" WIDTH="49" HEIGHT="22" WC="0.96" CONTENT="ville"/><SP WIDTH="11" VPOS="825" HPOS="889"/>
							<String ID="string_223" HPOS="900" VPOS="825" WIDTH="108" HEIGHT="21" WC="0.96" CONTENT="remittera"/>
						</TextLine>
						<TextLine ID="line_24" HPOS="183" VPOS="852" WIDTH="504" HEIGHT="25">
							<String ID="string_224" HPOS="183" VPOS="852" WIDTH="118" HEIGHT="25" WC="0.91" CONTENT="petitionen"/><SP WIDTH="16" VPOS="852" HPOS="301"/>
							<String ID="string_225" HPOS="317" VPOS="853" WIDTH="32" HEIGHT="21" WC="0.95" CONTENT="till"/><SP WIDTH="16" VPOS="853" HPOS="349"/>
							<String ID="string_226" HPOS="365" VPOS="854" WIDTH="107" HEIGHT="21" WC="0.93" CONTENT="allmänna"/><SP WIDTH="14" VPOS="854" HPOS="472"/>
							<String ID="string_227" HPOS="486" VPOS="855" WIDTH="201" HEIGHT="21" WC="0.92" CONTENT="besvärsutskottet."/>
						</TextLine>
					</TextBlock>
					<TextBlock ID="block_2" HPOS="179" VPOS="880" WIDTH="828" HEIGHT="257">
						<TextLine ID="line_25" HPOS="253" VPOS="880" WIDTH="754" HEIGHT="30">
							<String ID="string_228" HPOS="253" VPOS="880" WIDTH="31" HEIGHT="21" WC="0.91" CONTENT="Hr"/><SP WIDTH="19" VPOS="880" HPOS="284"/>
							<String ID="string_229" HPOS="303" VPOS="881" WIDTH="190" HEIGHT="29" WC="0.91" CONTENT="Schybergson:"/><SP WIDTH="33" VPOS="881" HPOS="493"/>
							<String ID="string_230" HPOS="526" VPOS="882" WIDTH="75" HEIGHT="22" WC="0.81" CONTENT="Ehuru"/><SP WIDTH="13" VPOS="882" HPOS="601"/>
							<String ID="string_231" HPOS="614" VPOS="883" WIDTH="37" HEIGHT="27" WC="0.96" CONTENT="jag"/><SP WIDTH="16" VPOS="883" HPOS="651"/>
							<String ID="string_232" HPOS="667" VPOS="882" WIDTH="27" HEIGHT="27" WC="0.96" CONTENT="på"/><SP WIDTH="15" VPOS="882" HPOS="694"/>
							<String ID="string_233" HPOS="709" VPOS="888" WIDTH="75" HEIGHT="16" WC="0.96" CONTENT="senare"/><SP WIDTH="16" VPOS="888" HPOS="784"/>
							<String ID="string_234" HPOS="800" VPOS="882" WIDTH="54" HEIGHT="21" WC="0.96" CONTENT="tider"/><SP WIDTH="16" VPOS="882" HPOS="854"/>
							<String ID="string_235" HPOS="870" VPOS="882" WIDTH="46" HEIGHT="20" WC="0.96" CONTENT="icke"/><SP WIDTH="15" VPOS="882" HPOS="916"/>
							<String ID="string_236" HPOS="931" VPOS="882" WIDTH="55" HEIGHT="20" WC="0.96" CONTENT="varit"/><SP WIDTH="14" VPOS="882" HPOS="986"/>
							<String ID="string_237" HPOS="1000" VPOS="882" WIDTH="7" HEIGHT="20" WC="0.96" CONTENT="i"/>
						</TextLine>
						<TextLine ID="line_26" HPOS="182" VPOS="908" WIDTH="825" HEIGHT="30">
							<String ID="string_238" HPOS="182" VPOS="908" WIDTH="85" HEIGHT="22" WC="0.96" CONTENT="tillfälle"/><SP WIDTH="16" VPOS="908" HPOS="267"/>
							<String ID="string_239" HPOS="283" VPOS="910" WIDTH="31" HEIGHT="20" WC="0.96" CONTENT="att"/><SP WIDTH="15" VPOS="910" HPOS="314"/>
							<String ID="string_240" HPOS="329" VPOS="910" WIDTH="86" HEIGHT="28" WC="0.96" CONTENT="deltaga"/><SP WIDTH="15" VPOS="910" HPOS="415"/>
							<String ID="string_241" HPOS="430" VPOS="911" WIDTH="6" HEIGHT="21" WC="0.96" CONTENT="i"/><SP WIDTH="16" VPOS="911" HPOS="436"/>
							<String ID="string_242" HPOS="452" VPOS="911" WIDTH="107" HEIGHT="21" WC="0.93" CONTENT="allmänna"/><SP WIDTH="14" VPOS="911" HPOS="559"/>
							<String ID="string_243" HPOS="573" VPOS="911" WIDTH="205" HEIGHT="21" WC="0.91" CONTENT="besvärsutskottets"/><SP WIDTH="16" VPOS="911" HPOS="778"/>
							<String ID="string_244" HPOS="794" VPOS="911" WIDTH="94" HEIGHT="25" WC="0.96" CONTENT="arbeten,"/><SP WIDTH="12" VPOS="911" HPOS="888"/>
							<String ID="string_245" HPOS="900" VPOS="916" WIDTH="62" HEIGHT="15" WC="0.96" CONTENT="anser"/><SP WIDTH="8" VPOS="916" HPOS="962"/>
							<String ID="string_246" HPOS="970" VPOS="910" WIDTH="37" HEIGHT="27" WC="0.96" CONTENT="jag"/>
						</TextLine>
						<TextLine ID="line_27" HPOS="182" VPOS="936" WIDTH="824" HEIGHT="30">
							<String ID="string_247" HPOS="182" VPOS="936" WIDTH="43" HEIGHT="28" WC="0.96" CONTENT="mig"/><SP WIDTH="16" VPOS="936" HPOS="225"/>
							<String ID="string_248" HPOS="241" VPOS="937" WIDTH="54" HEIGHT="21" WC="0.96" CONTENT="dock"/><SP WIDTH="16" VPOS="937" HPOS="295"/>
							<String ID="string_249" HPOS="311" VPOS="938" WIDTH="52" HEIGHT="22" WC="0.96" CONTENT="böra"/><SP WIDTH="15" VPOS="938" HPOS="363"/>
							<String ID="string_250" HPOS="378" VPOS="938" WIDTH="118" HEIGHT="27" WC="0.94" CONTENT="framhålla,"/><SP WIDTH="17" VPOS="938" HPOS="496"/>
							<String ID="string_251" HPOS="513" VPOS="941" WIDTH="38" HEIGHT="24" WC="0.96" CONTENT="att,"/><SP WIDTH="16" VPOS="941" HPOS="551"/>
							<String ID="string_252" HPOS="567" VPOS="946" WIDTH="34" HEIGHT="14" WC="0.94" CONTENT="om"/><SP WIDTH="16" VPOS="946" HPOS="601"/>
							<String ID="string_253" HPOS="617" VPOS="940" WIDTH="36" HEIGHT="20" WC="0.93" CONTENT="det"/><SP WIDTH="16" VPOS="940" HPOS="653"/>
							<String ID="string_254" HPOS="669" VPOS="939" WIDTH="70" HEIGHT="21" WC="0.90" CONTENT="blefve"/><SP WIDTH="15" VPOS="939" HPOS="739"/>
							<String ID="string_255" HPOS="754" VPOS="939" WIDTH="87" HEIGHT="27" WC="0.96" CONTENT="vanligt,"/><SP WIDTH="15" VPOS="939" HPOS="841"/>
							<String ID="string_256" HPOS="856" VPOS="940" WIDTH="31" HEIGHT="20" WC="0.96" CONTENT="att"/><SP WIDTH="11" VPOS="940" HPOS="887"/>
							<String ID="string_257" HPOS="898" VPOS="939" WIDTH="108" HEIGHT="20" WC="0.96" CONTENT="remittera"/>
						</TextLine>
						<TextLine ID="line_28" HPOS="182" VPOS="964" WIDTH="824" HEIGHT="30">
							<String ID="string_258" HPOS="182" VPOS="964" WIDTH="43" HEIGHT="22" WC="0.96" CONTENT="alla"/><SP WIDTH="18" VPOS="964" HPOS="225"/>
							<String ID="string_259" HPOS="243" VPOS="966" WIDTH="27" HEIGHT="20" WC="0.93" CONTENT="de"/><SP WIDTH="22" VPOS="966" HPOS="270"/>
							<String ID="string_260" HPOS="292" VPOS="967" WIDTH="119" HEIGHT="27" WC="0.91" CONTENT="petitioner,"/><SP WIDTH="24" VPOS="967" HPOS="411"/>
							<String ID="string_261" HPOS="435" VPOS="968" WIDTH="72" HEIGHT="21" WC="0.92" CONTENT="hvilka"/><SP WIDTH="22" VPOS="968" HPOS="507"/>
							<String ID="string_262" HPOS="529" VPOS="968" WIDTH="193" HEIGHT="26" WC="0.92" CONTENT="specialutskotten"/><SP WIDTH="22" VPOS="968" HPOS="722"/>
							<String ID="string_263" HPOS="744" VPOS="968" WIDTH="46" HEIGHT="20" WC="0.96" CONTENT="icke"/><SP WIDTH="20" VPOS="968" HPOS="790"/>
							<String ID="string_264" HPOS="810" VPOS="967" WIDTH="66" HEIGHT="21" WC="0.96" CONTENT="hinna"/><SP WIDTH="19" VPOS="967" HPOS="876"/>
							<String ID="string_265" HPOS="895" VPOS="967" WIDTH="111" HEIGHT="25" WC="0.95" CONTENT="behandla,"/>
						</TextLine>
						<TextLine ID="line_29" HPOS="181" VPOS="993" WIDTH="826" HEIGHT="30">
							<String ID="string_266" HPOS="181" VPOS="993" WIDTH="33" HEIGHT="21" WC="0.96" CONTENT="till"/><SP WIDTH="16" VPOS="993" HPOS="214"/>
							<String ID="string_267" HPOS="230" VPOS="994" WIDTH="106" HEIGHT="22" WC="0.93" CONTENT="allmänna"/><SP WIDTH="15" VPOS="994" HPOS="336"/>
							<String ID="string_268" HPOS="351" VPOS="996" WIDTH="198" HEIGHT="26" WC="0.92" CONTENT="besvärsutskottet,"/><SP WIDTH="17" VPOS="996" HPOS="549"/>
							<String ID="string_269" HPOS="566" VPOS="997" WIDTH="60" HEIGHT="20" WC="0.96" CONTENT="detta"/><SP WIDTH="15" VPOS="997" HPOS="626"/>
							<String ID="string_270" HPOS="641" VPOS="996" WIDTH="83" HEIGHT="21" WC="0.96" CONTENT="utskott"/><SP WIDTH="16" VPOS="996" HPOS="724"/>
							<String ID="string_271" HPOS="740" VPOS="1002" WIDTH="40" HEIGHT="21" WC="0.96" CONTENT="nog"/><SP WIDTH="15" VPOS="1002" HPOS="780"/>
							<String ID="string_272" HPOS="795" VPOS="996" WIDTH="56" HEIGHT="26" WC="0.96" CONTENT="finge"/><SP WIDTH="10" VPOS="996" HPOS="851"/>
							<String ID="string_273" HPOS="861" VPOS="995" WIDTH="48" HEIGHT="21" WC="0.96" CONTENT="fullt"/><SP WIDTH="13" VPOS="995" HPOS="909"/>
							<String ID="string_274" HPOS="922" VPOS="1001" WIDTH="42" HEIGHT="21" WC="0.96" CONTENT="upp"/><SP WIDTH="11" VPOS="1001" HPOS="964"/>
							<String ID="string_275" HPOS="975" VPOS="997" WIDTH="32" HEIGHT="19" WC="0.96" CONTENT="att"/>
						</TextLine>
						<TextLine ID="line_30" HPOS="181" VPOS="1023" WIDTH="825" HEIGHT="28">
							<String ID="string_276" HPOS="181" VPOS="1023" WIDTH="58" HEIGHT="25" WC="0.96" CONTENT="göra,"/><SP WIDTH="17" VPOS="1023" HPOS="239"/>
							<String ID="string_277" HPOS="256" VPOS="1025" WIDTH="22" HEIGHT="24" WC="0.96" CONTENT="ty"/><SP WIDTH="18" VPOS="1025" HPOS="278"/>
							<String ID="string_278" HPOS="296" VPOS="1023" WIDTH="142" HEIGHT="27" WC="0.96" CONTENT="lagutskottet"/><SP WIDTH="15" VPOS="1023" HPOS="438"/>
							<String ID="string_279" HPOS="453" VPOS="1025" WIDTH="39" HEIGHT="20" WC="0.96" CONTENT="och"/><SP WIDTH="15" VPOS="1025" HPOS="492"/>
							<String ID="string_280" HPOS="507" VPOS="1025" WIDTH="161" HEIGHT="21" WC="0.96" CONTENT="statsutskottet"/><SP WIDTH="16" VPOS="1025" HPOS="668"/>
							<String ID="string_281" HPOS="684" VPOS="1025" WIDTH="64" HEIGHT="20" WC="0.96" CONTENT="hinna"/><SP WIDTH="15" VPOS="1025" HPOS="748"/>
							<String ID="string_282" HPOS="763" VPOS="1024" WIDTH="99" HEIGHT="27" WC="0.96" CONTENT="vanligen"/><SP WIDTH="14" VPOS="1024" HPOS="862"/>
							<String ID="string_283" HPOS="876" VPOS="1023" WIDTH="48" HEIGHT="21" WC="0.91" CONTENT="med"/><SP WIDTH="16" VPOS="1023" HPOS="924"/>
							<String ID="string_284" HPOS="940" VPOS="1023" WIDTH="66" HEIGHT="26" WC="0.91" CONTENT="knap-"/>
						</TextLine>
						<TextLine ID="line_31" HPOS="181" VPOS="1051" WIDTH="825" HEIGHT="29">
							<String ID="string_285" HPOS="181" VPOS="1052" WIDTH="49" HEIGHT="24" WC="0.96" CONTENT="past"/><SP WIDTH="14" VPOS="1052" HPOS="230"/>
							<String ID="string_286" HPOS="244" VPOS="1051" WIDTH="66" HEIGHT="28" WC="0.96" CONTENT="några"/><SP WIDTH="15" VPOS="1051" HPOS="310"/>
							<String ID="string_287" HPOS="325" VPOS="1051" WIDTH="24" HEIGHT="22" WC="0.96" CONTENT="af"/><SP WIDTH="14" VPOS="1051" HPOS="349"/>
							<String ID="string_288" HPOS="363" VPOS="1053" WIDTH="25" HEIGHT="20" WC="0.96" CONTENT="de"/><SP WIDTH="15" VPOS="1053" HPOS="388"/>
							<String ID="string_289" HPOS="403" VPOS="1053" WIDTH="33" HEIGHT="21" WC="0.96" CONTENT="till"/><SP WIDTH="16" VPOS="1053" HPOS="436"/>
							<String ID="string_290" HPOS="452" VPOS="1053" WIDTH="59" HEIGHT="21" WC="0.96" CONTENT="deras"/><SP WIDTH="15" VPOS="1053" HPOS="511"/>
							<String ID="string_291" HPOS="526" VPOS="1053" WIDTH="129" HEIGHT="27" WC="0.93" CONTENT="behandling"/><SP WIDTH="15" VPOS="1053" HPOS="655"/>
							<String ID="string_292" HPOS="670" VPOS="1053" WIDTH="120" HEIGHT="21" WC="0.91" CONTENT="inlemnade"/><SP WIDTH="11" VPOS="1053" HPOS="790"/>
							<String ID="string_293" HPOS="801" VPOS="1052" WIDTH="149" HEIGHT="27" WC="0.91" CONTENT="petitionerna."/><SP WIDTH="23" VPOS="1052" HPOS="950"/>
							<String ID="string_294" HPOS="973" VPOS="1051" WIDTH="33" HEIGHT="21" WC="0.96" CONTENT="Då"/>
						</TextLine>
						<TextLine ID="line_32" HPOS="179" VPOS="1078" WIDTH="826" HEIGHT="29">
							<String ID="string_295" HPOS="179" VPOS="1078" WIDTH="37" HEIGHT="27" WC="0.96" CONTENT="jag"/><SP WIDTH="22" VPOS="1078" HPOS="216"/>
							<String ID="string_296" HPOS="238" VPOS="1079" WIDTH="47" HEIGHT="21" WC="0.96" CONTENT="icke"/><SP WIDTH="22" VPOS="1079" HPOS="285"/>
							<String ID="string_297" HPOS="307" VPOS="1080" WIDTH="41" HEIGHT="21" WC="0.96" CONTENT="kan"/><SP WIDTH="23" VPOS="1080" HPOS="348"/>
							<String ID="string_298" HPOS="371" VPOS="1081" WIDTH="63" HEIGHT="26" WC="0.96" CONTENT="finna,"/><SP WIDTH="23" VPOS="1081" HPOS="434"/>
							<String ID="string_299" HPOS="457" VPOS="1083" WIDTH="32" HEIGHT="19" WC="0.92" CONTENT="att"/><SP WIDTH="22" VPOS="1083" HPOS="489"/>
							<String ID="string_300" HPOS="511" VPOS="1081" WIDTH="206" HEIGHT="22" WC="0.91" CONTENT="ekonomiutskottet"/><SP WIDTH="19" VPOS="1081" HPOS="717"/>
							<String ID="string_301" HPOS="736" VPOS="1081" WIDTH="119" HEIGHT="26" WC="0.92" CONTENT="frambragt"/><SP WIDTH="21" VPOS="1081" HPOS="855"/>
							<String ID="string_302" HPOS="876" VPOS="1081" WIDTH="65" HEIGHT="26" WC="0.95" CONTENT="några"/><SP WIDTH="19" VPOS="1081" HPOS="941"/>
							<String ID="string_303" HPOS="960" VPOS="1080" WIDTH="45" HEIGHT="21" WC="0.96" CONTENT="skäl"/>
						</TextLine>
						<TextLine ID="line_33" HPOS="182" VPOS="1106" WIDTH="665" HEIGHT="31">
							<String ID="string_304" HPOS="182" VPOS="1106" WIDTH="34" HEIGHT="21" WC="0.96" CONTENT="för"/><SP WIDTH="15" VPOS="1106" HPOS="216"/>
							<String ID="string_305" HPOS="231" VPOS="1107" WIDTH="38" HEIGHT="22" WC="0.96" CONTENT="sitt"/><SP WIDTH="14" VPOS="1107" HPOS="269"/>
							<String ID="string_306" HPOS="283" VPOS="1108" WIDTH="88" HEIGHT="27" WC="0.96" CONTENT="förslag,"/><SP WIDTH="16" VPOS="1108" HPOS="371"/>
							<String ID="string_307" HPOS="387" VPOS="1109" WIDTH="24" HEIGHT="22" WC="0.96" CONTENT="så"/><SP WIDTH="15" VPOS="1109" HPOS="411"/>
							<String ID="string_308" HPOS="426" VPOS="1110" WIDTH="67" HEIGHT="21" WC="0.96" CONTENT="skulle"/><SP WIDTH="13" VPOS="1110" HPOS="493"/>
							<String ID="string_309" HPOS="506" VPOS="1111" WIDTH="37" HEIGHT="26" WC="0.96" CONTENT="jag"/><SP WIDTH="15" VPOS="1111" HPOS="543"/>
							<String ID="string_310" HPOS="558" VPOS="1110" WIDTH="88" HEIGHT="21" WC="0.96" CONTENT="förorda"/><SP WIDTH="15" VPOS="1110" HPOS="646"/>
							<String ID="string_311" HPOS="661" VPOS="1110" WIDTH="48" HEIGHT="21" WC="0.93" CONTENT="dess"/><SP WIDTH="16" VPOS="1110" HPOS="709"/>
							<String ID="string_312" HPOS="725" VPOS="1109" WIDTH="122" HEIGHT="27" WC="0.91" CONTENT="afböjande."/>
						</TextLine>
					</TextBlock>
					<TextBlock ID="block_3" HPOS="250" VPOS="1136" WIDTH="630" HEIGHT="28">
						<TextLine ID="line_34" HPOS="250" VPOS="1136" WIDTH="630" HEIGHT="28">
							<String ID="string_313" HPOS="250" VPOS="1136" WIDTH="32" HEIGHT="21" WC="0.91" CONTENT="Hr"/><SP WIDTH="15" VPOS="1136" HPOS="282"/>
							<String ID="string_314" HPOS="297" VPOS="1136" WIDTH="147" HEIGHT="27" WC="0.91" CONTENT="Tojkander"/><SP WIDTH="15" VPOS="1136" HPOS="444"/>
							<String ID="string_315" HPOS="459" VPOS="1138" WIDTH="101" HEIGHT="21" WC="0.96" CONTENT="förenade"/><SP WIDTH="16" VPOS="1138" HPOS="560"/>
							<String ID="string_316" HPOS="576" VPOS="1139" WIDTH="32" HEIGHT="25" WC="0.96" CONTENT="sig"/><SP WIDTH="14" VPOS="1139" HPOS="608"/>
							<String ID="string_317" HPOS="622" VPOS="1138" WIDTH="48" HEIGHT="20" WC="0.96" CONTENT="med"/><SP WIDTH="15" VPOS="1138" HPOS="670"/>
							<String ID="string_318" HPOS="685" VPOS="1138" WIDTH="26" HEIGHT="20" WC="0.93" CONTENT="hr"/><SP WIDTH="16" VPOS="1138" HPOS="711"/>
							<String ID="string_319" HPOS="727" VPOS="1138" WIDTH="153" HEIGHT="26" WC="0.91" CONTENT="Schybergson."/>
						</TextLine>
					</TextBlock>
					<TextBlock ID="block_4" HPOS="181" VPOS="1164" WIDTH="824" HEIGHT="60">
						<TextLine ID="line_35" HPOS="250" VPOS="1164" WIDTH="755" HEIGHT="30">
							<String ID="string_320" HPOS="250" VPOS="1164" WIDTH="10" HEIGHT="21" WC="0.96" CONTENT="I"/><SP WIDTH="16" VPOS="1164" HPOS="260"/>
							<String ID="string_321" HPOS="276" VPOS="1164" WIDTH="113" HEIGHT="29" WC="0.95" CONTENT="anledning"/><SP WIDTH="16" VPOS="1164" HPOS="389"/>
							<String ID="string_322" HPOS="405" VPOS="1166" WIDTH="23" HEIGHT="21" WC="0.96" CONTENT="af"/><SP WIDTH="15" VPOS="1166" HPOS="428"/>
							<String ID="string_323" HPOS="443" VPOS="1166" WIDTH="25" HEIGHT="21" WC="0.96" CONTENT="de"/><SP WIDTH="15" VPOS="1166" HPOS="468"/>
							<String ID="string_324" HPOS="483" VPOS="1167" WIDTH="75" HEIGHT="27" WC="0.96" CONTENT="gjorda"/><SP WIDTH="15" VPOS="1167" HPOS="558"/>
							<String ID="string_325" HPOS="573" VPOS="1166" WIDTH="123" HEIGHT="27" WC="0.93" CONTENT="yrkandena"/><SP WIDTH="16" VPOS="1166" HPOS="696"/>
							<String ID="string_326" HPOS="712" VPOS="1166" WIDTH="125" HEIGHT="21" WC="0.91" CONTENT="framstälde"/><SP WIDTH="11" VPOS="1166" HPOS="837"/>
							<String ID="string_327" HPOS="848" VPOS="1166" WIDTH="26" HEIGHT="20" WC="0.96" CONTENT="hr"/><SP WIDTH="10" VPOS="1166" HPOS="874"/>
							<String ID="string_328" HPOS="884" VPOS="1165" WIDTH="121" HEIGHT="21" WC="0.96" CONTENT="talmannen"/>
						</TextLine>
						<TextLine ID="line_36" HPOS="181" VPOS="1192" WIDTH="761" HEIGHT="32">
							<String ID="string_329" HPOS="181" VPOS="1197" WIDTH="26" HEIGHT="15" WC="0.96" CONTENT="en"/><SP WIDTH="15" VPOS="1197" HPOS="207"/>
							<String ID="string_330" HPOS="222" VPOS="1192" WIDTH="24" HEIGHT="21" WC="0.96" CONTENT="så"/><SP WIDTH="15" VPOS="1192" HPOS="246"/>
							<String ID="string_331" HPOS="261" VPOS="1193" WIDTH="91" HEIGHT="27" WC="0.93" CONTENT="lydande"/><SP WIDTH="16" VPOS="1193" HPOS="352"/>
							<String ID="string_332" HPOS="368" VPOS="1195" WIDTH="287" HEIGHT="27" WC="0.91" CONTENT="omröstningsproposition:"/><SP WIDTH="284" VPOS="1195" HPOS="655"/>
							<String ID="string_333" HPOS="939" VPOS="1221" WIDTH="3" HEIGHT="3" WC="0.78" CONTENT="N"/>
						</TextLine>
					</TextBlock>
					<TextBlock ID="block_5" HPOS="179" VPOS="1220" WIDTH="827" HEIGHT="59">
						<TextLine ID="line_37" HPOS="249" VPOS="1220" WIDTH="757" HEIGHT="29">
							<String ID="string_334" HPOS="249" VPOS="1220" WIDTH="40" HEIGHT="27" WC="0.93" CONTENT="De,"/><SP WIDTH="16" VPOS="1220" HPOS="289"/>
							<String ID="string_335" HPOS="305" VPOS="1222" WIDTH="69" HEIGHT="21" WC="0.92" CONTENT="hvilka"/><SP WIDTH="13" VPOS="1222" HPOS="374"/>
							<String ID="string_336" HPOS="387" VPOS="1222" WIDTH="112" HEIGHT="27" WC="0.92" CONTENT="godkänna"/><SP WIDTH="16" VPOS="1222" HPOS="499"/>
							<String ID="string_337" HPOS="515" VPOS="1222" WIDTH="201" HEIGHT="22" WC="0.91" CONTENT="ekonomiutskottets"/><SP WIDTH="10" VPOS="1222" HPOS="716"/>
							<String ID="string_338" HPOS="726" VPOS="1222" WIDTH="9" HEIGHT="21" WC="0.93" CONTENT="i"/><SP WIDTH="10" VPOS="1222" HPOS="735"/>
							<String ID="string_339" HPOS="745" VPOS="1222" WIDTH="140" HEIGHT="27" WC="0.91" CONTENT="förevarande"/><SP WIDTH="11" VPOS="1222" HPOS="885"/>
							<String ID="string_340" HPOS="896" VPOS="1220" WIDTH="110" HEIGHT="27" WC="0.92" CONTENT="skrifvelse"/>
						</TextLine>
						<TextLine ID="line_38" HPOS="179" VPOS="1248" WIDTH="714" HEIGHT="31">
							<String ID="string_341" HPOS="179" VPOS="1248" WIDTH="130" HEIGHT="26" WC="0.90" CONTENT="framstälda"/><SP WIDTH="14" VPOS="1248" HPOS="309"/>
							<String ID="string_342" HPOS="323" VPOS="1250" WIDTH="88" HEIGHT="28" WC="0.93" CONTENT="förslag,"/><SP WIDTH="16" VPOS="1250" HPOS="411"/>
							<String ID="string_343" HPOS="427" VPOS="1253" WIDTH="56" HEIGHT="19" WC="0.93" CONTENT="rösta"/><SP WIDTH="10" VPOS="1253" HPOS="483"/>
							<String ID="string_344" HPOS="493" VPOS="1253" WIDTH="38" HEIGHT="26" WC="0.96" CONTENT="ja;"/><SP WIDTH="16" VPOS="1253" HPOS="531"/>
							<String ID="string_345" HPOS="547" VPOS="1252" WIDTH="30" HEIGHT="25" WC="0.95" CONTENT="de,"/><SP WIDTH="17" VPOS="1252" HPOS="577"/>
							<String ID="string_346" HPOS="594" VPOS="1252" WIDTH="34" HEIGHT="20" WC="0.93" CONTENT="det"/><SP WIDTH="14" VPOS="1252" HPOS="628"/>
							<String ID="string_347" HPOS="642" VPOS="1251" WIDTH="43" HEIGHT="21" WC="0.92" CONTENT="icke"/><SP WIDTH="12" VPOS="1251" HPOS="685"/>
							<String ID="string_348" HPOS="697" VPOS="1253" WIDTH="60" HEIGHT="25" WC="0.93" CONTENT="göra,"/><SP WIDTH="16" VPOS="1253" HPOS="757"/>
							<String ID="string_349" HPOS="773" VPOS="1252" WIDTH="57" HEIGHT="19" WC="0.93" CONTENT="rösta"/><SP WIDTH="16" VPOS="1252" HPOS="830"/>
							<String ID="string_350" HPOS="846" VPOS="1250" WIDTH="47" HEIGHT="27" WC="0.96" CONTENT="nej;"/>
						</TextLine>
					</TextBlock>
					<TextBlock ID="block_6" HPOS="179" VPOS="1277" WIDTH="827" HEIGHT="57">
						<TextLine ID="line_39" HPOS="249" VPOS="1277" WIDTH="757" HEIGHT="30">
							<String ID="string_351" HPOS="249" VPOS="1278" WIDTH="74" HEIGHT="21" WC="0.92" CONTENT="vinner"/><SP WIDTH="17" VPOS="1278" HPOS="323"/>
							<String ID="string_352" HPOS="340" VPOS="1280" WIDTH="43" HEIGHT="27" WC="0.96" CONTENT="nej,"/><SP WIDTH="20" VPOS="1280" HPOS="383"/>
							<String ID="string_353" HPOS="403" VPOS="1280" WIDTH="40" HEIGHT="20" WC="0.93" CONTENT="har"/><SP WIDTH="18" VPOS="1280" HPOS="443"/>
							<String ID="string_354" HPOS="461" VPOS="1280" WIDTH="170" HEIGHT="26" WC="0.92" CONTENT="borgareständet"/><SP WIDTH="19" VPOS="1280" HPOS="631"/>
							<String ID="string_355" HPOS="650" VPOS="1279" WIDTH="90" HEIGHT="26" WC="0.90" CONTENT="beslutit,"/><SP WIDTH="16" VPOS="1279" HPOS="740"/>
							<String ID="string_356" HPOS="756" VPOS="1281" WIDTH="36" HEIGHT="25" WC="0.96" CONTENT="att,"/><SP WIDTH="16" VPOS="1281" HPOS="792"/>
							<String ID="string_357" HPOS="808" VPOS="1278" WIDTH="48" HEIGHT="21" WC="0.93" CONTENT="med"/><SP WIDTH="14" VPOS="1278" HPOS="856"/>
							<String ID="string_358" HPOS="870" VPOS="1277" WIDTH="136" HEIGHT="28" WC="0.92" CONTENT="förkastande"/>
						</TextLine>
						<TextLine ID="line_40" HPOS="179" VPOS="1305" WIDTH="717" HEIGHT="29">
							<String ID="string_359" HPOS="179" VPOS="1305" WIDTH="25" HEIGHT="26" WC="0.93" CONTENT="af"/><SP WIDTH="14" VPOS="1305" HPOS="204"/>
							<String ID="string_360" HPOS="218" VPOS="1306" WIDTH="107" HEIGHT="28" WC="0.91" CONTENT="förslaget,"/><SP WIDTH="16" VPOS="1306" HPOS="325"/>
							<String ID="string_361" HPOS="341" VPOS="1308" WIDTH="100" HEIGHT="26" WC="0.89" CONTENT="vidblifva"/><SP WIDTH="15" VPOS="1308" HPOS="441"/>
							<String ID="string_362" HPOS="456" VPOS="1308" WIDTH="37" HEIGHT="21" WC="0.96" CONTENT="sitt"/><SP WIDTH="14" VPOS="1308" HPOS="493"/>
							<String ID="string_363" HPOS="507" VPOS="1308" WIDTH="89" HEIGHT="26" WC="0.96" CONTENT="tidigare"/><SP WIDTH="15" VPOS="1308" HPOS="596"/>
							<String ID="string_364" HPOS="611" VPOS="1308" WIDTH="9" HEIGHT="20" WC="0.92" CONTENT="i"/><SP WIDTH="13" VPOS="1308" HPOS="620"/>
							<String ID="string_365" HPOS="633" VPOS="1308" WIDTH="80" HEIGHT="26" WC="0.91" CONTENT="frägan"/><SP WIDTH="15" VPOS="1308" HPOS="713"/>
							<String ID="string_366" HPOS="728" VPOS="1308" WIDTH="81" HEIGHT="26" WC="0.96" CONTENT="fattade"/><SP WIDTH="16" VPOS="1308" HPOS="809"/>
							<String ID="string_367" HPOS="825" VPOS="1306" WIDTH="71" HEIGHT="22" WC="0.90" CONTENT="beslut."/>
						</TextLine>
					</TextBlock>
					<TextBlock ID="block_7" HPOS="179" VPOS="1334" WIDTH="827" HEIGHT="114">
						<TextLine ID="line_41" HPOS="249" VPOS="1334" WIDTH="757" HEIGHT="29">
							<String ID="string_368" HPOS="249" VPOS="1335" WIDTH="164" HEIGHT="27" WC="0.96" CONTENT="Propositionen"/><SP WIDTH="26" VPOS="1335" HPOS="413"/>
							<String ID="string_369" HPOS="439" VPOS="1337" WIDTH="127" HEIGHT="21" WC="0.96" CONTENT="besvarades"/><SP WIDTH="23" VPOS="1337" HPOS="566"/>
							<String ID="string_370" HPOS="589" VPOS="1337" WIDTH="48" HEIGHT="21" WC="0.92" CONTENT="med"/><SP WIDTH="23" VPOS="1337" HPOS="637"/>
							<String ID="string_371" HPOS="660" VPOS="1336" WIDTH="156" HEIGHT="27" WC="0.92" CONTENT="öfvervägande"/><SP WIDTH="21" VPOS="1336" HPOS="816"/>
							<String ID="string_372" HPOS="837" VPOS="1336" WIDTH="29" HEIGHT="26" WC="0.96" CONTENT="ja,"/><SP WIDTH="24" VPOS="1336" HPOS="866"/>
							<String ID="string_373" HPOS="890" VPOS="1335" WIDTH="38" HEIGHT="21" WC="0.96" CONTENT="och"/><SP WIDTH="22" VPOS="1335" HPOS="928"/>
							<String ID="string_374" HPOS="950" VPOS="1334" WIDTH="56" HEIGHT="21" WC="0.96" CONTENT="hade"/>
						</TextLine>
						<TextLine ID="line_42" HPOS="179" VPOS="1362" WIDTH="826" HEIGHT="28">
							<String ID="string_375" HPOS="179" VPOS="1362" WIDTH="84" HEIGHT="22" WC="0.92" CONTENT="säledes"/><SP WIDTH="14" VPOS="1362" HPOS="263"/>
							<String ID="string_376" HPOS="277" VPOS="1364" WIDTH="216" HEIGHT="22" WC="0.92" CONTENT="ekonomiutskottets"/><SP WIDTH="12" VPOS="1364" HPOS="493"/>
							<String ID="string_377" HPOS="505" VPOS="1365" WIDTH="140" HEIGHT="21" WC="0.92" CONTENT="omförmälda"/><SP WIDTH="11" VPOS="1365" HPOS="645"/>
							<String ID="string_378" HPOS="656" VPOS="1365" WIDTH="134" HEIGHT="25" WC="0.92" CONTENT="hemställan,"/><SP WIDTH="12" VPOS="1365" HPOS="790"/>
							<String ID="string_379" HPOS="802" VPOS="1367" WIDTH="32" HEIGHT="18" WC="0.93" CONTENT="att"/><SP WIDTH="10" VPOS="1367" HPOS="834"/>
							<String ID="string_380" HPOS="844" VPOS="1362" WIDTH="161" HEIGHT="28" WC="0.93" CONTENT="ifrägavarande"/>
						</TextLine>
						<TextLine ID="line_43" HPOS="179" VPOS="1391" WIDTH="826" HEIGHT="30">
							<String ID="string_381" HPOS="179" VPOS="1392" WIDTH="184" HEIGHT="29" WC="0.92" CONTENT="petitionsförslag"/><SP WIDTH="23" VPOS="1392" HPOS="363"/>
							<String ID="string_382" HPOS="386" VPOS="1394" WIDTH="69" HEIGHT="21" WC="0.93" CONTENT="skulle"/><SP WIDTH="21" VPOS="1394" HPOS="455"/>
							<String ID="string_383" HPOS="476" VPOS="1394" WIDTH="121" HEIGHT="21" WC="0.90" CONTENT="remitteras"/><SP WIDTH="23" VPOS="1394" HPOS="597"/>
							<String ID="string_384" HPOS="620" VPOS="1394" WIDTH="33" HEIGHT="20" WC="0.96" CONTENT="till"/><SP WIDTH="24" VPOS="1394" HPOS="653"/>
							<String ID="string_385" HPOS="677" VPOS="1394" WIDTH="108" HEIGHT="20" WC="0.93" CONTENT="allmänna"/><SP WIDTH="19" VPOS="1394" HPOS="785"/>
							<String ID="string_386" HPOS="804" VPOS="1391" WIDTH="201" HEIGHT="26" WC="0.90" CONTENT="besvärsutskottet,"/>
						</TextLine>
						<TextLine ID="line_44" HPOS="180" VPOS="1419" WIDTH="409" HEIGHT="29">
							<String ID="string_387" HPOS="180" VPOS="1419" WIDTH="71" HEIGHT="22" WC="0.93" CONTENT="blifvit"/><SP WIDTH="16" VPOS="1419" HPOS="251"/>
							<String ID="string_388" HPOS="267" VPOS="1422" WIDTH="23" HEIGHT="21" WC="0.93" CONTENT="af"/><SP WIDTH="13" VPOS="1422" HPOS="290"/>
							<String ID="string_389" HPOS="303" VPOS="1422" WIDTH="178" HEIGHT="26" WC="0.92" CONTENT="borgareständet"/><SP WIDTH="14" VPOS="1422" HPOS="481"/>
							<String ID="string_390" HPOS="495" VPOS="1422" WIDTH="94" HEIGHT="21" WC="0.91" CONTENT="bifallen."/>
						</TextLine>
					</TextBlock>
				</ComposedBlock>
				<ComposedBlock ID="cblock_2" HPOS="178" VPOS="1503" WIDTH="828" HEIGHT="53">
					<TextBlock ID="block_8" HPOS="178" VPOS="1503" WIDTH="828" HEIGHT="53">
						<TextLine ID="line_45" HPOS="248" VPOS="1503" WIDTH="758" HEIGHT="25">
							<String ID="string_391" HPOS="248" VPOS="1506" WIDTH="68" HEIGHT="22" WC="0.93" CONTENT="Bland"/><SP WIDTH="19" VPOS="1506" HPOS="316"/>
							<String ID="string_392" HPOS="335" VPOS="1507" WIDTH="96" HEIGHT="21" WC="0.92" CONTENT="ständets"/><SP WIDTH="18" VPOS="1507" HPOS="431"/>
							<String ID="string_393" HPOS="449" VPOS="1507" WIDTH="138" HEIGHT="21" WC="0.96" CONTENT="medlemmar"/><SP WIDTH="18" VPOS="1507" HPOS="587"/>
							<String ID="string_394" HPOS="605" VPOS="1506" WIDTH="56" HEIGHT="21" WC="0.93" CONTENT="hade"/><SP WIDTH="18" VPOS="1506" HPOS="661"/>
							<String ID="string_395" HPOS="679" VPOS="1506" WIDTH="93" HEIGHT="21" WC="0.92" CONTENT="utdelats"/><SP WIDTH="16" VPOS="1506" HPOS="772"/>
							<String ID="string_396" HPOS="788" VPOS="1505" WIDTH="40" HEIGHT="21" WC="0.93" CONTENT="och"/><SP WIDTH="16" VPOS="1505" HPOS="828"/>
							<String ID="string_397" HPOS="844" VPOS="1504" WIDTH="114" HEIGHT="22" WC="0.92" CONTENT="bordlades"/><SP WIDTH="15" VPOS="1504" HPOS="958"/>
							<String ID="string_398" HPOS="973" VPOS="1503" WIDTH="33" HEIGHT="21" WC="0.95" CONTENT="till"/>
						</TextLine>
						<TextLine ID="line_46" HPOS="178" VPOS="1535" WIDTH="825" HEIGHT="21">
							<String ID="string_399" HPOS="178" VPOS="1536" WIDTH="62" HEIGHT="20" WC="0.93" CONTENT="nästa"/><SP WIDTH="15" VPOS="1536" HPOS="240"/>
							<String ID="string_400" HPOS="255" VPOS="1535" WIDTH="166" HEIGHT="21" WC="0.92" CONTENT="sammanträde:"/><SP WIDTH="579" VPOS="1535" HPOS="421"/>
							<String ID="string_401" HPOS="1000" VPOS="1538" WIDTH="3" HEIGHT="3" WC="0.49" CONTENT="i"/>
						</TextLine>
					</TextBlock>
				</ComposedBlock>
			</PrintSpace>
		</Page>
	</Layout>
</alto>
