1086 1739
226 124 36 33 938
486 131 93 24 Borgarest.
591 133 45 19 1888.
658 134 11 17 5
682 133 39 23 Maj.

275 198 30 21 Pä
320 200 67 25 grund
404 201 22 21 af
445 201 35 21 det
498 202 48 21 utaf
563 203 25 21 hr
607 203 54 21 Lille
680 203 74 27 gjorda
773 202 111 27 yrkandet,
903 202 121 22 framstälde

205 226 26 21 hr
249 226 122 23 talmannen
393 229 32 22 till
446 229 96 23 ständets
569 231 131 22 besvarande
719 231 93 28 följande
835 231 190 28 omröstningspro-

205 255 102 26 position:

274 283 40 28 De,
330 285 68 22 hvilka
411 287 111 26 godkänna
538 288 15 28 $
568 289 28 20 31
611 288 138 27 oförändrad,
765 290 58 19 rösta
834 288 36 26 ja;
887 288 31 25 de,
934 288 34 21 det
982 287 43 22 icke

202 313 61 26 göra,
279 315 56 19 rösta
351 315 46 26 nej;

273 342 72 21 vinner
360 344 42 26 nej,
418 344 39 21 har
472 345 169 26 borgareståndet
653 345 82 22 beslutit
750 347 30 20 att
794 345 150 21 återremittera
957 351 66 21 para-

202 370 77 26 grafen
295 370 32 21 till
340 371 96 22 utskottet
450 373 9 20 i
474 373 33 21 det
520 374 55 27 syfte
590 374 26 21 hr
632 374 56 21 Lille
703 374 114 27 föreslagit.

273 399 40 22 Vid
328 400 108 23 verkstäld
451 403 97 27 votering
563 403 97 27 afgåfvos
678 404 26 21 19
716 404 23 27 ja
755 403 40 21 och
809 403 27 21 28
856 403 40 26 nej,
916 403 39 21 och
970 402 54 21 hade

203 427 87 22 ståndet
305 429 82 21 således
402 430 88 21 beslutit
504 433 33 19 att
552 432 11 27 $
579 433 26 20 31
622 432 69 21 skulle
710 432 33 21 till
761 431 104 22 utskottet
884 431 139 22 återremitte-

204 461 35 16 ras
249 456 34 21 för
297 459 32 19 att
345 458 93 27 undergå
453 460 146 21 omredaktion
616 461 6 20 i
638 461 35 20 det
689 460 60 27 syfte,
761 462 32 19 att
804 460 23 21 af
836 460 120 21 densamma
968 460 55 21 klar-

204 484 57 27 ligen
277 485 124 28 framginge,
421 487 35 22 det
475 488 201 23 landträntmästare
695 489 46 22 icke
760 491 23 19 är
803 489 119 26 berättigad
941 490 31 20 att
991 489 32 20 till

202 513 144 22 allmänheten
361 515 87 28 försälja
462 517 115 27 stämpladt
592 524 80 21 papper
691 518 51 21 eller
761 517 185 27 stämpelmärken.

274 543 9 20 I
299 543 67 26 öfriga
381 544 59 22 delar
455 545 43 22 blef
509 546 116 21 utskottets
635 546 163 27 ifrågavarande
809 545 214 27 författningsförslag

203 569 139 24 oförändradt
366 573 114 27 godkändt,
507 574 117 27 hvarjemte
650 575 84 21 ståndet
762 575 74 26 beslöt,
863 576 32 19 att
919 575 103 20 utskottet

202 598 71 22 skulle
292 601 101 21 anmodas
412 603 32 20 att
463 603 57 21 såväl
539 603 132 22 beträffande
690 603 163 28 paragrafernas
875 602 147 27 nummerföljd

204 633 45 15 som
272 628 7 21 i
302 629 67 26 öfriga
384 630 112 22 afseenden
512 632 85 27 vidtaga
613 633 25 20 de
658 632 272 26 redaktionsförändringar
951 632 7 20 i
981 631 41 21 för-

203 655 210 32 fattningsförslaget,
433 666 44 15 som
496 660 124 27 påkallades
639 661 7 21 i
665 661 52 27 följd
736 661 23 22 af
777 661 96 21 ståndets
896 660 75 25 beslut,
991 662 31 19 att

203 684 47 21 icke
269 685 70 22 åsätta
357 687 71 22 vexlar
447 689 68 27 någon
535 689 97 27 särskild,
652 690 7 21 i
679 690 42 21 alla
739 689 38 22 fall
796 689 139 27 obligatorisk
958 691 63 19 stäm-

203 709 101 35 pelskatt.
959 740 2 2 |

219 828 4 3 +
249 797 14 38 —
272 801 117 28 Föredrogs
404 803 149 28 lagutskottets
570 804 135 21 betänkande
720 810 34 15 n:o
767 804 44 21 15
804 797 10 38 i
826 803 112 27 anledning
949 803 23 21 af
985 803 35 21 nä-

202 827 50 28 diga
267 831 164 26 propositionen,
447 832 108 27 angäende
571 833 89 26 ändring
672 833 23 21 af
705 833 13 21 3
733 833 12 27 $
757 833 6 20 i
775 832 150 27 förordningen
940 838 34 15 om
985 834 35 19 nä-

201 857 100 26 ringarne
312 858 27 28 af
353 859 40 22 den
408 861 26 20 31
450 867 56 15 mars
523 861 64 26 1879;
604 861 39 22 och
658 861 84 28 yttrade
759 861 32 26 sig
806 861 75 20 härvid

271 886 25 21 hr
307 887 105 23 Öhman:
428 889 41 20 Det
483 891 23 20 är
521 890 122 27 visserligen
658 890 47 21 icke
720 890 69 26 nägon
806 889 102 26 väsentlig
924 889 96 21 anmärk-

200 913 53 28 ning
265 915 37 26 jag
317 916 38 21 har
371 919 30 19 att
417 917 123 26 framställa,
556 924 46 15 men
616 919 37 26 jag
668 918 80 21 tillåter
763 918 44 27 mig
821 918 64 20 likväl
897 919 31 18 att
943 918 77 20 föreslå

202 948 26 15 en
244 943 51 21 liten
310 944 123 29 förändring
448 946 7 21 i
471 947 39 20 den
528 947 78 26 nädiga
624 947 171 27 propositionens
814 946 81 27 lagtext
913 946 13 21 &
944 947 76 26 pagina

200 971 14 20 3
225 971 43 21 5:te
279 972 39 21 och
329 973 42 22 6:te
385 975 96 26 raderna,
498 975 36 21 der
544 975 36 21 det
595 975 71 22 heter:
681 977 47 25 ,äro
739 975 102 21 makarne
852 975 90 26 lagligen
953 975 67 21 skilda

200 999 33 21 till
249 1002 52 25 säng
317 1002 38 21 och
371 1005 45 19 säte
432 1003 38 22 och
485 1004 89 21 förestär
589 1004 91 21 hustrun
696 1004 61 21 boet*
774 1003 39 22 och
832 1003 24 22 sä
874 1003 78 22 vidare.
983 1003 37 22 Or-

200 1027 42 22 den
258 1029 51 27 ,och
324 1030 90 22 förestår
430 1032 87 21 hustrun
533 1033 60 20 boet"
609 1039 62 14 anser
684 1033 36 26 jag
736 1033 54 20 böra
804 1033 137 25 utmönstras,
952 1034 22 25 ty
986 1032 34 21 det

198 1062 65 20 synes
278 1058 43 26 mig
335 1059 47 22 icke
396 1059 68 22 finnas
479 1061 64 26 några
559 1061 46 21 skäl
620 1061 33 21 för
667 1063 33 19 att
715 1061 46 21 icke
778 1067 25 14 en
819 1061 81 25 hustru,
920 1067 44 15 som
983 1061 37 20 har

199 1084 86 23 skilnad
300 1087 33 21 till
348 1090 52 24 säng
414 1089 40 21 och
469 1091 45 19 säte
528 1089 47 21 frän
591 1090 32 20 sin
639 1096 55 19 man,
710 1090 62 20 äfven
788 1089 6 21 i
810 1089 102 21 händelse
922 1089 42 21 hon
974 1089 46 21 icke

200 1112 71 23 blifvit
286 1115 108 23 förklarad
409 1117 119 27 berättigad
543 1119 33 20 att
595 1118 81 21 förestä
692 1118 49 21 boet
757 1118 39 21 och
813 1124 71 14 ensam
900 1118 120 21 handhafva

198 1141 81 23 vården
302 1150 33 15 om
358 1144 90 22 barnens
469 1146 130 27 uppfostran,
619 1146 35 22 må
672 1153 40 20 ega
729 1148 46 19 rätt
793 1148 32 19 att
846 1147 51 20 utan
920 1152 100 15 mannens

199 1172 110 26 samtycke
324 1173 68 21 drifva
407 1174 66 21 sådan
488 1175 81 27 näring,
584 1176 13 20 2
613 1175 11 27 $
640 1176 7 20 i
662 1175 149 26 näringslagen
827 1174 122 27 medgifver.
979 1175 41 21 Det

199 1200 24 19 är
238 1200 63 22 alltså
316 1201 33 22 för
367 1204 32 19 att
418 1202 87 22 hustrun
522 1203 61 21 äfven
602 1204 68 20 under
689 1204 82 20 sådana
789 1203 147 21 förhållannen
955 1203 65 21 måtte

199 1228 118 27 medgifvas
332 1230 193 28 näringsrättighet,
541 1238 44 15 som
599 1232 37 27 jag
650 1232 54 26 tagit
719 1232 44 26 mig
774 1232 92 21 friheten
881 1231 78 22 föreslå
975 1233 45 19 ute-

198 1256 109 23 slutandet
323 1258 22 21 af
359 1259 26 21 de
400 1260 92 21 nämnda
506 1260 74 22 orden.
815 1284 8 4 n

267 1286 32 21 Hr
315 1287 140 23 Stenbäck:
476 1289 41 27 Jag
532 1290 45 20 tror
592 1289 7 21 i
614 1290 90 20 motsats
720 1289 33 21 till
769 1289 25 21 hr
810 1289 89 26 Öhman,
915 1290 32 20 att
962 1288 58 22 detta

197 1314 121 27 stadgande
333 1316 38 21 här
386 1316 34 21 väl
435 1317 106 21 försvarar
556 1318 32 20 sin
604 1318 62 26 plats.
696 1318 31 27 Ty
747 1324 34 14 om
798 1317 90 21 hustrun
903 1317 47 21 icke
965 1316 55 22 före-

197 1342 48 22 står
260 1344 57 27 boet,
333 1346 24 19 är
372 1345 42 21 hon
430 1346 28 26 pä
472 1346 67 26 grund
555 1346 22 21 af
591 1346 71 26 lagens
677 1346 118 26 stadgande
810 1346 7 21 i
834 1347 10 19 1
861 1346 12 27 $
890 1346 26 21 15
931 1345 89 27 kapitlet

196 1371 204 29 giftermälsbalken,
416 1374 127 22 ätminstone
558 1375 7 20 i
580 1374 26 21 de
621 1374 62 22 flesta
692 1375 43 26 fall,
752 1374 100 22 vällande
867 1374 32 21 till
914 1374 106 21 skilsmes-

196 1406 46 21 san,
259 1402 40 21 och
314 1402 27 21 dä
357 1402 23 21 sä
395 1404 29 24 är,
440 1403 40 21 bör
494 1403 42 21 hon
551 1403 34 21 väl
600 1403 48 21 icke
664 1403 117 27 berättigas
793 1405 32 19 att
840 1402 50 28 ingä
905 1402 115 22 förbindel-

196 1434 41 21 ser,
257 1430 33 21 för
308 1430 72 22 hvilka
401 1431 37 21 det
455 1438 158 20 gemensamma
632 1432 49 21 boet
696 1432 45 21 stär
757 1432 7 20 i
779 1431 143 27 ansvarighet,
939 1430 81 22 hvilket

192 1457 27 26 ju
230 1457 70 23 blefve
315 1460 65 26 fallet,
396 1466 34 15 om
445 1460 68 21 henne
528 1460 121 28 medgäfves
661 1462 43 20 rätt
720 1461 32 20 att
768 1462 52 19 utan
835 1466 102 15 mannens
954 1459 66 26 begif-

195 1486 70 21 vande
281 1488 51 21 idka
347 1488 77 21 handel
439 1489 27 26 pä
482 1490 42 20 sätt
539 1489 25 21 hr
579 1486 82 25 Öhman
677 1488 118 28 föreslagit.

266 1515 31 21 Hr
320 1516 140 28 Clouberg:
484 1518 10 20 I
516 1517 67 22 likhet
605 1518 48 20 med
675 1518 25 20 hr
720 1518 83 20 Öhman
822 1516 79 22 förstär
918 1516 36 27 jag
972 1516 48 22 icke

194 1542 90 22 hvarför
300 1544 90 22 hustrun
405 1546 7 20 i
428 1546 58 22 detta
501 1546 36 22 fall
553 1546 54 22 skall
622 1546 81 22 förestä
719 1546 52 21 boet
786 1546 33 21 för
835 1548 32 19 att
882 1545 22 21 fä
918 1545 50 21 idka
984 1547 36 19 nä-
