1081 1734
340 126 92 22 Borgarest.
443 126 47 19 1888.
513 126 18 18 19
543 126 51 22 April
828 126 34 18 683

68 196 50 21 Men
134 195 74 21 sädant
229 194 115 22 utskottets
367 194 102 27 förslag
460 190 12 36 i
486 195 57 21 vissa
565 194 59 22 delar
647 196 115 25 emanerat,
780 195 56 21 inser
848 196 36 26 jag

70 224 48 21 icke
140 225 71 25 annat,
233 225 26 19 än
282 224 31 20 att
334 229 50 15 man
406 222 76 22 önskar
504 224 23 20 åt
541 223 51 21 våra
611 223 116 21 dissenters
742 224 143 26 obegränsade

71 252 125 27 rättigheter
214 251 47 21 frän
280 253 80 20 statens
378 251 52 26 sida,
448 254 52 18 utan
518 252 94 27 ringaste
630 252 148 21 motsvarande
793 252 92 27 skyldig-

70 280 62 22 heter
146 280 33 22 för
194 280 53 21 dem.
278 280 44 21 Och
337 280 47 21 med
400 280 118 21 detsamma
532 286 49 15 man
596 280 65 22 alltsä
676 280 35 21 vill
726 280 95 28 lagstifta
831 286 54 15 sam-

71 308 89 22 vetsfrid
175 308 22 22 åt
212 309 60 21 dessa
292 308 120 26 dissenters,
431 308 105 22 undviker
553 315 49 15 man
617 308 48 22 icke
680 310 32 20 att
726 308 110 22 klafbinda
850 308 36 22 det

72 338 105 20 allmänna
192 338 106 26 gentemot
312 337 55 26 dem,
383 337 39 21 och
437 337 36 21 det
488 339 24 19 är
527 337 41 21 den
582 338 89 26 princip,
688 343 44 15 som
740 338 37 26 jag
786 337 47 21 icke
843 336 42 22 kan

72 368 58 19 rösta
144 366 40 26 för,
202 366 88 21 emedan
306 366 36 26 jag
360 372 63 15 anser
441 365 40 21 den
499 365 113 27 uppfostra
626 366 24 21 sä
666 368 32 19 att
712 368 51 24 säga
777 366 108 27 religions-

72 394 116 27 proletärer
202 395 8 21 i
224 394 48 21 värt
286 394 56 21 land.
371 394 41 26 Jag
427 394 37 21 ber
478 394 7 21 i
501 394 153 28 sammanhang
668 394 88 21 härmed
771 396 31 20 att
817 394 22 21 fä
854 400 31 15 er-

72 423 47 20 inra
134 429 33 14 om
183 429 25 14 en
227 422 128 28 förordning,
371 429 45 15 som
432 423 6 20 i
453 423 56 20 vissa
528 423 58 21 delar
601 423 39 20 har
656 429 26 14 en
697 423 134 26 märkvärdig
846 422 39 21 lik-

71 451 38 21 het
123 451 48 21 med
186 451 114 21 utskottets
318 457 28 14 nu
364 451 162 26 ifrägavarande
545 451 121 27 lagförslag,
686 451 66 21 ehuru
768 451 40 21 den
823 451 63 21 berör

72 481 32 20 ett
119 479 45 22 helt
178 481 64 20 annat
257 479 236 28 lagstiftningsomräde.
523 480 43 21 Det
581 481 23 20 är
620 479 150 28 förordningen
785 486 33 15 om
829 479 56 28 sjelf-

71 508 89 27 försvar,
176 515 43 14 som
232 509 36 26 jag
283 508 87 21 härmed
385 508 87 27 åsyftar,
486 508 87 21 hvilken
588 509 126 20 emanerade
720 504 12 35 i
729 509 61 20 lika
799 508 87 21 vackert

71 536 63 28 syfte,
150 537 26 21 dä
191 537 40 21 den
246 537 87 21 innebar
348 537 39 21 och
402 537 94 26 innebär,
516 539 32 19 att
566 537 125 21 menniskan
705 537 65 21 redan
785 537 59 21 födes
859 536 26 21 fri

72 565 40 22 och
130 565 56 27 förty
203 565 46 22 icke
267 565 75 22 tänkes
360 565 91 21 behöfva
470 566 23 21 sä
512 565 82 22 kalladt
612 565 49 27 laga
677 565 87 22 försvar.
793 565 40 28 Jag
848 565 38 21 ber

72 595 32 20 att
120 593 22 22 få
158 594 57 21 hålla
235 594 43 27 mig
295 594 33 21 till
347 594 40 21 den
406 594 70 21 nakna
495 595 117 26 sanningen
631 594 40 21 och
688 594 67 27 påstå,
774 596 31 19 att
824 593 61 22 äfven

73 623 69 21 denna
162 622 125 28 författning
310 625 104 25 emottogs
436 623 48 20 med
505 623 107 21 blandade
633 623 87 21 kärslor
742 622 22 21 af
778 623 36 20 det
828 624 58 19 stora

71 650 92 22 flertalet
177 651 7 22 i
198 651 47 21 vårt
259 651 55 21 land.
345 651 45 21 Och
408 651 86 21 hvilken
516 651 80 22 verkan
615 651 63 22 äfven
693 651 68 22 denna
776 651 52 26 haft,
844 651 42 20 kan

72 686 49 15 man
136 679 56 22 sluta
210 679 66 26 deraf,
295 681 31 20 att
344 679 81 22 ställvis
444 680 28 21 50
487 680 23 26 ja
529 679 122 22 tillochmed
670 680 28 21 60
712 681 86 26 procent
814 679 23 22 af
850 679 36 21 be-

72 707 122 28 folkningen
209 708 30 21 uti
254 708 50 21 vära
318 708 123 21 kommuner
458 708 106 28 begagnat
582 708 32 27 sig
630 708 23 21 af
667 709 40 20 den
726 709 39 21 och
780 707 106 22 öfverhuf-

72 737 100 26 vudtaget
187 737 46 20 icke
248 736 86 21 förstätt
348 739 63 18 annat
426 739 27 18 än
468 738 32 20 att
514 737 120 21 missbruka
650 737 46 26 den,
712 737 30 27 ity
752 739 32 19 att
797 737 26 21 de
833 738 53 20 trott

72 765 32 27 sig
119 765 63 21 hafva
196 765 42 21 alla
252 765 26 21 de
293 765 37 21 fri-
345 765 39 21 och
398 765 127 26 rättigheter
540 765 112 22 samhället
662 765 42 22 kan
714 765 69 21 lemna
793 771 26 15 en
828 771 58 15 men-

73 793 67 26 niska,
154 799 48 16 men
216 793 94 22 deremot
325 793 46 22 icke
386 793 76 22 erkänt
476 793 32 28 sig
524 793 64 22 hafva
596 794 66 27 några
673 794 147 21 motsvarande
830 793 56 27 sky]l-

72 822 102 27 digheter.
204 821 45 22 Och
271 822 35 21 det
325 822 88 21 oaktadt
431 824 37 19 äro
487 823 62 20 dessa
568 822 165 27 sjelfförsvarare
750 823 54 20 intet
823 823 64 20 annat

73 853 26 19 än
116 851 25 21 de
156 850 214 28 beklagansvärdaste
386 850 78 22 slafvar
479 851 7 21 i
500 851 48 21 värt
563 851 51 21 land
628 851 69 21 under
712 851 32 21 sin
754 857 54 21 egna
817 850 70 22 falska

71 879 73 26 frihet,
160 881 54 19 samt
228 879 64 21 hafva
306 879 91 21 faktiskt
415 880 83 20 härtills
513 880 55 21 visat
586 880 32 26 sig
633 886 51 15 vara
699 880 108 27 ingenting
822 880 65 20 annat

71 910 29 19 än
115 908 121 21 samhällets
255 908 136 27 legaliserade
411 908 123 27 proletärer,
558 914 44 16 som
622 908 71 21 lemna
710 909 122 27 regeringen
848 908 39 21 och

72 936 239 28 fattigförsörjningarne
326 937 44 21 lika
384 936 84 28 mycket
478 936 129 28 bekymmer,
618 943 46 15 som
675 937 25 21 de
711 938 40 20 öka
764 936 123 22 innevänar-

72 965 80 21 antalet
167 965 7 21 i
188 965 51 21 vära
253 964 242 28 fängelseinrättningar.
526 965 45 21 Och
587 966 37 27 jag
642 967 46 19 tror
702 965 34 21 för
752 966 55 20 visso
826 966 38 25 att,
880 964 6 21 i

72 993 100 21 händelse
194 993 115 21 utskottets
331 993 79 27 förslag
433 994 6 20 i
461 1000 29 15 nu
512 994 139 21 förevarande
671 994 60 27 fräga
748 994 83 21 komme
855 994 32 20 att

72 1028 98 15 emanera
186 1028 44 14 som
246 1022 40 26 lag,
301 1022 69 21 denna
388 1022 138 27 korporation
542 1022 22 22 af
581 1023 41 21 löst
638 1022 46 22 folk
699 1022 69 22 blefve
784 1022 35 21 det
833 1023 53 20 mest

71 1050 131 22 tacksamma
218 1050 39 21 fält
271 1050 33 21 för
318 1050 108 22 blifvande
442 1051 122 21 dissenters.
593 1051 41 27 Jag
649 1051 38 21 ber
702 1052 31 20 att
748 1050 21 22 fä
784 1056 103 16 samman-

71 1078 56 22 fatta
144 1079 43 21 min
205 1078 55 28 äsigt
275 1079 7 21 i
296 1085 29 15 nu
343 1079 145 27 föreliggande
506 1079 62 28 fräga
586 1080 87 26 derhän,
696 1082 31 19 att
742 1080 37 26 jag
794 1080 93 20 närmast

72 1108 92 20 ansluter
183 1108 42 26 mig
243 1107 33 21 till
293 1108 157 21 reservationen
468 1114 35 15 n:o
522 1109 13 21 2
557 1108 47 21 med
624 1108 26 21 de
672 1108 151 28 förändringar,
842 1113 44 16 som

71 1136 8 21 i
94 1136 68 21 denna
177 1136 129 21 reservation
321 1136 98 27 möjligen
434 1136 72 22 kunna
520 1136 160 27 ifrägakomma.

140 1164 31 21 Hr
186 1164 76 22 Lille:
291 1164 94 22 Emedan
401 1165 69 21 denna
485 1165 120 21 diskussion
621 1165 57 21 afser
692 1167 32 19 att
734 1171 50 15 vara
794 1171 26 15 en
830 1164 56 27 prin-

70 1192 156 26 cipdiskussion
241 1193 39 21 och
295 1193 27 21 dä
336 1194 25 20 hr
375 1193 109 27 Enebergs
499 1193 110 22 uttalande
624 1195 95 20 närmast
733 1195 35 19 rör
782 1193 12 27 &
810 1194 10 20 1
837 1193 6 21 i
854 1194 33 20 ut-

71 1220 92 22 skottets
178 1221 85 28 förslag,
287 1221 67 22 afstär
372 1222 38 27 jag
424 1221 47 22 frän
491 1224 31 19 att
538 1222 82 21 direkte
638 1222 50 28 ingä
703 1222 7 21 i
724 1222 126 21 bemötande
866 1221 22 21 af

69 1248 61 22 detta
145 1250 39 20 och
199 1250 128 21 förbehåller
341 1250 43 27 mig
399 1252 32 19 att
446 1250 132 22 återkomma
593 1250 77 26 dertill,
687 1250 27 22 dä
727 1250 83 22 ståndet
820 1250 67 21 under

69 1277 223 28 detaljgranskningen
306 1278 39 21 har
360 1280 32 19 att
406 1278 108 23 behandla
528 1279 92 21 nämnda
635 1279 105 26 paragraf.

140 1306 32 21 Då
188 1307 35 20 det
238 1307 46 20 blef
296 1307 67 21 kändt
378 1308 32 20 att
424 1308 125 26 regeringen
564 1307 68 21 skulle
643 1307 85 21 komma
739 1309 30 19 att
779 1307 108 26 förelägga

71 1336 71 19 senast
157 1335 197 21 sammanträdande
372 1335 126 28 kyrkomöte
516 1337 32 20 ett
566 1337 46 26 nytt
632 1335 80 28 förslag
727 1336 32 21 till
774 1335 113 22 dissenter-

70 1362 41 27 lag,
127 1363 85 22 väcktes
227 1363 38 22 hos
280 1363 42 21 alla
336 1363 204 27 religionsfrihetens
550 1366 79 19 vänner
641 1364 64 27 glada
716 1363 170 27 förhoppningar.

71 1391 128 27 Visserligen
218 1398 38 15 var
273 1392 201 27 religionsfrihetens
492 1392 133 27 grundtanke
644 1393 7 20 i
670 1393 60 20 detta
746 1392 80 25 förslag
840 1391 47 21 icke

70 1419 131 28 konsegvent
215 1420 129 27 genomförd,
364 1427 47 14 men
430 1420 36 21 det
481 1422 37 26 tog
534 1421 53 21 dock
606 1421 81 27 hänsyn
701 1421 33 21 till
749 1421 41 21 alla
805 1419 82 22 kristna

69 1448 229 27 religionsbekännare.
331 1449 111 26 Förslaget
463 1449 148 22 understäldes
633 1449 142 28 kyrkomötet.
804 1448 83 27 Kyrko-

71 1477 67 20 mötet
152 1477 118 27 kringskar,
286 1477 68 22 säsom
369 1477 21 21 vi
406 1477 42 21 alla
462 1479 56 24 veta,
535 1478 48 21 med
598 1478 116 21 medeltida
729 1477 158 27 trängbrösten-

68 1504 39 21 het
122 1505 26 21 de
167 1507 95 20 ansatser
279 1506 33 21 tili
331 1512 26 15 en
374 1505 82 27 verklig
474 1505 173 28 religionsfrihet,
667 1513 45 14 som
730 1506 85 27 ingingo
830 1505 8 21 i
852 1505 36 21 det

69 1532 25 21 af
106 1534 124 26 regeringen
250 1533 116 22 omfattade
385 1533 109 28 förslaget.
524 1534 126 22 Emellertid
668 1534 98 22 insändes
781 1534 59 21 detta
855 1533 33 22 till
