1089 1742
224 138 44 17 1336
490 138 92 22 Borgarest.
595 138 44 18 1888.
663 138 20 18 25
695 138 39 22 Maj.

201 206 78 21 Vidare
297 206 109 27 upplystes
422 206 42 26 det,
480 208 31 20 att
526 206 38 21 här
579 207 6 20 i
602 206 102 22 närheten
721 207 22 21 af
756 207 134 27 Helsingfors
906 207 62 21 också
984 206 38 22 fin-

202 241 38 15 nas
255 234 152 27 kronoskogar,
423 241 44 15 som
484 235 32 21 stä
531 235 32 21 till
580 235 54 21 buds
650 236 27 26 pä
693 236 46 27 1!/2
754 242 13 15 a
782 236 13 21 2
811 236 47 20 mils
871 238 39 24 väg
922 236 98 20 härifrån.

201 263 10 21 I
227 263 86 26 Sverige
333 263 39 21 och
390 263 26 26 på
432 264 75 25 många
522 264 67 21 andra
604 264 78 21 ställen
698 264 6 21 i
721 264 96 21 utlandet
832 266 36 19 äro
884 264 137 21 forstinstitu-

201 293 35 19 ten
252 291 112 27 placerade
379 291 7 21 i
401 292 217 21 universitetsstäder.
643 292 30 21 Hr
689 292 54 21 Lille
759 293 119 26 åberopade
894 293 38 20 här
947 298 25 14 en
988 294 34 19 ort

201 319 106 21 Tharand.
338 319 74 22 Denna
427 322 34 19 ort
476 320 54 21 skall
546 320 56 21 hvad
619 320 78 27 skogar
713 321 102 21 beträffar
830 327 50 15 vara
895 321 61 26 högst
972 321 49 20 obe-

201 348 99 27 tydande,
323 348 6 21 i
352 349 36 20 det
407 349 47 21 dess
478 349 123 26 skogsareal
623 351 23 19 är
664 349 82 21 kanske
766 349 87 22 dubbelt
872 349 23 22 så
913 351 43 19 stor
975 354 45 15 som

200 376 172 27 Brunnsparken,
388 377 38 21 och
445 377 54 21 blott
515 377 46 28 1!/2
576 378 84 21 timmes
676 379 40 25 väg
732 378 47 21 från
795 384 25 15 en
836 377 185 22 universitetsstad

201 405 53 21 skall
276 405 32 21 för
324 408 69 19 resten
413 406 63 21 också
492 407 39 20 den
547 412 52 15 vara
614 406 96 27 belägen.
740 406 149 21 Kostnaderna
904 407 60 20 torde
980 412 40 21 nog

201 433 46 22 icke
263 434 66 21 blifva
344 434 96 27 billigare
457 435 6 20 i
479 435 165 27 polyteknikum,
656 437 26 18 än
698 435 27 26 på
737 435 70 21 Evois.
830 435 190 26 Hufvudsakligast

201 463 27 26 på
244 463 25 20 de
285 469 28 14 nu
328 463 88 21 anförda
431 463 72 21 skälen
520 463 39 21 och
575 463 109 21 dessutom
700 463 23 22 af
735 464 42 21 den
793 464 95 25 orsaken,
901 465 31 20 att
947 463 73 27 skogs-

200 491 94 21 skötseln
314 491 32 21 för
365 491 89 22 Finland
474 494 23 19 är
516 492 23 21 af
557 492 135 27 synnerligen
713 495 45 18 stor
777 492 115 27 betydelse,
908 498 62 15 anser
983 491 36 28 jag

200 522 32 18 att
251 526 47 14 man
318 519 46 22 icke
383 521 38 20 bör
438 521 38 26 sky
495 520 26 21 de
541 521 141 26 erforderliga
701 521 147 25 kostnaderna,
864 521 32 20 för
916 522 30 19 att
964 522 55 19 sätta

200 548 108 21 blifvande
323 548 101 21 forstmän
440 549 6 20 i
462 549 83 21 tillfälle
561 551 31 18 att
607 549 22 20 få
644 549 37 21 det
695 549 77 27 högsta
787 549 86 27 möjliga
888 549 52 21 mått
951 549 23 20 af
984 555 33 15 ve-

200 577 70 21 tande.
293 577 43 21 Det
353 579 23 19 är
392 577 61 22 dessa
469 584 26 14 nu
511 577 138 28 uppräknade
665 578 136 27 synpunkter,
817 584 45 15 som
877 577 62 22 hafva
954 577 63 26 gjort,

199 607 33 19 att
244 606 37 26 jag
296 606 77 20 uttalat
388 606 42 27 mig
445 606 33 21 för
492 607 116 20 utskottets
623 612 29 15 nu
667 606 146 27 föreliggande
829 606 137 25 betänkande,
978 605 38 21 och

200 633 69 22 skulle
291 634 36 27 jag
346 634 90 26 anhålla,
452 637 31 19 att
501 635 178 26 borgareståndet
697 635 61 21 äfven
778 635 49 21 ville
846 635 72 21 förena
934 635 31 26 sig
983 640 33 15 om

198 663 126 21 detsamma.

268 691 31 21 Hr
314 691 124 22 Neovius:
462 692 30 21 Hr
507 692 97 21 Renlund
621 693 83 20 slutade
721 693 36 20 sitt
773 693 135 26 andragande
924 692 92 25 dermed,

199 721 32 20 att
246 720 66 27 enligt
328 720 53 21 hans
396 721 55 26 åsigt
466 721 160 26 skogsskötseln
641 721 34 21 för
689 721 48 21 vårt
752 721 49 21 land
817 727 49 15 vore
882 721 22 21 af
915 721 39 20 den
965 721 50 26 vigt,

199 750 31 19 att
250 755 46 14 man
313 749 46 21 icke
378 749 64 21 borde
462 749 36 27 sky
520 749 69 27 någon
605 749 126 22 omkostnad
747 749 34 22 för
796 752 31 18 att
842 749 96 26 bibringa
954 749 61 21 forst-

200 778 89 20 männen
306 777 36 21 det
357 777 75 27 högsta
447 778 84 26 möjliga
547 778 54 21 mått
616 778 23 21 af
652 779 97 20 vetande.
772 778 41 26 Jag
824 778 68 21 skulle
902 777 114 27 ingalunda

199 805 149 22 underskrifva
366 807 64 25 detta,
446 809 49 18 utan
515 813 62 14 anser
596 809 31 18 att
646 807 82 21 landets
746 807 104 28 forstmän
870 807 51 20 böra
939 806 21 21 få
976 806 39 21 den

197 833 79 27 högsta
294 835 86 26 möjliga
399 835 117 26 utbildning
535 835 33 20 för
587 835 38 20 sitt
643 835 54 21 fack.
728 835 85 22 Önskar
830 841 48 15 man
894 835 65 26 detta,
974 835 40 20 kan

197 869 47 13 man
266 863 46 21 icke
330 863 70 27 undgå
415 865 31 19 att
461 863 56 21 finna
531 866 32 18 att
578 863 134 27 Helsingfors
728 863 47 21 icke
790 865 24 19 är
829 864 39 20 den
884 865 56 19 rätta
955 866 59 18 orten

196 890 35 21 för
250 893 31 19 ett
296 891 90 27 institut,
402 892 37 20 der
458 898 24 14 en
497 891 97 27 praktisk
609 892 152 26 undervisning
776 892 53 20 skall
846 892 106 26 bibringas
967 891 48 21 blif-

197 919 69 21 vande
288 919 111 22 forstmän.
428 920 32 21 De
482 920 143 26 exkursioner,
642 926 44 15 som
706 920 94 21 härifrån
819 920 71 21 kunna
908 920 106 26 företagas

195 947 35 21 till
250 948 143 26 omnejderna,
412 950 37 20 äro
468 948 45 22 icke
532 948 23 22 af
572 949 68 26 någon
659 949 130 27 betydenhet
807 948 33 22 för
856 955 25 15 en
897 948 65 21 sådan
978 954 36 15 un-

194 975 131 27 dervisning.
352 977 42 21 Det
409 977 54 22 enda
478 979 63 19 sättet
557 979 31 19 att
603 977 98 27 bibringa
717 978 99 20 eleverna
831 984 25 14 en
872 977 94 27 praktisk
982 979 32 19 ut-

196 1004 101 27 bildning,
314 1006 24 20 är
356 1007 32 19 att
406 1006 69 21 lemna
493 1006 63 20 dessa
575 1012 56 20 unga
649 1008 47 18 män
713 1006 68 21 under
796 1012 118 14 sommaren
929 1005 85 21 tillfälle

194 1035 32 19 att
241 1033 107 27 praktiskt
364 1034 23 20 så
402 1034 133 26 fullständigt
554 1040 45 15 som
619 1034 83 27 möjligt
720 1034 95 21 inhemta
829 1034 38 21 allt
882 1034 36 21 det
932 1036 82 18 väsent-

194 1061 78 27 ligaste
296 1062 23 20 af
336 1062 63 22 deras
417 1062 106 22 blifvande
541 1063 52 27 yrke
613 1062 38 22 och
671 1064 32 20 att
721 1062 74 22 dervid
814 1062 80 22 erhålla
912 1062 102 27 tillbörlig

194 1089 151 28 handledning.
370 1091 80 21 Sådant
465 1093 23 19 är
503 1092 76 20 endast
593 1091 84 27 möjligt
694 1091 3 21 i
713 1091 102 21 händelse
830 1090 183 26 undervisningen,

193 1118 131 22 åtminstone
338 1120 68 20 under
422 1120 35 20 det
472 1122 83 18 senaste
571 1120 46 20 året
633 1120 37 20 och
684 1120 70 26 någon
769 1126 91 14 sommar
871 1118 142 27 derförinnan,

192 1147 110 21 meddelas
325 1147 27 27 på
372 1148 72 21 landet
462 1148 7 21 i
488 1150 30 19 ett
537 1148 90 26 institut,
644 1154 45 15 som
709 1148 125 26 disponerar
852 1148 59 21 öfver
928 1147 84 27 skogar,

192 1174 39 22 der
251 1176 100 21 eleverna
370 1176 70 21 kunna
457 1177 62 20 vinna
533 1176 97 27 praktisk
647 1176 72 27 öfning
734 1177 31 20 uti
781 1176 37 21 sitt
832 1176 107 21 blifvande
954 1176 58 27 yrke.

191 1203 43 21 Det
250 1205 24 19 är
290 1204 124 27 visserligen
431 1205 65 27 fallet,
512 1207 31 19 att
559 1205 74 26 början
649 1204 23 22 af
685 1205 179 26 undervisningen
880 1204 82 27 mycket
973 1204 39 21 lätt

191 1231 55 21 låter
262 1232 96 27 förlägga
374 1233 32 27 sig
421 1234 33 20 till
470 1240 24 14 en
511 1235 33 19 ort
559 1234 66 20 sådan
641 1239 45 15 som
702 1233 142 27 Helsingfors,
861 1233 47 21 med
924 1233 37 21 sitt
975 1239 37 21 po-

191 1260 121 27 lytekniska
330 1261 91 21 institut.
450 1262 48 21 Men
517 1264 32 19 att
567 1262 97 26 förlägga
679 1262 40 21 den
735 1261 117 22 teoretiska
866 1262 146 20 undervisnin-

189 1294 41 20 gen
246 1289 34 21 till
296 1291 30 19 ett
341 1290 145 26 polutekniskt
500 1290 84 21 institut
599 1290 39 21 har
653 1290 46 21 skäl
715 1290 35 21 för
764 1290 33 26 sig
807 1290 75 21 endast
892 1290 7 21 i
910 1290 40 21 den
960 1290 52 20 hän-

189 1317 67 27 delse,
272 1320 32 19 att
322 1318 35 21 vid
377 1318 59 21 detta
454 1319 83 21 institut
551 1318 87 22 beredts
653 1318 111 27 möjlighet
779 1318 32 21 till
826 1318 120 26 utbildning
958 1318 54 26 jem-

189 1346 34 21 väl
242 1346 34 22 för
295 1346 107 22 blifvande
421 1347 189 21 landthushällare.
641 1346 44 22 Och
704 1347 7 21 i
730 1346 77 28 sjelfva
822 1346 74 22 verket
910 1346 100 27 påträffas

187 1374 5 21 i
210 1374 109 28 Tyskland
338 1375 149 27 polytekniska
505 1376 90 25 institut,
611 1376 35 20 vid
661 1375 72 21 hvilka
749 1375 67 21 finnas
832 1376 106 20 inrättade
953 1374 57 22 fack-

187 1402 135 28 afdelningar
334 1403 33 21 för
378 1404 58 20 såväl
445 1410 125 20 agronomer
581 1410 45 15 som
637 1404 111 20 forstmän.
768 1404 10 20 I
789 1404 66 20 sådan
864 1403 101 21 händelse
973 1405 37 19 äro

188 1430 26 21 de
230 1438 159 19 gemensamma
404 1432 135 21 läroämnena
553 1432 47 21 icke
615 1432 22 21 fä
653 1432 38 21 och
703 1438 26 15 en
740 1432 98 26 förening
848 1432 23 21 af
880 1432 63 20 dessa
953 1431 57 21 fack-

187 1458 137 28 afdelningar
342 1460 49 21 med
409 1460 146 28 polytekniska
573 1460 106 21 institutet
694 1460 24 21 af
731 1460 84 27 verklig
829 1462 65 25 nytta,
910 1459 23 22 sä
948 1459 62 27 länge

187 1487 37 21 det
242 1489 25 19 är
285 1488 61 27 fräga
364 1495 34 14 om
418 1488 149 27 bibringandet
585 1488 24 21 af
627 1489 39 21 den
685 1489 118 21 teoretiska
821 1488 125 27 kunskapen
961 1488 7 20 i
984 1488 25 21 de

185 1516 177 27 grundläggande
382 1517 173 27 vetenskaperna.
585 1517 34 21 Dä
638 1517 37 21 hos
691 1523 36 15 oss
742 1517 61 26 fräga
818 1517 41 20 alls
874 1517 46 20 icke
936 1516 72 21 väckts

184 1550 34 15 om
238 1544 122 22 inrättande
375 1545 35 21 vid
425 1545 158 28 polyteknikum
599 1545 24 22 af
636 1552 25 15 en
677 1545 111 26 afdelning
803 1545 33 21 för
851 1545 106 21 blifvande
972 1551 36 21 ag-
