1081 1739
204 121 35 18 812
461 122 95 23 Borgarest.
568 121 47 20 1888.
639 121 22 19 28
673 121 49 23 April.

182 189 68 22 mark.
280 189 41 26 Jag
337 189 37 22 ber
389 192 32 19 att
435 189 23 22 få
472 189 71 28 fråga:
558 189 69 22 finnes
642 191 37 20 det
694 190 27 21 då
735 189 69 27 någon
817 189 71 26 rimlig
902 189 107 21 rättvisa
999 185 14 36 i

184 218 69 21 denna
268 217 119 28 fördelning
402 218 55 21 hvad
473 218 94 22 Karelen
582 219 116 21 beträffar?
713 219 70 21 Jemte
799 217 37 22 det
848 218 38 27 jag
901 217 56 28 förty
972 223 38 16 an-

182 245 69 22 håller
262 248 33 19 att
306 246 21 21 få
342 247 74 20 förena
430 247 43 27 mig
489 253 35 15 om
540 247 36 21 det
591 247 87 27 förslag,
689 247 26 21 hr
726 246 105 27 Bergbom
841 246 40 21 här
896 246 113 26 framstält,

183 274 35 21 vill
232 275 38 27 jag
285 275 101 26 förklara,
405 277 31 19 att
455 275 56 21 hvad
527 276 38 26 jag
583 276 116 21 framhållit
719 281 33 15 om
770 274 70 22 finska
854 275 156 21 fruntimmers-

184 303 75 21 skolan
275 303 7 21 i
297 297 47 28 Åbo
363 304 47 21 icke
425 304 55 21 varit
498 304 7 21 i
521 303 56 28 syfte
593 306 32 19 att
640 305 101 20 motsätta
759 304 43 27 mig
822 303 189 26 subventionering

184 331 23 22 af
220 332 129 21 densamma.
379 332 40 27 Jag
434 332 39 21 har
488 332 55 21 blott
562 333 57 20 velat
637 332 84 27 påpeka
735 332 37 21 det
786 332 168 26 inkonseqventa
969 331 40 22 och

184 360 104 21 orättvisa
302 361 7 20 i
324 361 115 21 utskottets
459 361 130 26 behandling
607 360 24 21 af
648 361 62 21 dessa
729 360 78 27 frågor,
828 360 23 21 så
865 360 46 21 vidt
926 360 36 21 det
977 360 33 21 åt-

184 389 107 20 minstone
301 389 67 26 gäller
378 389 220 21 fruntimmersskolan
613 389 7 21 i
635 389 103 26 Joensuu,
750 389 39 20 och
800 389 38 20 ber
852 395 29 14 nu
892 395 45 14 som
948 388 62 27 sagdt

186 418 32 20 att
233 417 23 21 få
270 417 75 21 förena
359 417 43 28 mig
417 423 33 16 om
466 417 35 21 det
516 417 87 27 förslag,
619 417 26 22 hr
663 417 105 27 Bergbom
787 417 39 21 här
841 417 39 21 har
896 417 114 25 framstält,

186 445 39 22 och
240 445 82 22 hvilket
337 446 37 27 går
389 447 24 20 ut
427 446 72 26 derpå,
516 447 31 20 att
563 441 54 31 Åbo,
636 445 143 23 Tammerfors
798 445 40 22 och
856 446 96 21 Joensuu
970 445 40 21 fin-

187 474 39 21 ska
244 474 218 22 fruntimmersskolor
479 474 67 22 måtte
561 475 126 26 tillräckligt
703 474 177 22 subventioneras
896 474 22 21 af
932 476 77 19 staten.

255 503 32 21 Hr
307 502 192 28 Schybergson:
522 504 31 20 Hr
573 504 92 26 Löfgren
684 503 39 21 och
742 502 52 22 flere
809 502 23 22 af
846 502 55 27 dem,
917 508 45 16 som
977 508 33 15 se-

185 531 108 21 kunderat
307 531 84 26 honom,
401 531 71 27 hafva,
484 532 100 26 antingen
595 532 26 20 de
633 532 63 21 hafva
705 532 42 20 läst
757 532 60 26 längs
828 531 52 21 eller
891 531 77 21 mellan
976 537 34 15 ra-

186 560 72 26 derna,
271 559 44 22 alla
325 560 46 27 gått
382 562 24 19 ut
416 560 47 21 från
475 560 41 21 den
528 560 141 28 synpunkten,
682 562 31 19 att
723 560 118 21 utskottets
852 560 81 26 förslag
941 559 70 21 skulle

185 594 52 15 vara
250 588 66 27 något
331 588 56 28 slags
402 588 92 27 produkt
505 588 22 22 af
537 589 204 27 sammanjemkning
751 588 56 21 inom
818 588 112 21 utskottet.
949 588 61 20 Huru

186 616 26 21 de
231 616 81 21 kunnat
331 616 84 22 komma
433 617 32 21 till
484 617 40 21 den
542 617 171 27 uppfattningen,
733 616 66 22 fattar
815 617 37 27 jag
871 616 54 26 icke,
940 616 7 20 i
962 622 48 20 syn-

186 644 76 22 nerhet
281 651 44 15 som
345 645 7 21 i
369 646 159 21 reservationen
547 646 143 27 uttryckligen
709 645 129 26 framhålles,
858 646 30 20 att
903 644 107 26 förslagen

186 674 93 20 rörande
294 673 245 22 fruntimmersskolorna
553 674 7 21 i
575 674 95 21 Joensuu
686 674 40 22 och
741 673 143 22 Tammerfors
899 675 52 19 utan
966 679 44 15 me-

186 702 211 27 ningsskiljaktighet
415 704 79 20 ansetts
514 702 51 22 böra
580 702 91 22 förfalla.
701 703 42 27 Jag
758 702 42 21 kan
815 702 91 27 upplysa
920 702 26 20 hr
960 701 51 21 Löf-

187 736 51 20 gren
258 736 34 15 om
312 730 36 21 det
367 731 163 21 öfverraskande
549 731 88 26 faktum,
657 732 32 20 att
708 731 36 21 det
760 730 47 21 icke
825 731 56 21 varit
902 736 109 15 reservan-

187 760 69 25 terna,
273 764 45 16 som
332 759 7 21 i
354 759 88 21 främsta
456 761 92 19 rummet
562 760 80 20 uttalat
657 760 32 26 sig
704 761 45 19 mot
761 760 82 20 statens
858 758 153 27 öfvertagande

188 786 24 22 af
226 787 101 21 skolorna
341 787 7 21 i
363 788 95 20 Joensuu
473 788 39 21 och
527 788 151 26 Tammerfors,
696 789 53 20 utan
768 789 32 19 att
818 787 60 21 detta
892 787 60 26 långt
966 786 45 22 ifri-

187 821 51 21 gare
257 816 108 20 motsades
384 816 23 20 af
424 816 53 25 dem,
497 822 45 15 som
562 816 174 27 representerade
755 815 117 22 utskottets
888 815 24 21 så
926 815 86 21 kallade

188 844 114 26 majoritet.
332 844 43 20 Det
390 846 23 19 är
428 844 88 22 sålunda
531 847 56 19 emot
603 845 54 26 dem,
673 844 46 26 och,
732 844 37 28 jag
785 844 116 28 medgifver
911 844 41 26 det,
963 843 50 21 med

188 874 64 23 rätta,
268 878 45 15 som
329 872 160 28 beskyllningen
508 873 33 21 för
559 873 157 27 inkonseqvens
735 872 81 21 vänder
834 873 38 26 sig.
903 872 110 21 Oförklar-

188 900 40 27 ligt
242 902 25 19 är
282 901 7 21 i
303 900 76 27 sjelfva
394 901 79 27 verket,
489 900 86 22 hvarför
590 896 47 26 Åbo
653 902 61 20 skola
729 900 68 22 skulle
812 901 86 21 komma
912 901 7 21 i
934 906 26 15 en
976 906 36 15 an-

187 935 43 15 nan
244 929 99 27 kategori
358 931 27 19 än
401 930 25 20 de
442 930 73 26 öfriga,
535 930 27 20 då
581 930 128 21 elevantalet
728 932 23 19 är
769 928 90 28 ungefär
876 929 45 21 lika
938 929 8 20 i
964 929 50 21 dem

189 957 49 27 alla,
257 957 52 21 eller
327 969 26 3 —
370 958 33 20 för
417 959 32 20 att
464 958 97 27 uttrycka
576 959 44 27 mig
634 958 49 21 fullt
698 958 106 26 sakenligt
819 970 28 2 —
861 958 45 20 lika
918 958 54 24 litet,
988 957 26 21 li-

189 985 75 21 kasom
277 986 36 27 jag
332 992 68 19 anser,
416 988 31 19 att
461 986 26 21 hr
501 986 156 27 Neppenström
672 987 54 21 hade
741 986 79 21 uttalat
834 986 32 26 sig
880 986 134 25 korrektare,

190 1020 34 15 om
240 1014 43 21 han
298 1014 54 21 hade
368 1016 53 26 sagt,
437 1016 31 20 att
483 1015 126 21 elevantalet
624 1016 7 20 i
661 1021 80 15 Joensuu
755 1014 206 22 fruntimmersskola
976 1019 39 15 var

190 1044 57 19 ännu
263 1042 88 27 mindre,
368 1045 27 19 än
410 1043 7 21 i
435 1043 26 21 de
481 1043 73 27 öfriga,
573 1044 7 20 i
601 1044 72 20 stället
690 1044 33 20 för
739 1044 32 20 att
786 1043 96 27 begagna
897 1042 117 27 uttrycket:

189 1070 47 22 icke
252 1070 50 22 fullt
316 1071 45 21 lika
376 1072 61 20 stort.
467 1071 30 28 Ty
517 1073 30 20 ett
567 1072 23 21 så
608 1072 60 26 ringa
687 1072 58 21 antal
765 1071 77 26 elever,
862 1077 45 15 som
926 1072 7 20 i
952 1071 64 21 dessa

190 1098 78 26 skolor,
285 1099 39 21 har
339 1100 37 20 väl
395 1099 67 27 knapt
480 1100 128 22 förefunnits
625 1100 8 21 i
651 1100 70 26 någon
738 1100 23 20 af
773 1100 55 26 dem,
844 1099 34 21 för
894 1099 71 21 hvilka
979 1098 37 22 vid

190 1127 157 27 landtdagarna
361 1128 147 26 petitionerats
524 1134 34 16 om
574 1130 80 20 statens
668 1128 132 27 ingripande.
830 1128 51 20 Men
896 1128 37 20 det
947 1130 23 18 är
985 1133 31 15 nu

190 1155 48 21 icke
254 1156 59 21 detta
328 1156 71 26 motiv,
416 1162 45 16 som
475 1156 32 22 för
522 1157 43 27 mig
580 1158 63 26 utgör
657 1156 155 22 hufvudsaken.
836 1156 74 21 Skälet
924 1156 34 20 för
972 1155 44 21 för-

190 1183 105 22 kastande
311 1184 23 21 af
348 1184 73 28 hvarje
436 1185 88 27 petition
540 1186 23 20 af
577 1186 69 20 denna
661 1187 34 19 art
710 1185 73 21 består
802 1184 52 26 deri,
874 1186 32 19 att
925 1184 36 21 det
978 1190 39 14 na-

191 1212 108 28 turligtvis
314 1212 33 22 för
362 1213 114 21 ständerna
491 1214 68 21 måste
573 1220 51 15 vare
639 1214 113 27 högeligen
767 1213 59 21 svårt
836 1214 32 20 att
878 1212 49 27 ingå
941 1213 7 20 i
959 1211 58 27 pröf-

191 1240 51 28 ning
258 1247 34 15 om
305 1241 45 27 just
365 1241 41 21 den
421 1242 121 27 föreslagna
557 1242 75 21 skolan
647 1242 68 21 måste
730 1242 122 26 öfvertagas
867 1241 23 21 af
898 1242 76 24 staten,
990 1246 29 15 en

191 1274 70 16 annan
281 1269 96 21 deremot
396 1270 53 21 icke.
482 1270 26 21 Vi
527 1270 64 22 hafva
609 1270 50 22 hört
678 1277 26 14 en
723 1271 148 25 representant
885 1269 47 21 från
946 1270 73 20 vestra

191 1297 98 27 Finland,
307 1297 40 22 och
361 1304 27 15 en
403 1298 46 22 från
465 1299 103 26 Karelen;
587 1299 106 21 hvardera
707 1298 115 22 framhålla
836 1298 46 21 sina
897 1297 123 27 respektiva

190 1325 135 22 landsdelars
339 1326 129 22 företräden.
498 1327 50 21 Men
563 1327 48 21 icke
626 1333 42 21 nog
683 1326 95 22 härmed.
808 1326 46 21 Här
873 1326 39 21 har
930 1326 34 20 till
979 1324 40 22 och

191 1354 49 21 med
254 1354 99 27 uppstått
369 1360 26 16 en
411 1356 48 22 ädel
476 1355 64 21 täflan
558 1356 8 20 i
585 1357 32 19 att
636 1356 32 20 till
683 1355 84 21 förmån
781 1354 34 22 för
831 1355 33 21 sin
879 1354 61 21 skola
954 1353 66 21 fram-

190 1382 64 26 hålla,
266 1383 103 21 hurusom
380 1384 27 20 de
422 1384 68 26 öfriga
503 1384 127 26 ifrågasatta
646 1384 101 21 skolorna
763 1383 61 21 stode
840 1382 55 22 efter
910 1382 47 26 den,
974 1387 46 15 som

190 1410 41 22 den
248 1411 65 21 ärade
327 1411 85 21 talaren
429 1412 33 21 för
480 1412 94 21 tillfället
592 1412 7 21 i
618 1412 90 21 främsta
726 1412 94 21 rummet
838 1411 68 27 ansåg
920 1411 32 26 sig
967 1410 54 20 böra

190 1438 102 28 förfäkta,
308 1440 39 21 och
363 1446 46 15 som
424 1440 48 22 stod
487 1440 78 22 honom
579 1442 96 20 närmast
691 1440 70 22 såsom
771 1440 99 26 liggande
881 1440 7 20 i
899 1439 53 21 hans
962 1438 59 21 hem-

191 1468 40 20 ort.
264 1468 49 21 Den
328 1468 129 27 diskussion,
473 1475 45 15 som
533 1468 54 22 förts
601 1469 110 27 angående
726 1468 60 21 detta
801 1467 142 26 betänkande,
959 1472 63 21 synes

192 1495 72 21 derför
279 1496 7 21 i
303 1496 39 22 och
357 1496 34 23 för
407 1497 32 26 sig
453 1497 66 21 redan
537 1497 64 21 hafva
620 1498 59 20 dömt
697 1496 219 28 petitionsförslagen,
935 1495 39 21 och
994 1494 28 22 då

191 1529 50 16 man
257 1526 36 19 vet
309 1526 32 20 att
356 1524 153 27 petitionernas
524 1525 55 28 syfte
595 1532 88 14 numera
698 1525 48 21 icke
762 1524 80 22 saknar
856 1524 94 26 mäktige
966 1523 56 21 före-
