1078 1736
332 147 95 22 Borgarest.
438 145 48 20 1888.
512 145 21 20 15
545 146 40 23 Maj.
819 147 44 18 1113

58 216 43 21 Det
123 217 25 19 är
167 215 84 21 säledes
269 215 47 22 icke
334 215 28 27 pä
381 215 70 21 denna
471 215 76 26 grund,
567 221 46 16 som
633 221 48 15 man
700 215 42 21 kan
762 215 77 22 basera
855 217 31 21 ett

58 244 87 21 försvar
160 243 34 21 för
209 243 148 22 dödsstraffets
373 243 158 26 bibehällande,
547 244 39 21 och
602 244 39 21 har
656 249 49 15 man
721 243 28 21 dä
763 243 46 22 icke
821 245 66 20 andra

59 273 118 25 argument,
193 277 45 15 som
254 271 97 22 försvara
367 271 138 21 dödsstraffet
521 272 70 20 såsom
607 273 32 19 ett
654 278 77 14 annars
747 272 86 21 rättvist
847 273 39 21 och

58 300 99 26 lämpligt
178 300 67 26 straff,
265 300 24 20 sä
307 300 67 20 mäste
395 306 46 14 man
462 300 45 21 helt
525 300 54 21 visst
600 300 56 21 afstä
672 300 47 20 frän
735 300 39 21 allt
790 300 48 20 stöd
853 300 33 21 för

60 328 96 21 straffets
180 328 155 21 bibehällande.
365 328 56 26 Men,
445 330 63 24 säger
530 328 26 21 hr
577 328 85 26 Heikel,
685 328 81 21 kanske
782 327 104 22 rättvisan

61 357 70 26 ligger
147 356 76 26 deruti,
240 358 31 20 att
286 356 35 22 det
335 356 78 27 högsta
428 356 55 21 mätt
498 356 23 21 af
531 356 63 22 straff
603 357 108 26 tillämpas
721 356 28 27 pä
760 356 40 21 den
811 356 75 26 högsta

67 385 53 26 grad
137 384 23 22 af
173 384 151 27 brottslighet?
353 384 42 27 Jag
410 384 67 27 vägar
493 384 54 22 dock
562 385 67 26 fräga,
645 385 55 21 hvad
716 386 24 20 är
756 385 40 21 den
811 384 77 27 högsta

59 414 53 26 grad
135 413 23 21 af
179 413 149 27 brottslighet?
357 413 46 21 När
417 419 63 15 anser
496 413 25 21 hr
537 413 84 27 Heikel,
637 415 32 19 att
684 414 40 20 den
740 413 77 27 högsta
831 413 54 26 grad

60 442 23 21 af
100 442 137 26 brottslighet
255 442 120 26 föreligger,
395 442 27 20 dä
441 442 138 21 dödsstraffet
599 442 56 20 skall
671 441 123 27 tillämpas?
823 441 63 27 Inga-

60 470 65 21 lunda
148 470 42 21 kan
213 476 49 15 man
284 470 33 20 väl
341 470 70 20 härtill
427 476 70 20 svara,
513 472 33 19 att
561 470 60 21 mord
637 470 74 26 hvarje
726 470 56 26 gäng
798 469 88 21 innebär

60 499 41 21 den
123 498 77 27 högsta
222 498 53 26 grad
298 498 22 21 af
341 498 144 27 brottslighet,
508 500 22 25 ty
553 498 60 22 detta
631 498 59 21 brott
709 498 42 21 kan
771 498 34 21 väl
821 498 65 26 begäs

59 527 68 21 under
150 527 24 21 sä
197 526 118 22 olikartade
337 526 156 27 förhällanden,
515 529 33 19 att
571 533 25 15 en
620 526 90 27 ofantlig
732 526 113 27 gradation
864 526 24 21 af

60 555 138 27 brottslighet
221 555 74 21 dervid
318 555 67 21 mäste
408 554 140 22 förekomma.
578 555 32 21 Hr
629 555 76 21 Heikel
725 557 63 24 säger
806 555 79 25 vidare,

61 586 32 19 att
109 584 37 22 det
159 584 24 27 ju
198 586 24 19 är
237 590 27 15 en
279 584 145 27 märkvärdigt
439 584 89 27 ömtälig
543 584 126 26 humanitet,
685 590 45 15 som
742 589 48 16 man
801 583 85 21 utveck-

59 613 40 26 lar,
119 613 27 21 dä
165 619 48 15 man
233 613 27 26 pä
279 619 80 14 samma
378 613 56 26 gäng
453 613 42 20 kan
516 615 79 24 antaga
610 619 26 14 en
653 613 41 26 lag,
710 618 75 21 genom
801 611 85 21 hvilken

60 647 48 15 man
131 642 33 20 till
188 641 123 21 samhällets
334 641 67 26 skydd
425 641 78 21 sänder
523 641 46 21 sina
591 643 63 19 söner
673 641 32 20 till
726 641 67 20 döden
809 640 31 21 uti
855 641 32 20 ett

59 669 54 27 krig.
137 670 41 26 Jag
189 669 36 21 vill
238 669 53 22 dock
303 671 40 24 tro,
355 671 32 19 att
399 670 19 20 vi
430 670 44 20 alla
486 670 62 21 skola
560 675 51 15 vara
622 675 50 15 ense
684 669 80 26 derom,
775 671 31 18 att
817 669 69 20 denna

57 698 125 27 jemförelse
202 698 96 26 oändligt
315 698 76 26 haltar,
411 698 92 21 likasom
522 698 20 21 vi
561 697 65 22 ocksä
645 697 61 22 skola
732 697 99 26 erkänna,
848 698 38 24 att,

60 732 34 15 om
113 727 20 20 vi
153 733 76 20 genom
249 733 24 14 en
295 727 145 26 lagparagrafs
461 726 141 26 formulering
621 726 70 21 skulle
710 725 71 22 kunna
797 724 89 22 afskaffa

59 755 78 26 kriget,
158 755 20 20 vi
194 755 53 21 visst
263 755 46 21 icke
325 755 70 20 skulle
409 755 64 20 tveka
489 757 33 19 att
536 757 50 24 göra
604 754 42 21 det.

129 783 32 21 Hr
176 783 141 21 Andersin:
329 783 41 26 Jag
382 783 69 21 skulle
465 783 68 21 önska
541 783 22 21 få
572 783 32 21 till
613 783 130 27 protokollet
752 781 134 26 antecknadt,

60 814 32 19 att
113 811 37 27 jag
172 812 66 21 redan
262 812 69 21 säsom
351 811 94 22 ledamot
464 811 6 21 i
487 811 216 27 strafflagsutskottet
718 811 38 21 har
771 812 68 20 röstat
854 810 33 21 för

61 840 160 21 bibehällandet
236 840 23 21 af
274 840 143 21 dödsstraffet.

129 868 44 21 Hrr
195 874 48 15 von
266 868 100 26 Pfaler,
389 869 25 21 A.
437 868 32 22 O.
487 868 39 22 och
549 868 26 22 G.
594 868 25 21 F.
639 868 144 25 Snellman,
802 867 85 21 Heim-

60 897 103 27 berger,
182 896 143 28 Tallgvist,
351 897 26 21 H.
404 897 24 21 E.
451 897 40 21 och
519 897 26 21 V.
568 896 158 26 Gummerus,
750 895 136 25 Hallberg,

61 925 160 27 Chydenius,
249 925 176 27 Hasselblatt,
453 925 151 27 Tojkander
627 925 39 21 och
688 924 137 22 Molander
851 928 36 16 an-

60 954 78 25 mälde,
162 956 32 19 att
217 954 26 21 de
261 954 35 21 vid
316 954 41 21 den
375 954 122 21 stundande
515 954 124 26 voteringen
657 953 84 21 komme
757 954 32 20 att
809 951 79 27 afgifva

62 982 46 21 sina
125 984 70 20 röster
211 984 44 19 mot
270 982 158 22 bibehällandet
443 982 23 22 af
481 982 140 21 dödsstraffet
635 982 33 21 för
683 981 61 21 mord
755 981 38 21 och
805 980 83 22 säledes

60 1010 106 22 förenade
182 1011 32 26 sig
230 1017 33 15 om
280 1011 39 21 den
335 1011 69 27 tredje
419 1011 172 21 reservationens
607 1010 88 27 förslag.

129 1039 75 27 Härpä
223 1039 76 21 skreds
314 1040 33 20 till
363 1039 133 27 omröstning
512 1040 67 26 enligt
594 1039 94 27 följande
704 1038 141 27 proposition:

130 1066 41 27 De,
188 1067 69 21 hvilka
271 1067 111 27 godkänna
397 1067 16 28 $
427 1069 13 19 1
455 1068 8 20 i
479 1068 30 20 21
524 1067 54 27 kap.,
594 1067 69 21 sådan
674 1066 95 22 utskottet
779 1064 109 28 föreslagit

61 1096 128 25 densamma,
205 1097 57 19 rösta
273 1096 38 28 ja;
327 1096 31 26 de,
375 1096 34 21 det
423 1095 44 21 icke
481 1097 60 25 göra,
557 1097 57 19 rösta
629 1096 48 26 nej;

131 1124 74 21 vinner
224 1125 43 27 nej,
286 1124 39 21 har
343 1124 171 27 borgareständet
533 1124 79 27 antagit
631 1124 39 21 den
689 1123 75 27 lydelse
782 1122 36 27 för
833 1121 55 27 ifrä-

60 1152 120 27 gavarande
202 1152 21 28 $,
243 1159 45 14 som
305 1152 120 27 föreslagits
442 1153 9 20 i
470 1153 41 20 den
529 1153 68 20 under
615 1159 35 14 n:o
670 1153 13 19 3
702 1152 32 20 till
752 1150 137 22 betänkandet

61 1181 76 27 fogade
152 1181 159 21 reservationen.

130 1209 35 21 Då
184 1209 69 22 denna
271 1210 130 26 proposition
421 1210 35 21 vid
475 1210 86 21 anstäld
580 1209 96 26 votering
697 1208 128 22 besvarades
841 1207 47 21 med

63 1238 26 21 18
109 1238 24 27 ja
152 1237 40 22 och
212 1239 27 20 36
259 1238 40 27 nej,
315 1245 37 14 var
371 1239 84 20 säledes
472 1238 97 21 ständets
585 1238 77 25 beslut,
680 1239 31 19 att
726 1235 162 28 ifrägavarande

62 1266 11 27 8
94 1265 70 22 skulle
184 1266 82 21 erhålla
285 1267 39 20 den
344 1267 87 27 lydelse,
447 1273 46 14 som
510 1267 31 20 uti
557 1267 40 20 den
613 1266 69 27 tredje
697 1266 32 21 till
745 1264 144 23 betänkandet

61 1294 79 27 fogade
157 1295 159 21 reservationen
332 1295 131 26 föreslagits,
479 1295 54 21 eller
549 1297 32 19 att
596 1294 84 21 straffet
695 1294 33 21 för
744 1293 59 22 mord
819 1292 70 21 skulle

63 1325 89 24 utgöras
168 1323 76 21 endast
259 1323 23 21 af
295 1323 88 22 tukthus
399 1323 27 27 pä
441 1323 69 21 lifstid
527 1325 55 19 samt
597 1323 78 21 förlust
690 1322 23 21 af
722 1320 168 27 medborgerligt

62 1351 130 22 förtroende.

131 1379 10 21 I
164 1379 69 27 öfriga
257 1380 59 21 delar
335 1380 124 27 godkändes
478 1381 27 20 21
526 1380 91 27 kapitlet
635 1379 67 27 enligt
720 1379 115 21 utskottets
854 1376 36 21 be-

63 1408 115 21 tänkande.

131 1493 102 21 Härefter
252 1493 103 21 ätskildes
374 1494 97 20 ständets
491 1494 138 21 medlemmar
648 1493 28 21 kl.
697 1494 20 25 3,
737 1494 28 20 30
781 1499 17 15 e.
815 1497 26 15 m.
858 1490 33 21 för

62 1523 32 19 att
109 1521 55 27 änyo
180 1522 79 20 samlas
273 1521 30 21 kl.
318 1522 19 20 6.
