1089 1720
368 135 94 22 Borgarest.
474 134 46 19 1888.
543 135 23 18 30
579 135 39 22 Maj.
839 134 44 18 1429

153 203 179 27 Borgaseståndet
346 203 71 22 beslöt
432 203 49 21 med
496 203 115 26 anledning
626 203 23 21 af
663 204 60 20 detta
736 203 86 27 förslag,
833 205 32 20 att
874 203 32 21 uti

84 231 112 22 skrifvelse
215 232 32 21 till
262 231 108 27 professor
386 231 22 22 C.
425 231 26 22 G.
467 232 114 21 Estlander
596 232 109 21 frambära
721 232 94 21 ständets
831 232 74 21 erkän-

85 260 33 22 sla
132 260 33 21 för
182 260 108 27 professor
303 260 125 22 Estlanders
444 260 135 22 verksamhet
595 260 71 22 säsom
682 260 91 22 medlem
788 260 7 21 i
811 261 95 21 ständer-

85 289 195 27 husdelegationen.

154 374 115 27 Upplästes
284 374 38 21 och
338 374 60 22 lades
412 374 34 21 till
458 374 154 27 handlingarne
624 374 107 21 särskilda
743 374 46 21 frän
801 370 106 46 medstän-

85 403 42 21 den
142 402 100 22 inkomna
256 402 208 28 protokollsntdrag;
480 403 106 27 nemligen

156 432 32 20 1:0
204 430 46 21 från
266 431 148 26 ridderskapet
429 431 39 21 och
484 410 74 46 ädéln.
569 431 152 22 meddelande:

155 461 31 19 att
202 459 84 22 ståndet
299 459 95 27 godkänt
410 448 216 33 ekonomiutskottets
642 460 67 21 andra
719 459 80 26 förslag
810 459 31 21 till
853 465 55 15 sam-

87 488 156 27 manjemkning
262 488 26 26 af,
308 488 100 21 ståndens
427 488 124 27 skiljaktiga
569 489 71 20 beslut
658 488 36 21 vid
714 487 153 27 behandlingen
886 487 23 21 af

87 517 77 26 nådiga
179 517 158 26 propositionen
352 523 34 14 n:o
403 517 32 26 11,
452 517 146 21 innefattande
614 517 81 26 förslag
710 516 32 21 till
757 516 105 21 särskilda
872 518 36 19 än-

87 545 86 27 dringar
188 545 7 21 i
210 545 98 26 gällande
324 545 132 27 stadganden
473 545 109 28 angående
598 545 192 28 skjutshällningen
803 545 37 21 och
851 546 57 25 gäst-

87 573 137 28 gifverierna;

61 625 2 2 N
157 604 31 19 att
210 602 84 21 ständet
315 602 95 27 godkänt
428 602 151 27 lagutskottets
599 602 80 27 förslag
697 602 33 21 till
749 602 159 26 sammanjemk-

89 631 49 26 ning
156 631 24 20 af
197 631 26 21 de
242 631 123 26 skiljaktiga
383 631 79 25 beslut,
481 631 60 21 hvari
560 631 91 21 ständen
667 633 84 19 stannat
767 631 33 20 vid
816 631 93 20 behand-

88 659 70 27 lingen
174 659 23 21 af
210 659 114 22 utskottets
339 659 135 22 betänkande
489 666 34 15 n:o
540 660 26 21 12
581 660 7 21 i
604 659 115 27 anledning
733 659 23 21 af
769 659 77 27 nädiga
860 665 49 20 pro-

88 688 118 27 positionen
226 694 33 15 n:o
278 688 34 26 36,
332 688 110 27 angäende
462 688 97 21 enskilda
576 688 115 27 jernvägar
710 688 33 21 för
761 688 78 21 allmän
854 693 55 15 sam-

90 716 85 26 färdsel,
194 718 57 19 utom
271 717 54 20 hvad
344 716 76 27 angick
439 716 25 28 88
484 717 19 26 6,
524 717 33 26 16,
577 717 33 26 17,
631 717 26 21 18
676 716 38 21 och
729 717 34 26 32,
779 715 130 22 beträffande

89 745 71 21 hvilka
175 745 123 26 paragrafer
314 745 85 21 ständet
414 745 107 21 vidblifvit
536 745 37 21 sitt
588 745 59 21 förra
662 745 79 26 beslut;

157 775 31 19 att
204 773 84 21 ståndet
303 773 77 22 bifallit
395 773 33 21 till
444 780 26 15 en
486 773 47 22 från
547 773 160 22 statsutskottet
717 773 119 22 inkommen
848 772 62 22 skrif-

89 802 58 21 velse
166 802 48 21 med
232 801 126 22 hemställan
378 804 32 19 att
428 802 27 21 de
474 802 68 27 öfriga
560 802 89 21 ständen
669 802 66 21 mätte
753 801 112 28 godkänna
880 803 31 19 ett

89 830 21 21 af
129 830 176 27 borgareständet
322 831 35 20 vid
376 831 156 26 behandlingen
552 831 23 20 af
592 830 116 22 utskottets
726 830 132 21 betänkande
876 836 34 15 n:o

90 859 26 21 13
138 859 108 26 angäende
269 859 198 21 bränvinsskattens
490 859 135 27 användning
647 861 86 25 antaget
755 859 155 26 förtydligande

89 887 75 27 tillägg
180 887 32 21 tili
228 887 36 21 det
278 887 24 21 af
315 887 105 21 utskottet
435 888 6 20 i
457 888 92 21 nämnda
564 887 135 21 betänkande
714 887 124 21 framstälda
854 892 57 16 reso-

89 916 160 26 lutionsförslag
255 922 5 20 ;

160 946 31 19 att
212 944 151 27 lagutskottets
384 944 135 22 betänkande
539 951 34 15 n:o
592 945 28 21 23
638 945 7 20 i
664 944 113 26 anledning
796 944 22 21 af
834 943 78 27 nädiga

89 973 158 27 propositionen
266 979 34 15 n:o
319 973 34 27 29,
369 973 111 27 angäende
499 973 93 21 ändrade
612 973 194 27 lagbestämningar
820 978 34 16 om
869 972 43 21 far-

90 1004 47 24 tygs
153 1002 133 20 nationalitet
302 1002 39 21 och
356 1002 141 26 registrering
513 1004 55 19 samt
583 1008 33 14 om
631 1001 108 27 hypothek
754 1002 7 20 i
776 1001 76 27 fartyg,
863 1000 49 21 blif-

90 1030 30 20 vit
138 1029 109 27 godkändt
266 1032 51 19 utan
336 1036 68 15 annan
423 1030 97 27 ändring,
537 1032 26 19 än
582 1032 31 19 att
628 1030 32 21 uti
675 1030 11 27 $
703 1030 26 22 15
744 1030 7 20 i
765 1029 147 26 författnings-

90 1058 102 26 förslaget
210 1059 109 26 angäende
337 1059 91 26 ändring
447 1058 24 22 af
486 1058 105 22 särskilda
606 1058 125 28 paragrafer
746 1059 6 20 i
768 1058 94 27 sjölagen
878 1064 33 14 or-

91 1087 40 21 den
147 1088 65 25 ,samt
226 1087 210 27 försäljningsortens
453 1089 55 19 mest
523 1087 98 27 spridda"
637 1087 70 21 skulle
722 1087 113 25 uteslutas;

159 1117 31 19 att
206 1115 84 21 ständet
306 1115 78 23 bifallit
398 1116 33 20 till
444 1116 215 21 ekonomiutskottets
671 1116 155 26 framställning
837 1116 31 20 att
878 1114 34 21 till

91 1144 237 26 expeditionsutskottet
346 1144 65 21 mätte
430 1144 142 21 öfverlemnas
590 1146 32 19 att
637 1146 57 19 rätta
709 1144 105 21 särskilda
828 1142 24 22 af
865 1149 47 21 pre-

91 1174 42 19 ste-
149 1172 38 21 och
202 1172 180 27 borgareständen
394 1173 113 21 anmärkta
521 1172 70 27 tryck-
607 1172 39 22 och
662 1172 93 27 spräkfel
770 1173 7 20 i
793 1172 39 21 den
848 1171 64 21 finsk-

92 1200 99 27 spräkiga
205 1203 70 19 texten
292 1201 23 21 af
329 1201 216 21 ekonomiutskottets
561 1201 134 21 betänkande
710 1207 33 14 n:o
759 1201 33 25 14,
803 1199 109 28 angäende

91 1229 68 26 skydd
174 1229 33 21 för
222 1229 97 22 arbetare
335 1230 6 20 i
358 1230 26 21 de
398 1229 127 22 industriela
539 1229 90 27 yrkena;

159 1259 31 19 att
212 1257 84 22 ständet
318 1258 94 26 godkänt
430 1257 152 27 lagutskottets
601 1257 80 27 förslag
700 1257 32 22 till
751 1256 162 27 sammanjemk-

91 1286 50 26 ning
159 1285 23 21 af
200 1285 25 21 de
244 1286 124 27 skiljaktiga
386 1286 78 26 beslut,
480 1286 60 21 hvari
560 1286 88 22 ständen
668 1288 85 19 stannat
770 1286 35 20 vid
820 1285 92 21 behand-

92 1314 71 26 lingen
179 1313 23 21 af
215 1314 115 22 utskottets
345 1314 136 22 betänkande
496 1320 33 15 n:o
547 1315 26 21 17
588 1314 7 21 i
611 1314 114 27 anledning
739 1314 23 21 af
775 1314 77 26 nädiga
864 1318 49 21 pro-

91 1342 119 27 positionen
225 1348 33 16 n:o
274 1343 34 26 38,
320 1343 108 27 angäende
444 1342 79 28 lagfart
539 1342 38 22 och
592 1343 123 27 inteckning
729 1342 23 22 af
765 1342 83 22 enskild
856 1341 58 27 jern-

91 1372 40 25 väg
146 1370 34 22 för
194 1370 79 22 allmän
288 1371 136 27 samfärdsel;

159 1401 32 19 att
201 1399 90 27 ständet,
303 1400 34 20 vid
348 1399 152 27 föredragning
508 1399 23 21 af
541 1400 153 26 lagutskottets
702 1398 132 23 betänkande
843 1403 34 15 n:o
886 1398 28 21 24

92 1428 7 20 i
114 1428 113 26 anledning
246 1428 22 21 af
282 1428 106 21 särskilda
403 1428 58 21 inom
477 1428 148 26 ridderskapet
641 1428 38 21 och
695 1428 68 25 adeln,
778 1428 82 26 preste-
874 1426 39 22 och

92 1456 159 22 bondeständen
262 1456 76 22 väckta
348 1456 191 27 petitionsförslag,
549 1456 110 27 angäende
679 1456 45 22 dels
739 1455 138 27 tillämpande
892 1454 23 22 af

93 1484 105 21 allmänna
212 1485 73 26 lagens
300 1484 221 27 straffbestämningar
532 1491 33 15 om
577 1485 217 27 otuktsförbrytelser,
806 1483 46 22 dels
863 1490 51 20 upp-

93 1512 103 22 häfvande
208 1513 22 21 af
241 1514 40 20 den
292 1513 184 27 reglementerade
488 1513 170 27 prostitutionen,
669 1513 88 21 beslutit
771 1514 32 20 att
813 1512 48 21 med
872 1512 42 20 för-

93 1541 102 21 kastande
207 1541 23 21 af
239 1542 144 21 betänkandet
394 1541 91 21 omfatta
495 1548 26 15 en
531 1541 24 21 sä
566 1542 90 26 lydande
668 1541 125 22 resolution:
805 1542 42 26 ,att
857 1541 57 19 stän-

824 1590 22 18 91
