1089 1728
332 140 92 22 Borgarest.
436 139 46 20 1888.
505 140 18 18 12
535 140 39 23 Maj.
811 139 45 19 1053

51 209 52 21 fälle
122 211 31 19 att
172 209 32 20 till
223 209 156 26 jemförelsevis
399 208 129 27 förmänliga
543 209 70 27 priser
629 208 102 21 realisera
747 209 45 20 sina
807 209 71 27 fartyg

51 237 39 22 och
118 237 122 26 derigenom
266 237 86 26 indrogs
378 237 33 20 till
438 237 73 20 landet
534 237 120 27 betydande
677 237 77 26 belopp
777 237 101 21 utländsk

51 265 78 22 valuta.
160 265 34 21 Nu
213 265 27 21 dä
258 265 106 21 industrin
383 265 72 26 spelar
474 271 25 15 en
520 265 24 21 sä
563 268 46 18 stor
628 265 40 21 roll
688 265 39 21 hos
742 271 42 20 oss,
801 265 27 21 dä
843 272 35 15 ex-

51 296 75 24 porten
146 293 81 28 uppgär
247 293 32 22 till
298 295 31 19 ett
349 294 64 21 värde
432 293 24 21 af
473 293 82 22 inemot
571 294 42 21 100
627 293 98 27 miljoner
741 293 66 26 mark,
823 293 55 22 huru

53 322 60 21 skola
132 322 20 21 vi
171 328 29 15 nu
219 323 52 20 reda
289 327 42 17 oss,
348 328 33 15 om
402 323 36 20 det
456 322 42 20 blir
517 322 98 26 omöjligt
629 324 32 18 att
676 321 71 22 utföra
762 322 52 21 vära
829 328 49 20 pro-

53 350 90 21 dukter?
161 350 43 20 Det
222 352 24 18 är
264 350 125 26 visserligen
410 352 54 23 sant,
481 352 32 18 att
531 356 26 14 en
576 352 46 18 stor
641 350 34 20 del
695 350 23 20 af
732 350 69 21 denna
817 350 61 20 indu-

53 379 39 20 stri
111 380 24 19 är
154 378 22 21 af
195 378 65 21 sådan
275 378 154 27 beskaffenhet,
445 380 33 20 att
493 378 50 21 dess
559 378 67 21 alster
641 378 47 21 icke
703 378 44 21 tåla
762 384 25 15 en
804 378 74 26 längre

51 407 217 26 jernvägstransport,
289 413 45 15 men
359 407 37 21 det
414 407 68 21 finnes
502 407 55 21 dock
575 413 26 15 en
621 407 82 27 ganska
723 407 94 26 betydlig
838 407 41 26 del,

54 441 44 15 som
117 435 41 21 kan
178 435 45 21 täla
241 441 26 15 en
286 435 73 21 sädan.
389 436 42 26 Jag
451 435 37 21 vill
507 435 104 21 särskildt
630 435 72 22 erinra
717 441 32 15 om
767 435 25 21 de
808 435 24 20 är
846 435 34 21 för

54 463 23 21 är
93 463 126 27 tilltagande
235 463 268 28 ladugärdsprodukterna,
515 470 33 15 om
564 464 157 21 fabrikationen
738 463 23 22 af
774 465 106 20 trämassa

55 492 37 21 och
112 498 87 21 papper,
215 492 82 21 hvilkas
313 493 156 26 exportvärden
485 493 67 20 redan
569 499 27 14 nu
612 492 61 21 torde
689 492 70 27 uppgä
775 492 32 21 till
824 492 56 21 circa

53 521 28 20 20
100 521 97 26 miljoner
217 520 59 21 mark
295 520 88 27 årligen.
415 520 70 21 Hafva
504 521 20 20 vi
541 527 25 14 en
583 521 54 20 bana
653 520 32 21 till
703 520 84 21 Torneå
801 520 78 27 färdig,

54 549 23 20 sä
99 549 102 21 behöfver
220 549 46 20 icke
285 549 70 21 denna
374 551 75 25 export
468 549 67 21 blifva
554 549 107 21 afbruten.
691 549 43 21 Det
753 549 53 20 skall
826 549 54 20 visst

54 577 97 22 medföra
166 584 25 15 en
207 579 69 20 större
291 577 92 21 kostnad
399 579 32 20 att
445 577 22 22 fä
483 583 92 15 varorna
591 577 173 27 transporterade
780 577 32 21 till
826 577 54 20 riks-

53 607 98 25 gränsen,
168 612 46 15 men
231 607 68 20 denna
314 606 91 21 kostnad
419 608 26 23 är
461 606 54 21 dock
532 612 25 15 en
573 605 148 28 obetydlighet
737 608 56 19 emot
809 605 71 21 förde-

53 634 35 21 len
111 634 22 21 af
155 636 31 19 att
206 634 72 21 kunna
296 637 113 24 exportera
428 641 97 14 varorna.
556 635 42 26 Jag
617 634 38 27 gär
674 641 29 14 nu
722 636 23 19 ut
764 634 55 21 ifrän
839 634 39 21 den

53 662 160 27 förutsättning,
232 664 31 19 att
285 664 31 19 ett
338 663 55 26 krig,
412 663 30 20 uti
465 663 83 21 hvilket
572 663 107 26 Ryssland
699 663 38 20 och
756 663 123 26 derigenom

53 691 90 21 Finland
163 691 41 21 kan
223 690 64 21 blifva
303 691 132 25 inblandadt,
451 691 6 20 i
473 691 44 21 alla
533 691 37 21 fall
586 691 47 21 icke
650 691 55 20 skall
720 691 47 20 föra
783 691 47 21 med
847 691 33 25 sig

54 721 31 19 att
101 718 80 28 Sverge
197 719 54 21 skall
268 718 65 22 blifva
349 719 37 21 vär
401 719 81 26 fiende;
496 720 37 26 jag
549 722 90 24 antager
649 719 34 21 för
695 718 72 28 gifvet,
779 721 31 19 att
820 719 60 21 detta

54 748 49 20 land
123 747 84 21 komme
226 749 32 19 att
276 747 66 21 blifva
362 748 99 20 neutralt.
492 748 27 20 Vi
538 748 65 21 hafva
623 748 26 20 dä
665 754 25 14 en
706 749 64 25 utväg
786 749 31 19 att
832 746 48 22 frän

54 776 143 26 Haaparanda
215 776 80 26 skeppa
314 778 24 19 ut
357 776 50 21 vära
427 776 118 26 produkter
565 776 38 21 och
623 776 71 20 kunna
710 776 122 26 derigenom
849 775 31 21 ät-

56 804 104 21 minstone
180 804 6 20 i
207 804 69 26 någon
294 804 50 22 män
362 805 123 21 underlätta
500 805 27 20 de
543 804 140 26 svårigheter,
699 804 6 20 i
720 804 72 21 hvilka
808 804 72 20 landet

56 832 139 27 ovilkorligen
216 832 54 21 skall
286 832 53 22 räka
354 839 76 20 genom
447 839 25 15 en
489 833 86 21 blokad.
606 833 69 21 Dessa
691 832 188 26 omständigheter,

55 860 92 22 förutom
165 862 39 20 den
221 863 58 19 stora
293 861 166 22 internationela
479 862 110 27 betydelse
605 861 70 21 banan
690 861 6 20 i
713 861 42 21 alla
770 860 37 22 fall
824 860 55 21 skall

55 889 27 26 få,
98 889 44 21 tala
161 889 34 22 för
215 891 31 20 att
266 891 123 20 densamma
408 891 39 20 bör
463 892 85 19 snarast
564 890 82 27 möjligt
662 885 87 26 utföras.
780 889 49 21 Man
846 889 35 20 mä

56 924 28 15 nu
99 920 32 19 tro
147 918 37 21 det
199 924 40 15 ena
255 919 52 20 eller
323 919 36 20 det
375 919 72 25 andra,
459 919 25 20 sä
499 918 68 22 finnes
583 919 36 20 det
635 919 54 20 dock
705 924 25 15 en
741 918 84 27 mycket
836 919 44 18 stor

56 946 136 21 sannolikhet
208 946 38 26 för,
258 949 31 18 att
305 947 78 21 Ofoten
398 947 70 21 banan
484 947 110 26 verkligen
607 947 54 21 skall
672 947 84 20 komma
766 946 32 21 till
811 945 69 22 ständ.

57 974 101 21 Sträckan
177 975 202 21 Luleä-Gellivaara
397 977 24 19 är
436 975 67 22 redan
519 975 77 27 färdig.
627 975 50 21 Man
693 977 35 19 vet
743 977 31 18 att
788 977 93 18 terasse-

57 1003 148 26 ringsarbeten
224 1003 55 21 inom
296 1004 37 21 det
347 1004 80 21 norska
442 1004 98 21 omrädet
555 1005 38 20 äro
609 1003 116 27 päbörjade
741 1003 38 21 och
794 1002 87 21 utförda

56 1031 33 21 till
105 1032 80 20 inemot
200 1030 32 24 %3.
261 1031 50 21 Man
327 1035 36 18 vet
377 1032 65 21 ocksä
457 1034 32 19 att
505 1032 83 21 arbetet
603 1032 46 20 frän
666 1031 122 22 Gallivaara
803 1030 79 22 framät

57 1061 57 19 emot
133 1062 70 18 vester
223 1060 53 20 skall
296 1060 6 20 i
323 1060 38 21 vär
375 1060 101 28 päbörjas
492 1062 57 19 samt
564 1062 31 19 att
611 1066 47 15 man
674 1060 81 27 hoppas
771 1059 32 21 till
820 1060 62 20 nästa

57 1088 48 20 höst
124 1088 21 20 fä
163 1088 182 27 skenläggningen
364 1088 70 27 färdig
453 1088 34 22 till
507 1088 102 22 närheten
625 1088 24 22 af
662 1088 83 22 Torneä
759 1087 67 26 träsk,
842 1086 40 22 och

57 1122 48 15 man
128 1116 39 21 har
189 1116 23 22 af
233 1123 24 15 en
281 1117 80 27 debatt,
381 1123 45 15 som
449 1117 86 27 nyligen
554 1117 115 27 försiggätt
687 1117 35 21 vid
741 1116 114 26 riksdagen
876 1115 6 20 i

59 1144 94 27 Sverige,
169 1144 110 27 inhemtat,
291 1147 33 19 att
339 1146 128 21 ätminstone
483 1146 27 21 de
526 1146 90 20 ledande
632 1147 97 23 männen,
741 1145 20 21 d.
777 1151 18 14 v.
811 1150 17 15 s.
844 1144 39 20 mi-

57 1173 112 26 nistrarne,
185 1179 51 15 anse
256 1174 80 21 banans
357 1174 139 21 ekonomiska
515 1174 86 21 framtid
622 1180 50 15 vara
690 1174 49 20 fullt
757 1172 125 28 betryggad.

57 1201 50 21 Man
127 1202 68 20 mäste
214 1202 56 21 fästa
288 1202 102 22 afseende
409 1202 34 21 vid
464 1202 61 22 detta
540 1202 39 21 och
594 1202 39 21 bör
648 1202 34 21 väl
697 1202 62 21 äfven
774 1201 58 21 hälla
848 1200 36 21 det

57 1230 33 20 för
110 1230 88 21 alldeles
218 1230 113 26 sannolikt,
351 1233 31 19 att
403 1230 88 27 Sverige
510 1232 7 19 i
537 1231 37 21 sitt
594 1232 48 24 eget
661 1231 90 21 intresse
765 1230 47 21 icke
828 1228 55 22 skall

58 1258 61 27 dröja
135 1260 31 19 att
181 1258 84 22 komma
281 1258 51 22 vära
345 1259 116 27 jernvägar
476 1259 33 21 till
527 1260 74 24 mötes,
618 1265 33 15 om
667 1259 20 21 vi
703 1259 47 21 föra
765 1259 48 21 dem
829 1257 54 21 fram

57 1287 56 20 ända
129 1286 32 21 till
178 1286 145 27 riksgränsen.
353 1288 46 20 Allt
414 1288 60 20 detta
490 1289 45 25 gör,
551 1289 32 19 att
599 1287 128 22 åtminstone
740 1288 37 26 jag
792 1286 34 21 för
842 1286 42 20 min

58 1315 34 21 del
109 1314 46 22 icke
170 1314 42 22 kan
229 1315 98 21 betrakta
343 1316 70 21 denna
429 1316 56 21 bana
500 1318 65 19 annat
580 1318 27 18 än
624 1316 69 20 säsom
710 1316 45 20 helt
769 1315 38 21 och
818 1314 68 21 hället

58 1343 87 22 stäende
165 1346 58 19 utom
243 1344 134 21 konkurrens
397 1345 48 20 med
464 1345 44 20 alla
527 1345 26 20 de
570 1345 67 20 andra
652 1345 73 25 banor,
741 1350 44 15 som
801 1345 37 18 äro
854 1341 31 21 fö-

58 1372 99 26 reslagna
172 1374 31 18 att
221 1372 79 26 byggas
317 1373 7 20 i
341 1373 40 20 den
397 1375 109 19 närmaste
522 1373 121 25 framtiden,
656 1375 55 18 samt
726 1375 31 18 att
769 1373 38 25 jag
823 1375 63 15 anser

58 1400 40 21 den
119 1400 52 21 böra
189 1400 76 21 främst
284 1400 39 22 och
343 1403 86 19 snarast
447 1401 85 26 möjligt
547 1401 85 21 komma
647 1401 32 21 till
697 1400 117 21 utförande.
844 1398 43 26 Jag

57 1430 46 19 tror
121 1428 54 26 icke,
194 1428 37 21 det
249 1429 53 21 skall
323 1429 67 21 blifva
409 1429 69 27 nägon
498 1429 109 27 svärighet
625 1429 32 21 för
676 1429 73 21 landet
767 1430 32 20 att
818 1426 69 21 skaffa

58 1456 26 21 de
107 1456 58 22 cirka
188 1456 13 21 8
225 1457 97 27 miljoner
345 1458 68 25 mark,
432 1464 46 14 som
502 1458 71 20 kunna
593 1457 102 21 behöfvas
715 1457 32 21 för
767 1458 31 20 att
817 1455 71 27 bygga

58 1484 69 22 denna
147 1485 60 21 bana.
224 1497 25 4 —
266 1486 40 26 Jag
326 1486 38 20 ber
383 1486 71 20 derför
474 1487 33 19 att
524 1486 23 20 fä
565 1486 27 26 pä
607 1486 36 20 det
659 1487 105 19 varmaste
779 1482 110 28 tillstyrka

58 1514 131 26 antagandet
203 1514 23 20 af
240 1514 81 20 Herrar
337 1514 75 20 Neovii
429 1514 39 21 och
485 1514 113 21 Törnudds
615 1514 138 21 reservation.

73 1547 3 3 :
106 1536 13 37 —
127 1541 31 21 Hr
174 1541 137 27 Hallberg:
329 1542 29 21 Sä
373 1548 67 20 gerna
453 1543 38 25 jag
507 1544 26 19 än
549 1542 50 21 ville
615 1542 130 21 understöda
760 1542 40 20 den
817 1540 23 20 af
850 1540 38 20 hrr
