1089 1742
228 131 45 33 1832
505 138 93 23 Borgarest.
609 138 48 20 1888.
680 138 20 21 25
713 138 39 23 Maj.

274 206 119 22 Utskottets
412 207 81 27 förslag
511 207 163 23 vidkommande
693 209 12 21 7
725 208 11 28 &
755 209 26 21 41
797 208 90 27 kapitlet
903 208 121 27 godkändes

204 237 51 19 utan
272 236 135 26 omröstning.

274 264 49 21 Med
344 264 113 27 anledning
480 264 23 22 af
521 264 116 22 utskottets
657 265 82 27 förslag
756 265 34 22 till
809 265 114 21 förändrad
944 265 79 27 lydelse

205 292 34 21 för
254 292 12 21 3
282 292 12 27 $
311 293 9 20 1
337 292 89 28 kapitlet
440 293 83 27 yttrade

274 320 26 21 hr
313 320 127 22 Fellman:
455 321 42 22 Det
511 321 76 27 fägnar
602 322 44 27 mig
660 324 32 19 att
706 322 107 21 utskottet
826 321 71 23 funnit
907 322 24 21 sä
942 321 82 27 mycket

205 349 45 20 skäl
270 349 130 22 förekomma
419 350 33 21 till
470 350 40 21 den
529 350 140 27 anmärkning
685 351 38 27 jag
741 351 57 27 gjort
816 353 44 19 mot
879 351 67 21 denna
963 356 61 21 para-

205 377 53 27 graf,
274 379 32 20 att
323 378 103 21 utskottet
444 378 88 21 beslutit
549 379 34 26 sig
597 379 33 21 för
645 381 32 20 att
693 379 80 22 föreslä
789 379 40 21 den
845 379 128 27 förändring,
987 378 37 27 jag

205 406 103 27 åsyftade.
337 407 42 21 Det
396 407 85 21 föreföll
500 407 43 26 mig
562 407 125 27 visserligen
707 408 32 21 till
759 414 26 15 en
803 407 82 27 början,
902 408 68 21 såsom
990 413 32 15 om

203 435 39 21 det
260 435 104 27 svärligen
382 435 68 22 skulle
468 435 43 22 läta
526 436 33 26 sig
574 437 52 25 göra
641 438 32 19 att
688 442 88 15 numera
791 435 101 22 förändra
906 435 118 28 ordalydel-

205 469 38 15 sen
261 463 7 21 i
286 463 132 27 paragrafen,
434 464 64 21 sedan
517 464 40 21 den
577 464 84 27 engäng
676 465 69 21 blifvit
761 465 24 21 af
797 465 115 21 ständerna
926 467 96 24 antagen,

205 498 47 15 men
266 492 37 27 jag
318 498 34 15 ser
367 494 31 19 att
413 493 103 20 utskottet
531 493 70 20 funnit
617 499 25 15 en
658 495 71 24 utväg,
745 499 46 16 som
807 493 47 21 icke
869 493 38 21 bör
921 495 55 19 stöta
988 492 35 22 nä-

204 526 48 21 gon,
265 520 20 21 d.
301 527 18 14 v.
336 527 15 14 s.
368 523 31 19 att
414 521 93 21 referera
522 521 33 21 till
571 523 71 19 texten
658 522 28 27 pä
702 522 35 21 det
752 521 67 22 andra
835 521 91 27 spräket,
938 521 85 22 hvilken

202 549 38 26 jag
258 549 34 21 för
311 549 41 21 min
372 550 32 21 del
425 549 46 22 icke
489 549 74 22 hunnit
582 550 99 26 granska,
701 550 26 21 dä
746 550 104 26 förslaget
869 550 153 21 diskuterades.

202 577 42 27 Jag
260 577 38 22 ber
312 580 31 19 att
358 577 22 22 fä
394 578 106 27 tillstyrka
515 578 327 27 sammanjemkningsförslaget.

272 606 100 21 Härefter
386 607 111 26 godkände
512 607 86 21 ständet
613 607 103 27 enhälligt
731 607 116 21 utskottets
862 607 160 27 ifrägavarande

201 634 89 27 förslag.

271 663 11 21 1
302 663 67 27 öfriga
388 664 58 21 delar
465 663 112 28 godkände
595 664 86 21 ständet
699 664 105 21 likaledes
824 665 50 21 utan
892 664 70 27 yppad
980 670 42 15 me-

203 691 208 28 ningsskiljaktighet
430 693 25 21 de
474 692 23 21 af
513 692 106 22 utskottet
634 692 110 28 förslagna
760 693 261 26 sammanjemkningarna.

270 806 120 27 Föredrogs
408 806 105 21 allmänna
531 807 206 22 besvärsutskottets
757 807 119 26 bordlagda
891 806 131 22 betänkande

202 840 35 15 n:o
253 834 28 22 35
296 834 6 21 i
318 835 112 26 anledning
446 835 23 21 af
483 837 30 19 ett
524 835 32 21 till
569 835 156 22 bondeståndet
736 835 90 27 ingifvet
836 835 186 27 petitionsförslag,

201 862 111 26 angäende
328 863 145 27 vetenskaplig
487 863 206 27 forstundervisning
703 864 36 21 vid
751 863 148 27 polytekniska
911 863 109 21 institutet.

271 890 135 22 Beträffande
422 892 57 20 detta
494 892 134 21 betänkande
643 892 85 27 yttrade
744 893 34 25 sig

270 919 32 21 Hr
317 919 67 22 Lille
400 920 98 21 sälunda:
514 920 36 21 Uti
567 921 40 20 den
623 920 146 22 betänkandet
784 920 98 26 bifogade
898 920 124 21 reservatio-

202 953 40 16 nen
264 949 68 25 säges,
348 950 30 19 att
397 948 161 26 ifrägavarande
573 949 89 27 petition
678 949 90 21 innebär
784 951 31 19 ett
830 948 106 21 missbruk
951 948 23 21 af
986 954 36 21 pe-

201 976 151 21 titionsrätten.
382 976 42 22 För
445 977 41 21 min
506 978 33 20 del
559 979 24 19 är
600 979 37 25 jag
657 978 48 20 fullt
724 984 52 14 ense
796 977 47 21 med
862 979 160 19 reservanterna

202 1004 80 21 derom.
312 1004 40 27 Jag
370 1006 24 20 är
413 1005 64 21 också
494 1012 50 15 ense
563 1006 49 21 med
631 1006 48 21 dem
699 1006 82 26 derom,
800 1007 32 19 att
846 1006 114 26 petitionen
976 1005 46 21 icke

200 1032 60 21 afser
281 1033 64 27 nägot
365 1035 70 24 annat,
455 1036 25 18 än
499 1036 32 19 att
550 1034 46 21 frän
617 1034 125 22 ständernas
762 1034 47 21 sida
829 1033 144 22 ästadkomma
992 1035 30 19 ett

202 1061 212 21 misstroendevotum
431 1064 43 19 mot
489 1069 25 15 en
530 1062 125 27 misshaglig
671 1063 118 25 inrättning
805 1062 38 21 och
859 1064 43 18 mot
916 1062 56 21 vissa
987 1068 35 14 en-

201 1088 71 22 skilda
286 1090 137 27 misshagliga
438 1097 107 20 personer.
568 1091 168 27 Forststyrelsen
751 1091 41 21 och
803 1091 143 21 forstmännen
958 1090 6 21 i
976 1090 46 21 värt

202 1118 49 20 land
267 1118 63 21 hafva
345 1119 67 21 under
427 1125 25 15 en
468 1119 72 27 längre
555 1119 32 21 tid
603 1119 46 21 frän
665 1122 32 18 ett
710 1120 55 20 visst
778 1119 44 21 häll
834 1119 54 21 varit
898 1120 80 20 utsatta
989 1118 33 21 för

202 1152 96 21 angrepp
316 1146 22 22 af
352 1147 40 21 den
408 1149 54 19 mest
477 1148 76 26 simpla
567 1150 70 19 natur.
666 1148 50 21 Man
731 1148 41 21 har
787 1148 47 20 icke
849 1147 56 27 skytt
920 1149 31 19 att
965 1147 7 21 i
987 1153 35 21 ge-

202 1174 85 22 menhet
304 1175 28 27 gä
350 1175 23 21 sä
391 1176 66 26 längt,
476 1178 31 19 att
525 1182 49 15 man
593 1176 57 21 velat
668 1176 99 28 beskyllä
785 1176 49 21 hela
854 1176 117 21 forstkären
989 1175 33 21 för

200 1203 127 27 oredlighet.
356 1204 154 27 Föreliggande
529 1204 89 28 petition
637 1204 39 22 har
694 1205 33 21 till
747 1204 63 28 syfte,
826 1206 32 19 att
876 1204 21 20 fä
914 1204 32 20 till
960 1204 62 21 ständ

201 1237 27 15 en
249 1231 123 27 förändring
388 1232 23 22 af
424 1233 251 27 undervisningsspräket
689 1233 6 21 i
711 1233 67 21 Evois
793 1232 144 22 forstinstitut.
967 1232 56 21 Peti-

201 1260 122 21 tionärerna
340 1261 74 26 tyckas
434 1261 117 21 emellertid
571 1262 73 20 sväfva
662 1262 7 20 i
689 1261 133 27 okunnighet
840 1261 78 25 derom,
938 1263 31 19 att
987 1261 36 21 det

200 1288 56 21 hvad
280 1288 26 22 de
325 1288 69 28 äsyfta
414 1289 33 21 för
465 1290 132 21 närvarande
615 1290 69 21 häller
702 1290 27 27 pä
748 1291 33 19 att
800 1290 118 20 realiseras.
948 1289 74 21 Säsom

199 1316 75 27 kändt,
286 1323 37 15 var
338 1318 37 20 det
389 1318 226 26 generalguvernören,
631 1324 45 15 som
691 1321 37 24 tog
743 1318 94 21 initiativ
851 1318 32 21 till
899 1318 73 26 frägan
989 1323 33 15 om

201 1345 145 21 förfinskande
361 1346 23 20 af
397 1346 249 27 undervisningsspräket
660 1347 35 21 vid
711 1346 94 22 nämnda
820 1346 120 26 inrättning.
964 1346 58 20 Hans

202 1373 81 27 förslag
298 1374 48 26 gick
361 1376 24 19 ut
399 1374 27 27 pä
441 1377 31 19 att
486 1375 178 26 undervisningen
680 1375 114 21 derstädes
809 1374 134 22 uteslutande
954 1374 68 21 skulle

202 1402 108 22 meddelas
329 1402 27 27 pä
374 1402 74 28 finska,
467 1404 38 20 och
525 1404 42 25 det,
587 1410 33 14 om
636 1404 37 26 jag
692 1404 47 21 icke
760 1404 25 20 är
804 1404 56 20 orätt
878 1402 144 26 uuderrättad,

201 1431 90 25 specielt
305 1431 27 27 pä
348 1432 39 20 den
402 1432 75 26 grund,
489 1434 30 18 att
534 1432 157 21 forstmännens
705 1431 88 28 uppgift
808 1432 75 20 främst
893 1431 68 20 skulle
972 1436 51 15 vara

201 1460 32 19 att
248 1459 113 21 undervisa
376 1460 104 27 allmogen
496 1460 6 21 i
518 1460 208 27 skogshushällning.
756 1459 52 22 Med
823 1459 113 26 anledning
950 1458 24 21 af
987 1459 36 21 det

201 1485 87 28 förslag,
307 1493 45 15 som
376 1488 86 21 sälunda
485 1488 92 27 väcktes,
597 1488 122 21 infordrade
742 1490 90 19 senaten
854 1487 168 26 forststyrelsens

201 1514 117 22 utlätande.
346 1516 166 27 Forststyrelsen
528 1517 55 21 utlät
599 1517 31 26 sig
646 1517 87 26 derhän,
751 1518 33 19 att
799 1516 27 21 dä
840 1515 120 22 ändamälet
975 1516 47 21 med

200 1543 178 28 undervisningen
393 1544 35 22 vid
442 1545 63 22 Evois
520 1545 140 22 forstinstitut
674 1545 47 22 icke
738 1551 39 15 var
792 1546 70 25 annat,
878 1546 26 19 än
920 1545 31 20 att
965 1545 57 20 med-
