1084 1739
225 128 38 34 682
486 134 93 24 Borgarest.
591 135 46 19 1888.
661 135 18 19 19
691 136 51 22 April.

207 202 190 29 samhällsordning
418 204 68 22 skulle
502 205 38 27 jag
563 205 68 27 äldrig
649 205 68 21 önska
738 205 149 21 underminera
910 205 38 22 och
967 207 57 19 ännu

207 230 80 22 mindre
307 231 181 23 öfverändakasta.
519 234 46 21 Och
584 234 49 21 ville
656 240 49 14 man
727 234 48 21 med
794 233 51 28 lugn
864 234 51 21 söka
933 234 38 22 hos
985 234 38 21 vår

207 259 122 29 statskyrka
348 261 85 27 möjliga
450 262 84 27 brister,
554 262 24 22 så
601 261 115 23 återfinnas
734 262 34 21 väl
786 262 47 22 icke
852 262 80 22 sådana
949 263 7 21 i
974 262 49 22 dess

207 288 138 28 grundsyften
368 290 38 21 och
428 290 189 28 grundsanningar,
640 292 50 20 utan
713 290 106 22 måhända
842 291 50 27 deri,
908 291 114 21 huruledes

206 323 50 15 man
271 317 54 21 låter
340 318 47 21 dem
401 320 51 26 göra
467 319 31 27 sig
517 319 106 27 gällande,
639 320 51 20 eller
704 319 48 21 med
768 320 66 20 andra
849 320 45 25 ord,
909 320 113 20 huruledes

207 345 62 21 dessa
283 346 112 27 tillämpas.
425 347 90 27 Mången
536 348 69 21 denna
623 348 68 28 kyrka
710 349 47 20 sant
773 348 39 21 och
826 350 69 19 varmt
910 348 112 27 hängifven

206 379 77 21 person
298 374 38 21 har
348 375 37 27 jag
394 376 64 21 bland
468 378 64 19 annat
542 376 50 21 hört
602 378 56 26 säga,
670 378 32 20 att
711 382 49 15 man
770 376 47 22 icke
827 377 32 21 uti
869 376 37 22 vår
913 376 109 22 lutherska

207 402 122 28 statskyrka
343 404 60 21 alltid
418 404 38 22 och
472 404 114 22 allestädes
601 407 68 19 möter
680 411 80 15 samma
770 404 123 28 lifgifvande
903 404 63 27 kraft,
977 411 44 15 som

206 430 33 22 till
255 432 94 26 exempel
363 433 32 21 uti
410 439 25 15 en
454 433 187 28 lekmannakyrka,
672 433 45 21 Och
735 433 66 21 finnes
821 434 36 20 det
871 434 68 26 någon
953 434 68 26 grund

206 459 53 26 häri,
275 459 60 22 faller
351 460 107 29 ofrivilligt
473 462 39 20 den
528 462 81 21 tanken
625 462 59 21 öfver
698 468 32 20 en,
747 463 32 20 att
793 462 47 21 icke
851 462 41 21 alla
902 462 47 21 dess
960 462 61 21 funk-

207 488 92 21 tionärer
315 491 36 19 äro
366 490 46 21 sina
425 490 79 28 vigtiga
518 490 45 22 kall
577 497 75 19 vuxne,
667 490 95 22 hvarken
777 490 7 21 i
798 490 90 22 intresse
902 490 51 21 eller
967 490 54 22 kun-

207 516 82 27 skaper.
320 518 45 21 Och
383 518 61 22 hvem
463 518 23 22 af
504 525 34 15 oss
557 519 40 22 har
615 520 47 21 icke
679 520 49 20 hört
747 519 73 27 klagas
839 519 59 21 öfver
912 519 109 21 bristande

206 545 154 28 prestbildning
375 547 39 21 oeh
428 547 135 21 brödstudier
579 548 58 21 såväl
651 548 27 26 på
694 548 36 21 det
745 554 45 19 ena,
806 554 45 14 som
866 548 26 26 på
910 548 36 20 det
955 548 66 20 andra

206 573 72 22 hållet.
309 575 41 21 Det
368 577 23 19 är
410 576 63 21 också
490 576 107 22 måhända
617 576 71 22 derför
707 582 45 16 som
770 576 137 27 statskyrkan
922 576 98 27 möjligen

205 602 70 22 blifvit
291 602 32 22 för
337 604 51 21 våra
406 604 122 22 sekterister
547 611 26 15 eu
588 605 82 21 mindre
686 604 114 22 omhuldad
816 605 125 21 institution.
972 604 48 21 Men

206 633 31 19 att
252 638 25 14 en
293 632 65 21 sådan
377 633 35 21 det
430 633 88 21 oaktadt
540 634 67 21 måste
626 633 68 22 finnas
714 633 62 21 äfven
795 633 39 21 hos
848 639 41 21 oss,
904 633 67 21 måste
985 633 35 21 väl

205 659 79 22 enhvar
299 661 81 21 ändock
402 661 111 28 medgifva,
537 668 45 15 som
605 662 60 27 lugnt
686 661 125 22 reflekterar
830 661 58 21 öfver
902 662 46 20 vårt
964 661 56 21 folks

205 688 121 28 utveckling
347 690 40 21 och
405 690 88 22 bestånd
520 692 56 20 samt
594 691 49 21 dess
661 690 133 22 närvarande
812 690 207 26 kulturståndpunkt.

205 716 117 23 Föråldrad
336 718 6 20 i
358 718 56 22 vissa
428 719 64 26 delar,
509 725 46 15 som
575 719 40 21 den
630 719 122 27 visserligen
771 718 33 22 får
820 724 60 16 anses
894 725 57 20 vara,
967 718 53 22 lider

206 745 39 21 den
263 746 53 21 dock
330 746 46 23 icke
391 747 8 21 i
414 747 58 22 detta
486 747 100 22 afseende
603 754 36 15 ens
655 747 22 22 af
691 749 69 20 större
775 748 87 27 brister,
875 749 27 19 än
917 749 31 20 att
959 747 61 22 dessa

204 776 52 19 utan
275 777 68 19 större
361 776 128 28 rubbningar
507 777 73 20 kunna
601 777 157 20 undanskaffas.
791 776 33 26 Ja,
844 775 37 22 vår
899 776 120 27 statskyrka

205 808 63 16 anser
280 804 37 27 jag
331 804 46 21 icke
393 811 35 14 ens
443 811 50 15 vara
508 811 59 15 mera
582 805 114 24 föråldrad,
712 807 27 19 än
756 805 39 20 den
807 805 99 26 bildning,
918 811 44 14 som
973 804 47 21 vårt

205 831 44 21 folk
265 831 201 30 öfverhufvudtaget
483 833 33 22 får
539 833 111 26 erkännas
667 835 57 20 ännu
742 833 120 26 innehafva,
877 833 85 21 hvarför
975 833 44 27 just

205 859 60 22 detta
280 860 44 21 folk
343 862 64 27 enligt
425 862 42 21 min
485 862 65 21 tanke
568 862 47 21 icke
633 862 67 21 heller
719 868 51 15 vore
788 863 71 25 moget
876 861 34 21 till
925 861 94 26 exempel

204 888 33 21 för
253 889 40 21 den
309 889 23 22 så
354 890 84 21 kallade
456 891 101 21 moderna
575 891 164 26 kristendomen,
759 897 44 14 som
822 890 39 21 likt
879 896 24 15 en
922 889 97 22 handels-

204 923 51 15 vara
277 918 81 21 ställvis
373 919 64 21 redan
452 919 48 21 sökt
514 919 84 21 inträde
614 919 62 21 äfven
690 919 7 21 i
712 919 47 21 vårt
774 919 50 21 land
840 918 37 21 och
893 918 126 21 företrädes-

204 946 31 21 vis
251 946 6 21 i
276 946 51 21 våra
345 947 176 27 kapitalstarkare
540 948 79 25 städer,
639 948 37 21 der
697 948 41 21 den
761 947 104 21 måhända
884 947 74 20 endast
976 948 43 19 satt

204 974 138 26 opinionerna
360 976 7 21 i
384 976 84 27 jäsning
486 976 39 21 och
544 975 134 22 efterlemnat
698 975 111 28 allvarliga
827 975 121 27 bekymmer
963 975 56 21 inom

204 1002 85 28 månget
307 1003 127 28 familjehem
453 1004 32 21 för
501 1005 35 20 det
554 1011 66 21 yngre
639 1005 88 26 slägtets
748 1004 131 27 uppfostran.
909 1003 59 22 Dock
983 1005 36 19 ön-

205 1031 49 21 skar
266 1032 37 27 jag
317 1032 87 21 härmed
423 1033 46 21 icke
487 1033 64 27 bryta
569 1033 83 21 stafven
671 1033 59 22 öfver
744 1033 80 26 någons
839 1032 180 27 trosuppfattning

204 1059 39 21 och
259 1061 55 20 ännu
328 1061 82 22 mindre
425 1061 57 22 öfver
500 1062 52 21 våra
567 1061 121 26 dissenters,
708 1061 52 22 eller
776 1061 54 26 dem,
846 1067 44 15 som
905 1062 60 25 ropat
980 1061 39 20 och

203 1094 53 21 ropa
271 1088 54 22 efter
340 1089 144 28 dissenterlag.
514 1090 31 27 Ty
564 1090 80 21 enhvar
663 1096 63 15 anser
742 1090 37 27 jag
794 1089 44 22 lika
852 1089 119 28 berättigad
986 1089 33 21 för

203 1117 47 20 sina
269 1117 84 28 åsigter,
373 1124 45 15 som
433 1119 37 26 jag
488 1118 34 21 för
540 1119 63 20 mina.
634 1119 49 20 Men
702 1119 37 20 det
758 1124 62 21 synes
838 1118 42 27 mig
895 1117 124 26 emellertid,

203 1151 46 15 som
265 1151 34 16 om
321 1146 70 21 denna
411 1147 79 27 vigtiga
511 1147 62 27 fråga
591 1147 7 21 i
613 1147 75 27 många
712 1147 115 21 afseenden
842 1145 68 22 blifvit
925 1145 33 22 för
973 1145 47 22 litet

202 1173 121 27 förberedd,
346 1175 39 21 och
406 1175 105 22 måhända
537 1175 72 22 derför
628 1175 33 21 för
682 1176 64 26 tidigt
768 1175 69 25 väckt,
855 1186 25 4 —
904 1176 32 19 att
958 1174 61 21 döma

204 1202 127 22 åtminstone
346 1203 23 22 af
383 1203 41 27 det,
448 1210 44 15 som
510 1210 29 15 nu
562 1204 67 27 ligger
647 1203 33 22 för
695 1210 42 15 oss.
768 1203 30 27 Ty
817 1203 67 21 ehuru
899 1209 48 14 man
961 1203 58 20 vetat

203 1230 65 22 bland
283 1234 64 19 annat
366 1233 31 20 att
416 1233 70 20 sekter
504 1232 69 22 finnas
592 1233 7 20 i
613 1233 48 20 vårt
679 1232 57 26 land,
756 1238 44 15 som
820 1233 52 26 göra
887 1231 91 26 anspråk
992 1231 28 26 på

203 1259 145 28 dissenterlag,
357 1267 61 21 synes
428 1261 48 28 mig,
488 1267 45 15 som
544 1267 33 15 om
586 1267 49 15 man
645 1261 35 21 det
691 1261 90 21 oaktadt
791 1260 55 27 gjort
857 1260 31 27 sig
899 1259 49 28 föga
957 1259 63 21 möda

203 1287 23 21 af
239 1289 32 20 att
285 1290 97 20 närmare
397 1290 49 26 taga
464 1289 52 21 reda
533 1290 28 26 på
576 1289 104 27 mängden
696 1289 22 22 af
737 1289 62 21 dessa
815 1289 75 26 sekter,
908 1288 61 21 deras
983 1287 37 22 be-

201 1315 120 23 skaffenhet
339 1317 39 22 och
397 1317 131 28 ungefärliga
547 1317 149 26 folknumerär,
718 1319 65 20 innan
802 1323 49 15 man
866 1317 63 20 skred
945 1316 31 21 till
991 1322 29 15 nu

201 1344 147 28 föreliggande
364 1345 120 29 lagförslag.
513 1347 42 27 Jag
571 1346 33 21 för
619 1347 42 20 min
677 1346 35 21 del
726 1348 46 19 tror
787 1345 41 27 väl,
843 1347 31 19 att
885 1345 35 21 det
931 1345 53 21 blott
995 1346 24 19 är

201 1379 26 15 en
246 1373 149 22 försvinnande
413 1375 107 21 minoritet
540 1375 24 21 af
580 1375 47 21 vårt
645 1375 51 26 folk,
715 1381 46 15 som
780 1374 69 21 funnit
868 1374 33 21 sin
920 1375 99 20 samvets-

201 1402 40 21 och
256 1402 110 28 kyrkofrid
380 1403 82 22 rubbad
477 1403 23 22 af
520 1403 38 22 vår
577 1403 133 28 statskyrkas
729 1403 93 27 dogmer,
838 1402 39 22 och
892 1403 32 20 att
942 1401 78 22 enhvar

201 1436 50 16 vore
266 1432 69 21 denna
357 1431 42 21 frid
421 1431 138 27 förbehållen,
579 1438 34 15 om
632 1432 54 22 blott
705 1432 43 21 han
767 1431 85 27 åtnöjde
871 1431 32 27 sig
921 1430 48 22 med
988 1432 32 19 att

200 1459 131 22 underkasta
349 1460 32 28 sig
399 1460 26 21 de
444 1460 119 27 fordringar
581 1462 109 25 gentemot
709 1461 41 20 den
766 1460 100 24 enskilde,
882 1465 46 15 som
944 1460 75 24 staten,

201 1487 52 21 eller
268 1488 36 21 det
319 1488 105 22 allmänna
439 1491 23 19 är
481 1489 120 27 berättigad
620 1491 32 19 att
671 1489 39 21 och
728 1489 68 21 måste
812 1487 112 27 uppställa,
940 1486 33 22 för
988 1488 32 20 att

200 1515 48 22 icke
271 1516 110 28 äfventyra
396 1518 37 20 sitt
455 1518 90 21 bestånd
560 1518 39 21 och
615 1523 25 16 en
663 1518 71 20 bättre
756 1516 195 26 samhällsordning,
970 1521 49 15 vare

200 1544 33 28 sig
248 1544 27 27 på
290 1544 81 23 hvilket
385 1546 57 26 gebit
458 1552 44 16 som
516 1546 57 22 helst
589 1558 26 4 —
632 1546 35 21 det
682 1546 86 27 andliga
784 1545 51 21 eller
851 1545 35 21 det
901 1543 118 28 verldsliga.
