1075 1742
214 132 48 31 1238
484 136 93 23 Borgarest.
588 136 45 19 1888.
657 136 21 20 22
694 136 39 24 Maj.

192 207 43 19 sätt
254 204 69 22 skulle
342 204 137 28 inspektören
498 205 45 21 helt
560 205 74 21 säkert
651 206 101 26 indragas
768 206 6 20 i
790 204 166 28 vidlyftigheter,
972 210 45 16 som

192 234 91 21 alldeles
301 232 34 22 stä
356 236 58 18 utom
437 233 53 21 hans
512 233 135 27 befogenhet.
677 234 43 26 Jag
739 234 33 21 fär
791 233 72 21 derför
882 233 85 25 föreslä,
987 235 31 19 att

193 262 59 21 detta
271 264 99 24 moment,
386 262 70 21 säsom
475 262 54 21 bäde
545 262 84 27 skadlig
645 262 38 22 och
699 262 123 26 obehöfligt,
838 262 69 21 skulle
922 262 57 26 utgä.

263 290 31 21 Hr
312 274 136 47 Hallberg:
472 290 49 21 Man
542 290 41 22 kan
602 291 33 21 väl
655 291 46 21 icke
721 297 66 24 gerna
806 290 72 21 frukta
896 292 31 33 att
945 290 73 37 yrkes-

192 315 163 31 inspektörerne
371 318 60 22 skola
446 318 28 27 gå
488 320 86 20 utöfver
589 321 33 19 sin
638 319 128 27 befogenhet
781 319 39 21 och
835 326 50 20 taga
899 319 69 27 någvi
981 319 37 21 be-

192 347 93 27 fattning
304 348 48 20 med
371 347 137 27 påståenden,
524 348 76 26 gjorda
615 348 24 20 af
652 348 113 20 arbetarne
782 348 109 25 angående
906 350 15 18 t.
937 353 32 15 ex.
985 354 33 14 ar-

193 376 108 22 betsaftal.
331 375 49 21 Man
402 376 66 21 måste
488 376 67 21 tilltro
572 376 120 27 respektive
707 376 200 27 yrkesinspektörer
923 376 36 20 det
974 382 44 14 om-

193 405 71 25 döme,
283 406 31 19 att
333 404 25 21 de
378 404 6 21 i
404 404 70 27 dylika
490 404 38 21 fall
547 404 71 22 lemna
637 411 25 15 en
682 404 76 27 vädjan
779 404 112 22 obeaktad.
922 404 65 21 Detta
1004 404 15 22 3

194 435 94 19 moment
306 432 94 22 infördes
420 432 22 22 af
460 433 105 21 utskottet
584 434 6 20 i
609 433 94 27 enlighet
719 433 47 21 med
783 433 54 21 hvad
854 432 93 22 komitén
963 433 54 21 hade

193 461 118 27 föreslagit,
327 461 88 21 emedan
435 461 36 21 det
489 462 34 20 vid
539 462 112 26 verkligen
666 462 87 20 svårare
769 462 113 25 missbruk,
898 462 32 20 till
947 461 71 21 hvilka

193 490 170 26 arbetsgifvaren
379 490 41 20 kan
435 492 51 24 göra
502 490 32 26 sig
550 490 91 27 skyldig,
652 492 25 19 är
692 490 82 26 ganska
789 490 57 21 svårt
861 490 33 20 för
904 490 113 21 arbetaren

193 520 32 20 att
244 520 49 20 veta
312 518 31 20 till
365 518 60 21 hvem
445 518 39 21 han
505 518 55 21 skall
579 519 68 20 vända
663 519 38 26 sig.
732 519 42 26 Jag
788 521 46 19 tror
849 518 45 22 icke
911 521 30 18 att
957 518 59 21 faran

193 547 34 21 för
243 550 31 18 att
289 546 161 27 inspektörerne
466 547 60 21 skola
542 547 65 21 blifva
623 548 121 26 onödigtvis
760 547 116 21 besvärade
887 547 40 21 blir
939 546 23 22 så
973 549 45 19 stor

193 582 77 20 genom
286 578 31 18 att
332 581 48 15 man
396 575 54 21 låter
466 575 59 21 detta
541 579 93 17 moment
649 576 93 26 qvarstå.
765 576 38 20 Ett
819 576 134 20 uteslutande
970 576 47 20 der-

194 607 58 19 emot
267 604 69 21 skulle
351 603 157 27 otvifvelaktigt
524 604 63 21 lända
602 604 113 21 arbetaren
732 604 32 21 till
781 604 73 26 skada,
866 607 22 24 ty
901 604 5 21 i
919 604 25 21 de
955 603 62 21 flesta

193 632 39 22 fall
254 632 71 22 blefve
343 632 26 21 de
389 632 27 21 då
434 632 97 21 lemnade
550 633 7 21 i
577 633 131 26 okunnighet
727 639 33 15 om
780 632 238 27 yrkesinspektörernes

193 667 64 15 namn
277 661 38 21 och
331 660 83 22 bostad.
444 660 40 27 Jag
500 661 69 21 håller
584 661 131 21 fortfarande
732 662 27 26 på
774 663 32 19 att
821 664 115 18 momentet
951 660 66 22 måtte

193 690 23 21 få
231 689 87 27 qvarstå

264 717 69 22 Sedan
349 717 148 22 diskussionen
514 718 110 26 angående
640 718 69 21 denna
724 718 102 27 paragraf
840 718 114 21 förklarats
966 724 51 15 vara

194 746 100 25 afslutad,
306 746 124 21 framstälde
446 746 25 21 hr
486 746 129 26 talmannen,
627 747 47 21 med
690 747 114 26 anledning
821 746 23 22 af
857 746 25 22 hr
897 746 120 26 Bergboms

193 775 90 26 förslag,
298 774 94 26 följande
408 775 285 27 omröstningsproposition:

263 802 40 26 De,
319 802 68 21 hvilka
402 802 112 27 godkänna
534 802 15 28 $
568 804 28 20 16
615 803 64 27 enligt
692 802 108 22 utskottets
816 802 126 22 betänkande
958 803 59 27 oför-

194 831 92 26 ändrad,
305 832 58 20 rösta
377 832 39 32 ja;
435 831 30 26 de,
481 832 33 20 det
529 830 43 22 icke
585 833 59 25 göra,
659 833 58 20 rösta
732 832 45 26 nej;

263 860 72 21 vinner
357 860 43 27 nej,
419 859 39 22 har
480 860 170 27 borgareståndet
667 860 83 22 beslutit
768 862 31 19 att
820 861 7 20 3
842 862 107 19 momentet
963 860 54 21 skall

192 889 55 27 från
262 888 93 22 nämnda
369 888 106 27 paragraf
487 888 105 22 uteslutas.

263 917 76 22 Denna
353 918 131 26 proposition
502 918 128 21 besvarades
646 918 47 21 med
705 917 157 27 öfvervägande
871 918 29 26 ja,
912 918 38 21 och
961 918 56 21 hade

194 945 87 22 ståndet
295 945 84 22 således
395 946 87 21 beslutit
498 949 31 18 att
543 946 114 27 godkänna
673 946 11 27 $
701 947 27 21 16
744 946 135 21 oförändrad.

264 974 115 27 Angående
394 974 12 27 $
422 975 24 20 17
462 975 84 26 yttrade

264 1003 24 20 hr
304 1003 158 27 Tojkander:
478 1003 10 20 I
504 1003 69 21 denna
588 1003 103 26 paragraf
705 1003 135 26 bestämmes,
853 1006 31 18 att
899 1003 70 27 tillsyn
986 1003 31 21 öf-

193 1037 38 16 ver
251 1031 153 21 efterlefnaden
424 1031 22 21 af
464 1032 69 21 denna
551 1031 125 27 förordning
695 1031 85 22 utöfvas
800 1031 23 21 af
836 1031 180 28 yrkesinspektör.

193 1059 11 22 I
223 1060 154 27 motiveringen
396 1060 32 21 till
446 1060 40 21 den
502 1060 77 27 nådiga
594 1061 159 26 propositionen
770 1062 62 25 säges
849 1060 51 25 åter,
916 1062 32 19 att
963 1060 54 21 tills-

193 1088 74 21 vidare
277 1088 46 21 icke
335 1088 101 21 behöfves
451 1087 51 22 flere
518 1090 25 19 än
560 1091 76 18 tvenne
652 1089 86 20 sådana.
762 1089 34 20 Då
811 1089 124 26 regeringen
951 1088 66 21 förut-

193 1118 69 19 sätter
284 1119 32 18 att
339 1117 65 26 nödig
426 1117 71 26 tillsyn
521 1123 33 14 om
577 1117 27 21 de
627 1116 127 22 industriela
776 1117 180 26 anläggningarne
978 1117 39 21 och

194 1145 204 21 handtverkerierna
420 1145 60 21 skola
499 1146 46 20 med
566 1145 117 27 tillräcklig
705 1148 133 24 noggranhet
860 1145 71 21 kunna
957 1145 60 21 verk-

193 1173 76 21 ställas
289 1173 23 21 af
328 1173 37 21 två
384 1173 140 27 inspektörer,
540 1173 71 22 hvilka
627 1174 115 25 dessutom,
759 1173 91 22 förutom
867 1176 31 18 att
913 1174 26 21 de
954 1173 64 22 hafva

193 1201 86 22 teknisk
301 1202 103 26 bildning,
423 1202 51 21 böra
497 1209 50 14 vara
569 1202 50 21 fullt
641 1202 162 25 hemmastadda
825 1203 6 20 i
852 1202 108 21 helsolära
979 1203 37 20 och

193 1230 121 26 helsovård,
329 1232 23 25 ty
370 1230 148 27 kärnpunkten
538 1231 6 20 i
564 1231 59 20 detta
642 1231 118 26 lagförslag
775 1233 24 18 är
814 1233 32 18 att
861 1230 80 27 skydda
957 1231 60 20 arbe-

193 1260 74 19 tarnes
290 1259 65 26 helsa,
376 1259 23 20 så
422 1265 62 14 anser
504 1259 37 26 jag
564 1259 62 21 dessa
646 1259 134 26 inspektörer
799 1259 84 21 komma
903 1261 31 19 att
953 1259 65 21 blifva

193 1293 60 14 mera
272 1287 33 21 till
325 1289 87 19 namnet
430 1289 26 19 än
476 1287 32 21 till
528 1290 85 24 gagnet,
629 1289 22 25 ty
670 1288 27 20 då
716 1288 26 21 de
758 1288 6 20 i
781 1287 47 21 vårt
843 1287 49 21 land
907 1287 64 22 hafva
987 1290 32 18 att

193 1315 124 27 inspektera
339 1316 65 23 3,000
426 1315 94 22 fabriker
542 1316 39 21 och
603 1316 183 25 handtverkerier,
807 1316 23 21 så
853 1316 40 21 kan
917 1317 36 20 det
971 1316 47 21 icke

193 1343 67 22 blifva
279 1344 139 21 annorlunda.
448 1345 103 20 Deremot
569 1347 44 18 tror
629 1345 38 26 jag
686 1347 32 18 att
736 1344 114 21 arbetarne
869 1345 68 20 skulle
953 1344 65 21 blifva

193 1372 71 21 bättre
276 1372 117 27 skyddade,
406 1379 33 14 om
452 1372 58 21 detta
522 1373 97 26 uppdrag
630 1373 69 21 skulle
712 1373 110 20 åhvälfvas
836 1373 26 21 de
872 1373 34 20 vid
918 1373 101 20 industri-

193 1401 106 26 styrelsen
315 1401 97 21 anstälde
428 1401 163 21 intendenterna
612 1404 56 18 samt
683 1401 206 26 provincialläkarne
905 1401 26 26 på
946 1401 74 20 landet

193 1429 39 25 och
249 1429 242 22 helsovårdsnämderna
507 1430 5 20 i
530 1430 105 25 städerna,
653 1429 71 22 hvilka
740 1436 28 14 nu
784 1430 63 20 hafva
863 1430 62 20 dessa
936 1429 82 26 uppgif-

193 1459 33 18 ter
243 1457 32 27 sig
291 1457 83 27 ålagda.
404 1458 42 27 Jag
462 1459 23 20 är
500 1458 126 27 öfvertygad
641 1464 33 15 om
691 1461 32 18 att
739 1459 25 20 de
781 1458 47 21 med
845 1464 58 15 mera
917 1457 102 21 fackkun-

193 1485 54 27 skap
269 1486 62 21 skola
349 1486 71 21 kunna
439 1486 117 21 verkställa
574 1486 181 27 inspektionerna.
786 1487 31 20 På
836 1486 59 21 detta
915 1486 45 20 skäl
980 1486 38 21 och

192 1513 28 27 på
239 1515 68 25 grund
327 1514 24 21 af
369 1515 26 20 de
414 1515 95 25 motiver.
526 1521 45 14 som
592 1515 24 20 hr
632 1515 100 21 Duncker
748 1515 48 21 med
812 1514 51 22 flere
878 1514 71 21 anfört
965 1515 4 20 i
987 1515 31 20 sin

193 1543 139 25 reservation,
349 1543 38 21 ber
400 1543 38 26 jag
454 1545 30 19 att
500 1543 22 21 få
537 1543 73 22 förena
625 1543 44 26 mig
684 1549 33 16 om
735 1544 130 20 densamma.
