1081 1734
319 141 3 3 *
333 138 95 22 Borgarest.
440 137 45 19 1888.
509 138 22 18 28
543 138 50 22 April.
823 138 34 18 805

51 214 48 16 som
114 208 186 26 borgareståndets
315 207 82 21 talman
413 206 47 21 icke
475 206 39 21 har
530 208 32 20 att
576 208 53 25 göra
644 207 59 25 med;
719 206 40 22 och
774 212 33 15 om
823 207 57 21 stån-

52 237 48 21 dets
122 236 81 21 talman
222 242 62 15 anser
299 234 147 28 föreliggande
460 235 82 21 motion
558 235 47 21 icke
619 241 53 15 vara
686 236 6 20 i
708 235 172 27 grundlagsenlig

51 265 58 21 form
132 264 96 26 affattad,
246 264 7 21 i
267 264 85 21 hvilken
368 264 56 25 åsigt
436 263 37 27 jag
488 263 34 21 för
537 263 44 21 min
597 263 35 21 del
647 262 131 28 fullkomligt
792 264 87 20 instäm-

53 300 52 19 mer,
128 299 61 15 anser
209 293 37 27 jag
268 292 69 26 också,
356 294 31 19 att
403 292 123 20 talmannen
542 292 42 21 kan
599 294 65 24 vägra
681 292 48 20 dess
744 291 135 27 upptagande

52 322 35 20 till
102 321 127 26 diskussion,
247 321 38 21 och
301 320 46 21 icke
358 320 101 21 behöfver
470 320 131 21 öfverlemna
612 320 75 27 frågan
699 326 34 15 om
743 320 49 21 dess
802 319 78 27 grund-

53 350 142 26 lagsenlighet
217 350 33 20 till
272 349 95 21 ståndets
386 348 104 27 pröfning.
521 348 41 27 Jag
579 348 82 21 känner
676 348 47 22 icke
738 348 65 28 något
818 347 62 22 ställe

54 378 8 21 i
76 378 238 26 landtdagsordningen,
329 378 38 20 der
382 377 37 21 det
434 376 70 22 skulle
519 377 92 26 stadgas,
628 378 33 20 att
676 376 86 22 ståndet
777 378 6 20 i
795 378 30 20 ett
835 376 44 26 fall,

54 407 77 21 sådant
145 413 45 14 som
206 406 65 26 detta,
287 406 54 20 skall
357 405 122 27 öfverlägga
494 405 39 21 och
551 406 89 25 besluta,
657 405 107 21 huruvida
779 412 25 14 en
820 404 59 27 fråga

55 437 24 19 är
101 434 170 27 grundlagsenlig
293 434 52 21 eller
361 434 54 21 icke.
445 434 82 20 Sådant
541 434 131 20 tillkommer
687 434 128 24 talmannen,
831 439 49 15 men

54 464 88 21 ståndet
160 463 48 26 kan,
225 469 34 15 om
275 463 41 25 det,
332 462 82 21 hvilket
428 468 29 15 nu
472 462 48 21 icke
535 462 61 21 torde
611 468 52 15 vara
678 462 66 26 fallet,
761 468 62 15 anser
837 461 42 21 frå-

55 498 53 20 gans
133 492 129 26 behandling
287 491 46 21 icke
359 490 67 22 strida
448 493 45 19 mot
515 491 159 26 grundlagarna
697 490 40 22 och
759 491 122 21 talmannen

54 520 134 27 följaktligen
210 520 85 21 förfarit
317 519 93 27 origtigt,
433 519 87 27 inlägga
542 520 84 26 protest
647 519 8 21 i
677 519 134 27 protokollet,
831 524 48 16 men

55 549 86 21 ståndet
163 549 42 21 kan
227 548 48 21 icke
297 548 77 25 fordra,
394 549 32 19 att
441 547 129 26 talmannen,
587 547 38 21 der
640 547 44 21 han
700 548 18 26 ej
733 548 28 26 på
775 548 70 26 grund
860 546 23 22 af

54 583 54 21 egen
122 577 137 22 tveksamhet
274 576 49 27 sjelf
335 576 36 21 vill
387 578 52 25 göra
454 576 43 26 det,
514 576 54 21 skall
584 576 130 21 öfverlemna
729 576 85 26 frågans
824 574 57 28 pröf-

55 606 52 26 ning
128 606 23 20 åt
173 605 85 21 ståndet
280 605 39 21 och
341 604 69 21 under
432 604 48 21 dess
498 604 115 27 afgörande
628 604 137 21 underordna
781 604 32 21 sin
828 610 53 20 egen

55 634 141 27 öfvertygelse
211 634 40 20 och
267 634 31 20 sin
313 632 187 27 grundlagsenliga
516 632 134 27 befogenhet.

124 663 33 20 Hr
172 662 155 27 Chydenius:
343 661 58 21 Utan
417 663 33 19 att
464 662 51 26 vilja
530 661 95 21 bestrida
640 661 133 21 talmannens
788 662 49 24 rätt,
849 661 32 20 att

55 691 8 21 i
84 691 60 21 detta
167 690 100 22 afseende
288 690 87 26 förfara,
391 690 70 20 såsom
476 690 43 20 han
534 690 34 20 för
582 690 52 26 godt
648 688 74 28 finner,
737 689 86 21 hvilken
838 690 44 20 rätt

52 720 39 26 jag
113 720 7 20 i
144 720 40 20 allo
204 718 103 22 erkänner
323 718 38 21 och
377 718 68 21 måste
460 718 102 26 erkänna,
578 724 63 20 synes
656 718 37 20 det
707 718 42 26 mig
765 718 56 20 dock
835 717 46 21 icke

56 748 130 26 nödvändigt
201 747 34 21 för
249 747 85 26 honom,
350 748 32 20 att
397 747 7 20 i
420 746 60 21 detta
495 746 39 22 fall
548 746 77 21 hindra
640 746 85 21 ståndet
740 746 48 21 från
803 747 32 20 att
845 746 36 20 be-

55 776 80 21 handla
157 776 95 25 ärendet,
275 782 45 14 som
342 775 7 21 i
372 775 42 21 alla
436 774 114 22 händelser
568 776 96 26 passerat
678 781 75 20 genom
771 775 30 20 ett
816 775 66 20 annat

55 804 64 22 stånd
143 804 39 21 och
205 804 82 26 igenom
311 804 30 20 ett
363 803 89 27 utskott,
476 804 40 20 och
539 803 37 21 der
597 803 47 21 icke
660 804 79 20 ansetts
755 803 68 21 strida
837 803 46 20 mot

55 832 245 27 landtdagsordningens
315 832 166 26 bestämningar.

125 861 43 21 För
190 861 44 21 min
257 860 96 22 enskilda
377 860 34 21 del
433 860 38 21 ber
484 860 38 27 jag
537 860 71 21 tillika
624 861 31 20 att
670 860 22 21 få
706 860 74 26 uttala,
796 860 36 21 det
845 859 37 27 jag

55 895 64 16 anser
134 889 70 22 denna
218 889 25 22 hr
258 889 132 22 Johanssons
405 889 81 21 motion
502 889 48 21 icke
564 895 52 15 vara
632 889 108 21 stridande
755 890 44 19 mot
813 887 69 22 landt-

55 918 180 27 dagsordningen.
263 918 108 21 Motionen
387 917 119 21 innehåller
522 917 106 27 nemligen
643 923 26 15 en
684 917 97 21 bestämd
795 917 87 26 lagtext,

57 947 40 21 och
120 947 59 20 detta
201 949 24 18 är
240 947 42 25 det,
295 947 37 26 jag
346 945 33 22 för
395 946 43 20 min
454 946 34 21 del
504 945 69 22 skulle
590 952 51 15 anse
656 945 80 28 åsyftas
750 945 49 21 med
813 944 71 22 landt-

56 975 183 26 dagsordningens
262 974 93 27 uttryck:
375 975 18 26 ,i
408 974 49 26 laga
472 973 56 22 form
544 973 99 22 affattadt
657 974 98 26 förslag”.
786 973 40 21 Om
841 973 43 21 för-

56 1004 70 25 slaget
140 1003 39 21 har
193 1003 82 26 ingress
290 1003 39 21 och
344 1002 75 21 rubrik
435 1002 51 21 eller
502 1003 54 25 icke,
572 1008 62 21 synes
648 1003 44 26 mig
707 1009 50 14 vara
772 1001 111 27 likgiltigt;

56 1031 149 22 hufvudsaken
227 1033 30 24 är,
280 1033 32 19 att
333 1031 36 21 det
387 1031 53 21 skall
460 1033 77 24 utgöra
553 1037 25 15 en
594 1031 81 26 lagtext
691 1031 39 21 och
745 1031 46 21 icke
807 1030 77 21 endast

56 1060 86 27 angifva
163 1059 113 27 förslagets
297 1059 54 27 syfte
369 1059 40 21 och
425 1059 26 21 de
466 1059 140 28 synpunkter,
622 1059 66 27 enligt
703 1059 72 21 hvilka
789 1059 36 21 det
839 1057 44 26 vill,

57 1090 33 20 att
104 1088 223 27 lagbestämningarna
342 1088 61 21 skola
418 1088 119 21 utarbetas.
566 1088 45 21 När
626 1087 24 21 så
666 1094 26 15 en
707 1087 55 28 gång
777 1089 24 19 är
816 1086 67 26 fallet,

56 1120 46 18 tror
123 1117 43 27 jag,
189 1118 32 19 att
241 1123 49 14 man
305 1117 33 20 för
353 1116 64 27 öfrigt
431 1116 48 21 icke
494 1116 44 21 kan
553 1115 79 26 fordra,
648 1117 33 20 att
696 1122 26 15 en
736 1116 81 21 motion
832 1114 53 21 nöd-

57 1145 88 27 vändigt
163 1145 55 21 skall
232 1145 107 21 innehålla
353 1145 66 26 något
434 1145 80 26 vidare,
530 1144 34 21 för
579 1145 32 20 att
625 1144 74 21 kunna
713 1145 124 26 godkännas
852 1143 34 21 till

56 1173 153 28 föredragning
224 1174 7 21 i
246 1173 90 26 ståndet,

127 1202 32 21 Hr
173 1202 136 21 Lindblom
325 1201 105 22 instämde
445 1201 7 21 i
468 1201 43 21 allo
527 1201 7 21 i
549 1201 25 21 hr
589 1201 130 21 Rönnbäcks
734 1201 105 28 yttrande.

127 1231 31 20 Hr
173 1231 137 20 Wasenius
325 1229 103 22 förenade
438 1229 32 27 sig
481 1229 103 22 likaledes
595 1229 7 21 i
613 1229 41 22 allo
665 1229 49 22 med
724 1230 25 21 hr
759 1228 125 23 Rönnbäck.

127 1259 32 21 Hr
175 1259 190 27 Schybergson:
382 1259 38 20 Att
434 1258 26 21 hr
476 1258 130 27 Chydenius,
622 1264 46 15 som
683 1264 62 15 anser
761 1259 68 20 denna
840 1263 45 15 mo-

57 1288 47 21 tion
118 1293 53 15 vara
184 1287 94 28 lagligen
293 1287 96 26 affattad,
405 1287 69 26 inlagt
490 1293 28 15 en
531 1292 101 21 gensaga,
648 1293 35 14 om
695 1287 38 26 jag
747 1286 24 21 så
785 1286 33 21 får
828 1285 58 23 kalla

57 1316 44 25 det,
117 1317 44 20 mot
176 1315 26 21 hr
217 1316 133 21 talmannens
366 1315 82 26 åtgärd,
464 1315 61 21 detta
540 1315 43 21 kan
595 1315 37 27 jag
647 1315 62 26 fatta,
725 1321 48 15 men
787 1315 30 20 att
827 1313 59 22 med-

57 1344 118 21 lemmarne
197 1344 8 21 i
227 1343 211 26 ekonomiutskottet,
462 1349 47 15 som
528 1343 8 21 i
551 1343 38 21 sitt
604 1343 135 22 betänkande
753 1343 78 27 tydligt
846 1341 41 22 och

58 1373 58 21 klart
138 1373 45 26 lagt
205 1373 7 20 i
235 1373 76 26 dagen,
327 1373 32 20 att
373 1372 111 21 motionen
500 1374 24 19 är
539 1371 110 22 stridande
664 1373 45 20 mot
723 1369 163 28 landtdagsord-

58 1401 86 26 ningen,
159 1401 57 27 gjort
232 1402 31 20 ett
277 1401 77 20 sådant
368 1400 103 27 yrkande,
487 1400 101 21 förvånar
602 1400 49 26 mig.

128 1429 31 21 Hr
175 1429 118 22 Jusélius
309 1429 101 21 förenade
425 1429 31 26 sig
472 1429 50 21 med
536 1429 26 21 hr
576 1429 127 21 Rönnbäck.

128 1458 32 21 Hr
175 1464 49 15 von
239 1457 98 22 Pfaler:
354 1457 75 21 Såvidt
441 1457 38 26 jag
494 1457 41 21 har
544 1457 94 26 förstått,
648 1457 65 22 hafva
722 1457 167 21 medlemmarne

58 1487 8 21 i
88 1486 207 21 ekonomiutskottet
317 1486 87 21 dermed
426 1485 58 21 velat
506 1485 100 26 förklara,
630 1487 32 20 att
685 1486 26 21 de
728 1485 47 22 icke
789 1490 51 16 anse
855 1483 33 22 sin

58 1515 57 26 åsigt
137 1515 34 20 stå
193 1514 60 21 öfver
275 1515 67 20 andra
364 1513 226 22 ståndsmedlemmars
605 1513 61 27 åsigt,
682 1515 53 20 utan
749 1515 32 20 att
795 1513 37 21 det
847 1512 42 21 till-

57 1543 98 21 kommer
167 1543 182 26 borgareståndet,
360 1543 91 20 likasom
462 1542 28 21 de
500 1542 69 27 öfriga
580 1542 96 27 stånden,
688 1544 31 19 att
731 1541 74 28 afgöra
814 1541 75 22 saken.

797 1591 23 18 52
