1086 1736
340 142 92 22 Borgarest.
445 141 48 19 1888.
517 142 17 18 17
548 142 39 23 Maj.
805 143 43 18 1171

50 212 47 21 mitt
117 212 80 27 förslag
216 218 54 15 vann
289 212 53 21 dock
362 211 47 21 icke
428 211 67 27 nägot
510 211 116 22 understöd
642 211 7 21 i
664 211 112 27 utskottet,
791 213 38 21 och
845 212 28 22 dä

50 241 35 21 vid
101 241 76 21 sädant
194 240 133 22 förhällande
343 246 25 15 en
384 240 124 20 äterremiss
522 240 46 21 frän
580 239 188 27 borgareständets
780 241 46 21 sida
836 248 37 14 an-

50 269 94 26 tagligen
159 275 50 15 vore
225 269 94 27 gagnlös,
330 268 36 21 vill
380 268 38 27 jag
432 268 48 21 icke
495 269 52 26 yrka
563 268 73 27 derpä,
647 270 50 19 utan
714 268 37 22 ber
766 271 32 19 att
810 270 64 21 ocksä

51 297 33 21 för
99 297 42 22 min
158 297 33 22 del
207 297 22 22 fä
243 297 129 22 understöda
388 296 24 21 hr
428 296 128 22 Rönnbäcks
572 297 138 20 reservation.

120 326 31 21 Hr
169 326 106 27 Elving:
304 325 39 26 Då,
363 325 69 21 såsom
453 325 25 20 hr
495 325 60 21 Sulin
571 325 66 21 redan
655 325 38 20 har
708 325 123 26 framhållit,
848 327 25 20 hr

51 355 127 20 Rönnbäcks
193 354 130 21 reservation
339 356 23 19 är
378 353 232 22 öfverensstämmande
627 353 48 22 med
691 354 41 20 min
748 355 86 25 motion,
850 355 24 20 så

51 383 39 22 ber
105 383 36 26 jag
156 385 32 19 att
203 383 22 21 fä
239 383 94 20 förklara
348 382 97 26 orsaken,
461 382 88 21 hvarför
562 382 38 27 jag
615 382 39 21 der
669 382 82 21 införde
767 389 25 14 en
808 383 65 21 sädan

52 412 141 26 bestämning,
215 417 45 15 som
283 411 40 21 den
342 413 32 20 att
392 411 92 26 gvinnan
504 411 27 26 pä
549 411 94 26 begäran
663 411 69 20 kunde
750 411 22 21 fä
792 411 82 27 ätnjuta

52 440 196 27 förmyndarevärd.
277 440 42 21 Det
337 446 37 15 var
392 439 138 27 naturligtvis
548 440 43 20 min
611 439 90 27 farhäga
719 439 32 22 för
770 442 32 19 att
818 440 56 21 bort-

53 469 123 21 lemnandet
191 468 22 21 af
227 470 32 19 ett
273 469 76 20 sädant
363 468 119 26 stadgande
493 468 69 21 skulle
572 470 54 25 göra
636 468 102 27 förslaget
749 471 55 18 ännu
816 475 58 14 mera

54 497 102 27 omöjligt,
173 503 44 16 som
233 497 110 21 förmädde
359 497 42 26 mig
416 499 33 18 att
464 498 53 25 göra
532 497 58 21 detta
606 497 81 26 tillägg,
704 497 37 21 och
752 497 38 27 jag
800 497 74 27 tycker

54 527 32 20 att
105 526 146 21 erfarenheten
271 525 37 21 har
324 526 60 25 visat,
400 527 31 19 att
451 525 37 21 det
507 525 46 22 icke
568 532 38 14 var
622 525 136 27 öfvertlödigt
774 528 31 19 att
819 525 55 22 iakt-

54 556 50 25 taga
119 554 69 21 denna
203 554 142 26 försiktighet.
375 553 41 27 Jag
431 555 46 19 tror
493 554 6 20 i
515 553 67 21 likhet
598 553 48 21 med
662 554 36 20 hrr
714 554 105 22 Stenbäck
836 554 38 21 och

54 582 117 22 Rönnbäck
191 584 32 19 att
241 583 36 20 det
294 582 75 21 endast
387 581 49 22 med
451 581 151 22 bibehällande
618 582 24 21 af
656 582 59 21 detta
730 582 74 27 tillägg
820 582 54 21 skall

54 611 68 21 finnas
140 611 68 27 någon
228 611 110 26 möjlighet
356 612 32 19 att
406 611 64 20 vinna
490 611 198 26 ständerpluralitet
702 610 33 21 för
750 611 76 27 sjelfva
842 617 33 15 sa-

55 639 49 22 ken.
133 639 43 22 Det
194 641 39 25 gör
249 639 24 27 ju
290 639 109 27 ingenting
419 639 34 21 för
472 639 71 26 öfrigt,
562 641 22 25 ty
602 639 37 26 jag
654 641 52 24 tror,
723 642 30 19 att
769 640 36 21 det
820 639 55 22 skall

55 668 46 21 visa
117 668 38 27 sig,
172 670 31 19 att
219 668 58 21 detta
292 667 118 27 stadgande
425 668 7 20 i
447 667 113 27 praktiken
577 667 24 22 sä
617 668 48 21 litet
679 668 85 27 anlitas,
780 670 32 19 att
828 674 47 15 man

56 699 59 18 snart
133 703 41 20 nog
193 697 54 20 skall
269 696 20 21 fä
307 696 64 21 ocksä
390 696 37 21 det
442 698 33 19 att
489 696 109 21 bortfalla.
628 696 31 21 Pä
674 699 31 18 ett
720 697 96 26 ömtäligt
832 703 44 15 om-

55 725 52 21 räde
126 725 69 21 säsom
215 725 58 21 detta
293 725 32 20 fär
340 731 48 14 man
403 724 58 21 finna
477 725 32 26 sig
525 725 157 26 tillfredsstäld,
698 725 64 21 ocksä
778 731 33 16 om
827 731 49 15 man

57 754 95 21 kommer
167 753 55 22 blott
237 759 26 16 en
278 753 98 21 härsmän
391 753 80 21 framät
485 753 34 21 för
533 753 89 27 gängen.

125 782 32 21 Hr
172 782 67 21 Lille
258 782 99 21 förenade
374 781 32 27 sig
421 788 34 15 om
471 782 26 20 hr
512 782 128 21 Rönnbäcks
656 783 137 20 reservation.

126 811 31 20 Hr
172 811 129 26 Eneberg:
323 811 41 26 Jag
379 810 39 21 ber
432 812 33 19 att
481 810 22 21 fä
518 810 74 21 förena
606 811 44 26 mig
666 817 32 14 om
714 811 24 20 hr
749 810 127 22 Rönnbäcks

59 839 129 23 reservation
204 839 6 21 i
227 839 42 21 alla
285 839 64 26 delar,
365 839 84 21 säledes
465 839 63 21 äfven
544 839 55 21 hvad
615 839 53 21 sista
682 839 110 27 meningen
804 839 72 27 angär,

58 868 85 20 hvilken
160 868 37 26 jag
216 873 62 15 anser
296 874 50 14 vara
365 867 27 27 pä
407 868 32 20 sin
455 867 57 27 plats
529 868 45 20 dels
590 867 22 21 af
626 868 37 20 det
678 868 53 25 skäl,
746 874 45 15 som
811 868 65 20 redan

59 896 39 21 har
113 896 88 26 anförts,
217 896 46 21 dels
275 896 62 21 ocksä
347 896 78 26 derför,
438 898 32 19 att
485 896 36 21 det
532 896 33 20 för
576 896 187 26 öfvergängstiden
774 896 41 21 kan
826 902 52 15 vara

59 925 112 25 anledning
187 926 32 19 att
233 926 77 25 antaga
325 926 30 19 ett
370 924 75 21 sädant
461 924 125 27 stadgande.

127 953 154 21 Diskussionen
303 952 133 22 förklarades
458 953 54 21 härä
533 953 100 26 afslutad,
653 953 38 21 och
710 953 123 21 framstälde
852 953 26 21 hr

61 982 121 20 talmannen
198 982 49 20 med
257 981 118 27 'anledning
390 981 22 21 af
427 982 26 21 de
469 982 69 20 under
553 982 124 20 densamma
687 982 73 27 gjorda
772 982 106 21 särskilda

59 1010 122 27 yrkandena
195 1010 94 26 följande
304 1010 286 27 omröstningsproposition:

128 1038 40 25 De,
183 1037 69 22 hvilka
267 1038 70 21 såsom
351 1037 207 28 kontraproposition
572 1040 43 19 mot
629 1037 107 22 utskottets
750 1038 82 27 förslag
842 1039 37 20 ön-

59 1066 38 22 ska
119 1068 74 25 antaga
215 1067 34 20 det
266 1067 8 20 i
288 1067 26 20 hr
336 1066 127 21 Rönnbäcks
485 1067 126 20 reservation
632 1062 127 42 framstälda
778 1067 102 27 förslaget

59 1095 146 32 oförändradt,
221 1097 57 19 rösta
288 1096 39 27 ja;
343 1095 31 26 de,
389 1095 34 21 det
437 1095 44 21 icke
497 1095 70 32 önska,
583 1097 57 20 rösta
650 1096 48 27 nej;

127 1124 74 21 vinner
222 1124 43 27 nej,
287 1124 39 21 har
347 1123 171 28 borgareständet
540 1124 8 20 i
564 1124 78 21 sädant
664 1124 96 27 afseende
782 1124 97 27 föredra-

58 1153 32 26 git
107 1153 34 20 det
158 1153 8 19 i
181 1153 65 26 sagda
263 1153 126 20 reservation
409 1152 131 27 framstälda
558 1152 107 27 förslaget,
684 1153 47 21 med
749 1153 131 21 uteslutande

59 1180 26 27 af
98 1180 40 22 den
152 1180 50 22 sista
217 1181 114 27 meningen.

129 1210 74 20 Denna
229 1210 130 26 proposition
385 1210 131 21 besvarades
539 1210 47 21 med
610 1210 156 26 öfvervägande
786 1210 29 27 ja,
840 1210 40 21 och

61 1238 67 21 erhöll
152 1238 32 20 till
203 1238 52 26 följd
275 1238 63 21 häraf
355 1238 39 21 den
415 1238 90 27 slutliga
524 1239 299 26 omröstningspropositionen
845 1244 35 15 ne-

60 1266 129 22 danstäende
205 1266 89 27 lydelse:

128 1294 40 27 De,
183 1294 68 22 hvilka
265 1294 113 28 godkänna
392 1294 109 22 utskottets
515 1295 82 27 förslag
612 1295 147 27 oförändradt,
774 1297 58 19 rösta
845 1295 35 27 ja;

61 1323 30 26 de,
108 1323 34 21 det
155 1322 44 22 icke
212 1325 58 25 göra,
286 1325 57 19 rösta
352 1324 48 27 nej;

129 1352 73 21 vinner
220 1352 43 27 nej,
278 1352 37 21 har
334 1352 173 27 borgareständet
521 1352 83 27 förenat
619 1352 33 27 sig
667 1359 33 14 om
715 1352 25 21 hr
754 1350 127 23 Rönnbäcks

60 1380 132 22 reservation.

128 1409 163 27 Propositionen
312 1409 129 22 besvarades.
464 1410 49 21 med
533 1410 155 26 öfvervägande
708 1410 39 26 nej,
767 1408 38 22 och
823 1408 56 22 hade

60 1437 177 26 borgareständet
255 1438 84 21 säledes
357 1438 34 21 för
410 1438 32 21 sin
462 1438 36 21 del
514 1438 92 25 beslutit,
623 1440 38 24 att,
677 1438 48 21 med
739 1437 141 22 förkastande

60 1465 23 21 af
96 1465 115 22 utskottets
230 1466 132 21 betänkande
379 1466 38 21 och
432 1467 157 26 godkännande
605 1466 22 21 af
642 1467 36 20 det
692 1465 124 22 framstälda
831 1471 49 15 mo-

59 1494 166 26 tionsförslaget,
245 1496 76 24 antaga
341 1495 35 20 det
391 1495 82 26 förslag
489 1495 32 20 till
537 1495 123 26 förordning
676 1495 6 20 i
698 1496 75 24 ämnet,
789 1499 45 15 som
854 1493 26 21 hr

59 1522 119 22 Rönnbäck
192 1522 31 21 uti
239 1522 32 22 sin
286 1522 32 21 till
334 1522 146 22 betänkandet
495 1523 76 27 fogade
587 1523 129 21 reservation
732 1522 102 22 förordat.
