1089 1723
234 122 49 30 1088
502 126 93 22 Borgarest.
607 126 46 19 1888.
677 126 17 19 15
707 126 38 22 Maj.

212 194 65 25 afsigt
292 195 32 19 att
338 194 64 26 åtala,
417 194 119 21 försvunnit
552 194 39 21 och
607 194 55 21 skall
679 194 120 27 efterlysas.
826 194 76 26 Någon
917 194 119 21 kännedom

212 228 33 14 om
266 221 163 28 efterlysningen
448 222 34 22 får
500 222 107 22 måhända
626 223 40 21 den
687 222 110 27 efterlyste
817 222 26 26 ej,
860 222 39 21 och
915 224 31 20 ett
961 222 76 22 sådant

212 250 142 26 efterlysande
372 251 42 21 kan
433 257 106 21 upprepas
558 252 39 20 när
617 257 45 15 som
682 251 63 21 helst.
776 250 67 26 Finge
862 250 126 22 åtalsrätten
1004 250 32 21 så-

211 278 65 21 lunda
295 278 95 27 bevaras,
406 280 70 20 kunde
495 279 116 27 åklagaren
627 280 6 20 i
649 279 77 27 sjelfva
741 279 75 21 verket
832 279 64 21 ställa
912 279 24 21 så
950 280 40 25 till,
1006 281 31 19 att

210 306 316 28 preskriptionsbestämningen
546 308 47 21 icke
609 308 103 26 någonsin
729 307 70 21 skulle
815 307 85 21 komma
916 307 40 21 den
972 308 64 20 tillta-

211 335 48 21 lade
275 336 32 20 till
324 336 62 26 godo.
407 336 62 21 Hvad
485 336 45 21 åter
546 336 101 21 beträffar
662 336 168 26 anmärkningen
846 336 80 26 derom,
942 338 32 18 att
988 342 48 20 pre-

211 364 200 26 skriptionstiderna
429 364 33 21 för
481 364 66 26 några
565 364 58 21 brott
641 366 37 19 äro
697 364 69 25 korta,
782 364 24 20 så
824 366 24 18 är
868 364 36 21 det
920 364 24 26 ju
963 364 73 21 aktors

211 392 122 26 skyldighet
352 394 32 19 att
401 394 75 24 genast
491 392 58 22 åtala
564 393 89 25 brottet;
673 392 38 21 och
728 393 37 20 det
780 392 82 21 medför
876 392 34 21 väl
927 392 108 22 dessutom

211 420 47 21 icke
273 420 68 21 heller
356 421 69 26 någon
442 421 113 25 rättsvåda,
569 427 33 15 om
615 421 81 21 sådana
708 420 46 22 små
765 420 63 26 brott,
840 426 45 16 som
896 422 37 19 äro
944 420 92 27 belagda

210 448 49 21 med
279 448 23 21 så
321 449 59 26 ringa
399 449 66 26 straff,
482 455 44 15 som
545 449 26 21 hr
591 450 96 20 Fellman
707 449 98 25 nämnde,
822 449 68 21 skulle
906 450 6 20 i
928 449 108 21 anseende

210 476 33 21 till
260 477 39 21 den
311 476 33 21 för
356 478 46 20 dem
414 478 110 20 bestämda
534 478 62 21 korta
608 477 214 27 preskriptionstiden
834 477 66 21 blifva
911 477 123 21 ostraffade.

210 505 40 26 Jag
267 505 96 21 anhåller
378 505 55 27 förty
448 508 32 19 att
494 506 116 21 utskottets
625 506 98 26 förslag
719 501 12 36 i
736 505 69 21 denna
816 506 34 21 del
862 506 66 21 måtte
938 508 96 24 antagas.

279 533 31 21 Hr
333 533 137 22 Stenbäck:
493 534 42 21 För
558 534 41 21 min
622 534 34 21 del
676 534 39 21 ber
731 534 38 26 jag
789 534 70 26 också,
878 536 32 19 att
928 534 6 20 i
954 534 41 20 allo
1013 534 22 20 få

210 561 130 21 understöda
359 562 115 22 utskottets
492 562 87 27 förslag.
611 562 74 22 Såsom
705 562 26 21 hr
749 562 60 21 Sulin
825 562 123 26 framhållit,
965 562 69 20 skulle

210 590 49 20 hela
277 590 147 21 institutionen
443 591 65 21 blifva
527 591 116 25 illusorisk,
659 596 34 16 on
713 590 26 21 hr
757 590 108 22 Fellmans
884 590 80 27 förslag
983 590 51 26 god-

209 618 88 20 kändes.
316 618 38 21 Att
368 619 36 20 det
419 619 40 21 kan
475 619 131 22 förekomma
622 620 80 20 sädana
717 618 46 26 fall,
777 624 44 16 som
838 620 25 20 hr
878 619 96 21 Fellman
990 624 44 15 om-

210 646 97 26 nämnde,
318 647 86 26 medger
418 648 44 25 jag,
473 654 45 14 men
535 648 36 21 det
587 650 24 19 är
625 648 47 20 icke
688 648 6 20 i
711 647 70 21 denna
796 647 42 27 lag,
849 650 51 18 utan
911 653 75 21 genom
997 648 37 19 än-

210 674 61 26 dring
282 674 22 21 af
314 675 199 27 värnepligtslagen,
522 682 45 15 som
579 677 59 21 detta
649 676 135 20 förhällande
796 676 38 20 bör
844 676 75 21 ställas
930 676 32 20 till
970 677 63 19 rätta.

279 703 48 21 Med
347 704 113 26 anledning
479 704 22 21 af
519 705 36 21 det
574 706 67 20 under
661 704 39 20 den
717 710 28 14 nu
762 703 107 22 afslutade
885 704 148 21 diskussionen

208 730 76 27 gjorda
306 731 110 27 förslaget,
434 732 124 22 framstälde
580 733 25 21 hr
624 733 122 21 talmannen
767 732 158 22 nedanstäende
944 734 90 19 omröst-

209 759 203 27 ningsproposition:

278 786 40 26 De,
334 788 68 21 hvilka
419 788 112 27 godkänna
550 790 15 20 2
584 790 15 27 $
618 790 8 20 i
642 791 14 19 8
671 788 88 26 kapitlet
774 789 134 27 oförändrad
922 788 63 27 enligt
999 790 34 19 ut-

208 814 85 22 skottets
308 815 88 28 förslag,
412 819 57 19 rösta
480 818 38 26 ja;
534 818 31 26 de,
582 818 33 20 det
630 818 43 20 icke
687 818 59 26 göra,
763 820 56 19 rösta
834 818 48 26 nej;

276 844 74 21 vinner
368 846 42 26 nej,
430 845 38 22 har
487 846 170 27 borgareståndet
675 845 89 28 beslutit,
785 848 30 20 att
832 845 130 28 paragrafen
980 844 54 22 skall

208 872 80 21 erhålla
304 873 40 20 den
359 873 81 27 lydelse,
456 881 43 14 som
515 875 39 20 den
570 882 47 19 eger
632 875 8 20 i
655 875 40 20 den
709 873 80 29 nådiga
804 874 161 27 propositionen.

277 901 33 21 Då
329 902 68 21 denna
415 903 131 26 proposition
565 904 129 21 besvarades
714 905 51 20 med
782 903 156 26 öfvervägande
952 903 28 26 ja,
996 909 38 14 var

208 929 97 21 ståndets
328 930 70 21 beslut
420 933 32 19 att
471 931 127 22 oförändrad
618 933 113 26 godkänna
753 932 135 27 paragrafen,
908 931 64 22 sådan
992 931 41 20 den

208 957 143 22 förekommer
367 959 4 20 i
388 959 115 22 utskottets
519 960 140 21 betänkande.

277 986 10 20 I
302 986 64 27 öfrigt
381 987 122 26 godkändes
519 988 90 27 kapitlet
625 991 49 19 utan
691 989 251 27 meningsskiljaktighet.

277 1042 79 21 Likaså
371 1046 75 25 antogs
464 1045 113 21 utskottets
593 1045 81 27 förslag
689 1046 32 21 till
738 1046 61 26 Kap.
816 1046 12 21 9
845 1045 109 26 enhälligt.

569 1102 28 20 10
611 1102 57 26 Kap.

509 1141 39 20 Om
565 1141 166 27 religionsbrott.

275 1183 80 21 Härvid
372 1184 103 27 begärdes
490 1186 61 20 ordet
566 1186 23 21 af

276 1211 25 21 hr
316 1212 149 27 Rönnbäck,
485 1220 44 15 som
549 1215 95 26 yttrade:
667 1216 42 20 Det
727 1215 68 21 finnes
811 1216 6 20 i
834 1215 88 26 Sverige
938 1217 30 19 ett
984 1216 48 20 ord-

206 1238 48 26 stäf,
271 1245 45 15 som
332 1242 73 25 säger:
422 1242 97 26 ,hädelse
535 1244 44 19 mot
595 1243 47 21 Gud
659 1244 144 21 förekommer
818 1244 94 21 endast
909 1234 13 40 i
928 1244 104 22 Vimmer-

241 1268 9 9 *
266 1268 21 20 d.
303 1274 18 14 v.
338 1275 23 20 s.,
378 1270 47 20 med
441 1271 66 20 andra
522 1271 45 25 ord,
584 1274 31 18 att
631 1272 36 21 det
683 1272 101 27 begrepp,
796 1278 44 15 som
857 1278 48 14 man
917 1272 67 20 fäster
996 1272 35 20 vid

204 1296 109 26 uttrycket
333 1297 97 27 ,hädelse
450 1301 43 18 mot
509 1298 59 21 Gud"
585 1300 52 21 eller
653 1301 40 20 den
709 1300 125 27 personliga
849 1300 146 26 kränkningen
1011 1300 23 20 af

205 1323 36 21 det
260 1324 78 27 högsta
358 1327 107 25 väsendet,
482 1329 23 19 är
524 1329 31 19 ett
574 1334 97 15 nonsens.
702 1329 73 26 Något
790 1328 77 21 sådant
881 1329 41 20 kan
939 1328 46 21 icke
1000 1328 32 20 fö-

204 1352 116 22 rekomma.
352 1353 110 23 Utskottet
481 1355 38 21 har
535 1356 65 21 också
614 1357 6 20 i
637 1357 32 20 sin
685 1357 129 26 motivering
830 1356 116 27 medgifvit,
962 1359 31 18 att
1008 1356 24 21 så

204 1382 31 24 är,
252 1382 39 20 och
310 1381 131 28 framhåller,
457 1385 31 19 att
507 1384 35 20 det
561 1384 128 22 straffvärda
704 1385 122 27 egentligen
843 1385 68 27 ligger
926 1385 6 20 i
948 1385 36 20 det
1000 1384 32 22 så-

203 1410 67 20 rande
290 1410 23 20 af
330 1410 78 21 andras
428 1412 99 26 religiösa
547 1412 149 28 öfvertygelse,
713 1419 46 15 som
779 1413 69 21 skulle
868 1413 124 21 framkallas
1010 1412 23 22 af

203 1436 43 26 det,
258 1444 50 25 som
325 1444 48 15 man
389 1439 73 27 plägat
477 1440 57 21 kalla
550 1441 99 26 ,hädelse
665 1443 44 19 mot
725 1441 67 21 Gud.*
821 1442 43 20 För
880 1442 41 20 min
938 1442 34 20 del
988 1441 42 21 mä-

203 1466 34 30 ste
253 1472 38 20 jag
310 1472 58 20 anse,
384 1469 32 19 att
434 1468 27 20 dä
477 1468 115 27 begreppet
609 1470 98 26 ,hädelse
722 1472 45 18 mot
783 1469 59 21 Gud"
860 1469 57 21 såväl
933 1470 6 20 i
955 1475 76 21 propo-

202 1494 92 30 sitionen
315 1500 46 15 som
380 1496 6 20 i
406 1496 114 22 utskottets
536 1497 135 21 betänkande
687 1504 77 20 genom
781 1504 25 15 en
822 1498 94 20 särskild
931 1498 102 26 paragraf

202 1520 76 27 skiljes
298 1522 46 21 från
365 1523 125 28 begreppet:
511 1525 96 27 ,gäckeri
624 1526 47 21 med
695 1526 61 21 Guds
775 1526 71 26 heliga
866 1526 38 21 ord
924 1526 39 21 och
982 1526 49 21 reli-
