1081 1734
359 133 93 21 Borgarest.
464 132 48 18 1888.
535 131 11 19 3
558 131 38 23 Maj.
832 131 34 19 849

60 201 104 27 landtdag
179 201 34 21 till
227 201 142 26 Björneborgs
383 201 90 26 jernväg
489 200 40 21 och
544 201 46 20 icke
606 200 70 21 blifvit
691 200 90 25 använd,
798 200 23 21 af
829 206 60 21 rege-

61 229 75 26 ringen
151 229 55 21 stäld
221 229 33 21 till
269 229 125 21 ständernas
405 229 133 26 disposition.
553 229 19 28 I
582 228 95 21 bankens
688 227 123 22 reservfond
821 229 68 21 finnes

62 257 64 22 också
144 257 36 22 vid
199 258 68 21 denna
285 257 31 21 tid
334 257 91 26 ungefär
445 257 26 21 10
489 257 104 26 miljoner,
614 257 40 20 och
669 257 60 20 detta
743 257 68 21 måste
827 263 61 15 anses

61 292 52 15 vara
129 292 26 15 en
170 286 84 27 mycket
269 287 44 20 stor
328 285 123 22 reservfond
466 285 33 21 för
512 285 102 21 Finlands
626 285 64 25 bank,
701 284 68 21 under
779 284 110 22 förutsätt-

62 315 51 26 ning
130 316 33 19 att
177 315 96 20 bankens
288 313 83 22 affärer.
379 314 34 21 för
428 313 65 28 öfrigt
509 315 37 20 äro
562 314 27 27 på
604 314 36 20 det
656 313 67 21 klara.
754 313 45 21 Och
816 314 35 21 det
867 315 23 19 är

58 343 46 27 just
120 343 59 20 detta
198 343 95 25 resultat,
312 349 45 14 som
376 342 86 21 banken
481 343 39 20 har
538 342 74 21 vunnit
630 341 33 21 för
682 342 31 27 sig
733 342 54 26 sjelf,
806 343 31 26 ity
857 343 32 20 att

62 371 84 21 banken
162 371 38 21 har
215 371 40 20 fått
270 377 41 20 nya
326 371 88 26 kunder,
430 371 26 20 de
472 371 63 20 bästa
549 371 111 20 kunderna
676 371 7 20 i
698 371 78 24 landet,
793 371 39 21 och
848 370 41 21 den

62 399 39 21 har
124 399 157 27 otvifvelaktigt
302 399 40 21 den
365 399 62 21 bästa
448 399 94 26 portfölj
563 405 45 15 som
626 399 71 26 någon
716 399 57 21 bank
793 399 5 21 i
818 399 73 21 landet

62 428 79 21 hittills
159 428 52 26 haft,
228 428 39 21 och
283 428 38 21 har
336 427 123 27 derigenom
474 427 85 21 tillfälle
574 430 32 19 att
622 427 79 22 skräda
716 427 49 21 bort
780 428 26 21 de
822 430 69 19 sämre

63 456 120 21 kunderna.
199 468 26 3 —

133 485 70 21 Sedan
222 485 63 20 hafva
299 485 20 20 vi
334 486 57 19 ännu
407 485 13 20 å
434 485 61 20 sidan
510 485 14 20 8
540 485 38 20 och
594 485 13 21 9
623 491 26 14 en
664 484 164 28 omständighet,
845 491 46 14 som

63 513 125 27 visserligen
207 515 24 19 är
249 513 23 21 af
291 513 60 27 ringa
370 513 116 27 betydelse,
506 519 49 15 men
574 519 45 15 som
632 513 38 27 jag
685 513 65 20 likväl
765 513 46 21 icke
828 519 62 15 anser

63 542 43 27 mig
129 542 71 21 kunna
222 541 89 26 förbigå.
349 541 34 22 Då
401 542 57 20 inom
477 541 216 27 bankförvaltningen
711 541 7 21 i
736 547 56 15 mars
811 541 77 22 månad

66 570 54 21 1886
136 570 85 27 gjordes
236 570 37 21 det
287 569 68 22 första
364 569 103 27 förslaget
478 572 32 19 att
520 570 100 21 nedsätta
630 571 160 20 räntesatserna
801 570 88 26 ungefär

63 599 34 20 till
116 599 36 21 det
170 599 83 26 belopp,
269 599 85 20 hvartill
369 599 26 20 de
411 599 66 20 sedan
492 599 7 20 i
514 599 116 20 november
645 598 114 26 nedsattes,
776 611 27 2 —
819 599 70 26 någon

64 627 52 21 liten
132 627 99 21 differens
245 627 37 20 vill
295 627 36 26 jag
345 627 83 21 minnas
445 627 53 26 egde
513 633 47 14 rum
576 627 6 20 i
593 627 236 27 hypotekslåneräntan,
841 633 48 15 men

63 655 33 21 för
112 655 65 27 öfrigt
192 662 37 14 var
244 655 37 21 det
295 655 44 21 lika
354 667 27 3 —
397 655 23 21 så
435 661 56 15 vann
506 655 60 21 detta
581 655 77 26 beslut,
674 655 70 21 såsom
753 656 8 20 i
771 655 117 21 betänkan-

64 684 37 20 det
115 683 128 27 framhälles,
259 683 47 21 icke
316 683 124 27 tillräckligt
450 684 124 24 understöd,
586 684 6 20 i
602 684 36 20 det
650 685 32 19 att
693 684 54 26 blott
757 690 26 14 en
794 684 96 21 direktör

64 712 41 21 och
120 714 77 19 tvenne
212 711 192 27 bankfullmäktige
420 712 102 21 förenade
538 712 32 26 sig
586 712 78 21 derom.
695 712 68 21 Afven
775 713 37 26 jag
827 718 62 16 anser

65 742 33 19 att
113 740 101 26 förslaget
229 740 27 21 då
271 746 64 20 gerna
350 740 72 21 kunde
437 740 91 21 förfalla.
560 741 41 20 Det
616 742 24 19 är
655 740 23 21 så
693 740 46 21 med
751 747 41 21 nya
801 741 87 27 förslag,

64 770 34 19 att
113 769 26 20 de
154 768 92 22 behöfva
261 768 70 27 någon
345 769 37 26 tid,
399 768 33 22 för
448 771 32 19 att
496 775 76 20 mogna
584 769 39 21 och
635 769 63 21 vinna
709 769 8 21 i
728 769 89 21 klarhet.
841 769 48 21 Men

64 797 38 21 det
120 797 73 21 visade
211 797 32 27 sig
259 798 31 20 att
305 796 102 27 förslaget
423 798 47 20 icke
484 804 39 14 var
538 797 24 21 så
577 799 90 25 omoget,
685 797 26 21 då
727 798 34 20 det
777 797 66 21 redan
858 798 32 20 ett

64 825 55 21 halft
134 826 23 20 år
173 825 92 21 derefter
280 826 100 26 enhälligt
395 826 132 27 godkändes.
558 825 71 22 Gerna
644 826 49 20 ville
707 826 37 26 jag
757 828 56 23 veta,
827 826 62 20 hvar-

64 854 32 21 uti
116 854 229 21 finansförhållandena
360 854 6 21 i
382 860 57 15 mars
456 854 55 22 1886
528 854 67 21 skilde
610 854 32 27 sig
658 854 46 21 från
721 854 47 21 dem
782 855 7 20 i
804 860 85 15 novem-

64 882 46 21 ber.
144 883 225 27 Penningetillgängen
384 889 38 15 var
438 883 89 21 alldeles
542 883 44 21 lika
600 885 50 24 stor,
667 883 40 21 och
723 883 35 21 det
773 889 37 15 var
826 883 65 21 också

64 911 8 20 i
94 911 77 26 sjelfva
191 911 74 21 verket
287 911 65 21 redan
374 911 7 20 i
400 917 56 15 mars
476 917 46 15 som
540 911 225 27 räntenedsättningen
785 911 80 22 skedde
883 911 7 21 i

66 939 132 26 Stockholm,
218 940 67 20 ehuru
301 939 74 27 frägan
391 940 38 20 här
444 940 87 21 väcktes
546 939 88 22 alldeles
649 940 120 21 oberoende
785 940 22 21 af
820 939 71 27 tillgö-

65 967 95 21 randena
175 968 117 21 derstädes.
322 968 33 21 Dä
369 969 107 20 utskottet
490 967 69 28 gifver
574 970 31 19 ett
616 968 24 21 sä
649 969 95 20 utmärkt
754 968 136 21 erkännande

66 996 22 21 ät
111 996 198 27 bankfullmäktige,
331 996 34 21 för
387 998 33 19 att
442 997 26 20 de
487 997 87 26 afböjde
593 997 59 20 detta
671 996 86 28 förslag,
777 997 24 21 sä
819 996 71 21 kunde

66 1025 68 26 precis
150 1025 117 21 detsamma
279 1027 60 24 sägas
350 1025 36 20 vid
397 1025 59 20 tiden
466 1025 33 21 för
510 1025 231 27 räntenedsättningen,
753 1031 46 15 som
810 1025 80 21 skedde

66 1054 31 20 ett
115 1053 56 20 halft
189 1053 24 21 är
231 1059 80 15 senare.
345 1053 111 22 Utskottet
476 1055 70 25 säger:
567 1054 47 26 ,det
630 1053 67 22 borde
713 1054 18 26 ej
746 1053 97 26 förbises,
859 1055 32 19 att

66 1081 103 21 Finlands
189 1081 68 21 banks
275 1081 146 27 vexelportfölj
442 1082 32 20 till
494 1082 81 26 ganska
594 1083 44 19 stor
658 1082 35 21 del
708 1082 108 26 utgjordes
831 1081 23 21 af
867 1082 23 20 sä

65 1108 86 22 kallade
169 1109 126 25 länevexlar,
313 1110 84 21 hvadan
417 1110 36 21 det
471 1110 48 21 icke
537 1110 71 21 kunde
628 1110 103 21 undvikas
747 1112 32 19 att
793 1110 98 21 krediten

65 1137 70 27 nägon
149 1137 56 27 gäng
220 1138 129 21 utsträcktes
364 1138 74 28 längre
452 1140 28 19 än
496 1138 134 27 läntagarens
646 1138 165 26 affärsställning
826 1140 65 19 rätte-

65 1166 57 27 ligen
141 1166 116 26 medgäfve.
290 1166 33 22 Dä
340 1166 100 22 vexlarne
458 1167 40 21 hos
520 1173 34 15 oss
574 1167 6 21 i
596 1167 115 21 allmänhet
730 1167 53 27 icke,
799 1167 70 21 säsom
884 1167 7 20 i

65 1194 76 21 länder
157 1195 48 20 med
219 1201 58 15 mera
292 1195 127 21 utvecklade
435 1195 139 21 ekonomiska
589 1195 154 27 förhällanden,
758 1196 133 26 represente-

65 1222 51 22 rade
136 1225 31 19 ett
185 1223 92 27 verkligt
294 1223 93 27 köpslut,
407 1226 52 18 utan
474 1224 52 21 vära
541 1224 92 21 bankers
648 1224 173 27 vexelportföljer
835 1223 56 21 före-

65 1251 106 21 trädesvis
192 1252 97 26 utgjorde
312 1252 88 21 stäende
420 1252 162 27 rörelsekapital
601 1252 33 21 för
652 1252 181 22 industriidkaren
852 1252 39 21 och

66 1279 162 26 affärsmannen,
244 1281 60 20 vore*
321 1292 26 3 —
363 1280 111 21 framhölls
490 1281 36 21 det
541 1280 73 22 vidare
625 1293 26 2 —
663 1281 80 27 ,nägon
753 1280 139 27 minskning
879 1275 16 37 i

66 1308 95 21 bankens
179 1308 146 28 vexelportfölj
345 1309 46 21 icke
412 1310 32 20 att
463 1309 81 25 befara,
564 1309 71 21 derest
653 1309 164 21 diskonträntan
832 1308 60 21 bibe-

65 1336 68 21 hölles
153 1336 34 21 vid
207 1337 36 21 sitt
259 1337 120 21 dävarande
395 1337 96 27 belopp*.
522 1337 39 21 Om
578 1338 59 20 detta
652 1338 62 26 gälde
729 1338 7 20 i
751 1344 63 19 mars,
829 1336 63 27 gälde

65 1364 37 21 det
120 1364 46 22 helt
184 1365 72 21 säkert
273 1365 64 21 ocksä
355 1366 7 20 i
381 1366 123 26 november,
520 1366 40 21 och
575 1372 81 15 samma
671 1366 46 21 skäl
733 1366 54 21 hade
803 1366 28 20 dä
845 1364 47 22 fun-

65 1393 42 21 nits
130 1395 33 19 att
185 1394 46 20 icke
255 1394 86 26 vidtaga
362 1394 70 26 någon
451 1394 206 26 räntenedsättning.
691 1394 50 21 Men
759 1394 91 22 orsaken
869 1394 23 20 är

66 1422 120 26 egentligen
205 1422 48 26 den,
269 1424 31 19 att
315 1422 109 26 äsigterna
439 1423 69 20 under
523 1423 59 20 tiden
598 1423 54 21 hade
668 1422 84 22 klarnat
767 1422 40 22 och
822 1422 70 21 förän-

66 1449 65 26 drats,
150 1450 24 20 sä
192 1452 31 19 att
241 1456 49 15 man
308 1450 47 21 icke
371 1451 73 20 vidare
459 1451 45 21 höll
520 1451 28 26 pä
563 1451 62 21 dessa
640 1452 53 25 skäl,
709 1458 45 14 som
769 1450 100 22 anfördes
886 1450 6 21 i

65 1484 63 20 mars,
144 1478 87 21 hvarför
244 1478 37 27 jag
297 1478 64 22 ocksä
376 1485 64 15 anser
455 1480 32 20 att
499 1480 106 20 utskottet
616 1480 36 20 vid
664 1482 97 18 närmare
773 1478 120 22 eftertanke

65 1506 47 21 icke
127 1506 55 21 hade
197 1507 46 20 haft
256 1507 70 26 nägon
337 1507 113 26 anledning
462 1509 32 20 att
506 1508 24 20 sä
541 1508 84 26 mycket
637 1508 78 21 betona
727 1508 41 21 den
781 1507 72 22 saken.
865 1519 28 3 —

65 1534 33 21 Dä
117 1534 106 21 utskottet
241 1535 38 20 här
299 1535 27 26 pä
345 1535 61 21 sidan
426 1536 13 21 9
454 1535 70 27 gifver
539 1536 41 21 den
594 1536 91 27 partiela
700 1535 193 22 räntenedsättnin-
