1086 1739
227 139 48 32 1208
496 144 93 23 Borgarest.
602 145 45 19 1888.
670 145 18 19 19
702 145 38 23 Maj.

205 212 36 21 det
263 210 123 28 föreligger,
406 213 23 21 så
451 215 45 19 tror
516 213 37 27 jag
575 213 55 27 icke,
649 215 31 19 att
698 214 65 26 något
781 213 68 27 skydd
869 213 33 21 för
920 214 51 20 barn
991 212 39 22 och

204 239 145 27 minderåriga
368 241 123 27 derigenom
510 242 55 21 skall
585 242 81 21 vinnas.
696 242 42 27 Jag
756 244 25 19 är
799 242 124 27 öfvertygad
942 248 41 20 om,
999 244 32 18 att

204 268 41 20 den
265 268 50 21 vida
333 271 69 20 större
422 270 60 21 delen
502 270 23 22 af
542 270 84 22 landets
646 271 54 21 barn
719 271 38 21 och
777 270 122 28 isynnerhet
914 270 22 21 af
950 270 80 26 ungdo-

205 302 47 16 men
273 296 54 24 lider
345 304 45 12 mer
408 298 68 20 skada
494 299 32 19 till
546 299 69 27 kropp
634 299 39 21 och
692 299 39 27 siäl
751 299 129 25 derigenom,
896 301 31 19 att
944 299 26 20 de
986 298 45 22 helt

204 324 40 22 och
259 324 68 22 hållet
341 326 67 22 sakna
423 327 80 26 arbete,
515 328 26 20 än
557 327 124 27 derigenom
698 329 31 19 att
744 327 26 21 de
785 327 102 27 möjligen
901 327 86 21 komma
999 329 32 19 att

203 353 36 21 vid
259 354 122 27 utöfningen
400 355 23 21 af
437 358 31 18 ett
482 356 74 21 arbete
571 356 7 20 i
594 356 73 26 någon
680 356 48 21 mån
745 356 175 26 öfveranstränga
936 355 38 26 sig,
991 355 39 21 och

201 382 38 26 jag
259 382 92 26 befarar,
370 386 32 18 att
420 390 34 14 om
472 390 47 15 man
536 384 88 27 ålägger
640 384 175 21 föreståndarene
830 384 33 21 för
878 384 94 21 fabriker
987 383 43 21 alla

204 410 63 22 dessa
286 411 91 27 detaljer
396 418 33 15 om
450 414 32 19 att
500 412 47 22 föra
563 412 85 27 journal
667 412 60 22 öfver
747 413 26 21 de
789 412 141 26 minderåriga
946 412 85 21 arbeta-

204 445 57 20 rene,
277 440 60 20 alltid
358 440 57 21 hålla
434 441 102 21 tillhands
556 441 63 21 deras
637 441 126 27 prestbevis,
780 441 95 21 anskaffa
891 441 138 27 läkareintyg,

203 467 116 21 öfvervaka
339 468 104 28 skolgång
462 476 27 14 m.
509 476 34 20 m.,
563 470 25 20 sä
605 470 56 20 skall
676 469 246 21 fabriksföreständaren
936 469 94 21 undvika

203 498 32 18 att
255 496 98 22 använda
370 497 6 21 i
397 498 37 20 sitt
452 498 73 21 arbete
545 498 53 20 barn
618 498 39 21 och
677 498 150 26 minderäriga,
842 500 23 25 ty
880 498 6 20 i
900 498 76 26 mänga
991 497 37 21 fall

203 526 25 18 är
247 524 36 21 det
302 525 53 21 dock
371 526 31 25 sä,
418 528 32 19 att
464 526 41 21 han
520 526 97 21 kommer
632 527 34 20 väl
683 527 32 20 till
731 528 57 19 rätta
803 528 50 19 utan
869 526 54 21 dem.
954 526 75 21 Såsom

204 553 69 26 sagdt,
288 553 37 27 jag
340 556 45 18 tror
400 554 47 21 icke
462 556 32 20 att
509 554 60 22 detta
584 555 118 27 lagförslag
718 557 24 19 är
757 554 23 22 af
794 561 25 15 en
835 555 65 21 sädan
912 554 117 28 betydelse,

203 583 32 19 att
258 582 37 20 det
316 588 28 14 nu
367 583 163 26 nödvändigtvis
548 583 67 21 borde
635 583 88 26 införas,
743 583 40 21 och
800 583 38 27 jag
856 589 68 20 anser,
943 585 32 19 att
994 583 36 21 det

203 616 51 14 vore
269 610 174 27 fördelaktigare,
459 618 34 14 om
509 612 115 20 ständerna
641 612 44 21 läta
700 612 37 21 det
751 612 58 21 hvila
819 612 33 20 till
865 618 26 14 en
903 611 126 21 kommande

204 638 110 26 landtdag,
331 639 27 21 dä
376 640 36 20 det
431 640 41 20 kan
488 640 141 21 framkomma
644 641 30 20 uti
691 642 32 20 ett
737 647 60 15 mera
811 640 135 26 fullständigt
961 639 68 21 skick.

202 666 43 27 Jag
264 667 36 20 vill
320 667 72 22 derför
412 668 85 27 föreslä,
512 670 33 20 att
559 669 93 26 ständet,
668 669 66 21 sedan
754 669 37 21 det
809 669 101 26 granskat
927 668 103 27 förslaget

202 695 103 27 paragraf
326 695 33 22 för
381 697 105 27 paragraf,
506 697 33 21 till
557 697 85 27 slutligt
660 697 117 27 afgörande
796 699 109 25 upptager,
925 697 104 21 huruvida

203 724 36 21 det
255 724 36 21 vill
307 725 113 26 godkänna
436 726 123 25 detsamma,
576 726 52 21 eller
644 726 37 21 vill
697 726 44 21 läta
757 725 36 22 det
808 725 66 22 blifva
888 725 105 22 hvilande.

271 752 32 21 Hr
321 753 134 22 Nissinen:
479 754 45 21 Hra
538 754 95 21 Jusölius
648 755 66 24 sanoi,
731 756 44 19 että
790 754 122 21 valiokunta
928 760 26 15 on
970 753 59 28 kyllä

202 783 86 19 ottanut
310 781 140 22 huomioonsa
472 782 71 21 kaikki
567 783 133 21 tilastolliset
719 783 74 26 tiedot,
812 783 67 20 mitkä
897 785 49 19 ovat
964 783 65 20 olleet

202 809 126 26 saatavissa,
343 810 22 26 ja
384 812 44 19 että
447 811 94 21 sellaisia
559 811 76 26 tietoja
654 811 38 21 siis
710 811 58 28 kyllä
787 817 26 15 on
828 811 111 21 olemassa.
969 811 60 20 Minä

202 843 27 15 en
252 837 69 27 epäile
344 839 46 25 sitä,
415 839 50 21 ettei
486 839 123 21 valiokunta
628 839 34 21 ole
682 841 84 20 ottanut
785 839 138 22 huomioonsa
941 839 88 21 kaikkia

201 866 60 21 näitä
279 866 123 22 tähdellisiä
422 868 83 25 asioita,
521 870 68 19 mutta
608 868 72 21 minun
697 868 119 21 mielestäni
832 867 72 22 kaikki
920 867 109 27 tarpeelli-

202 896 33 19 set
254 894 132 22 tilastolliset
404 896 68 21 tiedot
492 897 56 20 eivät
567 896 56 21 vielä
642 896 34 21 ole
694 897 66 20 olleet
775 897 112 20 olemassa.
917 895 110 22 Ainakaan

201 923 167 21 taloudellisista
390 924 94 27 asioista,
501 925 62 26 jotka
581 925 104 20 koskevat
704 925 41 21 sitä
763 926 94 23 väestöä,
874 925 66 26 jonka
958 924 71 27 lapset

202 951 72 26 oppiin
291 951 87 27 tulevat,
395 953 19 20 ei
430 953 130 21 tilastollisia
575 953 75 26 tietoja
666 953 40 21 ole.
732 953 28 21 Ja
775 953 48 20 siitä
839 955 71 25 syystä
925 953 101 21 tahtoisin

200 979 200 22 välttämättömästi
412 981 135 21 tämänlaisia
555 981 132 21 tilastollisia
694 981 75 27 tietoja
777 981 157 21 hankittavaksi
943 987 84 15 useam-

201 1008 66 21 malta
285 1008 74 21 alalta.
388 1009 60 21 Minä
464 1010 106 21 tarkoitan
587 1009 47 27 sitä,
650 1011 45 20 että
711 1010 83 21 meidän
810 1011 57 20 tulee
882 1010 145 21 välttämättö-

200 1037 64 20 mästi
292 1039 58 18 ottaa
374 1037 78 22 tarkka
474 1038 58 21 vaari
555 1038 64 21 niistä
640 1038 179 21 tarvitsevaisista
840 1039 111 25 ihmisistä,
972 1038 55 26 joita

200 1070 142 16 maassamme
361 1071 34 20 on,
409 1066 23 26 ja
448 1066 72 26 joiden
540 1067 69 26 lapset
626 1067 127 20 tarvitsevat
768 1068 65 25 työtä.
863 1066 75 22 Onhan
954 1068 73 19 monta

200 1093 127 26 naisleskeä,
341 1094 62 26 joilla
422 1101 26 14 on
467 1095 56 21 3—5
541 1095 115 21 alaikäistä
674 1095 62 26 lasta,
750 1095 66 26 joista
831 1095 135 20 vanhemmat
981 1095 45 26 lap-

200 1123 35 18 set
247 1121 24 26 jo
287 1121 91 22 voisivat
392 1124 76 25 päästä
481 1123 100 26 johonkin
598 1123 80 27 työhön
691 1123 23 26 ja
729 1124 41 20 itse
784 1123 91 21 voisivat
889 1123 81 21 ansaita
982 1123 43 21 ela-

199 1151 94 19 tustaan.
323 1150 83 21 Näiden
426 1151 110 21 elatuksen
555 1153 125 25 puutteessa
698 1152 118 21 olevaisten
832 1151 101 21 tarvitsisi
949 1151 76 21 välttä-

200 1179 132 20 mättömästi
351 1179 66 21 saada
434 1181 58 25 työtä
505 1180 23 26 ja
543 1180 159 26 toimeentuloa,
716 1180 23 27 ja
752 1180 35 26 jos
803 1186 26 15 ne
844 1182 37 25 nyt
896 1179 58 22 lailla
970 1182 56 19 este-

199 1207 51 19 tään
267 1205 23 27 ja
305 1206 117 22 kielletään
438 1209 48 25 työn
503 1210 76 24 teosta,
595 1209 43 20 niin
652 1208 100 27 joutuvat
767 1210 72 19 nämät
854 1208 88 27 perheet
956 1208 69 21 talou-

198 1233 106 22 delliseen
326 1237 134 25 puutteesen.
489 1236 94 27 Lopuksi
602 1237 19 20 ei
640 1237 66 20 heillä
724 1239 73 18 muuta
816 1243 81 14 neuvoa
915 1237 40 25 ole,
973 1236 51 21 kuin

198 1262 71 27 käydä
287 1263 80 21 talosta
386 1264 73 21 taloon
474 1265 24 26 ja
515 1265 89 26 kerjätä,
618 1265 52 27 joka
685 1267 59 25 myös
760 1271 26 15 on
803 1266 60 25 paha,
880 1267 66 19 mutta
962 1265 63 21 mitäs

198 1290 70 27 tekee,
280 1291 42 21 kun
339 1292 71 21 toinen
427 1293 42 21 laki
486 1295 92 24 määrää,
594 1294 51 20 ettei
660 1296 60 24 työtä
735 1300 38 14 saa
788 1294 71 25 tehdä,
873 1294 28 26 ja,
917 1294 43 20 laki
973 1294 52 20 kiel-

198 1320 42 25 tää,
257 1321 45 20 että
316 1326 56 20 apua
388 1321 179 21 vaivaishoidosta
583 1322 19 20 ei
618 1328 38 14 saa
671 1324 69 23 antaa,
754 1322 35 26 jos
805 1322 37 20 äiti
858 1328 26 14 on
900 1324 65 24 terve,
977 1321 48 21 eikä

196 1347 43 21 hän
259 1348 65 21 muka
343 1348 71 22 silloin
434 1350 143 20 tarvitsekaan
596 1356 61 20 apua.
688 1350 25 21 Fi
729 1350 44 21 tule
789 1350 152 27 kysymykseen
958 1350 67 20 ollen-

196 1375 64 27 kaan,
277 1376 84 27 voipiko
381 1377 41 21 hän
443 1378 87 26 pieniltä
548 1378 114 26 lapsiltaan
682 1378 65 21 tehdä
765 1380 58 25 työtä
842 1379 29 20 tai
887 1378 25 26 ei,
928 1384 54 15 vaan
998 1384 26 15 on

196 1404 126 22 ainoastaan
342 1407 92 24 sanottu,
451 1406 34 26 jos
504 1406 41 21 hän
565 1412 25 15 on
610 1408 60 20 terve
683 1407 24 26 ja
720 1407 163 27 työvoimainen,
900 1407 50 20 ettei
966 1408 59 19 tässä

196 1432 45 20 tule
261 1435 60 19 muut
339 1434 136 21 asianhaarat
491 1434 219 27 kysymykseenkään.
739 1435 135 21 Tämmöisen
891 1434 72 21 lesken
980 1434 45 27 lap-

197 1462 34 18 set
251 1462 200 22 välttämättömästi
469 1463 126 21 tarvitsevat
613 1465 65 25 työtä,
692 1463 34 27 jos
746 1464 57 20 mieli
822 1464 92 20 toimeen
932 1463 54 21 tulla
1001 1463 24 26 ja

196 1488 55 21 elää.
281 1489 76 21 Näistä
374 1490 90 22 asioista
481 1492 102 20 tarvitsee
598 1492 60 20 ensin
674 1494 59 18 ottaa
749 1492 78 25 vaaria,
844 1498 66 14 ennen
926 1491 51 21 kuin
993 1491 31 21 la-

194 1516 38 21 kia
250 1517 107 21 laaditaan
376 1519 72 26 näille,
462 1519 23 27 ja
504 1525 26 15 on
549 1520 129 20 sovitettava
696 1520 66 20 niihin
782 1520 132 26 mainittujen
934 1520 51 20 edut
1000 1520 24 26 ja

194 1545 150 21 vaatimukset.
375 1546 53 22 Mitä
448 1548 56 20 tulee
523 1548 75 25 siihen,
618 1550 44 19 että
682 1548 84 27 lapsille
784 1548 48 21 olisi
851 1548 173 27 epäterveellistä
