1089 1739
236 137 44 18 1012
507 137 92 22 Borgarest.
611 137 46 18 1888.
681 137 13 18 11
707 136 39 23 Maj.

281 205 74 21 vinner
369 206 42 26 nej,
427 205 40 21 har
482 205 170 27 borgareständet
667 205 90 26 beslutit,
773 207 30 19 att
818 205 40 21 den
868 205 52 21 sista
931 205 107 27 meningen

212 233 9 20 i
235 233 69 26 första
319 236 108 21 momentet
442 234 24 25 af
481 234 67 21 denna
562 234 109 27 paragraf
682 233 55 22 skall
751 234 57 26 utgå.

282 262 31 21 Pä
336 263 72 20 derom
430 262 110 21 framstäld
563 263 94 27 begäran
673 263 108 21 anstäldes
796 262 103 27 votering,
916 269 45 14 som
976 262 62 21 utföll

212 290 49 21 med
279 291 28 21 40
320 291 23 26 ja
358 291 39 21 och
413 291 26 22 13
454 291 40 27 nej,
511 291 39 21 och
565 297 38 15 var
618 291 33 21 till
665 291 54 27 följd
735 291 62 21 deraf
811 291 128 27 paragrafen
955 290 83 22 oförän-

212 319 55 21 drad
281 319 106 26 godkänd.

245 376 13 21 N
282 347 153 28 Paragraferne
458 348 19 26 8,
500 348 12 21 9
535 347 40 22 och
599 348 26 21 10
646 347 125 27 godkändes
786 349 52 20 utan
854 347 184 28 meningsskiljak-

212 376 76 27 tighet.

281 404 100 21 Rörande
396 404 101 28 paragraf
511 405 24 20 11
553 405 65 20 utbad
635 405 31 26 sig

282 433 26 21 hr
330 433 129 26 Tallgvist
481 433 67 26 ordet,
572 433 40 21 och
629 433 94 27 yttrade:
745 433 42 26 Jag
802 433 37 20 vill
855 432 67 27 villigt
937 433 99 25 erkänna,

213 464 32 19 att
266 461 106 22 utskottet
393 467 76 20 genom
491 461 46 21 sina
559 461 74 27 tillägg
656 461 39 21 och
717 460 273 28 redaktionsförändringar
1005 461 32 21 till

212 490 119 26 väsentliga
346 489 59 22 delar
419 489 39 22 har
472 489 115 22 förbättrat
602 490 41 21 den
658 489 77 27 nädiga
745 489 167 27 propositionen,
923 495 48 15 men
982 489 54 21 hvad

213 518 101 27 paragraf
328 519 24 20 11
369 518 136 26 vidkommer,
521 518 24 21 sä
560 524 63 15 anser
635 518 43 27 jag,
695 520 32 19 att
742 517 107 22 utskottet
860 517 46 22 icke
917 518 39 21 har
965 517 72 22 träffat

212 547 37 21 det
268 548 63 25 rätta,
346 548 52 19 utan
413 547 66 20 hellre
495 547 113 20 försämrat
623 546 108 27 förslaget,
748 548 27 19 än
791 546 106 21 förbätrat
912 546 122 21 detsamma.

212 575 63 21 Hvad
291 575 99 21 beträffar
406 575 35 21 det
457 575 66 21 första
537 576 117 20 momentet
669 575 7 20 i
691 574 135 27 paragrafen,
842 575 23 20 så
880 574 39 21 har
929 574 106 21 utskottet

212 604 39 21 der
271 603 93 27 intryckt
387 603 64 21 också
473 603 159 22 bestämmelser
647 609 34 15 om
696 603 99 25 farleder,
811 603 111 21 hvaremot
936 603 8 20 i
959 603 75 26 nådiga

212 632 159 27 propositionen
390 631 75 22 endast
479 631 86 22 beröres
580 633 71 25 vägar.
680 631 42 27 Jag
737 631 69 22 skulle
822 631 33 21 för
870 631 42 21 min
928 631 34 21 del
978 637 56 19 anse,

212 662 33 20 att
267 661 93 20 vattnets
382 660 102 26 behöriga
505 659 76 28 aflopp,
601 659 78 22 fiskens
695 666 54 21 upp-
764 659 40 22 och
819 659 144 27 nedstigande,
979 659 56 21 flott-

212 689 51 26 ning
279 689 39 20 och
333 688 128 21 båtfarleder
476 688 6 21 i
498 689 42 20 alla
555 689 50 20 våra
620 690 74 19 vatten
709 694 77 21 genom
801 688 79 21 allmän
894 689 34 26 lag
938 690 36 19 äro
985 687 50 22 full-

211 717 92 27 komligt
317 717 101 27 tryggade
434 717 39 21 och
488 717 161 26 tillgodosedda,
665 716 24 21 så
704 718 32 19 att
752 717 68 26 någon
837 716 147 21 bestämmelse
999 716 36 21 be-

212 745 106 22 träffande
340 745 91 21 farleder
453 745 46 21 icke
521 745 69 21 skulle
613 745 90 21 behöfva
722 745 49 26 ingå
786 745 7 20 i
809 745 68 20 denna
892 745 40 26 lag.
962 745 72 26 Ingen,

212 774 47 21 icke
274 780 38 15 ens
327 775 75 24 staten,
419 773 27 22 då
461 773 40 21 den
517 773 78 28 bygger
607 774 122 26 jernvägar,
744 773 34 21 får
789 775 76 24 stänga
875 773 97 26 farleder,
983 774 52 20 utan

212 802 68 21 måste
297 802 39 21 den
351 802 70 27 bygga
435 802 46 21 sina
495 802 64 21 broar
574 802 100 26 antingen
689 801 24 21 så
728 801 62 27 höga,
802 803 32 19 att
845 801 138 22 samfärdseln
993 801 42 21 kan

211 831 40 20 ske
272 830 67 21 under
361 830 114 25 desamma,
498 830 52 21 eller
565 830 85 26 rörliga,
667 829 23 22 så
706 832 32 19 att
753 830 96 21 farleden
864 829 42 21 kan
922 830 35 20 vid
972 829 66 22 behof

212 860 88 25 öppnas.
330 859 41 20 Det
394 860 23 19 är
439 858 64 21 också
525 858 62 26 klart,
611 860 32 19 att
657 864 26 15 en
699 864 78 21 person
793 859 52 20 eller
860 859 30 20 ett
905 858 69 26 bolag,
990 864 45 15 som

212 887 33 21 får
260 887 101 27 rättighet
377 888 32 19 att
423 887 69 27 bygga
506 887 69 26 privat
588 887 95 26 jernväg,
699 887 48 20 icke
762 886 33 21 får
810 887 43 20 rätt
867 888 31 19 att
909 888 75 25 stänga
993 886 42 21 far-

213 915 68 21 leden.
311 915 115 21 Dessutom
448 915 38 21 har
509 915 36 20 det
567 915 65 21 redan
647 915 7 20 i
669 915 91 26 tidigare
775 914 124 27 paragrafer
914 914 70 21 blifvit
999 915 36 20 be-

212 943 87 26 stämdt,
315 945 32 19 att
361 943 176 21 koncessionären
553 943 55 21 skall
622 943 21 21 få
658 943 137 21 fastställelse
811 943 13 21 &
839 943 41 21 alla
890 943 98 20 tekniska
999 943 36 20 be-

211 972 134 21 stämmelser
362 971 33 21 för
409 972 125 26 jernvägens
550 971 119 26 utförande,
686 971 40 22 och
741 971 36 22 vid
791 971 131 27 granskning
937 971 23 21 af
974 971 62 21 dessa

212 1000 85 21 komme
316 1001 96 25 nogsamt
431 1001 31 20 att
477 999 73 27 tillses,
567 1001 30 20 att
613 999 46 22 icke
673 999 94 22 farleder
783 1001 93 25 stängas.
906 999 10 21 I
930 999 24 21 så
969 999 65 21 måtto

211 1030 26 19 är
259 1029 70 20 denna
351 1027 110 22 föreskrift
482 1034 34 15 om
539 1028 92 21 farleder
650 1027 131 28 öfverflödig,
811 1028 42 27 Jag
867 1028 37 21 vill
920 1027 54 22 dock
988 1027 47 21 icke

212 1057 86 21 absolut
319 1056 53 27 yrka
394 1056 27 26 på
444 1058 30 19 ett
496 1057 141 25 uteslutande,
660 1058 22 25 ty
699 1056 165 21 bestämmelsen
880 1058 24 19 är
916 1056 24 26 ju
955 1056 80 26 ganska

212 1084 106 28 oskyldig.

282 1113 61 21 Hvad
358 1113 96 21 deremot
471 1112 180 27 vägöfvergångar
665 1112 108 25 beträffar,
789 1114 45 19 tror
848 1112 42 27 jag,
907 1113 32 20 att
954 1112 82 28 utskot-

212 1142 32 20 tet
265 1140 40 22 har
326 1141 131 21 föreskrifvit
479 1147 49 19 mer,
551 1143 27 19 än
601 1141 36 21 det
659 1147 38 15 ens
713 1140 56 28 sjelft
785 1143 77 19 ansett.
892 1141 42 21 Det
948 1140 38 21 har
1002 1140 34 21 väl

211 1169 130 21 föresväfvat
363 1169 111 26 utskottet,
490 1171 32 19 att
537 1169 180 27 vägöfvergångar
732 1168 60 22 öfver
807 1175 26 15 en
849 1169 55 21 bana
919 1168 27 27 gå
961 1168 75 21 endast

211 1197 122 26 vinkelrätt,
356 1197 51 21 eller
429 1198 98 26 temligen
545 1198 121 25 vinkelrätt,
681 1198 40 20 och
737 1198 33 20 att
785 1197 83 21 således
883 1197 152 26 anläggningen

212 1225 24 21 af
249 1232 27 14 en
291 1226 66 20 sådan
373 1228 40 24 väg
428 1226 39 21 och
482 1226 133 21 underhållet
631 1226 22 21 af
667 1226 123 20 densamma
805 1227 25 19 är
845 1231 26 15 en
886 1225 90 21 smäsak.
1002 1225 34 21 Nu

211 1255 26 19 är
259 1254 118 21 emellertid
399 1254 47 21 icke
468 1254 23 21 så
512 1254 65 21 fallet.
608 1253 42 22 Det
669 1254 88 26 händer,
773 1255 32 20 att
817 1254 116 27 jernvägen
948 1253 87 21 versttal

211 1282 60 26 löper
286 1282 109 26 långsmed
411 1289 26 14 en
453 1282 76 21 allmän
545 1283 51 21 eller
611 1282 82 21 enskild
708 1282 110 26 landsväg.
845 1282 75 21 Denna
934 1282 102 27 landsväg

211 1310 69 21 måste
295 1310 28 21 då
337 1310 72 28 flyttas
424 1311 28 27 på
467 1316 38 15 ena
521 1310 51 22 eller
587 1310 66 22 andra
669 1310 60 22 sidan
745 1316 35 16 om
795 1310 71 21 banan
882 1310 40 21 och
937 1310 98 21 stundom

209 1338 30 28 på
260 1338 51 22 flere
333 1338 77 22 ställen
433 1339 102 26 öfvergås.
565 1340 42 20 Det
627 1339 42 21 blir
692 1338 33 22 för
738 1339 117 27 jernvägen
871 1344 26 15 en
912 1338 124 26 landsväga-

211 1367 106 27 byggnad.
345 1367 42 27 Jag
405 1367 109 27 päminner
529 1367 48 27 mig,
593 1368 32 20 att
639 1367 59 21 invid
713 1367 144 21 Tammerfors
873 1366 39 22 och
927 1366 57 21 Vasa
999 1366 38 21 ba-

210 1401 43 15 nan
268 1395 143 21 förekommer
426 1401 26 15 en
467 1395 66 21 sådan
548 1395 215 27 landsvägabyggnad
778 1395 24 21 af
810 1396 15 20 4
836 1395 13 21 å
860 1396 13 20 5
884 1396 68 20 versts
963 1394 72 27 längd;

210 1429 27 15 en
260 1430 70 15 annan
351 1423 143 22 förekommer
515 1424 8 20 i
545 1424 177 26 Pihlajavesi
687 1418 41 37 vid
738 1424 42 20 den
795 1425 47 25 väg,
858 1429 45 15 som
917 1423 58 21 leder
990 1422 46 22 från

210 1451 75 22 Keuru
299 1452 68 28 kyrka
381 1452 33 20 till
429 1452 127 27 Pihlajavesi
570 1452 74 27 kyrka.
666 1452 31 20 Är
712 1452 36 21 det
763 1458 30 14 nu
807 1452 119 27 meningen,
943 1452 31 20 att
984 1450 52 22 kon-

209 1480 136 21 cessionären
369 1480 64 21 också
454 1480 112 22 framdeles
589 1480 54 21 skall
660 1480 128 21 underhålla
805 1480 70 21 denna
890 1480 108 26 landsväg,
1014 1479 23 21 sä

209 1506 44 22 blir
275 1508 36 20 det
329 1508 34 21 för
378 1508 79 22 honom
471 1510 77 26 ytterst
563 1508 142 27 betungande,
721 1508 41 22 och
777 1508 67 26 nägot
859 1508 75 21 sädant
949 1507 39 21 har
1003 1508 33 20 väl

209 1535 48 21 icke
279 1536 82 21 kunnat
383 1542 52 16 vara
457 1537 114 21 utskottets
595 1537 91 27 mening.
717 1537 50 21 Men
782 1536 59 22 läser
856 1542 48 15 man
920 1536 58 21 detta
993 1542 43 15 mo-
