1086 1739
374 134 93 22 Borgarest.
479 133 48 19 1888.
550 133 21 19 23
583 134 40 22 Maj.
840 134 45 18 1279

86 209 52 19 som,
153 203 96 26 grundad
265 202 27 27 pä
307 202 75 22 okulär
397 202 165 27 undersökning,
578 203 39 21 har
632 203 32 21 till
683 202 55 28 syfte
754 205 32 18 att
802 202 105 28 klargöra,

87 231 114 27 yhuruvida
224 231 46 21 icke
293 231 25 21 de
340 230 127 27 ifrågasatta
491 231 259 27 kanaliseringsarbetena
773 231 47 21 med
839 232 68 20 fördel

87 260 69 20 kunde
176 261 91 19 ersättas
285 265 74 20 genom
379 266 25 14 en
421 259 96 27 jernväg,
534 266 51 19 som,
602 259 106 27 utgäende
723 260 47 20 frän
785 260 122 27 Jyväskylä,

87 288 100 26 antingen
207 288 132 21 omedelbart
354 288 52 20 eller
422 288 46 20 med
486 288 88 20 bibanor
590 288 91 21 berörde
698 288 84 21 Keitele
798 288 37 21 och
851 288 56 22 Kon-

87 317 71 21 nevesi
178 316 57 26 sjöar
254 318 55 19 samt
324 316 68 21 tillika
407 316 100 26 utgjorde
523 322 25 15 en
564 316 266 26 sammanbindningsbana
845 317 63 21 emel-

87 345 35 21 lan
137 344 74 21 Wasa-
227 344 39 22 och
285 344 235 27 Savolaksjernvägar.*
550 344 42 22 Det
606 344 95 26 framgår
717 351 25 14 ur
757 344 68 22 denna
842 352 67 14 reser-

87 374 77 25 vation,
180 375 32 19 att
231 380 24 14 en
276 373 65 21 sådan
360 373 55 21 bana
434 373 71 21 kunde
524 373 158 21 åstadkommas
699 373 46 21 med
761 374 147 26 ungefärligen

87 408 81 14 samma
187 402 76 25 medel,
279 402 71 20 hvilka
368 401 115 21 beräknats
504 402 49 26 ätgä
572 402 34 20 för
626 401 188 21 ästadkommande
831 402 23 20 af
866 402 43 20 alla

88 430 26 21 de
133 430 124 25 ifrågasatta
277 430 265 26 kanaliseringsarbetena.
572 430 44 21 Det
634 432 25 18 är
674 430 106 26 nemligen
796 430 66 26 fallet,
878 432 31 19 att

88 458 99 22 sträckan
205 459 78 21 mellan
302 458 83 22 Keitele
404 458 38 21 och
462 458 103 27 Päijänne
584 458 84 21 fordrar
684 458 97 26 omkring
796 459 113 25 2,400,000

88 487 60 21 mark
163 487 32 21 för
211 489 32 19 att
257 487 142 25 kanaliseras;
423 492 33 16 om
473 493 48 15 man
538 487 105 21 beräknar
658 487 79 26 60,000
752 487 58 21 mark
826 493 38 21 per
878 487 31 21 ki-

88 516 96 26 lometer,
196 516 23 20 sä
235 516 68 20 skulle
319 515 33 21 för
367 516 69 20 denna
451 521 82 15 summa
548 522 26 14 en
583 515 187 27 jernvägssträcka
781 516 23 20 af
813 515 96 27 omkring

87 544 30 22 40
132 544 113 21 kilometer
260 544 71 21 kunna
346 544 164 21 ästadkommas.
537 544 75 20 Denna
624 544 92 26 jernväg
730 550 50 15 vore
795 544 114 26 tillräcklig

88 574 32 20 att
135 573 160 21 sammanbinda
311 573 25 20 de
353 572 116 27 sydligaste
485 572 87 21 vikarne
588 572 23 21 af
626 572 84 21 Keitele
726 572 48 21 med
784 572 125 28 Jyväskylä;

88 601 92 21 återstår
198 602 122 20 sedermera
338 601 39 21 den
398 601 61 21 delen
479 601 23 21 af
513 601 124 27 jernvägen,
654 606 44 16 som
717 600 61 22 äfven
794 601 115 21 utskottets

88 629 70 21 flertal
177 630 39 20 har
235 630 76 20 önskat
329 629 22 21 få
370 629 123 26 undersökt,
513 630 20 20 d.
552 636 20 14 v.
591 636 17 14 s.
625 629 78 21 mellan
722 629 128 27 Suonenjoki
871 630 37 20 och

88 658 136 26 Rautalampi
240 658 73 27 kyrka.
336 658 74 20 Denna
426 658 85 20 sträcka
526 658 41 20 kan
583 657 83 21 utföras
680 658 33 20 för
729 660 29 18 ett
769 658 48 21 vida
828 658 80 21 mindre

88 686 78 27 belopp
181 688 26 20 än
224 687 25 21 de
266 686 124 27 ifrägasatta
406 686 260 26 kanaliseringsarbetena
682 686 89 21 emellan
788 686 121 21 Hankavesi

89 715 38 21 och
143 715 81 21 Iisvesi.
249 714 103 28 Slutligen
368 714 70 22 skulle
453 721 27 14 en
495 714 86 22 sträcka
597 714 87 26 återstå,
700 714 84 22 hvilken
800 714 59 22 öfver
872 714 37 21 Ki-

88 744 83 20 visalmi
187 743 100 22 förenade
303 744 63 21 dessa
378 743 200 27 jernvägssträckor
595 744 46 20 med
658 743 126 22 hvarandra.
813 743 33 21 Dä
862 743 47 21 hela

89 773 69 20 denna
173 772 91 27 sträcka,
280 772 104 21 inklusive
400 773 26 20 de
442 772 65 21 redan
524 772 92 21 nämnda
631 775 77 18 tvenne
720 772 92 25 delarne,
826 772 83 20 komme

89 803 32 18 att
139 801 70 27 uppgå
228 801 32 20 till
280 801 77 20 mellan
377 801 13 21 9
406 800 38 21 och
461 801 28 20 10
504 801 43 26 mil,
564 800 24 21 sä
603 800 69 21 skulle
688 807 47 14 man
751 800 33 21 för
799 801 26 20 de
840 801 13 20 5
870 799 12 22 å
896 800 13 21 6

89 829 104 26 miljoner,
209 835 45 15 som
270 829 114 21 beräknats
400 829 49 26 ätgä
464 829 33 20 till
513 829 49 21 hela
576 829 246 26 kanaliseringsarbetet,
839 829 70 20 kunna

89 857 71 21 utföra
174 858 50 21 hela
237 858 122 26 jernvägen.
382 858 43 21 Det
440 859 24 19 är
479 857 28 27 pä
523 857 63 21 dessa
602 858 93 25 grunder
707 859 166 23 reservanterna,
885 857 24 20 hr

89 885 104 27 Bergbom
213 887 39 20 och
269 886 43 27 jag,
328 889 76 23 ansett,
424 888 31 19 att
471 886 28 21 dä
516 886 114 26 utredning
650 892 24 15 en
694 885 55 27 gäng
767 885 91 27 päyrkas
874 891 35 15 an-

89 914 81 26 gäende
189 914 123 22 utförandet
329 915 23 20 af
370 914 266 27 kanaliseringsarbetena,
652 914 24 21 sä
694 914 65 21 borde
779 914 38 21 ock
836 920 25 15 en
877 915 32 20 ut-

89 943 89 26 redning
197 943 110 26 samtidigt
325 943 90 27 begäras
432 943 80 26 derom,
528 943 105 20 huruvida
648 949 26 14 en
688 943 89 26 jernväg
792 949 50 14 vore
858 942 51 26 möj-

90 971 30 26 lig
139 971 39 21 och
196 971 104 22 huruvida
315 972 67 21 denna
397 971 126 27 lämpligare
539 973 25 19 än
580 971 118 21 kanalerna
713 971 69 20 kunde
797 971 112 26 tillgodose

89 999 36 22 det
140 999 70 26 behof,
222 1006 45 15 som
282 1000 39 21 här
336 1000 63 21 afses.
422 1000 42 27 Jag
481 1000 35 21 vill
533 999 119 27 framhälla,
666 1002 31 19 att
713 1000 67 20 denna
796 999 54 21 bana
862 999 47 20 der-

87 1027 66 27 jemte
172 1028 69 21 blefve
261 1035 25 14 en
306 1029 266 26 sammanbindningsbana
590 1028 78 21 mellan
684 1028 142 21 Wasa-banan
843 1027 12 21 ä
870 1033 39 15 ena

89 1057 59 20 sidan
168 1057 39 27 och
227 1057 182 21 Savolaks-banan
428 1057 13 20 &
461 1057 40 21 den
521 1057 73 25 andra,
610 1057 40 20 och
669 1057 83 20 komme
772 1056 88 21 sälunda
879 1058 31 19 att

90 1084 73 22 förena
182 1085 137 22 Österbotten
335 1085 39 22 och
390 1085 111 22 Savolaks.
531 1085 33 21 Då
580 1085 162 26 ifrågavarande
758 1083 152 22 undersöknin-

89 1119 38 20 gar
145 1113 46 21 icke
211 1113 72 22 fordra
302 1116 58 19 stora
378 1120 94 15 summor
491 1114 39 21 och
550 1113 27 21 då
595 1120 25 15 en
636 1113 123 21 ekonomisk
775 1112 113 27 utredning
903 1113 6 20 i

89 1142 44 21 alla
150 1142 38 21 fall
209 1142 67 21 måste
294 1143 45 25 ske,
354 1143 24 20 så
393 1149 50 14 vore
460 1142 37 21 det
511 1142 39 21 allt
565 1142 46 21 skäl
627 1144 33 19 att
677 1142 3 21 i
697 1142 87 21 nämndt
798 1141 54 27 syfte
868 1141 41 20 för-

89 1170 139 27 fullständiga
243 1171 26 21 de
284 1171 191 26 undersökningar,
488 1177 45 15 som
548 1171 106 20 utskottet
670 1170 90 21 föreslår
775 1170 47 21 med
838 1169 71 21 anled-

90 1199 50 26 ning
155 1199 23 20 af
191 1199 147 27 föreliggande
354 1199 120 27 petitioner.

156 1227 33 21 Hr
203 1228 103 21 Heikel:
323 1228 41 27 Jag
379 1227 94 27 begärde
489 1228 61 20 ordet
564 1227 56 22 blott
635 1227 33 21 för
684 1229 31 19 att
730 1226 78 22 föreslå
822 1232 25 15 en
859 1226 50 21 liten

89 1256 90 26 ändring
197 1256 6 21 i
219 1256 116 21 utskottets
349 1256 57 21 kläm
422 1256 13 21 å
449 1256 79 27 pagina
542 1256 34 21 31.
607 1256 112 21 Klämmen
735 1255 67 21 slutar
817 1255 48 20 med
880 1257 31 18 att

89 1283 85 27 föreslå,
192 1286 42 25 ,att
249 1285 64 26 nådig
328 1285 131 26 proposition
476 1285 5 20 i
497 1285 89 20 ärendet
601 1285 65 20 måtte
677 1284 119 26 föreläggas
808 1285 103 18 nästsam-

89 1313 153 21 manträdande
258 1313 104 21 ständer."
386 1313 11 21 I
412 1313 75 21 stället
502 1313 72 20 derför
589 1313 49 20 ville
651 1313 38 26 jag
704 1312 86 21 förorda
801 1313 31 19 att
847 1311 64 21 slutet

89 1340 69 22 skulle
178 1341 59 27 lyda:
261 1344 42 24 ,att
322 1341 63 26 nådig
404 1341 132 27 proposition
555 1341 7 21 i
581 1341 90 21 ärendet
690 1341 6 20 i
715 1341 67 20 sinom
800 1339 30 22 tid
846 1339 65 21 måtte

89 1370 114 20 ständerna
227 1369 139 28 föreläggas.*
396 1370 77 21 Denna
494 1369 61 27 fråga
574 1375 33 16 om
627 1369 143 26 kanalisering
788 1368 23 21 af
828 1367 83 21 Keitele

89 1397 38 22 och
147 1398 86 21 dermed
253 1398 208 27 sammanhängande
481 1398 126 26 vattendrag
627 1397 61 22 torde
708 1397 44 21 icke
768 1402 51 16 vara
834 1395 23 21 af
871 1395 39 21 den

88 1426 135 22 brädskande
241 1426 153 26 beskaffenhet,
410 1428 32 20 att
461 1427 40 21 den
522 1427 37 20 bör
575 1427 115 20 ständerna
709 1426 121 26 föreläggas
847 1424 64 21 redan

88 1454 35 21 vid
142 1457 63 19 nästa
224 1455 109 27 landtdag,
349 1455 26 21 dä
395 1455 20 21 vi
434 1455 47 21 icke
499 1461 65 20 gerna
580 1455 71 20 kunna
666 1455 64 20 tänka
745 1454 26 27 pä
787 1454 31 20 att
834 1452 27 21 dä
876 1452 35 22 be-

89 1482 56 22 sluta
161 1490 33 14 om
207 1484 68 20 denna
286 1484 74 20 kanals
371 1483 121 21 utförande.
517 1483 119 21 Ständerna
646 1482 64 22 hafva
721 1483 64 20 redan
797 1481 35 21 vid
844 1481 67 21 denna

89 1510 102 28 landtdag
206 1512 88 20 beslutit
308 1512 121 27 byggandet
445 1512 24 20 af
483 1512 23 20 sä
522 1512 76 25 många
611 1510 205 28 jernvägssträckor,
832 1511 32 19 att
879 1515 33 15 ar-

88 1538 58 22 betet
164 1540 27 26 pä
211 1540 108 21 desamma
337 1540 61 21 torde
418 1540 65 21 räcka
502 1540 39 26 till,
557 1540 47 21 icke
624 1540 55 20 blott
694 1539 33 21 för
742 1540 41 20 den
800 1538 111 26 ingående,
