1086 1736
355 139 99 23 Borgarest..
460 139 48 19 1888.
532 140 18 19 16
562 139 40 23 Maj.
692 137 2 2 |
824 139 45 18 1151

132 207 32 21 Hr
183 206 146 22 Molander:
359 208 34 20 Då
408 207 23 21 af
447 208 117 20 motiverna
580 213 70 21 synes,
665 209 33 19 att
712 207 37 21 det
763 207 46 21 icke
823 207 68 22 finnes

63 235 185 27 tingslagshäkten
264 236 27 26 på
306 236 67 20 andra
389 238 65 24 orter,
466 238 26 18 än
509 236 7 20 i
532 236 84 26 Kuopio
632 236 42 25 län,
686 236 39 20 och
742 236 36 20 det
793 236 64 21 också
867 238 24 18 är

65 263 119 27 meningen,
203 266 32 19 att
254 264 63 21 dessa
333 264 77 21 häkten
426 264 117 21 framdeles
559 264 45 21 helt
620 264 39 21 och
674 264 67 20 hållet
756 264 68 21 skulle
840 270 51 21 upp-

63 291 53 22 höra
126 292 7 20 i
149 292 153 26 sammanhang
313 292 48 21 med
374 292 225 21 domstolsreformens
609 292 174 27 genomförande,
795 292 24 21 så
828 298 63 15 anser

62 320 43 27 jag,
117 322 32 19 att
164 326 48 15 man
228 321 46 21 icke
289 321 7 20 i
311 320 125 27 strafflagen
452 321 39 20 bör
506 321 73 26 intaga
595 323 31 18 ett
642 321 76 20 sådant
733 320 124 27 stadgande.

132 349 32 20 Hr
184 348 83 22 Sulin:
298 349 50 21 Med
366 349 116 27 anledning
501 349 23 21 af
541 349 26 21 hr
583 349 123 21 Molanders
722 348 122 27 påstående,
860 351 31 18 att

65 377 36 21 det
117 379 23 19 är
156 377 111 27 olämpligt
283 379 31 19 att
329 377 7 21 i
352 384 25 14 en
393 378 35 26 lag
445 378 73 26 intaga
533 379 30 20 ett
579 377 77 22 sådant
668 377 123 26 stadgande,
803 383 46 15 som
860 377 31 20 fö-

65 405 120 21 rekommer
200 406 7 20 i
225 407 10 20 1
252 405 18 28 $,
283 405 27 21 dä
325 406 36 21 det
375 406 47 21 icke
438 405 68 22 finnes
522 405 192 28 tingslagshäkten,
726 406 36 21 vill
775 405 37 27 jag
827 405 64 21 fram-

64 433 65 26 hålla,
145 436 32 19 att
195 434 161 21 vederbörande
375 435 72 20 kunna
466 436 39 19 när
524 441 45 14 som
589 434 57 21 helst
664 434 87 27 åläggas
767 436 31 19 att
813 434 78 21 inrätta

66 462 81 21 sådana
157 462 85 21 häkten.
265 463 31 26 Ty
312 463 5 20 i
333 463 15 21 4
362 463 12 27 $
390 463 27 21 26
433 463 91 27 kapitlet
540 463 23 21 B.
579 463 24 21 B.
620 465 62 24 säges
698 463 148 27 uttryckligen,
861 464 30 19 att

64 491 35 20 vid
114 491 74 27 hvarje
202 491 121 26 tingsställe
339 491 54 21 skall
410 493 31 20 ett
456 491 96 27 fängelse
568 497 58 15 vara.
652 491 33 21 Då
700 491 59 21 detta
774 490 117 27 stadgande

64 519 47 21 icke
130 521 25 19 är
173 519 111 28 upphäfdt,
300 519 24 22 så
343 522 23 19 är
386 520 37 21 det
440 520 110 27 naturligt,
566 521 32 20 att
613 520 6 20 i
635 519 157 27 förordningen,
809 520 6 20 i
831 519 60 26 fråga

65 553 33 16 om
119 547 190 28 fängelsestraffets
330 548 164 26 verkställande,
510 548 67 21 finnes
597 548 88 21 berördt
704 548 60 21 äfven
783 549 36 20 det
833 548 58 26 slags

67 576 113 26 fängelser,
197 582 45 15 som
259 577 6 19 i
281 577 78 20 allmän
375 577 35 26 lag
425 579 37 18 äro
478 577 114 27 påbjudna.

133 604 50 22 Med
202 604 115 27 anledning
336 604 23 22 af
376 604 36 22 det
431 604 88 28 förslag,
536 611 45 15 som
600 604 74 22 väckts
695 605 23 21 af
731 605 25 21 hr
772 604 118 26 Molander,

65 633 95 26 företogs
176 634 131 26 omröstning
323 634 67 26 enligt
405 640 24 14 en
447 633 132 27 proposition
596 633 23 21 af
632 633 94 27 följande
742 633 91 27 lydelse:

133 660 40 27 De,
188 660 69 22 hvilka
271 661 111 27 godkänna
398 663 13 19 1
426 662 15 27 $
456 662 8 20 i
480 663 14 19 4
509 661 86 27 kapitlet
610 661 64 27 enligt
687 660 106 23 utskottets
802 660 88 28 förslag,

65 691 56 20 rösta
133 690 37 27 ja;
186 690 31 26 de,
233 690 33 21 det
281 689 43 22 icke
338 692 58 25 göra,
412 691 58 20 rösta
484 691 48 27 nej;

133 718 74 21 vinner
221 718 42 28 nej,
279 718 39 21 har
333 718 171 27 borgareståndet
518 718 36 28 för
570 718 68 22 denna
647 718 106 28 paragraf
761 718 81 27 antagit
851 717 40 21 den

64 746 146 28 formulering,
225 753 44 15 som
289 746 36 27 för
343 747 121 21 densamma
482 747 121 27 föreslagits
622 747 8 20 i
649 747 39 21 den
705 747 51 21 sista
771 746 32 22 till
818 746 72 21 betän-

64 774 76 22 kandet
154 775 76 27 fogade
245 776 157 20 reservationen.

134 804 33 21 Då
185 804 70 21 denna
272 805 131 26 proposition
422 804 130 22 besvarades
572 804 49 21 med
637 804 156 26 öfvervägande
807 804 29 26 ja,
852 809 38 15 var

65 832 96 22 ständets
180 832 71 21 beslut
269 835 31 19 att
318 833 113 27 godkänna
450 833 117 21 utskottets
586 832 82 27 förslag
686 832 32 21 till
735 832 79 28 lydelse
830 832 33 21 för
879 832 11 27 $

66 862 10 19 1
92 861 145 21 oförändradt.

133 889 136 21 Beträffande
285 889 12 27 $
313 889 13 21 2
342 889 95 21 uttalade
454 890 32 26 sig

133 917 26 22 hr
169 917 173 27 Heimberger
353 917 99 22 sålunda:
469 918 100 21 Likasom
582 917 36 22 det
628 919 24 19 är
664 917 116 27 oegentligt
791 919 30 19 att
832 919 58 24 säga,

65 946 36 21 det
117 952 26 15 en
158 945 63 27 fånge
236 945 58 22 utför
309 946 73 21 arbete
398 946 33 21 för
446 953 53 19 egen
515 947 98 26 räkning,
628 946 27 21 då
670 945 105 27 fängelset
790 945 55 22 ändå
859 947 32 20 ta-

64 981 38 20 ger
116 973 27 28 2/3
157 974 24 21 af
194 974 163 27 arbetsvinsten,
374 975 24 20 så
412 981 64 14 anser
490 975 37 26 jag
538 975 37 20 det
585 981 52 14 vara
648 976 62 25 orätt,
721 976 31 19 att
762 974 62 27 fånge
835 974 55 21 skall

65 1003 22 20 få
103 1002 71 22 utföra
189 1003 74 21 arbete
278 1002 55 22 efter
349 1006 48 23 eget
412 1003 41 21 val.
476 1003 34 22 De
524 1003 63 21 flesta
602 1003 75 26 fångar
693 1003 60 20 torde
768 1003 46 21 icke
828 1002 63 21 hafva

66 1031 64 27 något
150 1031 103 21 särskildt
269 1031 59 27 yrke,
344 1032 6 20 i
367 1031 81 22 hvilket
464 1031 26 22 de
506 1034 37 19 äro
558 1031 101 27 kunnige,
676 1031 39 22 och
730 1031 71 21 derför
816 1032 24 19 är
855 1031 36 21 det

65 1060 35 21 väl
120 1059 89 22 alldeles
229 1059 108 27 likgiltigt,
353 1060 55 21 hvad
428 1060 33 21 för
481 1061 73 20 arbete
574 1061 26 20 de
618 1060 77 21 utföra.
724 1059 42 22 Det
780 1065 51 15 vore
847 1065 44 16 mer

65 1088 138 27 konseqvent,
220 1090 31 19 att
266 1088 112 27 fängelset,
394 1094 45 15 som
456 1091 61 24 tager
532 1089 26 27 2/3
573 1089 24 20 af
611 1089 89 25 vinsten,
712 1087 63 22 också
785 1087 53 27 egde
849 1089 42 20 rät-

65 1117 68 26 tighet
143 1118 32 19 att
190 1116 117 21 bestämma
323 1117 95 21 arbetets
430 1117 154 22 beskaffenhet.
607 1117 43 21 Det
661 1119 25 19 är
694 1117 25 26 ju
729 1117 80 26 ganska
819 1118 72 19 natur-

65 1145 46 26 ligt,
128 1147 31 19 att
180 1145 6 21 i
205 1145 80 21 sådana
304 1145 45 26 fall,
365 1145 39 21 der
418 1145 78 27 fången
512 1147 25 19 är
551 1145 83 27 kunnig
649 1146 6 20 i
671 1145 65 27 något
750 1145 58 27 yrke,
825 1151 44 14 som
885 1145 6 20 i

66 1173 106 27 fängelset
190 1173 41 21 kan
251 1173 90 21 utföras.
357 1173 41 21 han
413 1174 81 21 tillåtes
514 1174 75 21 arbeta
607 1174 7 20 i
630 1174 59 21 detta
704 1173 57 27 yrke.
792 1172 48 22 Men
855 1173 36 26 jag

65 1201 74 27 tycker
159 1203 33 19 att
211 1202 36 20 det
269 1204 24 18 är
312 1204 62 23 orätt,
394 1204 32 19 att
444 1202 44 21 låta
506 1202 77 27 fången
603 1202 56 26 välja
679 1202 38 21 sitt
735 1201 78 22 arbete.
844 1201 47 21 Han

66 1229 159 22 åstadkommer
240 1229 123 27 derigenom
379 1230 77 21 endast
471 1230 96 27 krångel,
583 1232 23 25 ty
621 1230 41 21 han
676 1230 67 27 väljer
754 1229 97 27 vanligen
863 1232 30 19 ett

67 1257 76 22 sådant
157 1258 60 27 yrke,
232 1264 45 15 som
299 1258 40 21 han
360 1258 45 21 icke
420 1259 50 25 kan,
481 1265 48 15 men
545 1265 45 14 som
606 1259 28 26 på
649 1259 65 26 något
729 1260 42 19 sätt
785 1258 42 21 kan
842 1263 51 16 vara

65 1286 77 21 honom
161 1286 33 21 till
210 1286 76 21 fördel.
315 1287 42 26 Jag
372 1287 92 21 föreslår
480 1287 78 26 derför,
575 1289 31 19 att
621 1286 127 28 paragrafen
763 1286 69 21 skulle
849 1292 43 15 om-

65 1315 109 26 redigeras
193 1315 6 20 i
219 1314 36 22 det
274 1315 62 27 syfte,
352 1317 32 19 att
403 1315 63 27 fånge
486 1316 46 21 icke
550 1315 33 22 får
599 1315 71 21 utföra
685 1315 73 21 arbete
774 1315 55 21 efter
844 1317 48 24 eget

65 1343 34 21 val
115 1343 38 21 och
169 1342 33 22 för
218 1349 52 20 egen
286 1343 96 27 räkning.

134 1371 32 21 Hr
180 1371 132 27 Eneberg:
328 1371 114 28 Meningen
458 1372 40 21 har
513 1373 62 25 varit,
591 1374 31 19 att
638 1378 25 15 en
679 1372 83 21 skilnad
774 1371 69 22 skulle
855 1372 36 25 gö-

65 1405 36 16 ras
124 1399 77 22 mellan
221 1399 163 22 tukthusarbete
404 1400 38 21 och
462 1401 75 21 arbete
556 1402 6 19 i
581 1401 83 26 vanligt
682 1400 101 26 fängelse,
803 1399 89 21 emedan

65 1428 59 20 såväl
137 1428 67 26 enligt
214 1428 106 21 allmänna
334 1429 212 25 rättsmedvetandet,
555 1435 45 14 som
612 1429 67 26 enligt
689 1429 60 26 lagen
761 1429 36 20 det
807 1427 85 26 tvångs-

65 1456 81 26 arbete,
159 1462 44 15 som
220 1456 55 21 skall
291 1456 82 21 utföras
389 1457 6 20 i
407 1456 97 27 tukthus,
516 1457 38 21 bör
569 1463 52 15 vara
636 1463 45 15 mer
692 1456 107 26 intensivt,
811 1457 27 19 än
849 1454 44 27 det,

65 1490 45 15 som
130 1484 81 21 utföres
230 1484 6 21 i
256 1484 103 27 fängelse,
379 1485 38 21 der
436 1485 5 21 i
462 1485 117 21 allmänhet
600 1485 26 21 de
649 1485 57 21 brott
724 1485 103 25 försonas,
847 1489 45 15 som

65 1512 64 21 hafva
149 1518 25 16 en
193 1513 82 21 mindre
294 1513 64 27 farlig
377 1513 108 21 karakter.
515 1514 50 20 Just
583 1514 73 20 derför
675 1516 31 18 att
725 1513 68 21 denna
811 1512 82 21 olikhet

65 1540 70 21 skulle
154 1540 121 27 förefinnas,
291 1541 39 21 har
346 1542 160 26 propositionen
522 1542 75 20 tillåtit
612 1541 102 27 fångarne
730 1542 7 20 i
752 1541 81 26 vanligt
848 1540 45 21 fän-
