1086 1736
361 134 92 22 Borgarest.
465 133 45 19 1888.
534 134 21 18 28
567 133 40 23 Maj.
825 133 44 18 1419

70 202 89 27 kraftigt
182 202 109 22 befordrat
313 202 101 22 Finlands
434 202 139 22 intelektuela
591 203 40 21 och
650 202 106 21 nationela
775 202 116 26 förkofran,

71 231 127 27 lyckönskar
220 225 46 27 Åbo
286 230 47 22 stad
352 233 31 19 att
401 231 7 21 i
428 231 36 21 det
484 237 27 15 nu
530 233 57 19 resta
603 230 139 22 konstverket
757 236 40 21 ega
811 233 31 19 ett
856 236 36 21 ge-

71 266 48 14 nom
142 260 70 20 sekler
235 259 115 21 bestående
372 259 157 21 minnesmärke
552 260 59 20 öfver
632 259 42 21 Per
693 259 70 21 Brahe
782 259 39 21 och
839 259 53 21 hans

70 287 143 28 lifsgerning*.

139 378 87 21 Plenum
243 378 75 21 afslöts
334 378 52 21 härä
401 378 29 21 kl.
447 379 63 26 11,30
525 385 17 14 e.
559 385 26 15 m.

656 423 22 18 In
690 423 64 18 fidem:

593 451 97 22 Mauritz
705 451 118 27 Hornborg.

282 621 100 28 Tisdagen
398 622 38 23 den
452 622 26 23 29
495 622 38 27 maj
549 621 26 23 kl.
591 621 13 23 6
620 626 17 18 e.
654 627 24 17 m.

138 680 41 21 Vid
195 679 118 22 verkstäldt
331 685 82 20 upprop
433 678 105 22 befunnos
557 678 96 21 ständets
673 678 98 26 samtliga
790 677 101 21 medlem-

71 715 46 15 mar
140 708 138 25 närvarande,
297 708 92 21 förutom
408 707 38 21 hrr
465 707 148 22 Söderlund
633 707 39 20 och
691 706 154 25 Herckman,
864 705 27 27 pä

71 737 68 27 grund
162 737 22 27 af
205 736 91 26 tidigare
319 735 122 22 meddeladt
464 735 102 24 tillstånd,
589 737 56 19 samt
664 735 37 20 hrr
720 735 171 25 Heimberger

71 765 39 22 och
125 765 24 21 A.
170 765 97 26 Öberg,
286 764 72 21 hvilka
376 764 86 26 anmält,
482 766 32 19 att
529 764 26 21 de
571 763 23 22 af
607 763 100 28 sjukdom
722 769 51 15 voro
788 762 102 21 hindrade

70 796 32 19 att
117 793 198 22 tillstädeskomma.

139 878 114 27 Upplästes
273 878 33 20 till
324 878 106 26 justering
450 878 40 21 och
510 878 123 26 godkändes
652 876 105 22 särskilda
773 876 77 26 utdrag
865 882 26 14 ur

70 906 189 28 borgareständets
275 906 35 21 vid
327 909 84 19 senaste
426 906 87 27 plenum
529 906 61 21 förda
605 905 115 27 protokoll.

138 992 116 27 Upplästes
277 998 26 15 en
324 991 55 22 ifrän
402 992 204 26 strafflagutskottet
628 991 121 21 inkommen
771 990 120 25 skrifvelse,

70 1020 78 21 hvarur
167 1020 110 26 framgick,
297 1022 32 19 att
343 1020 95 27 lagenlig
453 1020 198 27 ständerpluralitet
666 1020 85 20 vunnits
765 1019 34 21 för
813 1018 79 26 nädiga

70 1048 167 27 propositionen,
263 1048 151 27 innefattande,
438 1050 58 19 utom
520 1050 69 24 annat,
613 1048 81 27 förslag
716 1047 31 22 till
766 1046 125 26 förordning

70 1082 33 15 om
127 1083 77 15 ansvar
227 1076 33 21 för
284 1077 47 26 dem,
354 1083 45 15 som
420 1076 100 27 olofligen
538 1077 80 21 förmär
636 1077 69 26 nägon
724 1075 33 22 till
775 1074 117 27 öfvergäng

69 1104 47 21 från
132 1111 26 15 en
174 1105 92 21 troslära
283 1105 32 21 till
331 1111 75 20 annan,
424 1105 39 21 och
480 1105 54 21 hade
550 1105 26 21 de
587 1105 7 21 i
605 1105 89 21 ärendet
704 1104 111 23 tillkomna
826 1102 65 22 hand-

69 1133 98 27 lingarna
182 1133 152 22 öfverlemnats
349 1134 33 21 till
399 1133 245 27 expeditionsutskottet.

138 1218 121 28 Föredrogs
279 1219 39 21 och
337 1219 124 27 godkändes
477 1221 51 19 utan
543 1218 123 22 diskussion
681 1217 159 23 statstuskottet
855 1216 37 22 be-

69 1246 108 22 tänkande
196 1254 33 14 n:o
250 1247 26 22 18
291 1247 7 21 i
314 1248 114 26 anledning
448 1247 24 21 af
490 1248 77 26 nädiga
586 1248 159 27 propositionen
764 1252 34 15 n:o
813 1245 28 21 39
857 1250 34 16 om

69 1275 116 21 anvisande
204 1276 24 20 af
245 1276 70 21 medel
333 1276 32 21 till
386 1276 138 21 bestridande
543 1276 23 21 af
583 1276 144 21 kostnaderna
745 1275 36 26 för,
796 1274 95 27 uppsätt-

69 1304 51 26 ning
135 1303 39 21 och
190 1304 113 21 underhäll
319 1304 23 22 af
355 1304 66 21 finskt
432 1304 82 22 kalleri.

138 1389 121 27 Föredrogs
280 1389 152 27 lagutskottets
452 1390 81 26 förslag
551 1390 32 20 till
603 1389 204 27 sammanjemkning
826 1388 23 21 af
867 1388 26 20 de

69 1417 68 21 delvis
153 1418 124 26 skiljaktiga
296 1418 77 26 beslut,
392 1418 61 21 hvari
473 1418 89 21 ständen
581 1420 86 19 stannat
686 1418 36 21 vid
736 1416 157 27 behandlingen

70 1446 24 20 af
108 1446 118 21 utskottets
242 1446 134 21 betänkande
392 1452 34 15 n:o
444 1446 27 21 19
486 1446 7 21 i
509 1446 114 27 anledning
639 1446 23 21 af
676 1448 30 19 ett
721 1446 56 21 inom
792 1446 102 25 borgare-

68 1473 87 22 ständet
175 1474 62 21 väckt
253 1474 174 26 motionsförslag
443 1480 34 15 om
495 1475 118 25 ersättning
628 1474 22 21 af
666 1475 106 20 allmänna
787 1472 70 23 medel
873 1472 22 21 ät

68 1501 83 21 vittnen
167 1502 6 20 i
189 1502 109 24 brottmäl,
317 1502 38 21 och
375 1502 45 21 blef
438 1502 77 21 härvid
534 1502 116 22 utskottets
668 1502 81 26 förslag
764 1502 32 20 till
813 1500 81 28 lydelse

67 1528 35 22 för
117 1529 12 27 $
146 1531 10 19 1
174 1532 51 19 utan
241 1530 140 27 anmärkning
396 1530 118 27 godkändt.
