1086 1739
216 132 38 31 888
490 138 94 23 Borgarest.
598 138 50 19 1888.
671 139 11 18 5
694 138 38 23 Maj.

197 206 78 25 säkert,
292 208 31 20 att
339 207 25 21 de
379 207 82 27 färdiga
480 208 148 26 produkterna
643 208 84 21 komma
742 209 33 19 att
789 207 76 22 forslas
877 213 38 20 per
924 207 93 27 jernväg.

197 235 42 21 Det
254 237 23 18 är
294 235 73 22 endast
382 236 187 27 råmaterialierna,
586 243 45 14 som
642 236 148 27 förnämligast
800 236 86 21 komma
897 238 31 19 att
938 236 80 21 undan-

198 263 76 28 dragas
292 264 124 27 jernvägen;
436 266 22 26 ty
478 267 32 19 att
525 265 50 22 flere
591 265 80 27 gånger
686 265 91 21 omlasta
792 265 48 20 dem
856 264 40 21 och
910 264 46 21 föra
971 265 47 21 dem

198 294 26 19 än
247 293 48 21 med
317 293 59 27 pråm
399 293 39 22 och
458 296 26 19 än
504 294 47 21 med
567 294 55 25 häst,
638 294 55 21 låter
708 294 32 27 sig
755 293 47 22 icke
818 295 57 25 göra.
905 293 113 21 Dessutom

197 321 39 21 har
256 328 50 15 man
327 322 80 27 påstått
423 334 25 3 —
464 322 129 22 åtminstone
615 323 40 20 har
673 323 35 20 det
726 322 24 21 så
769 321 101 22 förefallit
888 322 43 27 mig
945 333 28 4 —
988 324 31 19 att

198 350 69 21 denna
282 350 54 21 bana
352 357 49 15 vore
416 351 136 21 uteslutande
568 351 33 21 för
616 351 102 21 Wärtsilä
733 351 67 20 bruks
815 351 95 26 räkning.
939 350 41 21 Det
995 352 23 19 är

197 379 59 26 långt
278 379 54 21 ifrån
355 379 65 21 fallet.
451 379 102 24 Wärtsilä
572 382 24 19 är
615 386 26 15 en
657 380 73 26 punkt,
746 379 38 21 der
799 381 92 25 vägarne
906 379 46 21 från
968 377 50 23 flera

197 407 44 21 håll
256 408 26 27 gå
297 408 56 27 ihop,
369 408 36 21 det
420 410 23 19 är
459 415 25 14 en
499 408 179 27 marknadsplats.
702 409 76 20 Denna
793 408 56 21 bana
864 407 83 22 komme
963 408 55 21 dess-

197 437 60 20 utom
280 438 32 19 att
330 436 62 21 skära
410 437 106 27 Jänisjoki
534 437 127 27 ångbåtsled
677 437 38 21 och
731 437 92 21 derifrån
840 438 94 25 upptaga
949 436 69 21 trafik.

198 464 74 22 Denna
293 464 62 22 trafik
373 465 95 22 kommer
483 472 48 15 man
546 466 48 21 icke
610 467 31 20 att
656 465 142 28 tillgodogöra
812 465 38 27 sig,
867 465 45 21 ifall
927 465 46 21 icke
987 465 31 21 bi-

198 493 49 26 spår
262 493 58 22 ledes
335 494 40 21 ned
390 494 32 21 till
438 494 152 27 ångbåtsleden
607 494 40 21 och
662 494 108 21 anordnas
784 493 28 28 på
828 495 30 20 ett
869 493 48 22 fullt
927 493 92 22 förmån-

197 522 39 27 ligt
251 523 49 20 sätt.

266 551 45 20 Här
325 551 38 20 har
379 551 63 21 också
457 551 55 21 varit
526 551 61 28 fråga
602 558 35 15 om
651 551 136 28 regeringens
802 551 117 26 tullpolitik
933 551 38 21 och
982 557 36 15 an-

197 579 88 24 märkts,
301 581 32 20 att
347 580 123 27 regeringen
486 586 76 21 genom
577 580 55 27 höga
647 580 64 21 tullar
724 580 40 21 har
778 579 82 22 försökt
870 586 112 21 uppamma
992 586 26 15 en

198 608 105 27 onaturlig
324 608 96 21 industri.
450 609 42 21 Det
514 611 24 18 är
560 609 124 26 visserligen
706 609 66 26 fallet,
789 609 39 20 och
847 608 68 21 skulle
931 609 36 26 jag
986 608 32 21 för

196 637 44 20 min
256 637 34 20 del
304 643 65 20 gerna
384 643 28 20 se,
428 639 32 19 att
475 637 59 21 detta
549 638 110 27 tullskydd
675 637 38 22 allt
728 643 58 16 mera
800 637 121 21 minskades
932 637 39 21 och
980 643 38 14 un-

198 665 131 28 danrycktes,
349 671 48 15 men
412 666 12 21 å
440 666 66 21 andra
521 666 60 21 sidan
597 666 74 27 tycker
684 667 37 26 jag
736 667 37 20 det
788 665 139 27 naturligaste
942 667 29 25 är,
987 667 31 20 att

197 694 124 26 regeringen
335 693 33 22 för
384 696 31 19 att
430 695 113 26 upphjelpa
556 695 156 26 jernindustrin
726 694 134 22 underlättar
874 694 144 21 kommunika-

197 722 98 21 tionerna
317 722 32 21 för
368 723 136 26 jernbruken,
520 723 35 21 det
575 730 40 15 ena
633 725 108 25 motsäger
756 723 63 21 alltså
833 723 47 21 icke
895 723 35 21 det
945 723 72 21 andra.

197 751 41 21 Vill
258 757 49 15 man
325 751 22 21 få
362 751 48 21 bort
425 751 25 22 de
466 752 55 26 höga
536 752 98 26 tullarne,
651 752 38 21 bör
705 758 49 15 man
770 751 139 27 underhjelpa
924 752 94 21 kommu-

197 779 152 27 nikationerna,
372 779 32 22 för
426 781 32 20 att
476 781 82 20 bruken
577 781 61 21 skola
657 781 71 21 kunna
743 780 94 21 uthärda
852 780 164 21 konkurrensen.

197 808 42 21 Det
261 809 66 26 ligger
349 808 63 21 också
434 815 26 14 en
482 809 42 20 viss
546 809 157 27 inkonseqvens
721 810 6 20 i
744 809 42 25 det,
803 810 32 19 att
850 815 48 15 man
913 809 63 27 yrkar
990 809 28 26 på

196 836 81 22 Imatra
292 837 69 21 banan
376 837 114 27 samtidigt,
499 843 45 16 som
559 844 49 15 man
624 838 107 21 förkastar
746 837 103 22 Wärtsilä
864 837 76 22 banan.
962 837 10 22 I
982 838 36 21 det

196 871 42 15 ena
256 865 61 22 fallet
334 865 38 21 har
387 872 49 15 man
452 873 25 14 en
492 867 63 20 säker
570 867 39 20 och
626 867 96 21 bestämd
737 866 100 26 inkomst,
853 872 45 15 som
913 872 48 15 man
975 866 42 21 kan

196 893 121 28 kalkylera;
332 895 7 20 i
354 894 36 21 det
405 895 65 20 andra
485 895 60 21 fallet
561 895 79 28 bygger
655 901 49 15 man
719 895 27 27 på
763 901 26 14 en
805 894 148 28 förhoppning.
977 895 41 27 Jag

197 922 34 21 för
249 923 42 20 min
312 923 33 20 del
360 923 36 21 vill
412 923 54 21 dock
480 923 46 21 icke
541 923 62 22 deraf
617 924 66 27 draga
699 924 40 21 den
755 923 121 26 slutsatsen,
893 925 32 19 att
939 923 79 21 Imatra

197 951 71 21 banan
283 951 66 21 borde
363 951 111 26 förkastas,
491 954 51 19 utan
556 953 37 20 vill
608 954 91 19 tvärtom
716 952 90 27 påpeka,
816 953 30 20 att
862 952 103 21 utskottet
973 952 45 27 just

196 979 115 22 motiverat
332 980 68 21 denna
421 981 57 20 bana
500 981 92 26 dermed,
616 983 32 19 att
671 981 40 21 den
734 983 24 18 är
777 980 74 21 afsedd
867 981 33 20 för
915 981 25 20 de
955 980 61 25 bruk,

197 1013 46 16 som
263 1008 37 21 der
319 1007 55 22 hålla
391 1009 31 26 på
437 1011 31 19 att
483 1009 84 27 uppstå.
598 1009 50 22 Man
663 1011 36 20 vet
713 1009 113 26 nemligen,
843 1011 31 19 att
889 1009 34 20 vid
939 1009 78 21 Wuok-

196 1042 49 15 sens
268 1037 74 26 utlopp
364 1037 46 21 från
434 1037 82 22 Saimen
539 1038 66 21 redan
624 1038 68 21 finnes
711 1044 25 15 en
756 1039 68 20 större
844 1037 131 27 anläggning,
991 1044 26 15 en

196 1065 125 27 mjölqvarn,
340 1065 39 21 och
398 1068 32 18 att
445 1072 25 15 en
486 1067 175 21 trämassefabrik
676 1069 23 18 är
714 1067 68 20 under
798 1066 127 26 anläggning
939 1067 78 20 nedan-

196 1098 34 16 om
246 1094 85 20 Imatra.
354 1094 61 21 Hade
430 1094 35 21 vid
480 1094 40 22 den
535 1094 121 28 föreslagna
671 1094 193 27 bansträckningen
878 1094 47 22 icke
939 1094 78 22 funnits

196 1121 69 27 någon
281 1122 110 22 industriel
406 1122 127 28 anläggning
548 1123 45 26 alls,
602 1125 24 19 är
641 1124 36 20 det
692 1123 111 27 antagligt,
815 1124 32 20 att
857 1123 105 21 utskottet
971 1123 46 21 icke

195 1149 56 22 hade
265 1150 95 22 förordat
376 1151 69 21 denna
459 1151 84 21 bibana.
566 1152 49 21 Men
631 1152 36 21 det
682 1154 24 18 är
721 1154 32 19 att
768 1153 85 26 antaga,
869 1153 31 19 att
914 1152 37 20 der
961 1152 56 20 inom

195 1178 49 22 kort
260 1178 54 22 skall
328 1180 78 26 uppstå
421 1186 26 14 en
462 1180 77 26 mängd
553 1180 101 26 fabriker,
670 1180 72 22 hvilka
757 1180 61 21 skola
833 1180 140 26 tillgodogöra
986 1180 32 26 sig

194 1206 42 22 den
255 1208 59 20 stora
331 1208 148 21 naturkraften
498 1209 8 21 i
524 1208 104 22 forsarna.
658 1209 10 21 I
684 1209 36 21 det
734 1215 42 15 ena
791 1208 60 22 fallet
867 1210 23 19 är
903 1208 114 28 jernvägen

194 1235 80 27 dragen
290 1236 33 21 för
337 1238 32 20 att
384 1236 112 22 framkalla
511 1244 40 20 nya
567 1238 158 26 anläggningar,
741 1238 8 20 i
765 1237 37 21 det
816 1237 67 21 andra
897 1237 32 21 för
940 1239 31 19 att
981 1237 37 20 be-

194 1264 60 26 tjena
269 1270 26 15 en
310 1265 64 21 redan
390 1265 102 27 befintlig.

264 1293 171 28 Fullständigare
450 1300 50 15 vore
515 1294 134 27 naturligtvis
665 1296 36 25 att,
718 1294 71 22 såsom
803 1294 25 20 hr
839 1294 53 21 Lille
902 1293 115 28 föreslagit,

192 1322 92 26 utdraga
306 1322 79 21 Imatra
407 1322 69 22 banan
495 1322 32 22 till
546 1322 95 22 Saimens
661 1323 79 25 strand,
761 1323 33 21 till
810 1322 102 21 Harakka
927 1322 91 26 lastage-

192 1350 64 26 plats,
272 1357 48 15 men
335 1350 59 22 detta
410 1350 68 22 skulle
493 1351 96 21 medföra
603 1358 26 14 en
644 1352 124 27 ytterligare
784 1351 92 21 kostnad
891 1350 23 22 af
927 1351 91 25 430,000

192 1379 68 26 mark,
277 1379 39 21 och
331 1379 38 21 allt
390 1379 42 21 kan
454 1380 47 21 icke
519 1382 62 24 göras
600 1380 27 27 på
646 1386 26 15 en
690 1380 63 28 gång.
786 1380 110 21 Utskottet
910 1379 39 21 har
963 1379 55 21 varit

192 1406 50 22 fullt
257 1408 133 27 öfvertygadt
406 1408 78 26 derom,
492 1410 38 24 att,
542 1415 34 14 om
591 1415 49 15 man
656 1415 26 15 en
696 1409 57 27 gång
768 1408 34 22 för
817 1408 69 21 banan
897 1408 32 21 till
939 1408 79 21 Imatra

192 1436 40 20 och
248 1436 36 21 det
300 1437 55 21 visar
370 1436 38 27 sig,
424 1438 32 20 att
471 1437 26 21 de
512 1437 37 21 der
565 1436 109 28 befintliga
689 1437 125 21 fabrikerna
829 1436 67 22 blifva
906 1437 6 20 i
923 1436 65 22 behof
997 1436 23 22 af

192 1463 128 29 hamnplats,
342 1465 71 21 banan
436 1466 64 20 också
522 1465 55 21 skall
599 1466 121 21 utsträckas
738 1466 34 20 till
792 1465 109 21 Harakka.
932 1465 41 21 Till
991 1472 26 14 en

191 1491 77 28 början
282 1494 62 21 torde
359 1494 63 21 dessa
436 1494 95 21 fabriker
549 1494 66 21 blifva
634 1494 96 28 betjenta
749 1494 24 21 af
786 1494 50 27 spår
854 1494 8 20 i
877 1500 25 15 en
917 1494 99 27 riktning,

191 1520 126 28 isynnerhet
331 1528 45 16 som
392 1522 36 21 det
442 1523 48 21 icke
504 1523 61 21 torde
579 1529 52 15 vara
646 1523 96 27 omöjligt
758 1524 34 20 att
807 1522 52 22 flöta
869 1523 41 21 ned
921 1522 32 22 för
963 1522 54 22 Ima-

190 1550 36 20 tra
244 1549 38 22 fall
301 1552 102 25 trävaror,
423 1551 36 21 det
478 1552 54 20 enda
549 1551 128 27 råmaterial,
696 1558 46 15 som
758 1552 63 20 dessa
835 1551 95 21 fabriker
945 1552 72 27 antag-
