1081 1731
330 121 95 22 Borgarest.
437 120 46 19 1888.
508 120 22 19 26
541 120 51 23 April.
814 121 32 18 781

48 189 63 27 afgift
133 189 54 21 skall
209 189 101 27 påläggas
334 195 25 15 en
377 189 87 21 konsert
479 189 6 21 i
502 195 26 14 en
543 189 164 27 landsortsstad,
724 190 36 21 der
774 196 49 15 man
838 190 34 22 får

48 219 50 25 ihop
121 217 66 27 några
208 218 82 21 hundra
312 217 68 26 mark,
396 223 46 15 som
457 217 33 21 för
505 224 26 14 en
546 220 46 19 stor
606 218 88 21 konsert
709 218 7 21 i
731 218 140 27 Helsingfors,

49 252 45 16 som
109 246 41 21 kan
166 246 97 27 inbringa
278 246 55 21 ända
347 246 33 21 till
395 246 13 21 6
424 245 12 21 å
452 246 64 26 7,000
530 246 67 21 mark.
621 247 42 20 Det
678 248 24 19 är
718 253 25 14 en
758 247 62 26 högst
835 247 37 21 be-

49 275 105 27 synnerlig
176 275 94 25 rättvisa,
292 281 45 14 som
360 274 106 21 utskottet
488 275 70 20 ansett
580 275 32 26 sig
633 274 75 21 utöfva
722 281 75 21 genom
812 275 60 21 detta

49 303 85 26 förslag.
164 303 41 27 Jag
228 303 68 21 skulle
319 303 123 26 visserligen
462 302 55 21 helst
533 309 29 19 se,
578 304 32 20 att
625 309 49 15 man
690 303 110 21 bestämde
815 303 58 21 olika

49 331 97 27 taxering
168 331 33 21 för
223 331 26 21 de
272 331 56 21 olika
351 331 45 26 slag
418 331 212 26 konstprestationer,
654 337 45 15 som
722 331 38 21 här
776 333 36 19 äro
828 337 44 15 om-

49 360 98 24 nämnda,
163 365 47 16 men
226 359 27 22 då
267 359 106 22 utskottet
388 359 73 27 tyckes
477 359 23 22 så
516 360 68 21 envist
600 360 63 21 ställa
678 360 31 26 sig
724 360 27 26 på
763 366 25 15 en
799 359 73 22 exklu-

50 388 31 21 siv
103 388 167 26 Helsingforsisk
293 387 137 28 ståndpunkt,
454 388 39 21 och
512 388 47 21 icke
575 388 39 21 alls
630 388 73 21 kunna
718 389 98 20 betrakta
830 388 43 21 för-

50 416 134 27 hållandena,
212 417 78 20 sådana
319 417 25 20 de
369 416 92 27 gestalta
483 417 32 26 sig
536 417 7 20 i
566 417 129 26 landsorten,
720 417 23 20 så
765 419 45 19 tror
829 417 43 26 jag,

51 446 32 20 att
97 445 20 21 vi
132 445 48 21 bäst
196 445 38 21 och
250 445 121 26 lämpligast
386 445 85 20 komma
485 445 47 20 från
548 445 72 26 saken,
632 451 77 21 genom
720 446 30 20 att
760 445 114 27 godkänna

50 473 166 27 propositionen.
239 474 41 26 Jag
295 473 42 21 kan
352 473 46 21 icke
414 473 66 20 heller
496 473 75 21 förena
585 474 44 25 mig
644 479 34 15 om
694 474 26 20 de
736 474 22 21 af
771 474 36 21 hrr
817 473 56 26 Nep-

51 503 108 25 penström
176 502 39 21 och
231 501 67 22 Walle
314 501 74 27 gjorda
402 501 147 27 uttalandena,
566 504 32 19 att
614 502 122 21 landsorten
751 502 69 22 skulle
835 502 39 21 ske

51 536 26 15 en
100 534 43 18 stor
165 530 67 28 lycka,
256 537 34 14 om
312 530 26 21 de
356 530 68 26 aldrig
439 530 99 21 besöktes
554 530 24 21 af
592 530 218 22 cirkusföreståndare
825 530 48 21 med

51 558 59 27 flere;
123 559 37 27 jag
174 559 118 27 tillstyrker
307 559 129 26 antagandet
451 558 23 22 af
487 559 166 26 propositionen.

119 588 32 20 Hr
173 588 114 26 Högman
305 587 144 21 understödde
465 587 25 21 hr
505 587 119 21 Snellmans
640 587 86 27 förslag,
742 588 27 20 då
783 588 42 20 han
841 593 33 15 re-

52 616 40 20 dan
108 616 8 21 i
130 616 106 21 utskottet
250 616 126 20 understödt
391 617 31 19 ett
437 615 67 27 dylikt
520 615 86 27 förslag.

120 644 31 21 Hr
173 644 151 21 Rönnbäck:
347 644 29 20 Af
397 644 41 20 den
462 644 126 26 diskussion,
608 650 47 15 som
670 650 28 14 nu
714 644 38 20 har
767 643 107 27 förelupit,

51 672 39 21 har
110 672 37 28 jag
170 673 89 21 kommit
282 674 31 19 att
334 672 63 27 nägot
413 672 66 21 ändra
494 672 61 28 äsigt.
586 673 41 25 Jag
641 672 40 21 har
696 672 75 26 funnit,
787 674 31 19 att
834 672 40 20 den

51 700 145 28 formulering,
212 701 104 21 utskottet
331 700 61 27 gifvit
408 701 21 21 ät
444 701 32 21 sin
492 701 64 25 kläm,
572 703 24 18 är
610 700 82 27 ganska
702 700 100 27 olämplig
812 700 62 21 äfven

51 729 48 21 med
118 729 36 21 det
170 729 22 21 af
205 729 26 21 hr
246 729 147 27 Schybergson
409 729 75 27 gjorda
498 729 188 27 amandemanget;
702 729 39 21 och
757 729 68 21 skulle
838 729 37 27 jag

51 764 35 20 nu,
110 758 64 20 sedan
194 758 38 26 jag
254 758 88 20 sålunda
363 757 71 21 blifvit
456 757 95 26 klokare,
570 757 75 21 förena
660 758 43 26 mig
718 764 34 14 om
766 758 26 20 hr
808 757 67 21 Snell-

52 792 60 15 mans
127 785 86 28 förslag.

122 814 70 21 Sedan
215 816 55 19 ännu
293 814 36 21 hrr
352 814 181 27 Schybergson
553 814 39 21 och
608 814 168 21 Hasselblatt
791 813 84 21 förenat

53 842 31 27 sig
93 848 33 15 om
134 842 26 21 hr
168 842 118 22 Snellmans
294 842 86 27 förslag,
389 842 135 22 förklarades
532 842 148 22 diskussionen
688 842 99 26 afslutad,
795 841 81 27 hvarpä

52 870 26 21 hr
99 870 122 22 talmannen
242 872 90 20 rörande
354 871 101 27 paragraf
474 872 9 20 1
504 872 6 20 i
528 871 116 21 utskottets
660 870 216 27 författningsförslag

52 898 125 22 framstälde
201 900 32 20 till
250 899 188 28 borgareständets
453 899 133 21 besvarande
601 906 26 14 en
643 900 23 20 sä
681 900 90 26 lydande
786 900 90 20 omröst-

52 927 194 28 ningsproposition
252 936 4 13 :

120 955 41 27 De,
181 956 69 21 hvilka
264 956 70 21 säsom
350 956 205 27 kontraproposition
570 958 42 19 mot
627 956 107 21 utskottets
748 955 81 28 förslag
844 955 32 20 till

53 983 75 28 lydelse
150 984 36 27 för
206 984 107 27 paragraf
334 986 12 19 1
368 984 64 21 önska
455 987 76 24 antaga
546 985 26 20 hr
590 984 112 27 Uloubergs
717 984 87 27 förslag,
819 985 58 19 rösta

48 1013 39 27 Ja;
104 1013 30 25 de,
151 1013 33 20 det
199 1012 43 22 icke
258 1013 70 26 önska,
344 1015 56 19 rösta
415 1013 47 27 nej;

122 1041 73 21 vinner
217 1042 43 27 nej,
283 1041 39 21 har
344 1041 171 27 borgareståndet
533 1041 8 21 i
556 1042 78 21 sådant
649 1041 97 27 afseende
760 1040 118 27 föredragit

53 1069 25 21 hr
101 1069 118 22 Snellmans
241 1070 87 27 förslag,
352 1072 28 19 att
402 1071 77 26 antaga
501 1070 40 21 den
563 1070 79 27 nådiga
662 1069 168 28 propositionens
846 1068 31 27 ly-

53 1097 55 22 delse
122 1097 36 27 för
170 1098 108 27 paragraf
290 1100 19 19 1.

122 1127 70 21 Sedan
215 1127 69 21 denna
306 1127 130 27 proposition
459 1127 111 22 besvarats
592 1127 49 21 med
664 1126 154 27 öfvervägande
835 1125 41 27 nej,

54 1155 67 21 erhöll
144 1155 40 21 den
206 1155 86 27 slutliga
312 1155 304 27 omröstningspropositionen
632 1155 130 21 beträffande
778 1153 102 28 paragraf

54 1185 9 19 1
81 1183 95 27 följande
191 1184 90 27 lydelse:

122 1211 40 26 De,
188 1212 68 21 hvilka
280 1211 112 28 godkänna
416 1211 107 28 paragraf
547 1213 13 19 1
582 1211 64 27 enligt
667 1211 107 22 utskottets
796 1210 83 27 förslag

54 1239 139 28 oförändrad,
209 1242 57 19 rösta
276 1241 40 27 ja;
332 1241 30 25 de,
379 1240 34 21 det
427 1240 44 21 icke
484 1242 59 25 göra,
559 1242 58 19 rösta
632 1241 46 26 nej;

121 1269 74 20 vinner
217 1269 40 26 nej,
280 1269 39 21 har
342 1269 170 26 borgareståndet
534 1268 36 27 för
590 1268 132 27 paragrafen
744 1267 80 27 antagit
839 1267 40 20 den

54 1296 81 27 lydelse,
151 1304 45 14 som
212 1298 39 20 den
266 1297 40 21 har
320 1297 9 20 i
344 1297 39 21 den
398 1297 80 26 nådiga
491 1298 164 25 propositionen.

122 1325 32 22 På
176 1326 72 21 derom
271 1326 110 21 framstäld
404 1326 94 27 begäran
513 1325 109 22 anstäldes
637 1325 103 26 votering,
756 1331 44 15 som
816 1323 63 22 utföll

54 1354 48 21 med
122 1355 28 21 23
163 1355 23 26 ja
202 1355 39 21 och
256 1355 27 21 29
298 1355 41 26 nej,
355 1354 32 21 till
403 1353 52 28 följd
471 1353 77 22 hvaraf
562 1354 84 21 säledes
660 1354 78 26 nådiga
752 1351 128 29 propositio-

54 1388 51 16 nens
120 1382 81 28 lydelse
216 1383 32 21 för
263 1383 101 26 paragraf
378 1383 11 20 1
406 1383 46 21 blef
466 1383 23 21 af
502 1382 177 27 borgareständet
694 1385 96 23 antagen.

122 1411 101 21 Härefter
241 1412 75 20 skreds
334 1412 32 20 till
382 1412 131 26 omröstning
528 1411 134 21 beträffande
677 1411 40 21 den
733 1411 32 21 del
782 1410 23 21 af
818 1414 62 21 para-

53 1439 49 27 graf
122 1440 19 25 2,
165 1440 45 20 deri
232 1440 36 20 hrr
292 1440 23 20 A.
340 1440 24 20 O.
384 1439 109 21 Snellman
511 1440 40 20 och
567 1440 156 26 Neppenström
738 1439 90 27 päyrkat
843 1439 37 19 än-

54 1467 67 27 dring,
144 1468 8 20 i
174 1468 82 20 hvilket
278 1468 100 21 afseende
399 1468 27 20 hr
448 1468 124 21 talmannen
589 1468 123 20 framstälde
728 1466 92 28 följande
836 1472 45 14 om-

54 1496 250 26 röstningsproposition:

122 1523 40 27 De,
182 1524 69 21 hvilka
266 1524 70 21 säsom
352 1524 207 26 kontraproposition
573 1526 43 18 mot
631 1523 107 21 utskottets
752 1522 82 28 förslag
849 1521 34 21 til
