1086 1709
344 118 93 22 Borgarest.
450 117 46 19 1888.
522 116 20 20 11
556 117 40 23 Maj.
816 118 44 18 1019

56 187 59 21 kläm
131 186 6 20 i
154 186 162 26 ifrågavarande
331 186 107 20 afseende.
466 186 44 20 För
525 188 32 19 att
571 192 30 15 nu
616 186 47 21 icke
679 186 140 22 framkomma
835 186 48 22 med

57 217 31 19 ett
103 214 123 21 alternativt
241 214 86 26 förslag,
339 214 36 20 vill
389 214 37 26 jag
441 214 36 20 vid
494 215 59 21 detta
568 214 86 21 tillfälle
670 214 115 21 inskränka
796 216 42 26 mig
849 215 32 21 till

59 245 31 19 att
105 242 86 26 föreslå,
204 242 36 21 det
255 242 32 21 till
303 242 68 21 denna
386 242 103 26 paragraf
503 243 66 21 måtte
583 242 62 26 fogas
660 244 32 19 ett
704 244 45 25 nytt
759 245 93 19 moment
862 243 23 21 af

57 271 94 27 följande
167 270 90 28 lydelse:
274 270 129 28 ,Förbruten
418 270 186 22 kautionssumma
619 270 99 22 tillfaller
732 270 69 22 finska
813 273 68 20 staten

56 300 41 21 och
115 300 74 26 läggas
205 299 32 21 till
253 299 292 21 kummunikationsfonden.*

126 328 33 21 Hr
173 327 129 22 Jusélius:
323 327 32 21 På
370 329 43 19 sätt
428 328 6 20 i
450 327 147 22 betänkandet
612 327 96 27 antydes,
725 327 38 22 har
778 328 104 21 utskottet

59 358 71 20 ansett
145 357 36 20 det
197 362 50 15 vara
263 355 145 27 fullkomligen
425 355 118 27 oformligt,
555 358 32 19 att
601 356 7 21 i
624 362 26 15 en
666 356 42 26 lag,
725 362 44 15 som
785 356 57 21 aiser
852 358 31 19 att

58 385 68 21 ordna
142 384 198 21 rättsförhållandet
355 385 91 20 emellan
462 386 78 24 staten,
551 385 70 20 såsom
638 386 149 25 representant
801 384 33 21 för
848 385 36 20 det

58 413 107 22 allmänna
183 413 108 25 intresset,
313 413 6 20 å
338 419 40 15 ena
396 413 60 20 sidan
477 413 40 21 och
536 413 152 21 koncessionär
706 413 27 26 på
752 413 41 21 den
811 413 72 25 andra,

59 442 101 21 inblanda
180 441 159 26 bestämningar
357 447 33 15 om
411 441 26 20 de
456 441 107 26 ändamål,
579 441 87 21 hvartill
686 443 69 19 staten
774 441 55 21 skall
848 447 36 14 an-

59 470 69 21 vända
143 471 47 20 sina
206 470 123 26 penningar.
352 469 78 21 Derför
446 469 71 22 kunde
533 469 65 27 något
614 470 77 20 sådant
706 470 117 26 stadgande
837 469 47 22 icke

60 499 39 20 här
118 499 85 20 komma
222 499 6 20 i
243 497 68 27 fråga,
327 498 38 21 och
381 497 67 22 måste
462 498 38 26 jag
517 504 58 20 anse,
591 500 31 19 att
638 498 104 21 utskottet
756 499 7 20 i
779 499 59 20 detta
853 497 31 22 af-

59 527 78 22 seende
160 527 88 20 handlat
269 526 139 27 konseqvent.
437 526 65 21 Hvad
520 527 47 20 åter
584 526 77 27 frågan
680 532 34 15 om
733 529 31 18 ett
783 526 102 21 särskildt

60 555 110 22 uttalande
189 555 137 26 vidkommer,
343 555 23 20 så
384 555 40 20 har
443 555 47 20 icke
507 555 68 21 heller
591 557 31 18 ett
638 555 76 20 sådant
729 557 58 24 synts
803 555 82 20 utskot-

59 586 33 19 tet
106 584 138 26 nödvändigt.
267 583 11 27 $
294 584 14 20 4
322 583 118 22 innehåller
456 583 115 26 nemligen,
587 585 31 19 att
634 583 100 21 säkerhet
748 583 7 21 i
769 584 116 26 penningar

60 612 39 21 och
121 613 146 26 värdepapper
287 612 107 20 eventuelt
414 612 55 21 skall
489 611 75 21 ställas
584 611 45 27 ,för
646 611 239 28 jernvägsbyggnadens

62 641 103 26 behöriga
187 641 39 20 och
249 640 122 27 ofördröjda
391 640 134 21 utförande".
556 640 41 21 Till
617 639 54 27 följd
690 640 62 21 häraf
769 646 61 21 synes
849 640 36 21 det

63 675 52 15 vara
133 669 101 26 temligen
254 668 113 27 sjelffallet,
390 671 32 18 att
440 668 112 21 förbruten
571 668 183 21 kautionssumma
772 669 6 20 i
797 668 89 21 främsta

61 699 92 19 rummet
168 697 39 20 bör
221 697 107 20 användas
344 697 32 20 till
392 697 208 21 subventionerande
616 696 23 21 af
653 698 47 25 nytt
713 697 82 26 företag
805 696 34 21 för
854 698 33 19 ut-

60 726 89 21 förande
164 725 22 21 af
201 731 80 15 samma
294 725 233 27 jernvägssträckning.
551 725 39 21 Om
607 725 107 26 företaget
728 725 44 21 helt
787 725 39 21 och
841 725 45 20 häl-

61 755 30 20 let
107 754 122 26 nedlägges,
246 753 72 27 tyckes
334 753 36 22 det
386 753 64 22 ocksä
465 760 53 15 vara
534 753 114 26 sannolikt,
664 756 32 18 att
711 753 108 21 förbruten
835 753 51 21 kau-

61 783 45 20 tion
129 782 108 21 användes
259 782 32 20 till
311 781 247 22 kommunikationernas
577 781 164 27 upphjelpande.
772 782 114 21 Dessutom

61 811 62 20 torde
143 817 48 14 man
211 810 52 21 böra
281 810 70 21 erinra
370 811 40 26 sig,
430 812 32 19 att
481 811 37 20 det
533 810 125 21 ankommer
673 810 28 26 pä
715 810 125 26 regeringen
855 811 32 19 att

63 839 124 26 bestämma,
198 838 105 22 huruvida
318 845 37 15 ens
370 839 69 27 nägon
456 839 184 21 kautionssumma
657 839 39 20 bör
709 838 84 22 komma
792 833 14 37 i
820 837 67 28 fräga,

61 868 40 21 och
121 870 32 19 att
169 868 35 20 det
219 867 90 26 säledes,
325 867 45 22 ifall
390 874 25 15 en
434 867 92 22 konflikt
541 867 69 22 skulle
626 867 84 27 uppstä,
725 867 71 21 kunde
811 866 76 26 hända,

61 898 33 19 att
114 896 126 27 regeringen
259 895 46 22 icke
321 896 41 21 alls
378 896 69 21 skulle
463 896 74 21 fordra
553 896 69 26 nägon
638 896 93 21 kaution.
761 895 49 22 Men
826 901 63 15 anser

64 924 177 27 borgareständet
260 926 30 19 ett
309 925 101 20 särskildt
429 925 113 20 uttalande
560 925 6 20 i
584 926 72 19 ämnet
671 930 51 15 vara
736 924 23 21 af
772 924 75 25 nöden,
864 923 25 21 sä

65 953 38 21 har
116 953 37 26 jag
169 952 33 21 för
217 953 43 20 min
275 953 34 20 del
325 953 110 26 ingenting
451 953 104 21 deremot.

133 981 70 21 Sedan
219 981 149 22 diskussionen
383 981 118 21 förklarats
516 981 100 26 afslutad,
628 981 125 21 framstälde
763 981 26 20 hr
798 980 90 21 talman-

65 1016 40 15 nen
120 1009 48 22 med
184 1009 114 27 anledning
313 1009 22 21 af
349 1010 25 20 hr
388 1009 132 22 Rönnbäcks
536 1009 81 27 förslag
632 1009 94 26 följande
737 1009 152 26 omröstnings-

64 1037 141 28 proposition:

132 1065 40 26 De,
190 1065 70 22 hvilka
277 1065 113 28 godkänna
408 1066 15 27 $
442 1067 30 20 12
490 1065 135 28 oförändrad
642 1065 64 28 enligt
720 1065 107 22 utskottets
841 1064 47 27 för-

64 1094 51 27 slag,
132 1095 56 20 rösta
200 1095 39 26 ja;
256 1094 29 27 de,
302 1095 33 20 det
350 1094 43 21 icke
406 1096 59 25 göra,
481 1096 58 19 rösta
553 1095 48 26 nej;

133 1123 74 20 vinner
221 1123 44 27 nej,
276 1123 39 20 har
330 1123 173 27 borgareständet
515 1122 88 27 beslutit,
617 1124 29 20 att
657 1122 32 21 till
698 1121 129 28 paragrafen
837 1120 54 22 skall

63 1151 63 27 fogas
141 1153 28 19 ett
183 1152 45 26 nytt
243 1153 89 19 moment
346 1151 48 21 med
408 1151 40 21 den
464 1151 83 27 lydelse,
564 1151 26 21 hr
605 1150 117 22 Rönnbäck
735 1150 116 27 föreslagit.

132 1180 76 21 Denna
223 1180 130 27 proposition
370 1180 132 21 besvarades
518 1180 48 21 med
580 1180 156 26 öfvervägande
745 1179 29 27 ja,
785 1178 40 21 och
835 1177 56 22 hade

64 1208 86 21 ständet
165 1208 83 21 säledes
264 1209 94 26 beslutit,
371 1210 33 19 att
418 1210 80 25 antaga
514 1208 70 21 denna
599 1208 102 27 paragraf
715 1207 128 22 oförändrad
856 1212 35 15 en-

65 1237 40 26 ligt
120 1237 115 20 utskottets
250 1237 140 21 betänkande.

133 1264 56 21 Utan
211 1265 121 21 diskussion
351 1265 125 27 godkändes
496 1265 24 27 $8
538 1265 32 26 13,
588 1265 27 21 14
630 1265 39 21 och
686 1265 26 21 15
727 1265 66 26 enligt
808 1263 83 21 utskot-

65 1295 42 19 tets
123 1293 87 26 förslag.
281 1299 2 2 :

134 1321 41 21 Vid
190 1321 151 27 föredragning
356 1322 23 21 af
393 1321 11 28 $
422 1322 26 21 16
459 1322 124 27 upprepade
599 1321 26 21 hr
639 1321 25 21 A.
676 1321 24 21 O.
712 1321 133 21 Snellman
855 1319 38 22 sitt

65 1349 92 27 tidigare
171 1350 77 21 väckta
263 1350 87 27 förslag,
366 1352 32 19 att
414 1350 70 21 denna
500 1349 102 28 paragraf
616 1350 66 21 mätte
697 1349 57 27 utgä.

134 1378 48 21 Med
199 1378 114 27 anledning
329 1378 23 21 af
366 1379 59 20 detta
440 1378 83 27 förslag
539 1378 126 21 framstälde
680 1378 26 21 hr
720 1378 121 21 talmannen
852 1375 40 22 föl-

62 1406 65 27 jande
144 1407 285 27 omröstningsproposition:

133 1434 40 26 De,
190 1434 69 22 hvilka
272 1435 113 27 godkänna
400 1435 15 28 $
427 1436 29 20 16
467 1434 135 28 oförändrad
613 1434 63 27 enligt
687 1434 106 22 utskottets
804 1432 87 28 förslag,

64 1464 58 20 rösta
133 1464 40 26 ja;
188 1464 32 25 de,
236 1464 34 20 det
284 1463 43 21 icke
341 1465 59 25 göra,
416 1465 58 19 rösta
489 1464 48 25 nej;

133 1492 75 20 vinner
226 1492 43 27 ncj,
289 1492 38 20 har
347 1492 173 26 borgareständet
539 1491 89 26 beslutit,
647 1492 31 20 att
696 1489 163 29 ifrägavarande
877 1489 16 28 $

65 1520 53 21 skall
133 1520 53 26 frän
201 1520 243 28 författningsförslaget
458 1520 59 27 utgä.
