1089 1725
110 138 7 4 ”
355 136 91 22 Borgarest.
464 135 50 20 1888.
537 136 22 19 26
571 136 38 24 Maj.
821 136 44 18 1353

139 204 151 23 Diskussionen
313 205 133 21 förklarades
465 205 52 21 härä
536 206 99 26 afslutad,
655 206 40 21 och
714 206 135 22 framstäldes
866 205 24 22 af

71 234 25 20 hr
111 234 123 21 talmannen
249 234 93 26 följande
358 234 286 27 omröstningsproposition
635 230 13 35 :

139 260 39 28 De,
197 262 67 21 hvilka
286 261 110 27 godkänna
418 261 107 22 utskottets
546 262 81 27 förslag
649 262 10 21 i
680 262 97 27 afseende
797 264 14 20 &
833 263 16 28 $
867 263 21 25 6,

72 291 56 20 rösta
139 290 35 27 ja;
189 290 31 27 de,
236 291 33 20 det
282 289 43 22 icke
338 291 58 26 göra,
411 291 57 20 rösta
483 291 46 27 nej;

138 319 72 20 vinner
229 319 42 27 nej,
290 318 38 21 har
347 318 169 27 borgareständet
533 318 36 28 för
587 319 16 28 $
621 319 14 20 6
653 319 80 27 antagit
751 319 38 21 den
807 319 81 28 lydelse,

71 353 44 15 som
134 347 91 26 friherre
243 353 39 14 von
300 346 62 21 Born
379 347 33 21 uti
429 347 35 21 sin
479 347 32 21 till
525 347 315 28 sammanjemkningsförslaget
853 347 35 28 fo-

70 375 53 26 gade
138 375 151 22 reservationen
303 375 113 27 föreslagit.

138 404 159 27 Propositionen
324 405 128 20 besvarades
477 405 48 21 med
548 404 157 27 öfvervägande
728 404 41 27 nej,
791 404 38 22 och
851 410 37 15 var

76 432 83 21 således
175 432 89 22 friherre
278 439 41 15 von
334 433 68 21 Borns
417 433 130 21 reservation
563 436 91 23 antagen
669 433 6 21 i
691 433 69 22 denna
775 433 40 21 del.

139 461 115 26 Förslagen
272 461 8 21 i
298 461 99 22 afseende
416 461 12 21 å
447 461 25 28 $$
492 462 12 21 7
520 461 39 22 och
573 462 14 21 9
602 461 124 22 föranledde
742 461 45 22 icke
803 461 31 21 till
850 461 37 21 nå-

75 495 40 21 gon
131 489 74 27 åtgärd
221 489 46 22 från
283 490 187 26 borgareståndets
486 490 52 21 sida.

141 517 133 22 Beträffande
290 518 231 27 sammanjemkningen
536 519 8 20 i
559 518 101 22 afseende
675 519 13 21 &
703 519 11 27 $
731 519 24 21 11
771 519 83 27 yttrade

140 547 25 20 hr
187 547 128 21 Jusélius:
338 547 49 21 Icke
408 547 69 21 heller
495 547 131 21 beträffande
646 547 69 22 denna
733 547 100 27 paragraf
850 547 39 20 har

71 575 37 27 jag
127 575 80 21 biträdt
225 575 114 21 utskottets
354 575 304 28 sammanjemkningsförslag,
674 576 87 21 emedan
775 576 37 27 jag
827 582 62 15 anser

73 604 114 21 utskottets
209 604 121 22 förfarande
353 604 109 27 dervidlag
484 604 63 22 hafva
569 605 55 21 varit
642 604 123 27 oegentligt,
784 604 104 26 nemligen

73 632 70 22 såvidt
157 632 65 26 angår
238 633 35 21 det
288 633 33 21 3:e
336 633 53 21 eller
404 633 53 21 sista
473 635 115 19 momentet
603 633 24 21 af
640 633 132 27 paragrafen.
800 633 89 21 Ridder-

73 660 74 28 skapet
166 661 38 21 och
222 661 62 21 adeln
304 663 54 19 samt
377 662 155 21 bondeståndet
551 662 63 21 hafva
629 662 94 26 godkänt
738 661 150 25 betänkandet;

73 690 157 26 presteståndet
249 690 45 20 åter
313 690 38 20 har
371 690 87 21 beslutit
477 692 32 19 att
527 690 243 27 hägnadsskyldigheten
786 690 38 21 bör
838 690 51 20 hän-

73 718 46 21 föra
136 718 31 26 sig
184 718 75 21 endast
273 718 32 21 till
322 718 58 26 åker,
396 720 41 25 äng
453 718 54 22 eller
521 718 126 27 beteshage;
667 718 109 22 hvaremot
791 718 99 27 borgare-

74 746 85 22 ståndet
169 747 81 26 antagit
261 748 156 20 reservationen
428 754 34 14 n:o
474 748 19 25 2,
505 753 45 15 som
561 748 104 20 utesluter
676 747 72 26 hvarje
759 746 131 27 bestämning

74 781 32 14 om
122 775 89 26 hägnad.
230 775 33 21 Då
279 782 27 14 nu
322 776 40 20 den
377 775 23 21 af
408 776 159 26 presteståndet
579 777 92 25 antagna
681 775 147 21 inskränktare
838 775 52 26 häg-

73 804 199 26 nadsskyldigheten
287 804 66 21 måste
364 810 62 15 anses
436 804 51 26 ingå
497 804 6 21 i
515 805 39 20 den
565 804 23 21 af
597 804 26 21 de
633 804 145 21 förstnämnda
788 804 35 20 två
834 803 56 21 stån-

73 832 41 21 den
133 832 111 26 godkända
263 832 153 22 vidsträcktare
435 832 148 28 förpliktelsen
599 833 6 21 i
621 833 60 21 detta
695 832 125 26 hänseende,
836 833 55 20 samt

73 860 167 27 presteståndets
256 861 69 20 beslut
340 860 33 21 för
388 861 65 26 öfrigt
468 861 83 26 intager
567 867 24 14 en
607 861 110 26 medelväg
728 861 89 20 emellan
828 860 63 21 dessa

74 888 72 21 ständs
155 889 38 21 och
202 889 186 26 borgareständets
396 889 78 26 beslut,
483 889 69 21 kunde
561 889 168 27 presteständets
737 889 83 26 mening
828 894 62 21 synas

74 917 62 21 hafva
150 917 49 22 bort
209 917 73 27 läggas
292 918 32 20 till
336 918 68 26 grund
415 917 33 22 för
459 918 238 26 sammanjemkningen.
715 917 49 21 Men
775 917 58 22 detta
844 923 47 20 pre-

75 945 129 22 steständets
220 946 76 26 beslut,
310 946 81 21 hvilket
406 946 34 21 vid
455 946 69 21 första:
538 947 116 26 päseendet
669 946 69 21 kunde
753 946 73 27 tyckas
840 951 52 15 vara

74 974 78 26 egnadt
166 976 32 19 att
212 975 28 26 pä
255 977 30 18 ett
299 974 145 22 förmedlande
460 975 33 21 vis
508 975 114 26 tillgodose
638 975 55 20 bäde
701 975 189 26 jernvägsegarens

74 1002 38 21 och
132 1003 272 26 lägenhetsinnehafvarnes
422 1003 113 26 intressen,
551 1003 70 22 skulle
637 1003 54 22 dock
706 1003 7 21 i
728 1003 75 26 sjelfva
818 1002 74 21 verket

73 1037 76 20 genom
174 1031 46 21 sina
247 1031 155 27 konsegvenser
426 1031 73 22 kunna
524 1032 49 21 leda
594 1032 33 21 till
651 1038 26 15 en
699 1031 62 26 högst
782 1030 110 27 betänklig

73 1059 119 27 kränkning
211 1060 23 21 af
250 1060 115 21 hvarderas
384 1060 134 27 rättigheter.
547 1061 38 20 Ett
604 1061 93 25 omräde,
717 1065 44 16 som
779 1059 35 21 vid
832 1059 59 21 tiden

73 1087 34 22 för
129 1095 24 14 en
175 1088 99 27 jernvägs
296 1089 128 26 anläggning
446 1091 88 24 utgöres
557 1089 22 21 af
601 1089 58 26 skog,
678 1089 51 20 kärr
749 1088 52 21 eller
822 1093 70 15 annan

75 1117 77 20 oodlad
168 1117 66 26 mark,
249 1117 42 21 kan
307 1117 121 21 förvandlas
443 1117 33 21 till
493 1117 77 22 odlade
586 1123 57 21 egor,
657 1117 38 22 och
711 1117 26 21 dä
752 1116 68 21 skulle
833 1116 59 27 jern-

74 1146 129 26 vägsegaren
223 1145 135 22 oförmodadt
376 1152 22 16 se
416 1146 33 26 sig
468 1145 109 27 betungad
595 1146 48 22 med
663 1153 26 14 en
704 1144 188 28 hägnadsskyldig-

74 1174 41 24 het,
132 1174 82 21 hvilken
234 1174 41 21 han
294 1174 34 21 vid
345 1174 129 27 jernvägens
490 1175 127 27 anläggning
633 1175 46 21 icke
694 1174 39 22 har
747 1174 81 21 kunnat
842 1175 50 25 taga

74 1202 47 21 med
137 1202 7 21 i
159 1202 153 27 beräkningen;
328 1203 84 21 oafsedt
426 1203 40 21 den
482 1203 190 27 omständigheten,
687 1205 31 19 att
733 1209 25 15 en
774 1202 118 27 lägenhets-

74 1230 136 22 innehafvare
229 1232 69 20 kunde
314 1231 55 21 efter
384 1232 69 26 behag
469 1231 37 22 det
521 1238 39 14 ena
575 1232 47 21 äret
637 1232 83 21 besluta
735 1233 31 19 att
781 1237 25 15 en
822 1230 34 21 del
871 1230 23 21 af

74 1259 53 21 hans
146 1260 86 21 omräde
251 1260 54 20 skall
325 1260 107 26 begagnas
452 1266 46 16 som
516 1260 123 27 beteshage,
654 1262 31 19 ett
699 1262 64 19 annat
777 1259 24 21 är
816 1265 24 15 en
856 1264 36 15 an-

74 1294 40 14 nan
133 1288 41 26 del,
191 1288 38 21 och
248 1288 122 27 derigenom
390 1288 27 27 pä
435 1289 41 21 allt
494 1288 83 27 möjligt
596 1289 31 20 vis
646 1288 121 22 trakassera
783 1288 109 26 jernvägs-

74 1322 84 20 egaren.
188 1316 114 21 Dessutom
322 1317 94 27 framgår
435 1317 19 27 ej
475 1317 23 21 af
515 1317 168 27 presteständets
698 1317 76 26 beslut,
789 1315 104 22 huruvida

75 1344 84 21 ständet
174 1344 79 28 äsyftat
268 1347 31 19 att
314 1346 135 26 godtgörelse
466 1346 33 20 för
514 1345 243 27 hägnadsskyldigheten
772 1344 27 28 pä
809 1343 84 22 utmark

74 1373 69 21 skulle
161 1374 34 20 vid
215 1374 155 26 expropriation
390 1374 86 21 komma
494 1374 7 20 i
520 1374 61 26 fräga
599 1374 53 21 eller
670 1374 57 26 icke;
746 1379 47 15 men
812 1372 26 20 dä
857 1370 37 22 det

75 1407 74 15 senare
169 1402 129 26 antagandet
316 1402 65 21 likväl
401 1404 23 19 är
443 1402 144 26 sannolikare,
603 1402 23 21 sä
641 1402 69 21 skulle
726 1400 168 28 lägenhetsinne-

74 1430 100 21 hafvaren
198 1430 123 26 härigenom
344 1430 130 21 fränhändas
497 1431 28 20 all
549 1432 42 19 rätt
614 1431 32 20 till
670 1430 115 26 ersättning
807 1428 33 21 för
858 1428 37 20 det

75 1458 68 21 ökade
165 1458 100 21 behofvet
288 1458 23 21 af
328 1459 93 26 stängsel
442 1459 53 20 eller
514 1459 99 26 vallgäng
632 1459 27 26 pä
678 1458 52 21 hans
749 1460 79 23 utegor,
848 1461 45 16 som

74 1492 75 20 genom
166 1487 128 26 jernvägens
313 1487 107 21 tillkomst
438 1487 132 21 framkallas.
601 1487 73 21 Skulle
694 1487 45 20 åter
759 1487 67 20 denna
844 1484 51 27 häg-

74 1515 176 26 nadsskyldighet
268 1515 132 21 beträffande
419 1517 106 25 utegorna
543 1516 116 26 godtgöras
678 1515 34 20 vid
731 1514 75 27 sjelfva
820 1519 75 20 expro-

73 1543 125 26 priationen,
215 1543 23 22 sä
254 1543 82 22 komme
350 1544 189 27 jernvägsegaren,
551 1543 44 22 ifall
612 1544 79 21 sädana
706 1544 75 25 utegor
796 1542 100 25 indroges
