1086 1739
208 133 45 31 1218
473 138 92 22 Borgarest.
578 138 47 20 1888.
650 138 21 20 19
684 138 39 23 Maj.

250 206 31 21 På
299 207 69 25 grund
386 207 23 21 af
426 208 26 21 de
471 208 68 21 under
555 208 40 21 den
611 214 29 15 nu
656 208 107 21 afslutade
779 206 148 22 diskussionen
944 207 65 21 fram-

183 235 70 21 stälda
271 234 107 28 förslagen
398 236 107 21 anstäldes
525 237 141 26 omröstning,
686 237 32 21 till
737 236 54 22 först
810 236 67 26 enligt
896 235 112 22 nedanstå-

183 264 54 20 ende
252 264 142 26 proposition:

183 319 4 1 =
230 319 4 1 ==
252 291 40 26 De,
308 291 68 22 hvilka
394 293 70 21 såsom
482 292 208 28 kontraproposition
704 294 42 20 mot
760 292 108 22 utskottets
882 291 80 28 förslag
977 291 33 21 till

182 323 77 23 lydelse
280 323 37 23 för
337 323 16 25 &
375 322 15 20 4
407 322 65 20 önska
489 322 77 26 antaga
584 322 41 21 den
642 322 81 27 nådiga
738 322 176 26 propositionens
922 321 87 26 förslag

182 350 53 19 utan
249 348 65 27 något
328 348 78 28 tillägg,
422 351 56 19 rösta
488 350 40 27 ja;
544 350 32 26 de,
591 350 35 21 det
640 350 43 21 icke
698 349 71 26 önska,
785 351 57 19 rösta
857 350 48 26 nej;

251 377 73 21 vinner
342 378 42 27 nej,
400 378 38 21 har
457 378 171 26 borgareståndet
645 379 72 21 såsom
734 378 205 26 kontraproposition
953 376 56 27 före-

183 405 71 27 dragit
269 406 40 20 den
323 406 78 27 nådiga
415 407 168 26 propositionens
597 407 83 27 förslag
695 407 32 21 till
741 406 76 28 lydelse
827 406 37 27 för
870 405 138 27 paragrafen,

182 434 48 20 med
245 434 34 21 det
293 434 79 27 tillägg,
387 442 44 14 som
446 434 26 22 hr
486 434 96 22 Jusélius
597 436 117 26 föreslagit.

253 462 69 22 Sedan
349 464 69 20 denna
442 464 131 27 proposition
597 465 111 21 besvarats
731 463 48 22 med
802 463 155 27 öfvervägande
978 463 30 27 ja,

184 492 114 26 uppstälde
314 492 25 20 hr
354 492 120 22 talmannen
490 492 93 27 följande
600 493 88 27 slutliga
704 492 286 26 omröstningsproposition:

252 519 41 26 De,
308 520 69 21 hvilka
394 520 110 27 godkänna
523 520 16 28 $
557 522 15 19 4
591 521 64 27 enligt
672 520 108 22 utskottets
797 520 88 27 förslag,
901 521 56 20 rösta
968 520 40 27 ja;

184 547 31 26 de,
231 548 34 20 det
280 548 43 21 icke
335 550 58 25 göra,
408 550 57 20 rösta
480 550 46 26 nej;

252 576 73 22 vinner
346 577 40 27 nej,
405 577 39 21 har
465 577 170 27 borgareståndet
656 578 37 26 för
715 578 68 21 denna
803 576 107 28 paragraf
930 577 80 26 antagit

183 604 40 21 den
238 604 81 27 lydelse,
335 612 44 14 som
392 606 68 26 finnes
474 606 119 27 föreslagen
607 606 9 21 i
631 606 40 22 den
685 606 79 27 nådiga
776 605 164 27 propositionen.

252 634 75 21 Denna
345 635 129 26 proposition
494 635 129 21 besvarades
643 636 35 20 vid
698 635 83 21 anstäld
800 634 97 26 votering
917 634 47 21 med
980 634 28 21 36

180 661 24 27 ja
227 662 38 21 och
289 662 26 21 17
338 663 40 26 nej,
398 663 38 21 och
457 670 37 15 var
513 664 96 21 ståndets
629 664 71 21 beslut
719 663 90 22 sålunda
828 665 32 19 att
879 662 128 22 oförändrad

183 690 114 26 godkänna
311 691 133 27 paragrafen,
460 692 64 21 sådan
541 693 105 20 utskottet
661 693 112 25 föreslagit
789 692 128 21 densamma.

266 719 12 27 S
293 720 14 21 5
323 720 38 21 och
376 721 13 21 6
404 721 122 25 godkändes
543 721 66 26 enligt
624 721 117 21 utskottets
757 720 142 21 betänkande.

254 747 136 22 Beträftande
407 749 39 27 $.7
462 750 84 26 yttrade

252 776 26 21 hr
297 777 149 21 Rönnbäck:
468 777 33 21 Då
517 777 38 27 jag
573 784 64 15 anser
658 780 38 24 att,
712 778 38 20 der
765 783 27 15 en
808 777 65 20 sådan
889 777 116 26 öfvergång

183 810 44 15 som
243 805 40 20 den
300 811 28 14 nu
343 805 121 26 föreslagna
478 805 46 22 från
541 809 30 18 ett
587 807 82 20 mindre
686 806 108 26 regleradt
813 805 97 21 tillstånd
925 805 33 20 till
974 808 33 18 ett

183 839 60 14 mera
259 833 109 26 regleradt
382 834 54 21 skall
453 841 39 20 ega
507 841 53 20 rum,
577 835 37 20 det
628 837 24 18 är
664 835 89 20 alldeles
769 833 130 26 nödvändigt
914 835 32 19 att
961 833 46 21 för-

183 861 53 20 söka
252 861 64 21 ställa
331 862 24 21 så
370 862 39 26 till,
425 865 32 18 att
471 863 46 20 icke
532 863 134 26 svårigheter
686 863 82 26 uppstå,
789 868 44 15 som
849 862 71 20 kunna
936 861 70 22 åstad-

183 889 86 21 komma
285 892 31 18 att
331 890 51 21 barn
398 891 39 20 och
452 897 56 20 unga
524 897 108 21 personer,
649 891 73 21 hvilka
738 891 76 20 hittills
830 891 34 20 vid
880 890 127 21 industriela

183 917 143 27 inrättningar
348 919 86 21 erhällit
455 919 79 26 arbete,
557 920 84 21 komme
665 922 32 19 att
720 919 65 21 blifva
808 921 51 18 utan
881 919 81 25 sådant,
983 918 24 21 sä

184 945 71 22 skulle
269 947 38 26 jag
322 947 33 20 för
371 947 41 21 min
429 948 33 20 del
478 947 87 27 föreslå,
577 950 32 19 att
625 955 75 14 senare
717 948 112 25 meningen
846 947 5 20 i
867 947 14 21 2
893 949 115 18 momentet

184 974 23 21 af
222 975 69 20 denna
306 975 101 26 paragraf
420 976 68 21 skulle
504 977 59 25 utgå.
587 977 43 20 Der
643 977 61 20 heter
715 977 36 20 det
763 976 113 26 nemligen,
888 977 31 18 att
933 975 73 26 yrkes-

183 1002 76 21 idkare
275 1005 37 18 äro
328 1003 96 27 skyldige
440 1006 37 24 att,
493 1006 37 19 när
549 1005 124 26 inspektorn
690 1005 79 20 sådant
789 1004 90 25 fordrar,
899 1004 56 20 inom
974 1005 33 19 ut-

183 1033 44 18 satt
249 1031 32 21 tid
303 1032 95 21 anskaffa
421 1033 57 26 intyg
497 1033 60 20 öfver
576 1033 182 21 helsotillståndet
777 1033 39 20 hos
835 1033 40 20 den
895 1037 39 16 ena
954 1032 54 21 eller

183 1059 68 21 andra
267 1060 23 20 af
304 1060 46 21 sina
365 1067 55 20 unge
436 1061 104 26 arbetare,
556 1067 33 15 om
606 1061 41 21 han
663 1061 36 21 vill
717 1061 84 21 behålla
812 1061 76 20 honom
904 1061 6 19 i
926 1060 38 20 sitt
974 1066 34 14 ar-

183 1087 56 21 bete.
271 1087 45 22 Och
332 1089 42 26 mig
388 1095 62 20 synes
466 1089 35 21 det
516 1096 51 14 vara
583 1090 89 21 alldeles
689 1089 63 26 klart,
769 1091 38 23 att,
823 1095 33 14 om
873 1088 134 21 fabrikanten

183 1115 56 21 skall
256 1116 87 27 åläggas
360 1117 58 21 detta
434 1117 81 26 besvär,
532 1118 40 21 han
584 1118 74 21 heldre
675 1117 54 22 låter
745 1118 113 20 arbetaren
874 1117 27 26 gå
916 1118 26 19 än
959 1116 50 21 full-

182 1145 39 25 gör
237 1144 137 27 inspektorns
388 1145 115 22 föreskrift.
534 1147 42 20 Det
590 1146 72 21 kunde
678 1146 91 21 sålunda
784 1146 77 25 hända,
877 1147 31 18 att
924 1151 24 14 en
965 1151 42 20 ung

183 1178 85 20 person,
285 1179 44 15 som
346 1175 24 19 är
388 1173 129 28 fullkomligt
536 1174 59 27 frisk,
616 1181 47 14 men
683 1180 44 15 som
749 1173 104 22 förefallit
871 1173 137 26 inspektören

183 1200 87 27 sjuklig,
288 1201 40 21 blir
343 1204 49 19 utan
409 1203 73 20 arbete
497 1203 27 26 på
539 1203 68 26 grund
624 1203 23 20 af
661 1201 191 28 denna
734 1196 5 37 .
745 1201 107 28 paragraf.
884 1201 32 21 Då
931 1207 77 20 genom

182 1229 73 20 denna
271 1229 125 28 författning
412 1231 39 21 den
467 1231 127 27 skyldighet,
610 1237 45 15 som
676 1231 7 20 i
702 1231 101 21 afseende
823 1230 12 21 å
854 1231 40 20 den
914 1230 95 20 sanitära

182 1257 165 23 förhållandena
358 1259 5 20 i
380 1259 121 22 fabrikerna
512 1260 82 26 åligger
604 1259 206 27 provincialläkaren
822 1259 40 21 och
874 1257 134 22 helsovårds-

183 1286 100 25 nämden,
299 1287 46 21 icke
360 1287 78 22 blifver
453 1288 100 27 upphäfd,
569 1294 63 15 anser
645 1288 37 26 jag
694 1288 164 26 ifrågavarande
874 1287 134 25 bestämning

182 1319 52 15 vara
249 1315 90 21 alldeles
355 1316 77 26 onödig
447 1316 37 21 och
506 1316 64 22 lända
589 1316 33 21 till
642 1316 67 21 skada
727 1316 34 20 för
780 1316 41 20 den
841 1315 169 21 arbetssökande

181 1342 130 26 ungdomen.
339 1343 130 27 Stadgandet
484 1345 40 21 kan
541 1344 103 26 medföra,
662 1346 31 19 att
708 1344 162 26 fabriksegarne
885 1344 22 20 af
921 1343 87 21 fruktan

182 1370 35 21 för
233 1371 63 21 deraf
310 1371 126 23 föranledda
451 1373 133 26 svårigheter
600 1373 115 21 framdeles
730 1372 47 22 icke
793 1372 52 26 vilja
861 1372 5 20 i
883 1372 73 20 arbete
972 1376 39 15 an-

182 1401 51 24 taga
249 1400 52 21 barn
319 1401 52 20 eller
386 1407 56 20 unga
456 1408 108 20 personer.

252 1428 33 21 Hr
305 1429 181 27 Heimberger:
512 1430 41 26 Jag
575 1432 47 18 tror
644 1431 32 19 att
699 1430 59 20 detta
779 1429 7 20 i
806 1428 111 27 praktiken
937 1427 72 21 skulle

182 1455 64 21 ställa
262 1456 33 27 sig
311 1457 83 27 mycket
409 1458 76 25 enkelt,
502 1460 22 24 ty
539 1458 171 26 arbetsgifvarne
725 1457 71 22 skulle
812 1457 75 20 endast
903 1458 58 23 säga,
976 1457 34 19 att

182 1488 34 16 om
233 1484 116 22 arbetaren
364 1486 35 20 vill
417 1488 75 19 stanna
506 1486 7 21 i
529 1486 53 21 hans
597 1486 73 26 tjenst,
688 1486 67 21 måste
767 1485 41 21 han
820 1484 68 21 skaffa
903 1483 108 21 läkarein-

182 1513 43 25 tyg,
249 1512 40 21 och
312 1514 36 20 det
369 1513 80 23 fortare
471 1516 25 19 än
520 1515 87 26 vanligt.
638 1514 66 21 Detta
726 1514 70 21 skulle
815 1519 52 15 vara
889 1512 48 21 hela
962 1518 50 20 pro-

182 1540 99 26 cedyren.
