1089 1742
214 144 46 17 1400
484 144 93 22 Borgarest.
589 144 45 19 1888.
658 144 21 19 28
691 144 40 23 Maj.

192 212 6 20 i
222 217 82 15 samma
323 212 62 27 syfte,
402 218 44 16 som
464 213 115 27 petitionen
596 213 53 21 eller
665 213 64 21 också
746 213 116 21 utskottets
877 212 139 25 betänkande,

191 240 69 21 ehuru
277 240 59 21 detta
355 243 24 19 är
394 241 64 27 något
474 241 142 27 modifieradt,
632 242 38 21 och
687 242 96 25 sålunda,
800 241 69 21 såsom
886 241 68 26 sagdt,
970 240 47 21 huf-

192 268 141 27 vudsakligen
354 269 57 21 afser
430 270 167 26 uppammandet
617 270 22 21 af
659 276 39 20 nya
717 270 90 21 alldeles
823 269 121 27 obetydliga
958 269 58 25 jord-

192 297 55 20 bruk
271 297 31 20 Hr
324 297 77 21 Heikel
424 297 40 22 har
487 301 54 24 sagt,
561 300 32 19 att
612 299 63 20 dessa
692 298 122 27 jordegare,
830 303 44 16 som
891 297 40 21 han
949 297 69 20 kallar

192 326 70 19 större
280 325 148 27 jordbrukare,
449 326 39 21 och
509 326 72 21 hvilka
597 327 70 20 skulle
683 327 84 20 komma
783 327 6 20 i
805 326 123 26 ätnjutande
944 325 23 20 af
981 325 34 20 län

192 353 54 20 ifrän
267 353 77 22 fonden
365 354 33 21 för
418 355 127 26 odlingslän,
561 355 70 21 skulle
648 355 63 20 hafva
726 355 126 26 tillräckligt
867 354 23 21 af
904 353 112 28 hypoteks-

192 381 126 27 föreningen
338 383 38 20 och
392 383 67 20 andra
475 383 177 21 kreditanstalter
666 383 7 21 i
689 383 78 21 landet.
799 383 41 26 Jag
855 385 45 18 tror
915 383 39 20 alls
970 381 45 22 icke

190 412 33 19 att
246 410 24 21 sä
292 413 24 18 är
338 411 150 26 förhällandet,
511 414 22 24 ty
555 411 230 28 hypoteksföreningen
805 411 55 21 skall
878 411 72 21 säkert
970 411 45 20 icke

191 439 42 20 alls
250 445 51 15 vara
316 439 71 26 hugad
403 439 33 22 för
451 442 32 19 att
498 442 95 25 upptaga
608 447 25 14 en
650 442 69 19 större
736 441 75 25 mängd
828 439 21 22 af
861 439 23 21 sä
896 439 120 27 obetydliga

192 467 119 26 låntagare,
328 468 89 21 likasom
432 468 36 27 jag
484 469 64 20 också
563 471 46 18 tror
619 471 32 18 att
666 469 33 20 för
715 469 50 20 våra
781 468 69 26 öfriga
864 468 151 21 kreditanstal-

194 498 40 23 ter,
251 496 89 26 specielt
355 496 115 27 bankerna,
487 497 25 20 de
528 497 47 21 icke
587 497 64 22 skola
667 503 51 15 vara
733 497 66 26 några
815 497 100 26 lämpliga
926 496 89 21 kunder.

264 524 60 21 Hvad
345 531 27 14 nu
388 525 46 21 åter
450 525 39 21 den
506 525 79 22 vackra
600 525 114 27 harangen,
731 528 31 18 att
779 526 63 20 dessa
857 525 45 20 små
915 525 99 26 jordbru-

193 552 54 21 kare
264 553 62 20 hafva
343 553 66 21 brutit
425 553 55 28 bygd
496 555 5 19 i
519 554 50 21 våra
585 554 133 26 ödemarker,
735 554 106 25 beträffar,
858 555 22 19 är
892 553 36 21 det
938 553 77 21 visser-

192 581 59 26 ligen
272 584 54 23 sant,
346 584 32 19 att
396 582 25 21 de
440 583 7 20 i
467 582 46 21 vårt
532 583 61 20 lands
613 583 162 20 kulturhistoria
792 582 61 21 hafva
869 582 45 21 haft
930 587 24 16 en
970 583 44 19 stor

194 609 118 26 betydelse,
336 616 47 15 men
405 611 20 20 vi
448 611 61 20 skola
528 611 45 21 icke
593 611 134 26 förglömma,
746 613 31 18 att
796 611 46 20 vårt
861 611 49 20 land
925 610 45 21 icke
986 616 28 14 nu

192 637 96 22 befinner
308 639 32 26 sig
359 639 5 20 i
385 645 79 15 samma
484 639 205 26 utvecklingsskede,
709 645 44 15 som
774 639 33 21 för
830 639 113 21 etthundra
962 639 52 20 eller

191 665 120 22 tvåhundra
330 667 53 21 eller
401 668 116 20 trehundra
537 668 23 21 år
579 668 73 25 sedan,
673 668 38 21 och
732 670 31 19 att
782 668 19 20 vi
816 667 40 21 alls
867 667 45 21 icke
924 667 90 20 behöfva

190 700 27 15 en
237 694 65 21 sådan
323 701 70 16 massa
412 695 23 21 af
456 697 57 20 detta
529 697 58 26 slags
603 697 112 26 pionierer,
731 702 45 15 som
793 696 19 20 vi
829 696 79 20 kanske
923 695 91 26 tidigare

189 723 57 20 hade
271 723 64 22 behof
352 723 28 21 af.
410 724 30 27 Ty
462 724 127 21 ödemarker
604 725 5 20 i
626 725 69 26 någon
711 725 141 26 väsentligare
868 723 146 27 utsträckning

191 751 133 22 förekomma
344 759 86 14 numera
456 753 5 20 i
482 753 25 20 de
527 753 121 26 egentligen
671 753 97 27 bebygda
791 753 85 20 delarna
898 752 23 21 af
941 752 73 21 landet

192 781 78 25 ytterst
293 780 52 26 litet,
362 781 39 20 och
421 781 36 21 det
475 783 23 19 är
517 782 34 20 väl
571 781 55 21 ändå
642 781 32 21 för
690 782 63 20 dessa
769 781 59 21 delar
844 781 22 21 af
881 781 71 20 landet
967 781 47 20 huf-

193 808 140 27 vudsakligen
353 809 130 26 peningarna
499 809 68 22 skulle
583 810 85 21 komma
683 811 32 19 att
731 810 113 25 användas,
862 809 99 21 eftersom
978 809 36 21 det

191 838 25 19 är
237 836 92 27 afsigten
346 839 32 19 att
393 837 65 22 skifta
474 838 47 21 dem
535 838 54 27 jemt
605 839 77 20 mellan
699 838 100 26 samtliga
814 838 130 21 kommuner.
974 837 41 25 Jag

187 865 49 20 tror
252 865 78 26 derför,
346 867 33 19 att
394 865 121 27 syftemålet
532 866 47 21 med
595 866 42 21 den
653 866 131 26 förändring,
796 867 24 19 hr
830 866 116 21 Rönnbäck
957 866 57 26 gjort

190 892 6 20 i
220 893 116 21 utskottets
359 893 87 27 förslag,
462 896 24 19 är
508 895 97 20 särdeles
625 897 32 18 att
676 894 176 22 rekommendera
872 894 38 20 och
927 894 87 26 förtjent

190 920 23 21 af
227 921 39 21 allt
282 922 122 25 understöd,
421 923 39 21 och
474 923 36 26 jag
527 923 103 26 beklagar
646 923 54 21 blott
716 925 32 19 att
764 923 84 20 tillfälle
864 922 46 21 icke
928 922 36 20 har
980 928 33 15 er-

191 949 69 27 bjudit
276 950 32 26 sig
324 952 32 19 att
371 952 52 24 göra
439 952 35 20 det
489 951 23 21 af
526 951 25 21 hr
567 951 116 21 Rönnbäck
699 952 97 26 åsyftade
812 951 65 21 målet
888 953 56 18 ännu
955 956 59 16 mera

190 978 33 20 till
242 978 126 26 hufvudsak,
385 980 25 19 än
428 979 53 21 hvad
499 980 24 20 hr
539 980 115 20 Rönnbäck
666 980 81 26 lyckats
759 979 151 21 åstadkomma.

258 1006 32 21 Hr
307 1006 81 22 Sulin:
405 1008 42 20 Det
462 1010 48 24 sätt,
527 1014 44 14 som
588 1008 131 21 beträffande
735 1008 152 26 dispositionen
904 1007 22 21 af
936 1006 77 27 ifråga-

187 1034 80 21 komna
291 1036 67 20 medel
382 1036 4 20 i
407 1036 115 21 utskottets
542 1036 134 21 betänkande
696 1036 98 26 föreslås,
815 1036 105 26 nämligen
940 1037 30 19 att
986 1035 26 21 de

187 1062 71 22 skulle
279 1063 83 21 utlånas
382 1064 21 20 åt
423 1064 158 26 kommunerna,
601 1064 34 21 för
653 1067 32 19 att
704 1065 23 21 af
746 1065 47 20 dem
809 1065 107 19 användas
932 1064 31 20 till
980 1066 33 18 ut-

188 1091 102 26 gifvande
311 1092 23 20 af
351 1092 34 20 lån
406 1092 22 21 åt
442 1093 81 21 mindre
538 1093 148 26 jordbrukare,
703 1093 71 21 kunde
789 1093 33 20 väl
838 1092 64 21 hafva
918 1092 45 20 skäl
979 1092 34 20 för

188 1120 39 25 sig,
247 1120 31 26 ity
298 1122 31 18 att
344 1120 154 22 kommunerna
514 1121 108 21 sannolikt
638 1121 63 21 hafva
717 1122 48 20 bäst
781 1122 51 20 reda
847 1121 27 26 på
890 1121 25 20 de
931 1121 81 20 mindre

185 1147 185 26 jordbrukarenes
390 1149 65 21 behof
472 1149 23 21 af
513 1150 41 20 lån.
585 1150 48 20 Men
654 1150 36 20 det
705 1152 24 18 är
745 1156 26 14 en
787 1149 163 25 omständighet,
966 1155 45 14 som

188 1176 56 20 ändå
264 1178 38 24 gör
322 1179 32 18 att
373 1183 47 15 man
437 1178 40 20 kan
493 1178 126 26 ifrågasätta
634 1178 151 26 lämpligheten
802 1178 22 20 af
838 1178 40 20 den
894 1177 23 21 af
931 1177 81 21 utskot-

187 1206 31 18 tet
241 1204 122 27 föreslagna
386 1205 80 21 formen
489 1206 33 20 för
541 1206 73 21 lånens
633 1206 131 26 utgifvande.
795 1206 158 20 Kommunerna
973 1212 39 20 ega

186 1232 110 27 nemligen
316 1234 66 26 enligt
398 1234 275 26 kommunalförfattningen
690 1235 33 20 väl
740 1236 43 19 rätt
799 1236 31 19 att
845 1234 33 20 för
894 1234 46 20 sina
955 1234 58 21 med-

188 1260 102 22 lemmars
306 1268 158 19 gemensamma
479 1262 65 21 behof
558 1264 94 25 upptaga
668 1262 41 22 lån.
741 1263 48 20 Men
806 1262 22 21 af
843 1263 67 20 denna
922 1263 91 21 bestäm-

188 1289 67 21 melse
276 1290 41 20 kan
338 1296 48 14 man
402 1290 19 27 ej
439 1297 64 19 gerna
519 1291 67 26 draga
602 1291 40 21 den
659 1292 95 24 slutsats,
772 1293 31 19 att
818 1291 36 20 det
870 1297 49 15 vore
936 1291 78 20 tillåtet

187 1316 33 21 för
240 1317 154 22 kommunerna
413 1321 31 18 att
464 1319 88 21 likasom
573 1319 104 21 förmedla
694 1320 33 20 lån
744 1320 78 20 mellan
838 1321 68 19 staten
923 1319 38 21 och
978 1325 35 15 en-

187 1345 73 21 skilda
274 1346 152 26 jordbrukare.
457 1347 36 21 Ett
509 1348 76 20 sådant
601 1347 122 21 förfarande
740 1348 39 20 har
795 1348 38 20 ock
850 1348 4 20 i
867 1347 145 26 verkligheten

188 1373 44 21 ledt
256 1374 86 26 derhän,
366 1377 32 19 att
417 1377 68 19 staten
504 1376 7 20 i
531 1376 106 20 särskilda
656 1376 37 20 fall
713 1376 91 20 förlorat
822 1376 46 20 sina
888 1376 125 26 penningar,

185 1401 29 21 då
234 1402 27 21 de
281 1402 46 21 små
343 1403 170 26 jordbrukarene
533 1404 47 20 icke
600 1404 81 21 kunnat
701 1404 71 21 betala
794 1404 46 20 sina
856 1404 34 20 lån
906 1404 31 20 till
954 1403 59 21 kom-

186 1435 86 20 munen,
290 1434 54 17 samt
360 1431 134 26 kommunen,
511 1438 44 14 som
572 1432 23 20 af
609 1434 69 19 staten
694 1432 103 26 upplånat
813 1432 91 25 medlen,
916 1432 22 20 af
948 1432 64 20 orsak

185 1459 33 19 att
238 1458 62 21 lånen
321 1459 19 26 ej
356 1460 90 26 uttagits
462 1460 31 20 för
509 1460 140 21 kommunens
665 1467 158 19 gemensamma
839 1460 69 24 behof,
925 1460 18 26 ej
960 1459 52 21 kun-

186 1488 37 19 nat
243 1486 113 27 förpligtas
376 1489 31 20 att
427 1488 109 26 återgälda
556 1489 55 20 dem.
642 1488 48 21 Med
710 1489 87 26 hänsigt
815 1488 71 21 härtill
903 1488 61 20 torde
980 1490 32 19 ut-

184 1513 95 22 skottets
303 1515 133 22 betänkande
460 1516 45 21 icke
529 1517 52 20 böra
604 1517 105 20 förordas.
741 1516 72 21 Staten
837 1516 71 21 kunde
927 1516 33 21 väl
976 1517 35 20 vid

185 1542 151 27 bemedlingen
359 1544 23 21 af
403 1545 33 20 lån
460 1545 22 20 åt
503 1545 82 20 mindre
603 1545 143 26 jordbrukare
767 1545 51 20 höra
837 1545 174 21 komunalnämn-
