1086 1734
347 136 98 22 Borgarest.
452 135 47 19 1888.
522 135 13 19 11
548 135 40 23 Maj.
813 136 44 18 1009

55 206 115 26 behörigen
185 204 130 27 tillgodoses,
331 206 24 19 är
370 205 31 20 ett
412 204 142 22 minimianta]
565 205 103 21 stationer
678 204 136 28 nödvändigt,
822 206 58 27 jern-

55 236 130 24 vägsegaren
207 232 54 28 dock
284 232 100 27 obetaget
406 234 33 19 att
454 232 55 21 efter
524 233 70 27 behag
608 233 82 21 inrätta
704 232 56 26 flere,
777 233 45 21 ifall
837 234 42 21 han

55 262 24 21 sä
101 268 62 14 anser
184 261 80 27 nödigt.
294 260 61 22 Hvad
377 260 66 22 sedan
466 261 65 27 angär
553 261 91 21 friherre
661 266 41 16 von
716 261 69 24 Borns
800 262 80 26 förslag

56 296 34 15 om
112 290 134 21 uteslutande
268 288 23 22 af
311 289 150 27 paragraferne
479 290 32 25 16,
528 290 25 20 17
570 290 39 20 och
626 289 32 25 18,
676 289 23 21 sä
714 295 62 15 anser
788 290 43 26 jag,
848 292 31 19 att

56 318 105 21 utskottet
176 318 23 21 sä
213 317 199 27 tillfyllestgörande
426 318 116 20 motiverat
557 318 61 21 deras
634 317 156 27 bibehällande,
802 319 32 20 att
842 318 37 27 jag

56 347 47 21 icke
119 346 102 21 behöfver
235 346 7 20 i
257 346 60 20 detta
331 345 120 28 hänseende
467 346 88 28 tillägga
570 346 123 26 nägonting.

126 375 31 21 Hr
176 375 23 20 A.
219 374 24 22 O.
263 374 143 21 Snellman:
426 374 68 21 Afven
513 380 35 15 om
566 381 50 14 man
634 374 134 26 bestämmer,
784 376 32 19 att
831 374 47 26 den,

57 410 45 15 som
125 403 62 21 söker
208 402 126 22 koncession
356 402 12 21 &
388 408 26 15 en
426 402 96 27 jernväg,
538 403 40 21 bör
593 402 33 22 till
640 403 125 26 regeringen
779 402 101 27 uppgifva

57 431 149 27 sträckningen
221 430 33 21 för
269 431 128 25 densamma,
414 430 48 21 dess
477 431 101 20 tekniska
592 430 152 27 beskaffenhet,
760 431 119 20 minimian-

57 460 54 21 talet
126 460 101 21 stationer
241 459 47 20 med
304 465 64 20 mera,
384 458 23 21 sä
423 459 57 20 inser
492 459 37 27 jag
544 459 47 21 icke
606 460 32 20 att
653 459 37 21 det
705 461 23 19 är
742 459 136 27 nödvändigt,

59 489 32 20 att
113 488 113 21 ständerna
247 487 60 21 skola
326 487 123 26 bestämma,
466 489 31 19 att
513 488 124 27 regeringen
652 487 55 21 skall
721 487 105 22 fastställa
842 487 38 21 allt

59 517 64 20 detta.
150 516 41 27 Jag
206 515 73 28 tycker
294 517 31 19 att
340 515 36 21 det
390 517 24 19 är
428 515 49 21 fullt
492 515 132 27 tillräckligt,
640 522 35 15 om
690 516 21 20 vi
725 516 69 21 lemna
809 515 23 22 ät
847 522 32 14 re-

58 545 105 26 geringen,
187 546 32 19 att
240 543 105 22 fastställa
364 543 42 26 det,
423 550 45 15 som
484 544 40 21 den
540 550 62 15 anser
616 551 51 14 vara
682 544 136 27 nödvändigt.
847 543 32 21 Hr

58 573 93 22 Jus6lius
166 573 38 20 har
219 574 53 25 sagt,
287 574 32 19 att
335 572 35 21 det
384 571 34 22 för
433 573 155 20 allmänhetens
603 573 101 20 säkerhet
718 574 22 19 är
749 572 130 27 nödvändigt

59 604 32 19 att
112 601 112 26 fastställa,
246 601 112 20 hurudana
379 600 117 27 lokomotiv
519 601 39 21 och
574 601 180 27 jernvägsvagnar
768 601 61 21 skola
843 601 36 20 be-

58 636 86 21 gagnas,
167 630 88 21 emedan
277 629 62 21 dessa
361 629 71 21 kunna
452 635 51 15 vara
519 629 22 21 af
555 629 148 26 mängahanda
718 629 50 27 slag.
798 629 42 21 Det
856 631 23 18 är

59 658 47 21 icke
128 658 67 27 sagdt,
219 659 30 19 att
267 657 32 26 de,
315 663 46 15 som
376 657 33 21 för
424 657 95 21 tillfället
535 663 61 15 anses
611 664 51 15 vara
677 658 26 21 de
719 657 137 28 lämpligaste,
872 657 7 20 i

59 687 29 20 all
106 686 87 21 framtid
208 685 60 22 skola
282 691 51 16 vara
349 686 41 21 det.
420 685 133 27 Regeringen
568 686 42 21 kan
626 692 42 20 nog
683 685 57 22 finna
754 688 70 25 utväg,
841 687 37 24 att,

59 717 52 19 utan
126 716 32 19 att
173 713 48 27 ingä
235 714 28 27 pä
278 713 43 22 alla
336 713 94 28 detaljer,
446 714 6 21 i
469 714 115 21 allmänhet
599 714 106 21 fastställa
716 715 78 20 sädana
804 714 75 26 regler,

59 749 45 15 som
127 745 36 18 äro
181 742 126 26 tillräckliga
322 744 31 19 att
367 742 82 27 skydda
465 743 148 20 allmänheten.
644 743 41 26 Jag
700 744 35 19 vet
748 743 54 24 icke,
817 742 63 21 hvar-

59 771 33 21 för
108 777 49 15 man
174 770 53 22 skall
242 771 71 26 tvinga
328 771 131 27 regeringen,
476 772 32 20 att
522 771 50 26 ingä
586 771 27 26 pä
629 773 97 19 närmare
740 771 96 26 detaljer,
853 772 27 19 än

59 799 42 22 den
115 799 49 27 sjelf
178 805 61 15 anser
254 799 81 26 nödigt.
434 823 9 3 W

129 827 30 21 Hr
174 827 26 21 H.
216 827 24 21 E.
256 827 157 21 Gummerus:
429 827 68 21 Äfven
511 827 37 28 jag
563 827 44 26 ber,
624 829 32 19 att
667 823 21 36 få
697 827 83 22 biträda
789 827 91 21 friherre

60 862 41 15 von
122 856 68 21 Borns
212 856 129 21 reservation
359 855 163 27 vidkommande
537 855 101 28 paragraf
650 856 20 22 6.
700 855 39 22 Om
754 855 127 27 paragrafen

60 884 33 22 fär
107 884 41 22 den
163 884 22 22 af
198 884 90 21 friherre
303 890 40 15 von
358 884 57 21 Born
430 884 121 27 föreslagna
566 884 148 26 stiliseringen,
730 884 22 21 sä
766 884 72 21 kunna
850 883 31 21 äf-

60 918 40 16 ven
115 912 148 27 paragraferne
280 913 32 25 16,
329 913 25 20 17
370 912 38 21 och
426 913 25 21 18
467 913 58 26 utgä,
541 913 88 21 emedan
645 912 44 26 allt,
704 913 54 21 hvad
772 913 62 21 dessa
844 918 37 20 pa-

61 940 93 28 ragrafer
169 940 112 25 innehälla,
297 940 89 22 faktiskt
401 941 62 21 torde
478 941 114 21 innebäras
603 941 7 21 i
620 940 102 28 paragraf
731 941 19 21 6.
770 941 32 21 Hr
813 940 67 22 Snell-

61 976 48 14 man
128 969 39 21 har
183 969 66 21 redan
263 969 133 21 förekommit
412 970 42 26 mig
469 970 7 20 i
492 969 100 22 afseende
607 970 13 20 &
634 970 152 26 motiveringen
801 968 80 22 beträf-

61 998 63 20 fande
146 1000 97 18 senatens
266 997 146 21 fastställande
435 998 22 20 af
477 998 133 27 ritningarna
625 998 33 21 till
673 1004 79 20 vagnar
766 997 39 22 och
821 996 60 22 loko-

61 1026 99 26 motiver;
182 1027 87 20 senaten
290 1026 102 20 behöfver
414 1026 76 21 endast
505 1026 63 26 tillse,
584 1028 32 19 att
630 1026 42 26 god
688 1026 88 26 ordning
792 1025 40 21 och
848 1027 33 19 sä-

61 1054 75 22 kerhet
150 1054 35 21 vid
197 1054 150 27 jernvägarnes
362 1054 139 26 begagnande
515 1054 163 27 upprätthälles.

148 1082 12 22 8
174 1082 67 27 grund
257 1082 23 21 af
293 1082 41 21 den
349 1082 151 27 försiggängna
515 1083 148 21 diskussionen
678 1082 132 22 framstäldes
824 1081 24 21 af
857 1081 25 21 hr

61 1111 120 21 talmannen
197 1116 26 16 en
238 1111 23 21 sä
275 1110 91 28 lydande
381 1112 284 26 omröstningsproposition:

130 1138 40 27 De,
196 1138 69 22 hvilka
289 1138 111 27 godkänna
426 1140 104 26 paragraf
554 1140 13 20 6
589 1139 63 27 enligt
674 1138 105 22 utskottets
800 1137 82 28 förslag

61 1167 138 27 oförändrad,
215 1169 56 19 rösta
281 1167 39 27 ja;
336 1167 30 26 de,
383 1167 34 21 det
431 1166 43 22 icke
487 1169 59 25 göra,
562 1169 57 19 rösta
634 1167 46 27 nej;

130 1196 72 20 vinner
224 1196 42 26 nej,
289 1195 39 21 har
349 1195 171 27 borgareständet
542 1195 36 27 för
601 1195 163 27 ifrågavarande
776 1193 108 29 paragraf

62 1224 79 26 antagit
156 1224 39 20 den
210 1223 80 27 lydelse,
305 1223 92 27 friherre
411 1230 39 14 von
466 1224 63 21 Born
544 1224 8 20 i
566 1224 35 21 sin
616 1224 32 21 till
662 1224 135 21 betänkandet
806 1222 76 28 fogade

61 1252 126 21 reservation
202 1252 113 27 föreslagit.

130 1280 41 21 Vid
193 1280 82 21 anstäld
297 1281 97 26 votering
416 1280 97 27 afgäfvos
537 1281 26 21 12
578 1281 24 26 ja
620 1281 40 21 och
675 1281 27 21 36
718 1281 38 26 nej,
773 1280 40 27 och
828 1279 55 22 hade

61 1308 85 21 ständet
160 1307 83 22 säledes
258 1308 94 26 beslutit,
368 1310 31 19 att
415 1309 102 26 paragraf
531 1309 13 21 6
559 1309 69 21 skulle
644 1309 81 21 erhälla
740 1309 41 20 den
796 1307 86 28 lydelse,

61 1337 89 49 see
172 1343 40 14 von
235 1337 56 21 Born
309 1337 8 20 i
335 1337 32 21 sin
382 1337 34 20 till
431 1337 146 21 betänkandet
592 1337 78 27 fogade
685 1337 128 22 reservation
828 1336 55 21 före-

61 1365 70 26 slagit.

131 1393 135 22 Beträffande
280 1393 100 26 paragraf
394 1394 12 20 7
422 1393 86 27 yttrade

131 1421 25 21 hr
174 1421 139 27 Bergbom:
336 1421 104 26 Paragraf
457 1422 12 21 7
486 1421 125 27 innehäller,
627 1424 32 19 att
674 1428 27 15 en
716 1422 66 27 privat
794 1421 90 26 jernväg

61 1449 67 27 enligt
148 1449 97 27 gällande
268 1449 205 27 expropriationslag
492 1450 39 21 har
546 1450 110 27 rättighet,
672 1452 32 19 att
719 1451 66 20 inlösa
800 1448 29 21 all
844 1448 41 21 den

62 1477 67 27 mark,
151 1484 45 15 som
218 1477 33 22 för
271 1478 114 27 jernvägen
404 1477 114 22 erfordras.
548 1478 11 21 I
574 1478 65 21 slutet
654 1478 23 21 af
690 1479 65 20 första
769 1477 116 22 momentet

61 1505 61 27 ingår
137 1506 107 21 dessutom
259 1512 26 15 en
301 1506 23 21 sä
339 1505 90 28 lydande
443 1506 144 27 bestämning:
604 1508 35 25 ,är
654 1506 60 21 mark
728 1504 91 28 behöflig
830 1505 56 21 blott

61 1533 34 21 för
117 1535 42 20 viss
181 1534 38 26 tid,
239 1535 18 26 ej
273 1534 58 21 öfver
345 1535 15 20 4
375 1533 29 27 är,
420 1534 35 21 mä
471 1535 76 20 endast
562 1535 141 26 nyttjorätten
717 1534 32 21 för
764 1533 122 22 ändamälet
