1086 1734
323 134 93 23 Borgarest.
428 133 46 19 1888.
499 133 20 19 11
533 133 41 23 Maj.
807 134 45 18 1025

118 202 73 21 vinner
213 202 43 27 nej,
280 202 39 20 har
341 202 171 26 borgareståndet
527 202 83 32 antagit
628 201 34 21 det
680 201 87 27 förslag,
784 209 45 14 som
843 202 33 21 uti

49 238 32 14 nu
95 230 164 27 ifrågavarande
275 230 97 27 afseende
386 229 121 28 framstälts
522 231 9 20 i
544 229 93 28 friherre
652 236 40 15 von
707 229 72 22 Borns
794 231 32 21 till
840 231 34 21 be-

52 259 113 22 tänkandet
179 258 76 27 fogade
269 259 133 21 reservation.

120 288 75 21 Denna
218 287 133 27 proposition
372 287 133 21 besvarades
528 287 49 21 med
600 287 156 26 öfvervägande
779 287 41 26 nej,
842 288 33 21 till

53 316 52 27 följd
127 315 76 22 hvaraf
223 316 86 21 ståndet
330 316 7 20 i
360 316 70 21 denna
453 315 33 22 del
510 315 84 22 förenat
616 316 33 26 sig
672 321 33 16 om
724 315 90 22 friherre
834 321 40 16 von

52 345 69 21 Borns
136 345 137 20 reservation.

121 373 35 20 2:0
178 372 39 26 De,
240 371 71 22 hvilka
331 371 112 28 godkänna
466 371 108 22 utskottets
592 372 88 27 förslag,
699 373 29 20 att
746 372 8 21 i
768 371 57 22 lösen
839 371 36 27 för

48 402 100 27 jernväg,
166 407 45 15 som
229 401 32 20 till
276 400 120 22 statsverket
411 400 103 27 afträdes,
529 400 54 22 skall
598 401 65 26 enligt
678 401 32 20 det
725 407 73 14 senare
813 400 62 21 alter-

55 430 75 21 nativet
145 429 52 27 efter
212 429 113 27 värdering
335 429 26 26 af
368 429 52 26 gode
431 430 57 26 män,
499 429 85 21 utsedde
594 429 72 22 såsom
676 429 8 20 i
694 430 32 19 22
737 429 13 27 $
761 430 68 25 säges,
840 435 32 14 er-

57 458 73 27 läggas
145 458 33 21 det
193 457 78 27 belopp,
288 457 35 27 för
338 457 76 21 hvilket
424 458 119 27 jernvägen
558 457 68 22 kunde
641 458 9 20 i
664 457 89 27 fullgodt
766 457 57 22 skick
838 463 38 15 an-

55 487 73 26 läggas
150 486 36 21 och
208 487 47 20 med
277 486 77 27 nödiga
376 485 95 22 tillbehör
489 488 101 24 utrustas,
609 487 57 20 rösta
678 487 38 26 ja;
738 486 31 26 de,
786 486 33 21 det
833 485 43 22 icke

52 517 58 25 göra,
126 516 57 20 rösta
198 515 48 27 nej;

121 544 72 21 vinner
216 544 43 27 nej,
282 543 39 21 har
339 543 171 26 borgareständet
527 543 85 27 förenat
626 543 33 27 sig
674 549 32 15 om
721 543 25 21 hr
764 542 111 27 Tallgvists

54 572 87 27 förslag.

122 601 75 21 Denna
219 600 132 27 proposition
370 600 129 21 besvarades
519 600 34 21 vid
573 601 84 20 anstäld
673 601 95 26 votering
784 600 50 21 med
848 600 28 21 26

52 629 24 27 ja
99 629 39 21 och
155 630 26 20 27
201 629 41 26 nej,
261 629 39 20 och
320 629 53 20 hade
392 629 85 20 ståndet
496 629 84 21 således
600 629 89 21 beslutit
707 630 31 20 att
757 631 78 24 antaga
850 628 26 21 hr

55 658 115 26 Tallqvists
185 657 87 26 förslag.

136 686 11 27 8
163 686 27 21 33
205 685 38 21 och
259 685 29 21 34
303 685 123 26 godkändes
441 687 51 19 utan
509 686 238 26 meningskiljaktighet.

123 714 136 21 Beträffande
279 714 12 26 &
306 714 28 21 35
348 714 84 26 yttrade

123 742 25 21 hr
170 742 24 21 A.
211 742 24 21 O.
259 741 145 22 Snellman:
428 742 74 21 Ehuru
523 742 37 27 jag
582 748 63 15 anser
664 742 114 21 utskottets
796 742 82 26 förslag

55 771 33 21 till
110 771 111 21 redaktion
243 770 24 22 af
292 770 68 21 denna
385 770 104 27 paragraf
510 770 64 22 hafva
598 773 55 19 stort
668 770 107 22 företräde
789 770 89 22 framför

57 799 41 21 den
121 800 6 20 i
150 799 137 27 regeringens
309 799 138 26 proposition,
471 799 24 21 sä
515 799 69 21 skulle
601 799 37 27 jag
658 799 53 21 dock
726 799 7 21 i
748 799 68 21 likhet
830 798 48 21 med

57 828 90 20 friherre
162 834 40 14 von
217 827 57 21 Born
291 833 51 15 anse
357 827 123 27 lämpligast
495 829 32 19 att
542 827 71 21 denna
628 827 101 27 paragraf
742 827 68 21 skulle
821 826 58 27 utgä.

125 856 31 21 Hr
175 856 130 21 Juselius:
328 856 41 26 Jag
392 855 86 22 befarar
500 858 32 19 att
551 856 70 21 denna
640 856 100 27 paragraf
757 858 24 19 är
800 855 22 22 af
837 856 41 21 den

56 885 100 26 politiska
172 886 39 23 art,
226 886 31 19 att
273 884 36 21 det
323 884 47 21 icke
385 890 51 15 vore
451 884 81 27 rädligt
547 887 31 18 att
593 885 71 20 lemna
680 885 47 20 bort
737 885 40 21 den
790 890 88 15 samma.

57 913 40 21 Vid
113 913 76 21 sädant
203 913 140 26 förhällande,
360 912 38 21 och
414 913 28 20 dä
457 913 105 21 utskottet
577 913 49 21 sökt
640 913 98 26 redigera
752 912 128 27 paragrafen

57 941 32 26 sä,
110 943 31 19 att
156 942 49 21 dess
220 947 28 15 nu
263 941 121 26 föreslagna
400 941 140 27 formulering
555 941 47 22 icke
618 941 62 22 torde
695 941 101 22 innebära
811 943 69 19 större

57 969 47 22 fara
123 970 33 21 för
172 970 173 27 jernvägsegare,
365 970 6 20 i
386 969 103 22 händelse
508 970 48 26 krig
571 970 111 27 uppstode,
698 972 27 19 än
740 970 140 25 medborgare

60 998 139 21 öfverhufvud
218 999 68 20 under
305 998 79 21 sådana
400 997 148 22 förhållanden
564 999 68 20 måste
647 998 130 21 underkasta
792 998 39 26 sig,
846 1003 34 22 sy-

60 1033 37 14 nes
112 1027 36 20 det
164 1027 42 26 mig
221 1029 31 18 att
264 1033 48 14 man
327 1026 65 21 borde
408 1028 79 25 antaga
503 1027 69 20 denna
588 1027 106 26 paragraf.

126 1055 31 21 Hr
173 1055 193 26 Schybergson:
381 1055 43 20 Det
439 1055 40 21 har
495 1055 71 27 börjat
580 1055 67 21 blifva
663 1055 79 26 vanligt
757 1057 31 18 att
799 1060 34 15 om
844 1054 37 21 det

59 1089 40 15 ena
121 1083 38 21 och
179 1083 66 21 andra
265 1083 127 26 stadgandet
411 1084 58 25 säga,
491 1085 32 19 att
542 1084 36 20 det
593 1085 24 19 är
632 1083 23 21 af
670 1084 39 20 den
724 1082 101 28 politiska
840 1084 40 24 art,

59 1113 32 19 att
113 1112 36 20 det
167 1111 47 21 icke
233 1111 34 21 fär
281 1111 103 21 vidröras.
416 1111 90 22 Ständet
521 1118 63 20 synes
600 1112 128 21 ätminstone
743 1112 71 20 kunna
829 1112 52 25 göra

58 1140 93 26 anspräk
170 1140 27 26 pä
216 1139 65 27 nägot
299 1140 58 26 slags
374 1140 130 26 upplysning
523 1146 33 15 om
576 1140 59 21 hvari
652 1140 41 21 den
708 1142 58 19 stora
780 1139 102 27 politiska

58 1168 61 21 faran
141 1168 78 21 bestär.
249 1168 42 26 Jag
313 1168 41 21 kan
372 1168 48 21 icke
439 1168 58 21 finna
516 1170 31 20 att
566 1169 69 21 denna
654 1168 100 27 paragraf
770 1168 28 27 pä
816 1168 66 26 nägot

58 1198 45 20 sätt
119 1197 61 21 berör
195 1196 180 28 ,storpolitiken*.

128 1225 70 21 Sedan
214 1225 148 21 diskussionen
377 1224 118 22 förklarats
507 1226 101 25 afslutad,
619 1225 126 21 framstälde
755 1225 25 21 hr
791 1225 91 21 talman-

58 1259 41 15 nen
115 1253 47 21 med
178 1254 114 26 anledning
307 1253 24 21 af
344 1253 25 21 hr
384 1253 122 22 Snellmans
522 1254 81 26 förslag
619 1254 94 26 följande
728 1253 154 26 omröstnings-

58 1282 143 26 proposition:

127 1308 34 22 De
176 1309 68 21 hvilka
257 1309 113 27 godkänna
385 1310 16 27 $
417 1311 28 20 35
460 1310 136 34 oförändrad
609 1310 64 28 enligt
687 1310 106 22 utskottets
809 1310 73 21 betän-

58 1337 74 27 kande,
147 1339 57 20 rösta
215 1339 34 31 ja,
265 1338 32 26 de,
313 1338 34 21 det
361 1338 43 21 icke
418 1340 59 25 göra,
493 1340 58 20 rösta
560 1340 48 26 nej;

127 1366 74 21 vinner
215 1366 40 27 nej,
271 1366 40 21 har
326 1366 173 28 borgareständet
514 1367 82 22 beslutit
611 1369 30 19 att
656 1368 67 21 denna
736 1366 104 28 paragraf
856 1372 27 14 ur

59 1394 241 28 författningsförslaget
314 1395 69 27 utgår.

128 1424 162 26 Propositionen
314 1424 129 21 besvarades
466 1424 35 22 vid
525 1425 83 21 anstäld
631 1424 96 27 votering
749 1424 47 22 med
816 1423 28 21 29
860 1422 24 27 ja

61 1451 39 21 och
122 1452 28 22 25
168 1452 42 26 nej,
229 1452 33 21 till
281 1452 54 26 följd
354 1452 77 21 hvaraf
449 1452 87 22 ständet
550 1453 55 21 hade
621 1453 89 21 beslutit
724 1455 32 19 att
770 1451 114 28 godkänna

60 1480 127 26 paragrafen
203 1480 129 21 oförändrad
348 1480 68 27 enligt
431 1481 117 21 utskottets
564 1481 141 21 betänkande.

129 1508 12 27 8
160 1509 27 20 36
203 1511 55 18 samt
273 1508 101 21 rubriken
390 1509 39 20 och
445 1509 113 26 ingressen
573 1510 124 26 godkändes
712 1511 50 19 utan
778 1508 106 27 menings-

57 1535 156 28 skiljaktighet.
