1081 1734
351 134 92 22 Borgarest.
455 134 48 18 1888.
527 134 10 18 2
549 134 39 23 Maj.
831 135 34 18 828

60 203 60 21 slutit
140 203 58 27 gifva
212 203 150 21 slutklämmen
377 203 94 27 följande
486 203 92 27 lydelse:
593 205 34 19 att
641 203 116 21 ständerna
772 203 67 23 skulle
854 206 34 19 ut-

60 232 44 21 tala
126 232 41 20 den
189 231 149 27 förhoppning,
361 233 33 19 att
416 232 132 26 regeringen,
567 232 122 21 beaktande
705 232 26 21 de
745 231 24 21 af
784 232 54 22 1885
853 232 35 22 års

60 260 86 21 ständer
160 260 125 21 framstälda
300 260 160 26 önskningsmål
475 261 57 20 samt
547 260 27 22 de
588 260 69 21 under
667 260 110 26 pågående
787 260 101 27 landtdag

60 289 6 20 i
89 288 75 28 frågan
185 288 78 22 väckta
285 288 119 27 petitioner,
420 288 133 22 fortfarande
567 289 109 21 verksamt
691 288 114 28 befrämjar
820 288 68 22 helso-

60 317 39 21 och
116 316 137 28 sjukvårdens
268 316 148 22 förbättrande
431 317 7 21 i
453 317 80 21 landet.

130 420 119 26 Föredrogs
265 419 39 21 och
319 419 125 27 godkändes
459 422 52 19 utan
528 420 131 21 diskussion:

130 448 216 21 ekonomiutskottets
368 448 80 26 förslag
470 448 34 21 till
527 448 204 27 sammanjemkning
750 448 23 21 af
787 448 102 22 ståndens

62 476 122 28 skiljaktiga
199 476 71 22 beslut
285 476 35 21 vid
335 476 158 27 behandlingen
509 476 23 22 af
545 476 118 22 utskottets
679 476 134 22 betänkande
829 483 33 15 n:o
875 478 14 21 9

62 505 6 21 i
91 505 112 27 anledning
224 505 23 21 af
266 504 79 28 nådiga
366 505 160 27 propositionen
545 511 34 15 n:o
598 506 35 26 32,
649 505 108 27 angående
774 505 67 28 skydd
856 505 33 21 för

62 534 150 26 varumärken;
228 534 55 20 samt

130 562 108 22 allmänna
252 562 205 21 besvärsutskottets
472 562 137 21 betänkande
624 568 35 15 n:o
675 563 28 21 24
718 562 7 21 i
740 563 114 26 anledning
867 562 25 22 af

62 592 32 20 ett
108 591 33 21 till
157 590 157 22 bondeståndet
328 590 90 26 ingifvet
428 590 191 27 petitionsförslag,
632 590 109 28 angående
751 590 69 22 finska
830 591 60 27 språ-

61 619 48 22 kets
128 619 132 27 användning
276 619 35 21 vid
327 619 102 21 Mustiala
443 619 222 22 landtbruksinstitut.

131 729 118 27 Föredrogs
271 728 176 22 bankutskottets
465 728 36 22 vid
519 730 84 20 senaste
620 730 85 26 plenum
721 730 117 26 bordlagda
853 729 38 21 be-

63 758 107 21 tänkande
192 764 35 14 n:o
250 758 13 21 2
285 758 7 21 i
315 757 116 27 anledning
447 758 22 21 af
481 758 110 21 verkstäld
605 758 132 27 granskning
753 758 22 21 af
788 758 104 21 Finlands

63 786 69 21 banks
147 786 89 27 styrelse
252 786 38 21 och
305 786 98 21 tillstånd
417 786 68 21 under
501 786 51 21 åren
563 786 80 22 1885—
650 786 65 26 1887;
727 786 38 22 och
776 786 46 22 blef
831 786 60 21 detta

62 814 143 26 betänkande,
221 814 27 27 på
263 814 80 27 förslag
358 814 23 22 af
394 814 37 21 hrr
445 814 127 27 Hallberg
582 814 39 22 och
633 803 82 33 Hedm
718 821 35 20 an,
764 815 123 27 ytterligare

62 843 115 27 bordlagdt
191 843 33 21 till
238 844 62 20 nästa
314 843 93 27 plenum.

132 945 56 22 Från
211 945 160 22 statsutskottet
393 945 55 22 hade
464 946 89 21 anländt
567 952 27 15 en
610 945 118 27 skrifvelse,
743 941 146 41 meddelande,

64 975 31 20 att
115 974 98 27 samtliga
228 974 62 21 stånd
305 974 95 27 godkänt
415 974 173 22 statsutskottets
603 963 136 33 betänkande
753 981 34 15 n:o
803 975 13 21 6
831 974 6 21 i
853 980 37 15 an-

63 1002 86 27 ledning
174 1003 23 20 af
216 1002 285 28 postsparbanksstyrelsens
523 1003 90 21 relation
637 1009 35 15 om
694 1002 196 28 postsparbankens

63 1030 97 22 tillstånd
178 1031 39 21 och
232 1031 130 26 förvaltning
376 1031 69 21 under
460 1031 24 21 år
501 1031 62 26 1887,
579 1031 109 22 äfvensom
703 1037 80 16 samma
796 1031 94 21 utskotts

63 1059 134 21 betänkande
218 1065 35 15 n:o
277 1060 12 21 7
312 1060 7 20 i
341 1059 114 27 anledning
478 1059 23 22 af
514 1059 79 27 nådiga
607 1060 160 27 propositionen
783 1065 34 16 om
832 1059 58 21 anvi-

64 1087 111 50 i
195 1087 69 24 medel
285 1087 34 22 till
342 1088 138 21 bestridande
503 1088 23 21 af
547 1088 146 21 kostnaderna
714 1088 32 21 för
761 1087 129 27 landtdagen

77 1122 11 15 r
104 1117 62 20 1891.

132 1201 69 21 Bland
224 1201 95 22 ständets
339 1201 140 22 medlemmar
494 1202 56 21 hade
564 1202 95 21 utdelats
675 1203 39 20 och
729 1202 114 21 bordlades
859 1202 33 21 till

65 1230 169 27 morgondagens
249 1229 96 27 plenum:

134 1258 106 21 allmänna
255 1258 206 21 besvärsutskottets
477 1258 136 22 betänkande
628 1265 35 15 n:o
679 1259 28 21 23
721 1259 8 21 i
743 1259 113 26 anledning
871 1258 23 21 af

64 1288 77 19 tvenne
160 1287 32 20 till
207 1289 81 24 preste-
304 1287 39 20 och
359 1287 183 26 borgareständen
557 1287 82 26 ingifna
653 1287 186 27 petitionsförslag,
856 1293 38 15 an-

65 1315 83 27 gäende
162 1315 138 26 nedsättning
315 1315 23 20 af
351 1315 138 26 elevafgiften
504 1315 8 21 i
527 1317 83 19 statens
625 1315 128 27 flickskolor,
769 1317 55 20 samt

134 1343 106 21 allmänna
262 1343 205 22 besvärsutskottets
491 1344 81 26 förslag
594 1344 33 21 till
651 1344 202 27 sammanjemkning
872 1343 24 21 af

65 1371 101 22 ständens
182 1371 123 28 skiljaktiga
320 1371 73 22 beslut
407 1372 7 20 i
429 1371 62 27 fräga
506 1378 35 15 om
557 1373 48 20 dess
617 1373 134 20 betänkande
761 1379 34 15 n:o
808 1373 26 20 12
843 1372 50 21 med

64 1400 114 27 anledning
193 1400 22 21 af
228 1402 76 19 tvenne
319 1400 7 21 i
341 1400 102 26 borgare-
459 1400 40 21 och
514 1401 161 21 bondeständen
691 1401 76 21 väckta
780 1400 113 28 petitions-

64 1428 86 27 förslag,
173 1428 110 28 angäende
303 1429 90 26 gvinnas
411 1428 150 27 berättigande
577 1431 32 19 att
624 1429 7 21 i
646 1429 69 21 likhet
729 1429 48 21 med
791 1434 50 16 man
856 1428 35 21 vid

65 1457 83 20 landets
165 1457 125 21 universitet
305 1457 97 20 bedrifva
417 1457 90 21 studier.

134 1485 41 21 Till
190 1485 114 26 lördagens
319 1485 87 27 plenum
422 1485 125 22 bordlades:

134 1513 245 27 bevillningsutskottets
397 1513 138 22 betänkande
549 1520 35 15 n:o
599 1515 14 21 5
628 1515 7 20 i
651 1514 114 27 anledning
780 1513 23 22 af
816 1513 79 27 nådiga

64 1542 168 26 propositionen,
248 1542 109 26 angäende
372 1542 216 27 stämpelbevillning,
604 1543 40 20 och
