1086 1739
236 147 45 18 1010
517 147 93 22 Borgarest.
622 147 45 19 1888.
690 147 14 18 11
720 147 39 23 Maj.

212 215 97 21 inlösas".
340 215 72 28 Enligt
427 215 41 22 den
482 215 142 28 uppfattning,
641 222 46 15 som
702 216 77 21 hittills
795 215 39 21 har
849 217 55 20 varit
918 217 99 26 gällande
1032 217 7 21 i

213 243 101 22 afseende
336 244 13 21 å
370 243 244 28 expropriationslagens
637 244 61 25 anda,
722 244 23 21 så
762 243 106 22 utesluter
883 245 40 21 den
938 245 55 21 dock
1008 247 32 19 ett

214 271 77 22 sådant
307 272 127 22 förfarande.
464 272 51 21 Man
530 273 39 20 har
584 273 106 27 nemligen
706 274 77 24 ansett,
799 274 32 19 att
844 273 83 28 inlösen
942 273 24 21 af
978 273 61 22 mark

213 300 29 27 på
265 307 25 14 en
312 301 43 21 viss
377 301 30 20 tid
429 301 46 21 icke
491 301 55 20 varit
561 300 232 22 öfverensstämmande
808 301 48 21 med
872 301 68 22 denna
955 301 84 22 författ-

213 329 58 27 ning.
301 329 41 28 Jag
364 329 68 21 skulle
455 329 70 21 derför
546 329 34 21 till
595 329 118 22 utskottets
727 329 119 22 ledamöter
860 330 52 27 vilja
925 330 57 21 rikta
998 330 41 21 den

213 357 82 27 frågan,
310 357 105 22 huruvida
429 357 105 22 utskottet
549 357 62 22 tänkt
627 358 38 26 sig,
680 359 32 20 att
723 357 233 28 expropriationslagen
967 359 72 26 lägger

213 385 77 22 hinder
312 385 32 22 för
366 385 36 22 det
419 385 111 28 påpekade
544 385 139 25 förfarandet,
700 387 51 20 eller
767 392 34 15 om
814 386 186 27 jernvägsbolaget
1015 389 24 18 är

213 414 119 27 hänvisadt,
348 415 31 20 att
393 414 28 27 på
432 414 83 21 enskild
526 416 41 25 väg
578 421 76 21 genom
667 414 215 22 öfverenskommelse
892 415 52 21 söka
954 415 85 21 komma

213 443 34 20 till
262 443 69 21 denna
346 443 118 26 nyttjorätt.

282 471 32 21 Hr
337 471 83 21 Sulin:
442 471 68 21 Afven
530 471 37 27 jag
590 477 69 20 anser,
675 472 32 20 att
722 471 41 21 den
779 471 52 21 sista
845 471 112 27 meningen
972 472 6 21 i
993 478 45 15 mo-

213 501 80 20 mentet
309 500 11 20 1
337 499 23 22 af
371 499 101 27 paragraf
486 500 18 26 7,
520 499 45 22 deri
579 499 34 22 för
628 500 127 26 anläggning
770 499 23 21 af
807 499 83 22 enskild
901 500 89 27 jernväg
1007 500 30 21 in-

213 528 59 21 lösen
295 527 22 22 af
337 528 113 27 nyttjorätt
471 527 33 22 för
518 528 43 21 viss
576 528 39 26 tid,
631 528 18 27 ej
666 527 59 22 öfver
739 528 14 21 4
769 527 30 27 är,
815 527 121 28 medgifves,
952 528 46 21 icke
1014 531 24 18 är

213 556 88 27 lämplig
323 558 32 19 att
373 555 53 28 ingå
439 556 7 21 i
462 556 69 21 denna
545 556 133 27 författning,
694 556 28 21 då
737 556 40 21 den
793 556 108 21 allmänna
916 557 122 26 expropria-

213 585 119 26 tionslagen
355 584 23 21 af
398 585 40 20 den
459 585 26 21 12
503 585 112 21 december
630 585 56 21 1864
700 585 8 20 i
722 585 68 20 likhet
804 585 49 20 med
868 585 42 21 alla
924 585 114 21 utländska

213 613 60 26 lagar
295 613 47 21 icke
357 613 81 20 känner
452 613 32 21 till
499 619 70 15 annan
585 613 57 27 slags
656 613 165 27 expropriation,
838 615 27 19 än
879 613 158 27 expropriation

213 641 24 21 af
254 641 131 26 eganderätt.
415 641 68 21 Innan
498 641 232 27 expropriationslagen
745 641 115 27 undergått
875 641 88 27 ändring
978 641 7 21 i
1000 641 37 21 det

214 669 62 28 syfte,
299 671 32 20 att
353 669 61 22 äfven
436 670 112 27 nyttjorätt
570 670 33 21 får
622 669 33 22 för
670 670 91 21 allmänt
775 669 67 22 behof
855 670 85 26 inlösas,
956 670 39 21 bör
1010 675 27 16 en

214 697 66 22 sådan
302 698 82 27 princip
407 698 47 21 icke
475 698 80 21 införas
576 699 7 20 i
603 705 25 14 en
645 698 91 21 särskild
752 697 133 28 författning.
914 698 44 21 För
972 698 65 27 öfrigt

213 726 62 21 torde
298 727 36 20 det
356 726 46 21 icke
420 727 67 20 heller
502 733 51 15 vara
567 727 28 26 på
610 727 32 20 sin
658 727 62 26 plats,
737 727 32 20 att
784 727 104 26 inrymma
903 726 21 22 åt
939 726 98 21 enskilda

211 754 163 27 jernvägsbolag
397 756 68 20 större
486 755 102 26 rättighet
606 755 32 21 uti
653 755 162 27 ifrågavarande
829 755 106 26 afseende,
952 757 26 18 än
993 757 45 19 sta-

213 785 43 24 ten,
279 783 125 21 kommuner
426 783 39 22 och
483 783 133 27 menigheter
632 789 46 21 ega.
708 783 96 21 Emedan
819 783 36 21 det
870 783 108 21 dessutom
993 783 43 21 kan

213 817 52 15 vara
280 811 33 21 för
328 811 40 21 den
384 811 95 22 enskilde
493 812 64 27 högst
571 812 94 26 olägligt,
681 814 33 19 att
728 811 28 28 på
771 812 43 21 viss
829 811 39 27 tid,
883 811 18 27 ej
914 811 58 22 öfver
981 812 14 20 4
1006 811 31 26 år,

213 839 58 22 afstå
285 840 32 21 sin
331 839 119 28 nyttjorätt,
466 840 26 21 då
507 840 36 21 det
555 840 24 27 ju
595 840 43 21 kan
653 840 78 26 hända,
747 841 32 20 att
794 839 41 22 den
850 839 100 22 behöfves
961 840 76 21 endast

213 867 34 22 för
269 874 26 15 en
315 874 97 19 sommar,
428 868 39 21 och
480 868 89 27 mycken
585 869 114 26 okigenhet
714 868 71 21 kunde
799 868 78 27 uppstå
892 874 74 20 genom
981 874 55 15 mar-

213 896 53 21 kens
287 896 139 21 belamrande
447 897 48 20 med
513 898 47 20 sten
578 897 40 20 och
632 897 186 26 nödvändigheten
833 898 32 19 att
880 896 91 27 uppföra
985 896 53 27 häg-

212 925 67 20 nader
302 925 39 20 och
357 924 74 27 dylikt,
451 926 55 20 samt
520 925 71 21 härtill
606 925 103 26 kommer,
725 927 32 19 att
772 931 76 20 genom
864 925 51 20 aftal
930 925 106 21 öfverens-

212 952 117 22 kommelse
352 959 33 14 om
403 953 98 21 markens
516 953 138 28 begagnande
670 953 43 22 kan
728 953 81 26 träffas,
825 953 23 21 så
863 959 61 21 synes
939 953 49 26 mig,
1004 954 32 19 att

213 981 94 27 antydda
328 981 91 26 mening,
442 981 67 22 såsom
530 981 54 22 både
599 982 101 27 olämplig
714 982 7 21 i
737 981 70 22 denna
821 981 125 27 författning
961 981 39 21 och
1016 981 20 26 ej

213 1009 231 22 öfverensstämmande
458 1010 48 21 med
521 1010 107 21 allmänna
643 1011 69 26 lagen,
727 1010 67 21 borde
809 1009 57 27 utgå.

281 1038 32 21 Hr
327 1038 129 21 Jusélius:
472 1038 117 26 Utskottet,
606 1045 45 14 som
667 1038 35 21 väl
716 1038 43 21 fäst
774 1038 32 27 sig
821 1038 34 21 vid
866 1037 68 22 denna
944 1037 93 21 bestäm-

211 1066 58 26 ning,
285 1066 39 20 har
338 1066 144 26 interpellerat
497 1073 25 14 en
539 1066 23 21 af
576 1067 146 21 ledamöterna
735 1067 7 20 i
752 1066 186 27 lagberedningen,
950 1065 86 21 hvilken

211 1094 102 27 uppgjort
335 1094 59 21 detta
410 1094 223 28 författningsförslag,
649 1095 40 21 och
703 1094 40 22 har
758 1094 42 21 ban
817 1094 71 21 dervid
904 1094 84 25 uttalat,
1004 1094 32 20 att

212 1122 41 21 den
269 1122 164 27 uppfattningen
447 1123 55 27 gjort
517 1123 31 27 sig
563 1123 99 27 gällande
672 1123 56 21 inom
740 1122 186 27 lagberedningen,
938 1123 31 20 att
978 1122 58 26 nytt-

209 1150 68 26 jorätt
299 1150 43 21 kan
363 1156 52 15 vara
432 1150 87 22 föremål
534 1151 34 21 för
583 1152 158 26 expropriation
757 1151 66 26 enligt
837 1157 29 14 nu
881 1150 98 26 gällande
993 1150 44 23 för-

211 1178 99 27 fattning.
332 1178 33 22 Då
380 1179 104 27 nemligen
500 1180 151 26 eganderätten
666 1180 34 20 får
715 1179 153 27 exproprieras,
885 1178 23 22 så
922 1178 39 21 bör
973 1178 63 21 äfven

210 1207 141 27 nyttjorätten
373 1207 72 21 kunna
459 1207 65 22 blifva
540 1208 89 21 föremål
644 1208 34 21 för
692 1208 89 24 inlösen,
797 1207 28 27 på
839 1207 69 27 grund
924 1206 64 26 deraf,
1004 1208 32 19 att

211 1234 48 26 den,
283 1241 45 15 som
350 1235 32 21 får
404 1236 69 20 inlösa
494 1236 36 21 det
549 1236 56 26 hela,
623 1236 65 21 också
702 1236 40 22 bör
757 1235 23 21 få
794 1236 69 21 inlösa
878 1242 26 14 en
919 1234 34 22 del
969 1234 66 22 deraf.

211 1262 113 22 Utskottet
342 1264 39 20 har
395 1264 48 21 icke
458 1264 45 21 haft
518 1264 47 22 skäl
580 1266 32 19 att
626 1265 54 27 hysa
694 1264 71 26 någon
780 1270 71 15 annan
866 1263 61 26 åsigt,
942 1263 39 29 och
996 1263 40 21 har

211 1291 73 21 derför
298 1292 102 26 .godkänt
422 1292 125 26 paragrafen
569 1293 135 21 oförändrad.
735 1292 80 27 Sjelfva
833 1291 127 27 stadgandet
974 1292 6 20 i
996 1292 40 20 och

211 1318 34 22 för
268 1320 33 26 sig
323 1320 38 21 har
383 1320 105 22 utskottet
506 1322 71 20 ansett
591 1328 52 14 vara
658 1320 135 27 erforderligt
809 1320 32 21 för
857 1321 32 20 att
903 1319 82 27 skydda
1000 1326 36 14 an-

210 1348 87 26 läggare
315 1348 22 21 af
348 1348 89 27 jernväg
452 1351 44 19 mot
511 1349 97 27 orimliga
623 1349 92 27 anspråk
730 1349 49 21 från
792 1348 138 28 jordegarnes
947 1348 46 20 sida
1003 1347 35 21 för

210 1376 64 28 plats,
295 1383 43 15 som
355 1377 76 21 endast
446 1378 106 20 erfordras
567 1379 124 25 temporärt,
707 1377 33 21 för
755 1376 158 28 uppläggandet
928 1376 24 21 af
965 1375 72 21 förnö-

211 1404 110 28 denheter,
343 1405 131 22 inrättandet
496 1406 24 20 af
540 1406 205 24 arbetarebostäder
760 1405 40 21 och
815 1405 74 27 dylikt.
918 1404 80 21 Likaså
1013 1405 25 19 är

211 1432 37 22 det
270 1440 26 14 en
318 1434 112 26 uppenbar
446 1434 67 21 fördel
528 1434 34 21 för
574 1434 135 27 jordegarne,
725 1435 33 20 att
772 1434 47 21 icke
834 1433 80 26 nödgas
929 1432 33 21 för
977 1434 60 19 evär-

211 1460 71 28 deliga
296 1462 55 21 tider
367 1461 56 22 afstå
437 1468 58 15 mera
509 1462 67 26 mark,
592 1464 27 19 än
634 1462 76 28 nödigt
723 1464 26 19 är
763 1462 34 20 för
811 1462 120 26 jernvägen,
948 1460 38 21 och
996 1460 42 21 har

210 1489 107 22 utskottet
331 1489 28 27 på
374 1490 63 21 dessa
451 1491 91 26 grunder
556 1490 95 27 godkänt
666 1490 134 28 paragrafen.
993 1502 1 3 :

281 1518 31 20 Hr
335 1518 83 21 Sulin:
442 1518 102 22 Gällande
563 1518 207 28 expropriationslag
785 1518 88 26 stadgar
888 1517 18 27 ej
922 1518 71 24 annat,
1009 1518 27 19 än

211 1546 32 20 att
266 1552 63 20 egare
351 1546 23 21 af
392 1547 61 21 mark
475 1550 23 18 är
520 1547 90 27 skyldig,
634 1549 32 19 att
683 1547 34 21 för
731 1547 90 21 allmänt
836 1545 66 22 behof
915 1545 56 21 afstå
986 1545 52 21 den-
