1089 1739
358 138 93 22 Borgarest.
464 137 51 19 1888.
538 138 18 18 17
568 138 40 22 Maj.
836 138 44 18 1159

78 209 32 19 att
125 206 86 22 anhålla
226 207 35 21 det
276 207 20 21 h.
312 212 43 16 exc.
367 207 49 21 ville
427 207 13 21 å
451 207 127 21 ständernas
589 208 80 25 vägnar
680 206 103 22 framföra
794 208 61 22 deras
865 214 38 14 un-

79 235 116 27 derdäniga
210 235 183 27 lyckönskningar.
418 235 67 21 Detta
500 235 248 22 talmanskonferensens
764 236 80 27 förslag
859 235 46 23 blef

79 263 23 21 af
117 264 84 21 ståndet
216 264 114 26 godkändt,
341 264 32 20 till
390 264 51 26 följd
457 264 77 21 hvaraf
548 264 26 21 hr
589 264 124 21 talmannen
729 265 131 26 uppmanade
876 264 27 22 de

79 292 22 21 af
115 292 96 21 ståndets
227 293 143 25 medlemmar,
382 298 44 15 som
442 292 102 22 tillhörde
560 293 41 21 den
614 298 16 15 s.
643 292 20 21 k.
676 294 59 19 stora
746 293 157 26 deputationen,

79 321 45 21 att
120 316 12 36 i
133 327 87 20 morgon
229 321 64 27 något
300 321 45 21 före
353 320 29 22 kl.
392 321 26 21 10
426 320 14 22 f.
446 327 28 15 m.
483 320 79 22 infinna
570 322 33 26 sig
612 321 6 21 i
627 321 276 26 generalguvernörshuset.

148 407 32 21 Hr
198 407 121 21 talmannen
335 408 125 21 meddelade
477 408 80 26 vidare,
574 409 31 19 att
620 407 234 21 talmanskonferensen
870 406 34 22 för

80 436 31 21 sin
127 436 34 21 del
173 438 70 19 ansett
253 436 74 26 nödigt
337 438 31 19 att
379 436 32 21 för
422 436 132 27 granskning
564 436 49 21 med
624 436 128 21 ständernas
763 437 42 20 rätt
816 436 22 20 af
847 437 57 19 stän-

80 465 75 21 dernas
171 464 145 27 expeditioner
331 464 69 22 skulle
414 465 104 21 tillsättas
530 466 31 20 ett
568 464 209 28 justeringsutskott,
788 464 115 22 bestående

80 493 23 21 af
115 494 36 21 två
166 493 118 21 ledamöter
299 493 38 21 och
353 493 36 21 två
404 494 137 26 suppleanter
556 493 48 21 från
620 493 74 27 hvarje
710 493 69 26 stånd,
795 493 107 21 äfvensom

79 524 32 19 att
124 522 132 21 beträffande
265 522 132 26 justeringen
407 522 7 20 i
425 522 67 26 öfrigt
502 522 66 21 borde
579 522 124 21 förordnas:
720 523 36 24 att,
769 522 71 20 derest
850 521 54 21 efter

80 550 141 28 landtdagens
236 550 42 22 slut
293 550 179 27 meningsolikhet
488 551 77 21 mellan
577 550 143 27 expeditions-
730 550 38 21 och
778 550 126 27 justerings-

79 579 109 21 utskotten
204 578 108 28 angående
327 579 139 21 redaktionen
483 579 23 21 af
519 579 65 27 något
600 579 126 21 ständernas
742 585 48 15 svar
804 579 53 21 eller
868 584 33 16 an-

79 614 41 15 nan
139 608 114 21 skrifvelse
272 608 110 26 uppstode,
399 609 63 20 dessa
478 608 83 21 utskott
576 608 54 26 egde
646 608 158 21 sammanträda
820 607 31 21 till
868 613 36 21 ge-

80 642 94 16 mensam
191 636 159 27 öfverläggning
365 636 67 21 under
444 636 184 27 ordförandeskap
639 636 23 21 af
669 636 235 27 justeringsutskottets

80 664 127 22 ordförande
227 664 39 22 och
285 665 72 21 dervid
377 671 76 21 genom
474 671 122 21 gemensam
615 665 98 26 votering
732 664 75 27 afgöra
821 664 82 27 frågan.

79 694 11 21 I
108 693 101 21 händelse
228 694 58 20 detta
304 693 81 27 förslag
403 694 22 20 af
443 694 87 21 ståndet
548 694 98 26 gillades,
666 693 54 21 hade
740 692 165 22 talmanskonfe-

81 728 75 15 rensen
179 724 70 19 ansett
268 722 91 21 beslutet
378 722 73 21 härom
472 722 52 21 böra
543 722 110 21 meddelas
673 722 165 25 statsutskottet,
858 727 45 15 som

81 750 68 22 skulle
166 750 101 21 anmodas
283 750 84 27 föreslå,
378 750 74 22 hvilka
468 751 93 21 arvoden
577 750 167 22 medlemmarne
760 751 6 20 i
776 750 128 27 justerings-

81 779 39 22 och
135 779 241 27 expeditionsutskotten
393 779 54 22 efter
463 780 141 26 landtdagens
620 779 44 21 slut
678 779 54 26 egde
747 779 102 27 uppbära.

147 808 70 21 Dessa
235 807 247 22 talmanskonferensens
502 808 80 27 förslag
601 808 71 21 blefvo
692 807 22 22 af
728 807 176 27 borgareståndet

81 837 118 26 godkända,
219 837 39 20 och
280 837 144 26 uppmanades
442 837 98 21 ståndets
558 837 108 21 elektorer
685 836 56 27 förty
760 839 32 18 att
810 836 7 21 i
836 836 67 21 somin

80 865 31 21 tid
130 865 73 21 skrida
220 865 33 21 till
269 866 33 20 val
318 865 24 21 af
355 865 36 21 två
406 865 119 22 ledamöter
540 865 39 22 och
595 865 44 21 lika
655 865 76 26 många
746 865 136 26 suppleanter
896 864 7 21 i

77 894 227 27 justeringsutskottet.

147 979 10 21 I
177 979 113 26 anledning
310 979 67 26 deraf,
393 981 31 20 att
439 980 27 21 de
482 980 47 21 utaf
543 980 126 21 ständernas
685 979 82 22 utskott
782 979 67 21 under
864 979 39 21 den

81 1009 52 20 sista
157 1008 59 21 tiden
241 1008 23 21 af
285 1007 128 27 landtdagen
436 1009 121 26 uppgjorda
580 1008 323 27 sammanjemkningsförslagen

79 1037 46 21 icke
145 1036 64 21 hinna
228 1037 32 20 till
279 1037 60 26 tryck
357 1036 119 27 befordras,
492 1039 50 19 utan
562 1037 76 21 endast
657 1037 119 26 skriftligen
795 1037 32 20 till
847 1036 57 21 stån-

81 1066 39 20 den
135 1065 114 26 inkomma,
265 1065 54 21 hade
334 1065 242 27 talmanskonferensen,
591 1065 67 27 enligt
672 1065 56 21 hvad
742 1065 26 21 hr
782 1065 121 21 talmannen

80 1101 28 14 nu
134 1093 132 27 meddelade,
289 1093 195 27 öfverenskommit,
508 1096 31 19 att
564 1094 33 21 till
624 1094 101 21 ståndens
748 1093 155 26 öfvervägande

80 1123 119 26 hemställa,
215 1122 104 21 huruvida
337 1122 46 22 icke
401 1122 92 21 stånden
508 1123 57 26 ville,
581 1123 33 20 till
631 1123 135 20 undvikande
782 1122 22 21 af
819 1122 36 21 det
869 1122 34 21 vid

79 1151 92 26 tidigare
198 1151 157 21 ständermöten
381 1151 113 22 inträffade
520 1151 204 26 missförhällandet,
746 1153 32 18 att
803 1150 72 27 dylika
897 1151 6 20 i

81 1179 93 27 skriftlig
192 1179 53 22 form
265 1179 100 22 inkomna
383 1180 301 27 sammanjemkningsförslag
704 1179 46 22 icke
769 1179 68 26 ingått
855 1179 7 20 i
878 1179 28 21 de

77 1208 85 27 jemlikt
181 1208 242 27 landtdagsordningens
443 1208 113 22 föreskrift
574 1208 47 21 från
641 1208 84 27 trycket
739 1208 82 26 utgifna
836 1208 69 20 landt-

80 1237 213 26 dagshandlingarne,
310 1237 129 21 öfverlemna
460 1237 22 21 åt
501 1237 240 27 expeditionsutskottet
759 1239 32 18 att
810 1236 43 21 låta
872 1236 32 21 till

80 1265 60 27 tryck
155 1265 100 21 befordra
267 1265 79 27 jemväl
363 1271 28 15 nu
406 1265 164 27 ifrågavarande
586 1265 303 27 sammanjemkningsförslag.

147 1294 76 21 Denna
241 1293 248 22 talmanskonferensens
508 1294 125 21 hemställan
652 1293 46 22 blef
715 1293 23 22 af
754 1293 150 27 borgarestån-

81 1323 35 20 det
135 1322 106 27 godkänd,
255 1323 66 26 jemte
337 1323 36 20 det
388 1323 98 20 ståndets
502 1323 134 21 sekreterare
652 1323 136 25 anmodades,
803 1323 32 19 att
850 1321 56 21 efter

80 1351 140 26 landtdagens
239 1351 42 21 slut
300 1351 32 20 till
351 1351 241 26 expeditionsutskottet
611 1351 131 21 öfverlemna
758 1350 98 26 samtliga
871 1349 33 21 till

81 1379 84 21 ståndet
188 1379 6 21 i
217 1380 78 26 antydd
318 1379 54 21 form
395 1379 110 21 inkomma
524 1379 298 28 sammanjemkningsförslag
838 1377 69 27 jemte

81 1414 25 15 en
122 1408 59 21 öfver
197 1407 48 22 dem
261 1408 114 27 upprättad
391 1407 140 28 förteckning.

147 1493 116 27 Upplästes
286 1494 39 21 och
347 1494 59 20 lades
430 1494 34 21 till
484 1494 153 26 handlingarne
658 1494 105 21 särskilda
782 1492 46 21 frän
848 1493 60 21 med-

81 1522 88 21 ständen
185 1522 100 22 inkomna
300 1522 204 28 protokollsutdrag,
520 1523 116 26 nemligen:

150 1552 32 20 1:0
198 1550 46 22 från
261 1551 148 26 ridderskapet
424 1551 40 21 och
481 1551 68 26 adeln,
566 1551 149 21 meddelande:
