1086 1734
342 126 91 22 Borgarest.
446 125 47 19 1888.
517 124 21 20 17
551 125 41 23 Maj.
810 126 44 18 1165

55 196 164 26 propositionen,
242 196 32 20 att
296 195 99 26 samtliga
417 194 33 22 till
474 194 57 22 lånet
553 195 95 21 hörande
667 194 140 27 obligationer
824 195 53 21 böra

55 224 127 26 gemensamt
196 224 116 26 intecknas,
327 223 71 21 kunde
414 224 60 20 detta
489 224 99 26 möjligen
605 224 49 20 leda
668 222 33 22 till
717 223 40 21 den
774 224 103 27 missupp-

55 252 99 26 fattning,
173 253 32 20 att
224 258 47 15 man
292 252 78 26 ansåge
390 253 31 19 ett
439 251 193 28 inteckningsbevis
651 251 27 27 på
697 251 76 27 sjelfva
787 252 90 22 hufvud-

57 280 129 26 handlingen
204 286 52 16 vara
270 280 209 27 tillfyllestgörande,
496 280 80 22 hvilket
588 280 49 22 icke
654 282 24 19 är
693 280 121 26 meningen;
837 281 40 21 och

56 310 59 20 detta
129 308 149 22 missförstånd
298 309 39 21 har
352 309 105 21 utskottet
472 309 57 21 velat
544 309 124 27 förebygga.

125 338 30 20 Hr
170 337 129 23 Fellman:
322 337 75 21 Såsom
411 337 37 27 jag
464 338 66 20 redan
545 339 73 26 yttrat,
635 337 69 21 hvilar
719 338 157 26 propositionen

55 366 45 27 just
119 366 26 26 på
161 366 39 21 den
216 366 155 26 grundtanken,
387 368 32 19 att
437 366 66 26 något
522 368 64 19 annat
605 366 156 26 fodringsbevis
780 365 46 22 icke
845 365 32 21 får

56 394 74 26 finnas,
145 396 26 19 än
188 395 62 21 dessa
265 394 226 27 partialobligationer.
514 395 37 21 Att
566 401 48 15 man
629 395 7 21 i
652 394 87 27 Sverige
749 394 38 21 har
798 394 79 21 sådana

56 424 166 25 bestämmelser,
238 429 45 15 som
298 423 25 21 hr
338 423 94 21 Juselius
448 425 114 24 omnämnt,
578 425 24 19 är
617 423 109 26 naturligt,
743 423 87 21 emedan
841 422 36 22 det

57 452 38 21 der
114 454 23 18 är
153 452 77 21 tillåtet
244 454 32 19 att
291 454 59 19 utom
365 452 249 26 partialobligationerna
630 452 64 21 hafva
707 452 78 26 jemväl
802 458 25 14 en
843 457 34 21 ge-

57 476 182 38 neralobligation.
396 507 2 2 N

125 508 48 22 Med
192 509 113 27 anledning
323 509 23 21 af
363 510 41 20 den
422 509 114 21 förefallna
554 510 150 20 diskussionen
723 509 38 21 och
781 509 36 21 det
831 508 46 21 der-

58 538 67 21 under
148 538 76 26 gjorda
246 538 105 26 yrkandet
368 538 126 21 framstälde
513 538 25 21 hr
557 538 122 21 talmannen
695 537 92 27 följande
802 542 76 22 propo-

59 566 72 22 sition:

126 594 40 27 De,
189 594 69 22 hvilka
278 594 112 28 godkänna
409 594 15 28 $
443 596 28 20 15
489 594 63 28 enligt
569 594 107 22 utskottets
694 594 80 28 förslag
789 594 88 27 oförän-

59 624 60 26 drad,
135 625 57 19 rösta
202 624 37 26 ja;
255 624 31 26 de,
302 624 33 20 det
349 623 44 21 icke
405 625 60 25 göra,
481 625 58 19 rösta
552 624 49 27 nej;

126 652 73 21 vinner
220 653 44 27 nej,
286 652 39 21 har
347 652 170 27 borgareständet
539 652 117 27 föredragit
678 652 39 21 den
735 651 81 28 lydelse,
834 657 45 15 som

57 680 129 27 paragrafen
200 680 40 22 har
254 681 8 21 i
276 680 40 22 den
330 681 80 27 nädiga
422 681 164 27 propositionen.

128 710 162 26 Propositionen
309 710 128 21 besvarades
457 710 48 21 med
525 710 157 26 öfvervägande
695 710 29 26 ja,
740 710 38 20 och
794 715 37 15 var
846 708 33 21 sä-

61 738 59 21 ledes
135 738 126 27 paragrafen
278 738 128 22 oförändrad
422 738 99 27 godkänd
538 738 66 27 enligt
618 738 115 22 utskottets
749 738 87 26 förslag.

127 766 42 22 Vid
184 766 12 28 $
213 767 32 26 16,
262 773 44 15 som
323 767 52 21 härä
390 767 119 27 föredrogs,
525 767 97 21 erinrade
633 767 26 21 hr
669 767 120 26 Eneberg
799 766 80 25 derom,

60 796 31 20 att
109 796 68 20 denna
195 796 102 26 paragraf
314 796 48 21 stod
381 796 7 20 i
403 796 153 26 sammanhang
572 795 49 22 med
636 795 25 27 $$
677 796 12 20 7
706 795 37 21 och
759 795 19 26 8,
794 794 39 22 och
848 795 32 20 att

60 824 40 20 den
121 824 82 21 säledes
223 824 66 22 borde
308 826 88 25 antagas
412 824 67 27 enligt
495 825 40 21 den
550 824 78 27 nädiga
642 824 165 27 propositionen,
821 823 8 21 i
844 828 36 15 an-

62 852 87 27 ledning
165 852 75 22 hvaraf
254 853 26 21 hr
294 853 121 21 talmannen
431 852 127 23 framstälde
572 853 95 27 följande
682 852 140 27 proposition:

130 880 40 27 De,
189 881 69 21 hvilka
271 881 113 28 godkänna
398 881 16 28 $
428 882 29 20 16
473 881 64 28 enligt
550 881 108 22 utskottets
672 881 86 27 förslag,
773 882 58 19 rösta
841 880 38 27 ja;

61 909 30 26 de,
107 909 34 22 det
154 909 44 22 icke
211 911 59 26 göra,
285 912 57 19 rösta
356 911 48 26 nej;
473 908 2 2 |

127 939 74 20 vinner
218 939 44 28 nej,
281 939 39 21 har
338 939 171 26 borgareståndet
526 939 119 27 föredragit
660 939 39 21 den
714 938 78 27 nådiga
805 943 76 21 propo-

60 966 100 22 sitionens
174 967 75 28 lydelse
263 967 37 27 för
314 967 93 22 nämnda
421 968 110 27 paragraf.

129 995 80 22 Genom
233 998 31 20 att
287 997 89 21 besvara
395 996 305 27 omröstningspropositionen
719 996 46 21 med
785 995 95 21 öfvervä-

61 1025 68 26 gande
151 1025 41 26 nej,
216 1025 54 21 hade
294 1025 86 22 ståndet
402 1025 83 27 antagit
506 1025 128 27 paragrafen
658 1025 65 26 enligt
745 1024 40 21 den
805 1023 76 26 nådiga

61 1053 163 26 propositionen.

128 1081 41 22 Vid
184 1081 12 28 $
213 1083 26 21 17
254 1083 84 26 yttrade

127 1110 26 21 hr
167 1110 130 22 Jusélius:
313 1111 31 22 Ur
360 1111 67 22 andra
443 1113 117 20 momentet
574 1111 6 21 i
596 1111 12 27 $
621 1111 26 22 17
661 1111 39 21 har
710 1111 105 21 utskottet
825 1109 58 20 bort-

60 1139 55 26 tagit
131 1139 75 22 orden:
231 1139 35 28 ,så
281 1140 62 27 länge
359 1140 26 21 de
400 1141 58 20 ännu
473 1142 38 19 äro
526 1140 7 21 i
546 1140 191 27 jernvägsegarens
753 1138 58 27 ego.*
840 1137 43 21 För

61 1168 41 21 min
122 1168 34 21 del
176 1174 63 15 anser
255 1169 44 26 jag,
319 1170 32 19 att
369 1169 63 21 dessa
451 1169 39 20 ord
510 1169 34 20 väl
563 1169 69 20 skulle
652 1168 63 21 hafva
729 1167 106 22 försvarat
850 1166 32 21 sin

60 1197 56 26 plats
130 1196 33 21 för
178 1198 32 19 att
224 1197 116 27 förtydliga
354 1197 141 28 paragrafens
511 1197 91 26 mening.
625 1197 81 21 Genom
718 1196 133 22 uteslutande
862 1194 23 21 af

61 1226 108 20 desamma
184 1225 38 21 har
237 1225 111 28 möjlighet
362 1226 93 21 lemnats
471 1225 33 22 för
519 1232 26 15 eu
560 1225 150 27 misstolkning
723 1225 7 21 i
745 1227 76 19 tvenne
832 1223 51 22 rikt-

61 1254 84 26 ningar:
164 1253 32 22 för
212 1254 37 21 det
263 1254 67 21 första
346 1254 97 27 sålunda,
461 1256 32 20 att
505 1254 181 27 jernvägsegaren
705 1254 34 21 vid
761 1253 76 21 sådant
847 1259 36 14 an-

61 1288 54 21 svar,
136 1288 45 15 som
200 1282 6 21 i
226 1282 225 27 strafflagsförslagets
471 1283 27 22 38
517 1283 48 27 kap.
584 1283 14 22 5
616 1283 12 27 $
643 1283 34 21 för
692 1281 119 28 oredlighet
827 1281 56 21 stad-

62 1317 46 20 gas,
125 1311 69 21 skulle
208 1317 52 15 vara
275 1311 112 28 förbjuden
403 1313 33 20 att
451 1311 91 28 föryttra
557 1311 66 27 nägot
638 1311 22 21 af
672 1311 126 27 jernvägens
813 1309 71 21 tillbe-

61 1339 44 26 hör,
128 1339 38 21 och
186 1339 83 22 säledes
288 1340 48 21 icke
354 1346 38 15 ens
411 1340 57 27 finge
484 1340 54 27 sälja
553 1346 26 15 en
594 1339 109 27 obehöflig
718 1338 97 28 persedel
831 1337 54 22 eller

61 1370 31 19 ett
110 1368 59 21 äldre
189 1367 98 28 verktyg;
311 1368 39 21 och
369 1368 33 21 för
421 1369 37 20 det
479 1369 66 21 andra
560 1368 88 27 derhän,
664 1370 32 19 att
714 1370 29 19 ett
762 1367 77 21 sädant
852 1365 32 21 in-

62 1396 103 22 tecknadt
180 1396 106 27 tillbehör,
298 1397 62 21 äfven
376 1397 65 21 sedan
458 1397 37 21 det
511 1397 81 26 ombytt
606 1403 70 21 egare,
691 1396 68 21 skulle
771 1395 34 22 stä
815 1394 7 21 i
834 1396 51 25 pant

61 1425 33 20 för
117 1425 40 21 den
180 1425 31 21 uti
231 1425 117 27 jernvägen
370 1425 129 22 intecknade
521 1425 94 22 fordran.
637 1425 95 21 Emedan
747 1425 37 26 jag
796 1423 88 26 hoppas,

62 1455 31 19 att
108 1459 26 16 en
151 1453 65 22 sådan
232 1453 96 27 tolkning
343 1453 84 22 likvisst
442 1454 7 21 i
465 1454 113 27 praktiken
594 1454 47 21 icke
657 1453 54 22 skall
725 1453 85 21 komma
824 1451 4 21 i
836 1451 49 21 frä-

61 1488 33 20 ga,
102 1481 38 22 har
150 1482 37 27 jag
199 1482 19 27 ej
232 1484 70 19 ansett
314 1482 74 27 nödigt
399 1484 32 19 att
440 1483 7 20 i
456 1483 69 21 denna
534 1483 34 20 del
577 1488 111 16 reservera
696 1481 53 27 mig;
761 1480 38 22 och
809 1480 27 21 dä
848 1480 37 21 be-

61 1509 116 22 tänkandet
184 1511 110 21 allaredan
302 1511 57 20 lärer
367 1517 52 15 vara
427 1511 111 26 godkändt
546 1510 22 21 af
575 1513 33 19 tre
616 1511 70 25 ständ,
695 1510 59 21 torde
764 1508 121 27 enändring

61 1537 111 22 härstädes
192 1539 46 21 icke
258 1539 58 26 tjena
334 1539 33 20 till
386 1539 125 26 nägonting.
541 1539 40 26 Jag
600 1539 39 21 har
658 1539 74 21 endast
750 1538 58 21 velat
823 1537 63 21 hafva
