1075 1742
200 136 45 17 1196
477 136 95 23 Borgarest.
584 136 47 19 1888.
655 136 18 19 19
686 136 41 23 Maj.

177 204 62 21 skola
259 204 47 20 med
325 204 62 22 böter
407 204 38 22 och
461 204 96 27 fängelse
573 205 85 26 tvingas
673 207 32 19 att
721 204 56 22 sluta
793 204 32 26 sig
841 204 32 21 till
889 204 64 27 något
969 210 36 15 an-

177 234 37 19 nat
233 232 105 26 samfund,
354 233 39 21 och
409 233 89 21 sålunda
514 233 28 27 på
557 233 69 21 denna
642 235 47 25 väg,
705 233 46 21 ifall
767 234 32 20 ett
813 232 122 27 frikyrkligt
950 239 55 15 sam-

177 261 51 21 fund
245 260 107 27 upplöses,
364 261 61 21 äfven
441 262 63 21 dessa
520 268 17 14 s.
553 262 20 20 k.
587 262 100 26 religiösa
699 261 138 27 vagabonder
848 261 61 21 skola
921 262 84 20 komma

177 291 33 19 att
224 288 70 22 finnas
309 290 32 21 till
356 290 81 21 i-detta
453 290 50 21 land
519 290 39 21 och
574 290 132 26 småningom
723 290 64 25 vänja
801 290 142 21 allmänheten
958 290 47 22 der-

178 320 42 23 vid,
236 320 33 18 att
287 320 37 20 det
338 319 46 21 icke
401 318 89 22 innebär
506 318 71 27 nägon
592 318 48 22 fara
654 318 34 21 för
703 318 120 26 samhället,
839 320 33 20 att
887 324 26 15 en
927 324 77 21 person

178 346 38 21 har
236 347 33 20 sin
289 353 51 20 egen
360 347 100 26 religiösa
475 347 143 27 öfvertygelse
635 346 33 22 för
684 347 32 27 sig
733 347 57 26 sjelf;
806 347 7 20 i
829 346 139 22 betraktande
984 347 23 21 af

178 374 40 22 allt
236 375 65 24 detta,
322 375 39 21 och
381 376 27 20 dä
424 376 37 26 jag
480 376 47 20 icke
544 376 34 20 för
593 376 43 20 min
652 375 34 21 del
703 375 36 21 vill
755 375 79 27 pätaga
850 376 42 26 mig
907 378 100 19 ansvaret

179 402 23 22 af
220 405 31 19 att
271 403 95 21 förkasta
385 404 69 20 denna
473 404 42 26 lag,
531 404 24 20 sä
575 403 115 27 bristfällig
710 404 38 21 och
769 404 140 26 ofullständig
923 404 39 21 den
979 406 27 19 än

179 433 24 19 är
219 432 6 20 i
242 432 76 26 många
336 432 121 26 afseenden,
473 432 24 21 sä
513 432 37 22 ber
564 432 37 26 jag
617 434 32 19 att
664 432 22 21 få
701 432 94 26 förorda,
811 434 31 19 att
859 432 147 27 borgarestän-

180 460 36 21 det
238 460 50 21 ville
310 460 113 27 godkänna
445 461 36 21 det
504 460 23 22 af
545 460 142 27 lagutskottet
705 461 120 27 uppgjorda
844 461 162 27 sammanjemk-

179 484 173 36 ningsförslaget.
437 513 10 4 W
952 508 2 2 i

248 517 32 21 Hr
295 517 122 21 Neovius:
433 517 68 21 Äfven
515 518 37 26 jag
569 518 33 20 får
617 518 27 26 pä
660 518 36 20 det
712 520 107 18 varmaste
830 518 129 20 understöda
970 524 36 14 an-

179 546 103 26 tagandet
296 546 24 20 af
334 548 35 19 det
385 552 26 15 nu
427 546 147 26 föreliggande
590 546 146 26 lagförslaget.
759 546 133 26 Visserligen
908 548 36 18 äro
957 546 50 21 dess

180 574 78 21 brister
278 574 75 27 många
373 574 39 22 och
430 575 36 21 det
481 575 53 21 mått
550 575 22 20 af
587 574 71 26 frihet,
674 580 46 15 som
736 574 140 22 tillerkännes
892 574 56 22 olika
963 577 43 18 tro-

180 602 60 26 ende,
257 602 83 27 mycket
355 603 66 27 ringa,
437 609 47 15 men
498 603 37 27 jag
552 605 23 19 är
591 603 56 21 ändä
662 603 23 21 af
699 603 42 21 den
756 603 163 27 öfvertygelsen,
931 604 32 19 att
975 602 31 21 äf-

181 637 39 15 ven
236 631 70 21 denna
321 632 60 26 ringa
397 632 156 26 tillstymmelse
564 632 33 20 till
608 634 53 18 tros-
673 632 38 21 och
723 631 160 21 samvetsfrihet
893 631 54 21 skall
959 632 48 20 leda

181 659 87 26 derhän,
285 662 31 18 att
335 660 26 21 de
381 660 135 21 reaktionära
535 660 99 21 idéernas
653 660 77 21 bärare
746 661 56 20 inom
819 660 47 20 vårt
881 660 48 21 land
946 660 62 20 skola

181 688 63 26 vänja
263 688 32 26 sig
314 690 31 18 att
364 694 22 15 se
405 689 39 21 den
461 688 66 22 saken
542 688 100 22 faststäld
659 688 39 22 och
714 688 95 26 bevisad,
825 690 32 19 att
872 688 81 22 olikhet
968 688 39 21 och

180 716 65 21 frihet
268 716 6 21 i
294 717 109 21 trossaker
423 717 45 21 icke
487 717 61 21 skola
567 717 66 21 verka
652 717 101 21 störande
773 717 54 21 eller
845 717 88 26 menligt
951 716 57 27 uppä

181 744 38 21 vär
235 744 87 27 statliga
338 745 38 21 och
392 745 231 27 samhällsutveckling,
635 746 39 20 och
690 745 33 21 fär
737 746 38 26 jag
791 745 71 21 derför
877 746 27 26 pä
915 746 34 20 det
960 752 47 14 var-

181 774 68 20 maste
265 772 87 22 förorda
367 774 113 26 förslagets
496 774 128 26 antagande.

250 801 32 21 Hr
301 801 156 27 Chydenius:
487 802 42 21 Det
547 804 25 19 är
592 802 46 21 med
658 804 91 25 yttersta
768 802 77 21 tvekan
863 802 38 26 jag
920 804 88 24 uppträ-

182 830 44 25 der,
246 836 47 14 men
310 830 37 26 jag
367 831 66 20 mäste
449 833 50 24 taga
514 831 67 25 ordet,
598 830 34 21 för
648 832 32 20 att
694 830 97 22 förklara
806 832 32 19 att
851 830 37 27 jag
904 830 45 21 icke
965 830 42 21 kan

181 857 69 22 förmä
273 858 42 27 mig
338 860 32 20 att
392 860 58 20 rösta
471 859 34 21 för
525 860 35 21 det
579 858 148 28 föreliggande
749 858 259 28 sammanjemkningsför-

182 887 75 26 slaget.

251 915 45 21 När
314 915 28 27 pä
361 916 122 21 sextiotalet
502 918 31 19 ett
548 918 46 25 nytt
609 916 99 27 politiskt
724 916 25 21 lif
763 915 100 27 uppstod,
879 915 24 22 sä
919 922 36 15 var
971 916 36 21 det

182 945 58 18 utom
261 943 110 27 lösningen
390 943 23 22 af
432 945 25 20 de
476 945 178 21 konstitutionela
672 944 101 27 frägorna
793 947 76 18 tvenne
888 945 66 20 andra
973 950 34 15 sa-

182 971 46 25 ker,
248 977 44 15 som
309 972 43 21 alla
367 972 116 21 frisinnade
499 973 123 21 menniskor
637 973 111 27 hoppades
763 973 37 26 pä:
817 973 36 20 det
868 979 37 14 var
920 973 86 20 skolans

184 999 106 27 skiljande
313 1000 46 21 frän
383 1000 88 27 kyrkan,
489 1003 81 19 statens
590 1001 38 21 och
648 1001 95 27 kyrkans
762 1001 105 26 skiljande
884 1001 46 21 frän
945 1001 63 20 hvar-

182 1028 75 21 andra.
287 1028 50 21 Man
358 1029 99 26 önskade,
473 1029 32 21 för
521 1031 32 20 att
573 1029 97 27 begagna
690 1029 95 22 Cavours
805 1029 92 21 bekanta
911 1029 96 27 uttryck:

183 1062 37 21 nen
240 1056 27 21 fri
287 1057 67 26 kyrka
369 1058 6 20 i
391 1063 26 15 en
437 1057 26 22 fri
482 1060 61 19 stat.*
573 1057 79 22 Derför
671 1057 107 28 skapades
794 1064 25 15 en
835 1057 110 27 kyrkolag,
961 1063 44 15 som

183 1085 69 20 skulle
272 1091 51 15 vara
339 1091 25 15 en
381 1085 34 27 lag
429 1085 56 22 blott
499 1086 33 21 för
548 1086 246 26 evangelisk-lutherska
808 1085 82 28 kyrkan
907 1086 38 21 och
960 1085 47 22 icke

184 1119 27 14 en
226 1113 80 21 allmän
326 1113 157 28 medborgerlig
502 1115 35 26 lag
552 1115 33 20 för
601 1114 27 21 de
644 1115 99 26 kyrkliga
757 1114 40 21 och
813 1114 101 27 religiösa
928 1114 79 21 förhäl-

182 1141 93 21 landena
290 1141 7 21 i
312 1141 99 22 Finland.
440 1143 77 21 Derför
535 1143 118 27 upphäfdes
669 1143 63 21 äfven
748 1143 6 20 i
770 1143 39 21 och
826 1143 48 20 med
889 1142 119 21 detsamma

183 1169 83 21 straffet
289 1169 33 22 för
344 1170 58 21 affall
425 1171 46 21 från
494 1172 40 20 den
558 1171 94 21 rådande
676 1170 246 28 evangelisk-lutherska
941 1171 66 20 läran.

182 1197 67 22 Detta
264 1204 38 15 var
317 1204 25 15 en
359 1199 75 26 början
450 1199 33 21 till
500 1206 25 15 en
541 1199 27 22 fri
585 1199 67 28 kyrka
667 1200 7 21 i
690 1206 26 15 en
732 1199 27 21 fri
775 1201 44 19 stat
835 1199 38 21 och
889 1199 32 21 till
933 1201 31 19 ett
974 1205 33 15 er-

182 1225 114 22 kännande
311 1227 5 20 i
332 1227 81 26 princip
429 1227 23 22 af
466 1228 39 21 den
522 1231 78 23 satsen,
617 1234 45 15 som
676 1228 37 26 jag
728 1227 67 27 vägar
810 1227 63 27 pästä
887 1229 30 19 att
932 1229 76 19 nästan

183 1253 64 27 ingen
264 1254 54 21 skall
334 1255 71 21 kunna
421 1255 102 27 bestrida,
538 1256 108 27 nemligen
661 1259 32 18 att
708 1256 156 27 trosäsigterna
881 1255 38 22 och
930 1256 77 21 förmä-

182 1287 42 21 gan
243 1285 32 18 att
294 1289 51 15 vara
365 1283 42 27 god
426 1284 140 27 medborgare
586 1285 47 20 icke
648 1285 34 20 stä
697 1285 6 20 i
720 1284 65 27 nägot
801 1285 58 26 slags
875 1284 134 21 förhällande

182 1310 34 21 till
236 1310 120 23 hvarandra
371 1323 28 4 —
415 1314 30 19 att
465 1319 46 14 man
532 1313 94 21 hvarken
646 1315 24 18 är
689 1315 71 19 sämre
776 1313 53 21 eller
845 1313 70 20 bättre
930 1313 79 20 förmö-

182 1344 42 21 gen
248 1342 32 19 att
299 1339 62 22 sköta
381 1340 46 21 sina
445 1341 79 26 plikter
543 1347 45 15 som
608 1341 148 26 medborgare,
776 1341 101 26 antingen
897 1347 46 14 man
963 1343 46 18 tror

182 1367 54 22 eller
252 1368 47 21 icke
314 1370 46 19 tror
375 1368 28 27 pä
418 1369 40 21 den
474 1369 124 27 kroppsliga
614 1370 138 21 närvarelsen
768 1369 7 21 i
790 1369 134 26 nattvarden,
941 1369 67 20 antin-

181 1401 42 20 gen
239 1402 49 15 man
304 1398 46 19 tror
365 1397 27 26 pä
407 1397 146 27 treenigheten
570 1398 53 21 eller
638 1400 24 19 är
677 1398 99 21 unitarie.

252 1425 43 21 Det
310 1425 27 21 dä
352 1425 76 26 gjorda
443 1426 114 27 uppslaget
574 1426 44 21 blef
632 1426 54 21 dock
702 1426 47 21 icke
765 1426 139 21 fullbordadt.
930 1425 79 21 Dertill

182 1451 70 22 skulle
268 1453 94 21 fordrats
377 1455 56 20 ännu
448 1454 136 26 bestämning
599 1460 34 15 om
649 1454 168 27 civiläktenskap
828 1455 7 20 i
845 1455 58 20 vissa
917 1453 38 22 fall
969 1453 41 22 och

182 1485 35 16 om
237 1481 84 26 edgäng
340 1481 55 22 efter
414 1484 65 19 annat
497 1485 26 18 än
542 1483 37 20 det
598 1483 113 21 faststälda
726 1483 127 21 formuläret
868 1483 7 20 i
891 1483 57 20 vissa
963 1481 45 22 fall.

181 1507 72 32 Dessa
271 1509 160 27 bestämningar
449 1511 77 25 blefvo,
543 1517 45 15 som
608 1511 70 26 sagdt,
693 1511 48 22 icke
757 1511 27 21 dä
799 1511 146 26 genomförda,
961 1517 48 14 men

182 1536 96 27 pricipen
295 1537 45 22 står
355 1539 56 20 ännu
428 1539 143 21 oäterkallad:
588 1541 32 19 att
635 1545 49 15 man
699 1540 48 21 icke
763 1539 103 22 behöfver
881 1539 87 21 tillhöra
979 1541 30 19 ett
