1081 1739
206 134 41 31 822
485 138 93 23 Borgarest.
590 138 47 19 1888.
660 138 10 19 2
683 139 40 22 Maj.

257 208 32 20 att
311 207 92 27 ständet,
426 208 35 21 vid
479 207 159 28 behandlingen
653 207 23 22 af
690 208 107 21 allmänna
811 207 205 22 besvärsutskottets

187 235 137 22 betänkande
346 242 35 15 n:o
403 237 29 21 22
450 236 7 21 i
478 236 115 27 anledning
608 236 22 21 af
644 236 107 22 särskilda
765 237 33 21 till
812 238 89 25 preste-,
916 236 100 27 borgare-

187 264 40 21 och
252 264 162 22 bondeständen
436 264 80 27 ingifna
530 265 189 26 petitionsförslag,
735 265 108 26 angäende
857 265 85 26 privata
956 265 60 20 frun-

186 293 207 22 timmersskolornas
416 293 6 21 i
464 293 34 26 Äbo,
522 293 142 22 Tammerfors
688 293 41 22 och
751 294 96 21 Joensuu
862 293 153 27 öfvertagande

187 321 24 22 af
231 321 136 26 statsverket,
389 321 106 22 förkastat
516 322 60 21 säväl
598 321 146 22 betänkandet
766 328 45 15 som
827 321 105 22 särskilda
946 321 69 22 under

187 349 189 29 Ofverläggningen
401 350 125 21 framstälda
552 350 211 27 resolutionsförslag
789 351 40 20 och
851 350 101 22 omfattat
974 350 40 21 den

186 378 147 21 betänkandet
347 378 114 28 vidfogade
475 379 169 25 reservationen;

255 409 33 19 att
309 407 26 21 hr
357 407 204 26 landtmarskalken,
578 407 36 21 vid
629 407 152 28 föredragning
795 407 24 21 af
832 407 183 22 ekonomiutskot-

186 437 43 20 tets
244 435 135 22 betänkande
394 442 34 15 n:o
445 436 26 21 13
486 436 7 21 i
508 435 115 27 anledning
637 435 24 22 af
675 437 32 20 ett
717 436 57 21 inom
784 435 156 28 presteständet
950 435 64 22 fram-

186 464 65 21 stäldt
273 464 179 27 motionsförslag,
468 463 110 27 angående
594 464 90 26 ändring
699 464 24 21 af
736 464 102 27 paragraf
852 465 23 20 11
893 464 7 21 i
915 464 99 26 gällande

186 492 124 27 förordning
333 492 109 27 angäende
465 492 232 27 bränvinsförsäljning,
713 493 105 21 förklarat
833 492 32 27 sig
880 492 47 21 icke
941 493 74 20 kunna

186 521 76 27 bringa
286 521 197 27 motionsförslaget
504 521 34 21 till
560 521 161 27 handläggning
742 521 39 21 hos
803 521 149 26 ridderskapet
975 521 40 21 och

185 549 69 26 adeln,
271 551 51 19 utan
338 551 31 19 att
385 549 122 27 detsamma,
521 549 66 27 jemte
603 549 71 22 dertill
690 549 103 26 hörande,
809 549 149 27 ridderskapet
973 549 40 22 och

187 578 63 21 adeln
267 577 93 27 delgifna
374 577 134 28 handlingar,
523 577 71 22 blifvit
609 578 60 27 lagdt
684 579 28 20 ad
727 580 58 24 acta;

255 607 34 20 2:0
305 606 47 21 från
367 606 163 27 bondeståndet,
545 607 49 20 med
609 607 168 21 underrättelse:

255 636 32 20 att
302 635 90 26 ståndet,
408 635 35 21 vid
458 635 150 27 föredragning
623 635 23 21 af
660 635 153 27 lagutskottets
829 635 135 21 betänkande
978 641 36 14 n:o

185 663 13 22 9
213 663 7 21 i
236 663 114 27 anledning
365 663 24 21 af
401 663 79 27 nådiga
494 663 168 28 propositionen,
678 663 148 22 innefattande
842 664 33 20 1:o
891 663 79 27 förslag
979 663 34 21 till

184 691 129 27 förordning,
337 691 110 27 angående
465 692 82 21 kristna
562 691 201 28 religionssamfund
779 692 6 21 i
800 691 92 22 Finland
907 691 23 22 af
943 698 70 15 annan

183 720 156 26 protestantisk
354 720 98 27 troslära,
468 723 26 18 än
510 721 40 20 den
566 720 256 27 evangelisk-lutherska;
837 721 34 20 2:o
886 720 80 27 förslag
980 720 33 21 till

184 748 125 27 förordning
331 755 34 14 om
388 750 44 20 rätt
454 749 33 21 för
509 749 55 21 finsk
586 749 142 26 medborgare
747 748 24 22 af
784 748 132 21 främmande
930 749 82 21 kristen

184 777 91 21 troslära
297 778 32 20 att
347 777 93 21 bekläda
455 777 97 22 embeten
569 777 39 22 och
622 777 91 27 tjenster
728 778 7 21 i
750 777 83 26 landet;
849 779 56 19 samt
920 777 34 21 3:o
970 777 43 22 för-

184 805 45 27 slag
252 805 33 22 till
306 805 126 27 förordning
451 812 34 15 om
500 811 78 16 ansvar
592 805 33 22 för
640 806 48 26 den,
704 812 46 15 som
767 805 98 27 olofligen
880 805 80 21 förmär
975 805 38 21 nä-

182 840 43 20 gon
241 834 33 21 till
290 833 115 28 öfvergäng
420 834 47 21 frän
482 841 27 14 en
523 834 93 21 troslära
630 834 34 21 till
680 841 77 20 annan,
773 833 88 22 beslutit
873 835 32 20 att
915 833 97 22 förkasta

181 862 119 21 utskottets
315 862 137 22 betänkande
467 863 39 21 och
521 863 7 20 i
543 863 71 20 stället
629 862 115 27 godkänna
759 863 41 20 den
817 862 34 21 till
866 862 145 21 betänkandet

181 891 79 27 fogade
286 891 66 21 andra
379 891 163 26 reservationen,
566 891 161 21 undertecknad
750 890 24 22 af
794 891 26 20 hr
842 891 98 26 Räbergh
963 891 48 20 med

183 918 59 27 flere,
266 919 75 22 endast
361 919 49 21 med
425 919 41 22 den
481 919 95 26 ändring,
593 921 32 19 att
639 919 102 27 paragraf
755 920 13 21 2
783 919 8 21 i
805 919 102 26 förslaget
921 919 33 21 till
968 919 44 21 för-

184 947 96 27 ordning,
303 947 110 27 angäende
434 948 82 22 kristna
538 947 201 27 religionssamfund
761 948 7 20 i
791 947 90 21 Finland
901 947 23 21 af
941 953 70 16 annan

183 976 156 27 protestantisk
353 976 99 26 troslära,
467 979 27 19 än
509 977 41 20 den
566 975 251 28 evangelisk-lutherska,
832 976 130 26 godkändes,
978 976 34 21 sä-

183 1004 42 21 dan
249 1005 40 20 den
311 1005 61 26 ingär
394 1005 7 20 i
424 1005 39 21 den
486 1005 77 27 nädiga
582 1005 167 26 propositionen,
765 1004 145 21 hvarförutom
927 1004 84 21 ständet

182 1033 96 25 beslutit,
301 1035 32 19 att
356 1033 70 21 erinra
447 1033 107 22 utskottet
568 1039 34 15 om
618 1033 26 20 de
659 1033 8 21 i
681 1032 102 27 paragraf
798 1033 13 20 8
826 1032 23 21 af
862 1033 66 26 sagda
943 1039 68 15 reser-

181 1061 85 21 vations
280 1061 70 21 finska
359 1061 83 27 lagtext
451 1061 172 22 förekommande
634 1061 119 27 tryckfelen
763 1063 97 24 ,,masta**
871 1061 39 21 och
921 1061 89 26 ,,huoel-

181 1090 71 26 lista",
268 1090 72 20 hvilka
356 1090 66 20 borde
436 1091 78 25 rättas;
530 1090 40 21 den
586 1089 12 21 å
612 1089 61 21 sidan
689 1090 28 20 39
731 1090 7 20 i
749 1089 146 21 betänkandet
905 1089 105 27 ingående

181 1118 107 21 klämmen
303 1118 56 21 hade
374 1118 23 21 af
410 1118 83 22 ståndet
508 1118 116 27 godkänts;

251 1148 33 19 att
306 1146 85 21 ståndet
414 1147 94 26 godkänt
530 1146 172 22 statsutskottets
720 1146 137 21 betänkande
871 1152 34 14 n:o
920 1146 15 20 4
949 1146 7 20 i
972 1152 37 14 an-

181 1174 87 27 ledning
285 1174 23 22 af
321 1174 78 27 nådiga
414 1175 166 27 propositionen,
598 1174 109 27 angående
722 1174 75 26 anslag
812 1174 32 21 till
859 1174 150 21 fullbordande

180 1202 25 22 af
216 1203 116 27 jernvägen
347 1203 48 21 från
410 1204 97 21 Kouvola
522 1203 33 21 till
570 1203 94 27 Kuopio;

250 1233 33 20 att
305 1231 86 22 ståndet
409 1232 95 26 godkänt
518 1232 171 21 statsutskottets
704 1231 137 21 betänkande
856 1237 34 15 n:o
907 1232 25 20 11
949 1231 7 21 i
971 1236 38 16 an-

180 1260 88 27 ledning
283 1260 23 22 af
319 1260 78 26 nådiga
412 1260 166 27 propositionen,
594 1260 109 26 angående
718 1259 150 22 öfverförande
882 1259 48 21 från
940 1259 68 27 krigs-

179 1288 112 22 manshus-
308 1288 40 22 och
363 1288 269 22 militieboställskassorna
646 1288 34 21 till
696 1289 108 21 allmänna
818 1287 153 22 militiekassan
986 1287 24 21 af

180 1317 107 21 särskilda
301 1318 127 26 inkomster;

249 1348 32 19 att
301 1346 86 21 ståndet
408 1346 96 28 godkänt
522 1346 218 21 ekonomiutskottets
757 1345 136 22 betänkande
907 1350 34 16 n:o
959 1345 25 21 11
1000 1344 7 21 i

178 1374 117 27 anledning
309 1374 23 22 af
346 1376 31 20 ett
392 1375 57 21 inom
464 1374 146 28 ridderskapet
627 1374 39 22 och
683 1374 64 21 adeln
761 1374 64 21 väckt
835 1372 173 28 motionsförslag

178 1408 34 15 om
235 1403 151 27 upphäfvande
408 1403 23 21 af
451 1403 142 27 kungörelsen
616 1403 23 21 af
659 1403 42 21 den
718 1402 29 22 20
762 1402 116 24 november
895 1402 61 26 1882,
971 1407 36 15 an-

177 1430 83 27 gående
282 1432 134 26 tillämpning
439 1432 23 21 af
481 1432 79 26 nådiga
580 1431 153 27 förordningen
757 1430 23 22 af
795 1430 41 22 den
851 1430 28 22 20
893 1430 41 26 maj
952 1429 55 22 1878

177 1465 36 15 om
228 1460 118 26 utgörande
362 1460 23 21 af
399 1460 59 22 skatt
472 1460 33 21 för
519 1460 93 26 hundar;

247 1490 32 19 att
301 1488 94 27 ståndet,
418 1489 34 21 vid
470 1488 157 26 behandlingen
643 1488 23 22 af
679 1488 109 21 allmänna
803 1486 204 22 besvärsutskottets

176 1516 138 22 betänkande
337 1523 34 15 n:o
389 1517 33 26 18,
438 1517 109 27 angående
562 1516 106 22 särskilda
683 1517 59 21 inom
758 1515 157 22 bondeståndet
929 1514 78 22 väckta

175 1544 185 32 petitionsförslag
378 1551 35 17 om
428 1545 148 24 förbättrande
591 1545 23 21 af
628 1545 130 27 sjukvården
774 1544 13 21 å
801 1544 154 26 landsbygden,
971 1543 36 21 be-
