1081 1734
348 118 93 22 Borgarest.
453 117 46 19 1888.
523 117 22 19 28
557 117 49 23 April.
830 118 34 18 811

60 187 138 26 fullständigt
212 186 105 22 läroverk.
343 186 94 27 Specielt
452 186 68 22 måste
532 186 37 28 jag
584 186 65 22 tacka
663 186 176 26 borgareståndet
853 186 35 22 för

64 216 36 20 det
122 214 188 28 tillmötesgående,
333 221 46 15 som
401 215 38 21 sist
459 214 39 22 och
517 215 100 27 slutligen
641 214 12 22 å
675 216 85 20 senaste
786 214 101 28 landtdag

64 244 49 21 kom
132 244 70 20 denna
220 243 89 27 petition
327 243 34 21 till
380 243 40 21 del.
451 243 49 21 Men
519 243 70 21 tillika
607 243 38 21 ber
662 243 37 27 jag
715 244 31 20 att
761 242 22 22 få
798 244 90 27 upplysa

63 272 85 21 ståndet
163 278 41 20 om,
220 272 31 20 att
265 272 71 20 denna
350 271 60 27 fråga
421 271 36 21 det
467 272 89 21 oaktadt
571 274 57 19 ännu
644 272 69 27 seglar
723 272 7 20 i
741 272 99 20 motvind.
856 272 31 26 Ty

64 300 150 28 beklagligtvis
228 300 39 21 hör
283 300 61 21 äfven
361 300 46 26 den,
424 300 82 21 oafsedt
517 301 33 20 att
565 300 116 21 ständerna
694 299 96 22 förordat
804 300 84 26 utvidg-

63 329 52 27 ning
134 329 22 21 af
173 329 35 21 det
226 328 161 27 ifrågavarande
406 328 73 27 lyceet,
496 328 67 28 jemte
582 328 37 21 det
637 328 60 21 Hans
712 328 112 27 Majestäts
839 328 49 20 råd-

64 357 88 27 gifvare,
170 356 69 22 finska
259 358 94 25 senaten,
372 357 87 21 instämt
478 357 7 21 i
504 357 60 21 detta
586 356 165 27 önskningsmål,
778 356 32 21 till
832 356 54 26 dem,

64 392 47 14 som
129 386 46 20 icke
194 385 75 21 vunnit
286 385 75 27 nådigt
379 385 61 21 bifall
458 386 7 20 i
485 386 36 20 det
536 385 67 27 skick,
619 386 7 20 i
641 385 82 21 hvilket
738 385 26 21 de
780 385 108 21 emanerat

64 414 49 21 från
128 414 62 21 dessa
204 415 77 20 tvenne
295 413 139 27 lagstiftande
449 413 155 27 församlingar.
635 413 89 21 Således
738 414 38 21 ber
784 414 36 26 jag
831 415 57 19 ännu

65 442 22 22 få
101 448 101 21 upprepa,
213 442 114 21 huruledes
343 442 93 21 Karelen
451 442 40 21 och
507 444 58 20 östra
579 442 92 21 Finland
686 442 7 21 i
709 442 115 21 allmänhet
839 442 48 20 här-

66 471 44 21 tills
126 471 54 21 varit
196 471 101 27 olyckligt
311 470 89 26 lottade,
415 470 57 22 hvad
487 472 81 20 statens
583 470 99 22 läroverk
696 470 106 22 beträffar.
818 470 70 27 Egen-

66 499 89 27 domligt
170 505 63 21 synes
249 499 35 21 det
299 499 50 27 mig,
365 500 32 20 att
411 499 108 21 utskottet
531 500 45 26 just
590 499 91 21 kommit
693 501 31 19 att
739 499 85 21 förorda
839 498 49 22 sub-

65 528 147 27 ventionering
228 527 23 21 af
264 528 36 20 det
314 527 69 21 finska
399 528 148 27 gvinnolyceet
561 528 7 21 i
583 522 54 32 Åbo,
649 527 83 21 oafsedt
747 529 31 20 att
792 528 96 21 Joensuu

65 556 212 26 fruntimmersskola,
297 562 33 15 om
351 555 64 22 ocksä
433 556 48 21 med
500 558 31 19 ett
550 556 62 21 tiotal
631 556 59 27 lägre
706 556 110 26 elevantal,
832 555 56 21 ändä

66 586 24 20 är
105 585 36 21 det
156 584 70 22 äldsta
240 584 23 22 af
275 590 29 15 nu
318 584 162 27 ifrägavarande
495 586 34 20 tre
544 584 105 22 läroverk.
679 584 31 27 Ty
725 584 94 22 Joensuu
830 584 58 21 frun-

63 613 159 22 timmersskola
236 613 39 21 har
287 613 25 27 ju
327 612 67 22 redan
414 613 148 27 speciminerat
581 613 7 21 i
607 614 27 20 23
650 613 30 26 är,
696 613 76 21 medan
787 607 46 27 Äbo
849 612 39 21 fin-

66 642 39 20 ska
119 641 206 22 fruntimmersskola
343 641 76 21 endast
437 642 102 21 existerat
558 642 66 20 sedan
644 642 62 26 1882,
726 642 40 20 och
781 642 107 21 Tammer-

66 669 44 22 fors
132 670 69 21 finska
222 670 207 21 fruntimmersskola
448 670 65 21 sedan
533 670 62 21 1883.
625 671 38 20 Att
681 670 95 21 Joensuu
790 670 98 21 fruntim-

66 698 118 21 mersskola
198 698 47 21 icke
260 698 33 21 för
308 698 133 21 närvarande
456 700 24 19 är
494 698 77 21 besökt
587 698 22 21 af
623 700 31 19 ett
673 698 45 21 lika
736 700 54 20 stort
806 698 82 21 elevan-

66 727 37 25 tal,
119 732 44 15 som
179 726 62 22 dessa
259 726 36 22 tvä
314 726 73 25 andra,
407 726 70 22 dertill
496 729 24 19 är
539 727 91 21 orsaken
649 726 63 22 äfven
730 727 46 26 den,
796 728 31 20 att
845 726 43 21 vii

64 756 62 20 östra
140 755 97 26 Finland,
253 755 69 21 säsom
338 755 84 21 ständet
437 757 98 25 nogsamt
553 755 39 21 har
611 756 32 26 sig
662 755 86 27 bekant,
768 758 55 18 ännu
841 754 47 22 icke

66 783 72 21 kunna
152 783 74 27 skryta
241 783 59 21 öfver
315 784 30 20 ett
361 783 23 21 sä
395 785 54 19 stort
459 784 135 21 ekonomiskt
604 784 105 26 välstånd,
720 790 45 15 som
775 784 33 21 till
818 790 70 14 exem-

65 812 36 26 pel
117 812 25 20 de
157 812 7 20 i
180 813 70 19 vestra
265 812 97 20 Finland.
392 812 33 20 En
440 818 70 15 annan
525 812 158 27 omständighet
698 814 24 19 är
733 812 46 26 den,
790 814 32 19 att
832 812 56 20 elev-

64 839 118 28 afgifterna
197 840 7 21 i
218 840 219 21 fruntimmersskolan
453 840 6 21 i
479 841 96 21 Joensuu
593 841 48 21 icke
656 841 53 21 höra
723 840 32 22 till
772 841 25 21 de
812 840 75 28 lägsta,

65 870 25 26 ty
112 869 62 20 dessa
196 869 132 27 elevafgifter
351 869 70 26 uppgä
443 869 28 27 pä
490 869 68 22 första
576 869 87 22 klassen
681 869 33 21 till
733 869 27 22 80
778 869 67 26 mark,
861 868 27 27 pä

67 897 67 21 andra
155 897 85 22 klassen
263 897 33 21 till
320 897 41 21 100
383 897 60 21 mark
465 899 56 20 samt
537 897 29 28 pä
584 898 75 27 tredje,
677 898 73 27 fjerde,
770 897 63 22 femte
849 897 39 21 och

66 925 64 27 sjette
144 925 110 22 klasserna
269 926 33 21 tili
317 926 42 21 120
373 926 67 21 mark.
464 926 50 21 Men
529 926 22 21 af
565 927 44 26 allt,
626 933 46 14 som
683 927 37 26 jag
730 927 42 20 kan
782 926 46 21 läsa
838 925 50 21 mel-

66 953 37 22 lan
122 954 90 21 raderna
230 955 7 20 i
252 954 60 21 detta
326 955 238 26 utskottsbetänkande,
584 961 63 21 synes
665 955 36 21 det
722 955 48 26 mig,
790 961 45 14 som
854 960 35 15 om

67 982 111 26 utskottet,
198 983 27 20 dä
243 983 36 20 det
297 983 97 21 förordar
413 983 188 27 subventionering
620 984 75 21 endast
710 984 22 21 ät
746 983 69 21 finska
830 982 59 21 frun-

66 1011 171 21 timmersskolan
252 1011 7 21 i
274 1005 53 32 Äbo,
343 1017 64 20 ropar
421 1011 28 27 pä
463 1011 65 28 hjelp,
544 1012 64 21 innan
618 1012 71 27 nägon
703 1011 46 22 fara
764 1013 24 19 är
803 1011 85 21 förhan-

64 1039 51 21 den.
144 1039 41 26 Jag
200 1039 39 21 har
254 1039 105 27 nemligen
376 1039 68 28 aldrig
458 1040 83 21 kunnat
551 1041 66 20 tänka
627 1041 44 26 mig
683 1042 31 19 ett
722 1040 22 21 sä
752 1039 81 22 kuriöst
844 1045 46 15 mo-

67 1067 37 26 tiv,
123 1073 45 15 som
187 1067 35 22 det
241 1073 45 16 som
304 1068 107 21 utskottet
429 1068 62 21 anför
506 1069 33 20 till
557 1069 84 21 förmän
660 1069 34 21 för
712 1069 58 21 detta
784 1067 105 26 läroverk,

67 1095 52 22 eller
134 1097 32 20 att
180 1096 38 21 det
231 1096 68 21 mäste
313 1096 134 27 upphjelpas,
463 1097 90 21 emedan
572 1097 40 21 den
632 1097 90 22 svenska
736 1097 154 21 fruntimmers-

68 1124 73 21 skolan
156 1124 66 21 redan
240 1124 87 22 försetts
346 1125 48 21 med
413 1127 32 19 ett
463 1125 95 28 furstligt
576 1126 75 27 palats.
682 1126 64 21 Detta
762 1127 23 19 är
799 1123 91 29 ungefär

67 1152 171 22 hufvudmotivet
252 1153 88 21 hvarför
354 1159 49 15 man
419 1153 7 21 i
441 1154 116 21 utskottets
575 1155 137 21 betänkande
730 1153 95 22 förordat
840 1153 50 21 sub-

67 1180 86 22 vention
173 1181 22 21 ät
216 1181 39 21 den
274 1181 69 22 finska
361 1182 220 22 fruntimmersskolan
596 1183 7 21 i
618 1177 55 27 Äbo.
702 1183 43 21 Det
759 1183 39 20 har
813 1182 77 26 mänga

67 1209 79 27 gänger
160 1209 126 27 lofsjungits,
298 1210 39 21 och
347 1210 36 27 jag
395 1210 39 21 har
441 1211 34 20 till
488 1211 39 21 och
539 1211 49 21 med
595 1211 68 22 under
671 1211 143 22 innevarande
822 1210 68 21 landt-

64 1238 44 27 dag
118 1238 46 20 hört
172 1238 70 21 denna
249 1237 83 28 lofsäng
344 1239 7 20 i
363 1239 182 27 borgareständet,
557 1241 32 20 att
599 1246 49 15 man
658 1240 36 21 vid
702 1239 157 22 dislokationen
869 1238 23 21 af

66 1266 52 21 vära
128 1266 99 21 läroverk
237 1267 54 26 tagit
302 1267 83 27 hänsyn
395 1267 33 21 till
435 1267 124 28 folkmängd
568 1268 39 21 och
618 1269 65 21 areal.
697 1269 41 26 Jag
746 1268 38 21 ber
792 1268 38 25 att,
838 1267 53 21 lika-

66 1300 47 15 som
123 1294 71 28 nägon
204 1295 55 27 gäng
270 1295 143 27 härförinnan,
429 1295 22 22 fä
465 1297 54 25 visa,
534 1297 107 21 huruvida
651 1297 69 21 denna
735 1296 82 27 lofsäng
832 1296 59 21 inne-

66 1322 69 22 håller
149 1323 71 28 någon
234 1323 95 28 sanning.
359 1324 42 27 Jag
416 1324 56 21 skall
488 1325 27 21 dä
529 1325 58 21 hålla
601 1325 44 27 mig
663 1326 32 21 till
714 1324 178 22 läroanstalterna

66 1351 34 21 för
116 1351 175 28 gvinnobildning
306 1352 39 21 och
360 1352 97 27 upplysa,
473 1353 56 21 huru
545 1353 63 22 dessa
623 1354 103 21 anstalter
740 1352 88 22 blifvit
822 1347 11 37 i
843 1351 49 22 vårt

66 1379 51 21 land
135 1379 110 22 fördelade
264 1381 47 20 med
331 1380 99 21 afseende
449 1381 13 21 &
481 1381 151 27 folkmängden
651 1383 40 20 och
710 1382 91 22 arealen.
831 1381 61 20 Inom

66 1407 95 27 Nylands
179 1408 36 21 län
233 1408 32 21 till
285 1409 95 26 exempel
399 1409 110 27 uppoffrar
529 1412 69 19 staten
614 1410 34 21 för
663 1409 229 28 gvinnoläroanstalter

68 1436 90 26 105,175
172 1436 62 21 mark
249 1437 28 21 33
291 1437 72 27 penni;
378 1437 58 21 inom
451 1438 92 27 Viborgs
558 1439 35 21 län
603 1439 78 26 50,999
696 1439 60 21 mark
771 1438 28 21 60
814 1437 77 28 penni;

66 1464 58 21 inom
158 1465 28 20 Åbo
202 1465 40 21 och
257 1465 143 28 Björneborgs
415 1466 36 21 län
465 1467 80 26 47,953
555 1467 60 21 mark
625 1467 28 22 33
664 1467 72 27 penni;
752 1467 57 21 inom
819 1466 74 21 Öster-

66 1492 74 21 botten
155 1493 79 26 64,170
249 1494 70 26 mark;
336 1494 57 22 inom
409 1494 104 22 Savolaks
528 1496 79 25 45,786
622 1496 62 21 mark
700 1496 26 21 67
741 1494 73 28 penni;
833 1495 59 20 inom

65 1520 133 22 Tavastehus
221 1521 35 21 län
278 1523 79 26 21,200
380 1522 61 21 mark
464 1525 56 19 samt
542 1524 57 21 inom
618 1524 94 21 Karelen
730 1524 76 21 endast
829 1523 64 26 7,200
