1086 1739
229 140 34 17 928
497 140 93 23 Borgarest.
602 140 47 19 1888.
674 141 10 18 5
696 140 39 23 Maj.

208 210 78 25 banan,
302 211 32 20 att
349 210 72 21 landet
435 210 67 21 under
517 210 90 27 ungefär
622 210 44 21 lika
681 210 50 26 lång
746 209 39 26 tid,
801 215 45 14 som
861 207 90 22 förflutit
965 206 65 21 sedan

208 237 190 28 privatbankernas
414 239 95 25 stiftelse,
528 239 52 27 bygt
597 239 114 26 jernvägar
729 238 34 21 för
778 237 86 27 vidpass
880 237 40 21 138
934 236 96 27 miljoner

209 266 67 21 mark.
306 267 27 20 Vi
348 269 47 19 veta
411 269 31 20 att
458 267 36 21 vår
510 267 124 26 statsskuld,
650 267 46 21 ifall
708 267 56 22 1859
781 266 34 21 års
829 265 36 22 lån
880 267 102 25 upptages
998 263 32 22 till

210 295 47 21 dess
272 297 58 20 rätta
344 296 63 21 värde
423 296 64 26 enligt
502 296 98 27 gällande
616 296 58 26 kurs,
690 295 45 22 icke
752 295 126 26 öfverstiger
893 294 26 21 68
934 293 96 27 miljoner

208 323 68 27 mark,
293 325 39 20 och
348 324 27 21 då
393 325 21 20 vi
433 324 92 21 derifrån
545 324 116 21 frånräkna
677 325 26 20 de
718 324 87 27 belopp,
820 329 45 15 som
881 321 102 22 användts
998 321 32 21 för

209 353 82 21 inlösen
306 353 23 20 af
344 353 269 26 donationslägenheterna,
630 353 23 21 så
668 353 57 20 finna
739 353 28 26 vi,
783 353 32 20 att
831 352 40 21 den
886 356 86 20 summa,
986 355 44 16 som

209 381 67 21 under
292 381 58 22 tiden
368 381 33 22 för
419 382 51 21 våra
485 382 224 27 jernvägsbyggnader
728 381 40 21 har
786 381 113 26 upplånats
918 379 32 21 för
970 379 60 20 deras

210 410 120 26 utförande,
347 410 46 21 icke
408 411 65 27 stiger
488 411 32 20 till
535 410 49 21 fullt
604 411 27 21 60
649 411 106 26 miljoner,
775 411 52 20 utan
845 409 32 21 till
893 408 95 26 omkring
1003 407 27 21 58

209 439 98 26 miljoner
322 439 67 21 mark.
403 447 3 3 :
418 439 72 26 Draga
505 439 20 21 vi
541 439 70 21 denna
627 445 81 15 summa
723 439 50 20 bort
792 438 47 21 från
859 438 25 20 de
904 437 39 21 138
962 436 68 27 miljo-

209 473 45 20 ner,
270 473 45 16 som
331 468 153 27 sammanlagdt
499 467 70 22 blifvit
584 468 96 21 använda
696 467 27 27 pä
735 465 229 29 jernvägsbyggnader,
975 465 55 20 äter-

210 496 33 21 stä
258 496 28 21 80
301 496 97 27 miljoner
412 497 67 26 mark,
495 496 72 21 hvilka
582 497 33 21 för
631 497 77 20 sädant
727 495 98 22 ändamäl
846 495 62 21 hafva
926 493 104 21 användts

210 524 23 21 af
248 525 116 26 besparade
379 525 145 21 skattemedel.
555 525 49 21 Men
620 525 36 20 det
672 527 24 18 är
710 525 48 20 icke
777 530 40 21 nog
837 523 91 22 dermed.
958 522 73 21 Under

210 559 80 15 samma
308 553 32 21 tid
359 553 61 22 hafva
439 554 20 21 vi
478 553 32 22 för
529 560 26 15 en
574 559 71 16 massa
663 553 99 27 miljoner
781 553 51 27 bygt
851 553 105 24 kaserner,
979 551 51 26 bygt

210 581 112 27 fängelser,
338 582 87 27 sjukhus
441 582 39 21 och
496 589 25 14 en
535 582 79 27 mängd
630 583 66 20 andra
712 582 109 26 offentliga
831 580 127 28 byggnader.
980 579 50 20 Man

210 610 34 21 mä
260 610 26 21 då
301 611 47 20 icke
363 610 95 27 förneka,
474 613 31 18 att
521 611 40 21 den
577 611 146 25 skattebörda,
739 617 46 14 som
801 610 22 21 af
837 615 34 16 oss
886 609 74 23 burits,
976 608 55 20 varit

210 639 134 27 synnerligen
360 639 117 22 allvarsam.
501 639 43 21 Och
558 640 37 27 jag
606 639 33 21 för
649 639 44 21 min
709 639 33 21 del
758 639 63 27 hyser
833 639 40 20 den
888 636 142 28 uppfattning,

210 669 32 19 att
258 667 35 21 det
308 668 55 20 hade
378 669 55 20 varit
447 668 32 21 för
494 668 72 21 landet
580 668 50 21 vida
646 667 156 27 förmänligare,
818 673 33 15 om
867 673 47 14 man
930 665 54 21 hade
999 666 31 19 ta-

210 696 31 24 git
252 697 24 20 ut
289 696 47 21 litet
343 697 82 20 mindre
433 697 80 20 skatter
521 697 39 21 och
569 697 51 27 bygt
629 697 47 20 med
688 697 47 20 litet
746 703 59 14 mera
815 695 114 22 utländska
938 694 92 21 läneme-

211 725 39 20 del,
282 724 50 21 Man
347 725 54 21 hade
417 725 26 21 dä
458 725 47 21 icke
519 725 39 21 här
573 726 7 20 i
596 726 59 20 detta
668 725 63 21 stånd
742 725 75 21 behöft
832 724 64 21 tvista
911 729 40 20 om,
967 722 63 21 huru-

210 753 49 21 vida
282 753 35 22 det
339 754 55 20 varit
416 756 43 19 rätt
477 754 51 21 eller
546 756 57 19 orätt
622 753 23 22 af
662 754 103 21 Finlands
784 753 57 21 bank
860 754 31 19 att
914 751 65 22 sänka
998 751 32 20 sin

210 783 68 20 ränta.
309 782 41 27 Jag
364 784 45 19 tror
425 784 30 19 att
471 783 19 20 vi
505 783 27 26 pä
547 783 60 21 detta
622 785 43 18 sätt
680 783 91 20 kommit
786 782 32 21 till
829 783 31 20 ett
875 780 101 26 naturligt
992 779 38 21 fal-

211 810 63 21 lande
290 811 22 20 af
326 810 126 27 räntefoten,
469 817 43 15 som
531 817 51 15 vore
598 811 50 21 vida
663 813 31 19 att
710 811 113 26 föredraga
838 809 88 22 framför
941 808 42 21 alla
998 814 32 15 ar-

210 838 86 22 tificiela
319 839 134 27 operationer
477 840 27 26 pä
521 840 250 27 penningemarknadens
791 839 91 22 omräde.
912 837 50 21 Men
980 837 50 20 oak-

211 867 47 21 tadt
274 867 59 22 detta
348 870 23 18 är
385 868 101 21 historien
503 875 33 14 om
550 869 52 20 vära
618 867 147 22 statsfinanser
779 868 69 21 under
862 867 26 21 de
902 867 70 20 senast
989 865 41 21 för-

210 895 68 22 flutna
292 897 34 24 20,
342 897 27 20 30
384 896 56 26 åren,
456 897 23 21 sä
494 897 38 21 har
547 897 125 26 regeringen
688 897 47 21 icke
754 898 91 19 tröttnat
864 897 32 20 att
913 894 70 21 städse
999 899 32 15 er-

211 924 65 27 bjuda
290 925 113 21 ständerna
418 933 41 20 nya
473 925 87 26 skaller,
576 926 40 21 och
631 932 29 14 mu
675 925 45 22 åter
736 925 114 27 föreligger
860 924 47 21 icke
921 923 55 21 blott
986 922 44 27 pla-

210 959 41 15 nen
266 953 34 20 till
315 959 25 15 en
357 960 25 21 ny
398 954 45 26 tull,
460 960 44 15 som
519 954 54 21 efter
588 954 56 21 hvad
656 954 38 27 jag
708 954 40 21 har
763 954 54 26 hört,
833 955 24 19 är
875 951 109 22 beräknad
1000 952 32 19 att

210 981 99 27 inbringa
324 982 91 26 900,000
431 983 59 20 mark
509 983 88 26 årligen,
616 985 51 19 utan
687 989 48 15 man
756 982 99 27 erbjuder
873 987 34 16 oss
926 979 64 22 också
1005 985 26 15 en

210 1010 57 21 ökad
286 1011 114 26 bevillning
419 1017 74 22 genom
514 1011 110 21 införande
640 1011 22 21 af
676 1011 244 26 vexelstämpelskatten.
951 1009 42 20 Det
1008 1009 23 20 är

209 1040 45 19 mot
270 1041 30 18 ett
316 1039 75 22 sådant
405 1039 121 22 förfarande
539 1040 36 27 jag
591 1040 47 21 från
654 1040 95 21 ståndets
765 1039 46 22 sida
826 1039 69 20 skulle
908 1037 51 27 vilja
969 1036 63 22 ställa

210 1069 31 19 ett
258 1067 69 21 beslut
347 1068 38 20 och
405 1074 25 14 en
449 1068 121 26 förklaring,
590 1070 32 19 att
640 1068 86 21 ståndet
744 1068 48 21 icke
809 1067 37 21 vill
861 1068 61 20 dessa
938 1065 94 26 ständigt

211 1096 123 26 upprepade
349 1096 145 27 erbjudanden
509 1096 22 22 af
544 1103 42 21 nya
601 1096 145 28 bevillningar,
764 1096 39 21 och
815 1096 38 27 jag
863 1097 44 19 tror
918 1096 31 20 att
959 1094 19 20 vi
990 1094 42 20 alla

210 1124 60 21 skola
280 1124 72 21 kunna
361 1131 51 15 vara
423 1131 48 15 ense
487 1126 78 26 derom,
582 1127 32 19 att
629 1125 40 21 den
685 1125 44 21 lilla
742 1131 83 15 summa
835 1124 23 21 af
869 1123 89 26 100,000
970 1128 62 16 even-

209 1152 55 21 tuelt
288 1153 76 26 70,000
385 1154 68 25 mark,
475 1160 44 15 som
540 1154 69 21 denna
627 1154 59 20 skatt
704 1156 23 18 är
745 1153 111 21 beräknad
879 1154 31 19 att
928 1151 103 27 inbringa,

208 1181 110 27 verkligen
333 1181 46 21 icke
395 1182 7 21 i
418 1182 69 26 någon
505 1182 49 21 mån
574 1182 54 21 skall
647 1188 51 15 vara
716 1182 118 26 afgörande
852 1181 34 21 för
904 1179 128 22 finansställ-

209 1209 78 27 ningen
309 1210 67 21 under
398 1211 175 21 nästkommande
595 1210 148 27 finansperiod,
768 1210 39 22 och
830 1210 19 27 ej
871 1209 67 21 heller
960 1208 72 21 kunna

208 1238 73 27 tvinga
296 1238 101 22 Finlands
413 1240 86 20 ständer
513 1241 32 19 att
560 1241 78 25 antaga
658 1240 36 20 det
713 1239 24 21 af
754 1239 25 21 hr
798 1238 77 22 Heikel
894 1236 98 28 antydda,
1008 1236 24 21 så

209 1267 32 20 att
257 1268 51 25 säga
324 1267 81 21 mindre
421 1268 118 21 tilltalande
555 1268 143 26 alternativet,
714 1269 32 19 att
757 1268 81 26 nödgas
853 1268 40 20 hos
908 1265 124 27 regeringen

209 1295 63 21 ställa
287 1295 31 27 sig
334 1295 63 21 bland
413 1296 64 21 raden
497 1296 22 21 af
537 1296 124 22 kommuner
680 1296 40 22 och
739 1296 68 21 andra
825 1294 136 22 länsökande.
991 1293 41 27 Jag

208 1325 46 19 tror
269 1324 47 21 icke
332 1326 31 19 att
378 1325 20 20 vi
414 1324 91 22 behöfva
519 1327 51 24 taga
585 1325 69 21 denna
670 1325 57 21 skatt
743 1325 24 21 så
782 1324 129 26 allvarsamt,
930 1322 56 21 hvad
1006 1322 26 20 de

207 1352 111 22 finansiela
334 1352 104 22 behofven
453 1353 107 26 beträffar,
577 1354 38 20 och
633 1354 37 26 jag
690 1356 45 18 tror
751 1353 48 21 icke
817 1353 68 21 heller
903 1354 32 18 att
954 1351 36 20 det
1009 1352 23 18 är

206 1380 35 22 för
257 1383 32 19 att
304 1381 82 21 minska
405 1382 31 20 sin
451 1382 69 26 möda,
539 1388 45 14 som
602 1382 85 21 ståndet
706 1382 70 20 skulle
794 1381 65 21 hafva
874 1380 111 25 anledning
1001 1380 32 19 att

207 1415 30 15 nu
252 1410 86 21 besluta
352 1410 104 21 definitivt
471 1411 6 20 i
493 1410 80 27 frågan,
594 1410 52 21 eller
664 1416 45 15 som
728 1410 26 21 hr
773 1416 41 15 von
830 1410 71 21 Pfaler
915 1408 39 21 har
970 1407 63 21 väckt

208 1438 38 20 sitt
266 1438 86 27 förslag.
381 1438 49 22 Men
447 1439 58 21 detta
520 1439 102 21 innebure
638 1440 31 20 ett
684 1439 91 27 kraftigt
790 1438 109 21 uttalande
914 1436 47 22 från
976 1436 57 21 stån-

208 1466 47 21 dets
271 1467 45 21 sida
332 1468 79 26 derom,
427 1470 32 18 att
473 1468 123 26 regeringen
612 1467 48 21 icke
675 1470 51 18 utan
747 1468 33 20 att
798 1467 75 21 anföra
891 1466 66 27 några
971 1464 61 21 verk-

207 1494 43 26 liga
266 1495 46 21 skäl
328 1496 38 20 bör
381 1496 85 21 komma
480 1496 53 21 fram
549 1496 48 21 med
612 1495 80 27 förslag
708 1502 33 15 om
757 1502 41 20 nya
814 1496 87 24 skatter,
913 1494 39 21 och
963 1493 36 21 det
1010 1494 23 20 är

207 1522 73 22 derför
292 1524 37 26 jag
344 1524 33 21 för
392 1525 43 20 min
455 1525 33 21 del
507 1524 27 27 på
554 1525 36 20 det
608 1524 100 28 lifligaste
727 1524 38 21 vill
779 1524 88 21 förorda
882 1524 31 20 ett
928 1521 105 22 definitivt
