1089 1739
227 150 45 18 1118
495 149 93 23 Borgarest.
601 149 45 19 1888.
669 149 18 19 15
698 149 39 23 Maj.

273 217 32 21 Hr
322 218 149 21 Rönnbäck:
494 218 41 26 Jag
554 218 40 21 har
609 218 116 27 ingalunda
741 218 72 21 blifvit
829 218 124 28 öfvertygad
969 218 23 21 af
1006 218 25 21 de

209 246 52 26 skäl,
277 246 72 22 hvilka
363 246 26 21 hr
405 246 60 22 Sulin
480 246 71 22 anfört
566 246 33 22 till
615 246 84 22 försvar
714 246 34 22 för
759 246 226 27 strafflagsutskottets
996 246 36 21 be-

207 274 107 22 tänkande
333 275 6 21 i
359 276 68 20 denna
446 275 67 27 fråga.
543 276 42 26 Jag
603 275 38 21 vill
659 275 115 21 framhålla
793 275 70 21 såsom
884 277 30 19 ett
929 274 102 28 exempel,

207 304 32 20 att
256 309 26 15 en
301 310 77 20 person
397 304 106 26 offentligt
522 304 112 26 utslungar
653 310 26 15 en
697 304 112 21 tillvitelse
824 310 34 14 om
874 303 84 21 otrohet
973 304 6 20 i
995 303 36 21 äk-

206 331 97 27 tenskap,
323 332 80 21 hvilket
425 332 59 21 brott
505 332 46 21 icke
573 332 34 21 får
625 332 24 21 af
665 338 70 15 annan
754 334 27 18 än
801 332 136 26 målsegande
956 332 74 20 åtalas.

205 360 34 21 Då
257 360 45 21 stär
322 360 39 21 den
379 366 84 21 person,
478 360 64 21 hvars
561 360 68 22 heder
644 360 71 21 blifvit
730 360 112 27 angripen,
857 360 7 21 i
880 360 40 22 den
936 360 96 21 ställnin-

205 394 48 20 gen,
269 391 32 19 att
319 388 40 22 han
375 389 99 26 antingen
491 388 68 22 måste
576 389 71 23 lemna
662 389 128 21 belackaren
806 388 28 22 fri
849 391 50 19 utan
915 391 31 19 att
961 388 71 21 kunna

205 416 101 22 befordra
328 417 76 21 honom
427 418 33 20 till
483 417 67 26 straff,
571 418 53 20 eller
644 417 108 27 medgifva
771 417 70 21 denne
860 417 170 26 bevisningsrätt,

205 445 88 21 hvarvid
312 446 99 26 möjligen
431 446 63 20 saker
512 446 71 20 skulle
602 446 72 21 kunna
693 446 142 26 framdragas,
851 452 44 14 som
915 445 116 27 ingendera

205 476 74 24 parten
301 474 57 21 velat
376 474 34 21 för
428 474 158 26 offentligheten
603 474 109 26 prisgifva,
728 474 91 21 emedan
835 474 40 20 den
890 474 138 24 förorättade,

205 502 68 21 hellre
292 504 27 19 än
338 504 31 20 att
389 502 146 22 åstadkomma
554 502 97 27 offentlig
668 502 98 27 skandal,
781 502 84 22 förlåtit
883 502 40 21 den
939 502 91 21 felande.

205 530 43 22 Det
266 532 24 19 är
306 530 45 27 just
370 531 33 21 för
422 533 31 19 att
472 531 127 27 möjliggöra
614 531 136 21 undvikande
765 531 24 21 af
803 530 96 26 skandal,
916 531 38 21 der
968 530 62 21 måls-

206 559 95 26 eganden
318 559 23 21 så
357 560 84 25 önskar,
457 566 44 14 som
517 560 62 26 lagen
595 560 89 26 stadgar
699 566 34 14 om
749 560 57 20 vissa
822 559 46 27 slag
884 559 22 21 af
920 559 63 25 brott,
999 560 31 19 att

206 587 26 21 de
247 588 47 20 icke
310 587 21 21 få
346 588 22 20 af
382 594 69 15 annan
467 590 26 18 än
509 588 152 26 målseganden
678 588 77 26 dragas
771 588 34 21 för
819 588 99 20 domstol.
948 586 82 22 Genom

205 616 160 26 bestämningen
385 616 6 21 i
407 622 28 15 nu
450 616 147 27 föreliggande
613 616 12 28 8
640 616 81 21 tillåtes
737 616 85 21 hvilken
839 616 107 26 personlig
961 615 69 21 fiende

205 644 32 20 till
256 645 159 21 vederbörande
435 651 44 15 som
499 645 62 26 helst,
581 647 32 19 att
632 645 100 26 antingen
752 644 104 22 strafflöst
875 644 85 21 utkasta
976 645 54 19 smä-

205 672 78 27 delser,
296 673 52 21 eller
364 673 65 21 ocksä
444 675 31 19 att
490 674 49 20 leda
554 673 6 21 i
576 673 59 21 bevis
651 673 83 27 sädant,
751 679 45 15 som
812 672 48 22 icke
875 679 37 15 ens
924 672 62 21 aktor
998 672 33 21 fär

205 701 64 21 ätala.
293 701 39 21 Om
347 702 59 21 detta
421 702 54 21 skall
492 708 51 15 vara
558 702 125 21 smädarens
699 702 104 26 rättighet
818 702 39 21 och
873 707 33 16 om
922 707 47 15 man
984 701 46 20 icke

205 735 62 15 anser
283 730 37 21 det
333 736 51 15 vara
398 730 65 27 nägot
479 731 62 25 brott,
557 733 32 18 att
605 731 86 20 utkasta
707 730 119 21 smädelser
841 729 131 22 beträffande
988 729 41 20 för-

205 758 88 26 seelser,
309 764 44 15 som
368 760 48 19 röra
432 759 150 26 mälseganden
599 759 77 26 allena,
693 759 24 20 sä
732 759 40 20 har
785 759 37 26 jag
834 765 26 14 en
872 758 89 21 alldeles
974 757 55 21 orik-

205 787 31 26 tig
251 787 134 27 uppfattning
400 787 23 21 af
437 787 116 27 begreppet
568 787 114 21 smädelse.
707 787 42 26 Jag
764 787 39 21 har
819 787 23 21 af
856 787 25 20 hr
896 786 71 21 Sulins
983 786 45 20 skäl

205 815 70 21 blifvit
297 817 56 19 ännu
376 821 58 16 mera
457 816 68 27 styrkt
544 816 5 20 i
569 816 42 20 min
631 815 58 22 förra
707 815 137 27 uppfattning
864 815 37 21 och
920 815 64 26 yrkar
1003 814 27 27 pä

205 843 130 21 återremiss.

273 872 32 20 Hr
324 871 82 22 Sulin:
428 873 42 20 Det
488 873 23 20 af
531 873 25 20 hr
571 872 118 21 Rönnbäck
705 872 127 21 framstälda
847 871 105 27 exemplet
968 871 61 21 torde

205 900 124 27 tillräckligt
351 901 133 26 ådagalägga
506 901 162 21 ohållbarheten
688 900 23 21 af
728 901 54 20 hans
800 900 102 27 yrkande.
932 899 96 26 Afsigten

205 928 94 26 dermed,
311 931 32 18 att
359 931 71 19 staten
445 930 6 20 i
468 929 59 21 detta
541 929 38 21 fall
596 929 49 21 låtit
660 929 37 21 det
712 929 114 20 ankomma
841 929 13 20 å
869 928 161 27 målsegandens

204 956 151 27 godtfinnande
374 959 31 19 att
421 957 56 22 åtala
495 958 53 21 eller
567 958 32 21 till
619 958 44 21 åtal
682 957 86 21 anmäla
787 957 87 26 brottet,
894 959 30 23 är,
944 959 31 18 att
994 957 34 20 det

205 985 70 21 kunde
291 985 65 21 verka
372 986 87 26 menligt
474 986 32 21 för
521 986 205 21 samhällsintresset
741 985 40 22 och
797 985 81 27 osämja
894 985 6 21 i
916 984 113 22 äktenska-

204 1016 43 23 pet,
263 1019 34 15 om
317 1013 62 22 aktor
397 1013 56 27 finge
468 1015 97 26 intränga
582 1015 5 20 i
603 1014 144 27 familjelifvet
763 1014 38 21 och
817 1014 68 26 draga
899 1014 67 20 under
982 1019 47 14 ran-

205 1041 90 28 sakning
310 1042 84 27 husliga
409 1043 154 20 förhållanden.
589 1043 46 21 Har
650 1043 121 21 emellertid
788 1043 65 26 något
869 1042 76 21 sådant
959 1041 71 21 blifvit

204 1070 90 21 allmänt
311 1071 110 26 omtaladt,
440 1071 24 21 så
478 1073 24 19 är
517 1071 62 22 aktor
595 1071 46 21 icke
657 1077 38 15 ens
711 1071 6 21 i
734 1072 58 19 detta
808 1071 38 20 fall
863 1070 119 26 berättigad
998 1071 32 19 att

204 1098 67 21 väcka
289 1099 43 21 åtal
353 1099 39 21 och
411 1099 53 27 yrka
481 1106 87 19 ansvar;
588 1106 47 15 men
651 1106 34 14 om
702 1100 47 25 den,
766 1105 45 15 som
828 1099 93 20 berättat
936 1101 30 18 ett
982 1100 48 19 sant

204 1126 141 27 förhållande,
365 1127 68 21 skulle
457 1128 71 21 derför
551 1128 85 21 straffas
659 1130 50 19 utan
729 1129 32 20 att
780 1127 22 21 få
821 1127 73 27 styrka
913 1127 116 26 sanningen

204 1155 68 26 deraf,
288 1155 68 22 skulle
372 1155 76 28 sådant
464 1156 44 21 helt
523 1157 54 20 visst
590 1157 79 26 jemväl
687 1157 67 20 strida
770 1158 45 19 mot
830 1156 123 21 samhällets
969 1155 61 21 verk-

204 1183 43 26 liga
262 1183 97 22 intresse.
389 1184 67 21 Afven
473 1191 32 14 om
522 1191 25 14 en
564 1185 65 21 sådan
646 1185 111 26 bevisning
772 1185 7 20 i
794 1183 236 27 ärekränkningsmälet

203 1213 24 19 är
247 1212 126 26 medgifven,
390 1214 23 19 är
433 1213 37 21 det
488 1213 56 21 ändå
563 1213 151 26 målseganden
734 1213 102 26 obetaget
854 1214 31 19 att
903 1211 56 22 afstå
974 1211 54 21 ifrån

203 1241 32 19 att
253 1240 54 27 yrka
325 1247 77 15 ansvar
420 1241 33 21 för
469 1241 38 21 och
524 1241 68 21 beifra
607 1242 40 20 den
663 1241 84 27 styrkta
762 1241 137 26 handlingen.
929 1240 49 21 Icke
995 1239 35 21 be-

203 1268 75 22 höfver
294 1275 89 15 mannen
399 1270 54 20 eller
468 1270 96 26 hustrun,
581 1270 72 21 derför
667 1272 33 19 att
711 1270 5 20 i
729 1269 213 27 ärekränkningsmål
953 1274 76 20 genom

203 1296 137 28 bevisningen
357 1297 93 27 framgår
466 1298 115 26 sanningen
598 1298 23 21 af
634 1298 107 26 tillmälet,
755 1298 58 20 åtala
824 1298 40 20 den
876 1297 66 21 andra
954 1296 75 21 maken

203 1325 34 21 för
253 1326 66 26 något
333 1326 196 28 äktenskapsbrott;
547 1327 26 21 de
589 1327 71 21 kunna
673 1327 26 26 ju
714 1326 77 21 sådant
807 1326 88 20 oaktadt
910 1325 55 21 lefva
979 1325 7 20 i
1001 1324 28 21 all

203 1353 65 22 sköns
289 1354 47 21 fred
357 1354 39 21 och
415 1355 100 27 vänskap,
536 1361 47 15 men
603 1361 34 15 om
657 1355 123 26 någondera
800 1354 23 21 af
842 1354 47 21 dem
908 1354 53 26 begå
980 1353 50 20 slikt

202 1382 65 27 brott,
285 1383 24 20 så
324 1382 34 21 må
372 1389 49 14 man
437 1383 127 21 åtminstone
580 1390 51 14 vara
644 1383 121 26 berättigad
777 1384 33 20 att
823 1382 43 21 tala
878 1388 34 15 om
925 1382 41 24 det,
979 1383 50 19 utan

202 1412 32 19 att
253 1411 72 21 derför
344 1410 21 22 få
384 1413 31 19 ett
434 1413 84 25 strängt
535 1411 67 21 straff.
632 1412 41 26 Jag
692 1412 68 20 måste
777 1411 72 21 derför
865 1412 56 19 ännu
936 1409 94 21 vidhålla

203 1438 41 20 min
264 1440 135 26 uppfattning
417 1440 6 20 i
439 1440 72 20 saken.

271 1467 32 21 Hr
318 1468 149 21 Rönnbäck:
486 1468 42 21 Det
543 1474 38 15 var
596 1470 31 18 ett
642 1468 65 26 något
723 1467 148 27 besynnerligt
881 1466 89 26 försvar,
984 1472 45 14 som

202 1494 25 20 hr
247 1494 59 22 Sulin
326 1496 132 21 framstälde.
488 1496 126 22 Emellertid
635 1496 76 26 skulle,
732 1502 34 15 om
786 1496 106 20 utskottet
907 1497 43 18 sett
964 1494 66 21 saken

202 1523 77 21 endast
291 1523 46 21 från
349 1524 40 20 den
403 1524 164 28 ståndpunkten,
577 1527 32 18 att
620 1524 65 21 saken
699 1524 38 21 och
751 1524 119 26 sanningen
882 1524 53 20 böra
946 1523 84 21 komma

201 1551 7 20 i
225 1551 77 27 dagen,
317 1552 70 27 aldrig
403 1553 40 21 den
459 1553 160 26 inskränkning,
632 1559 45 15 som
693 1553 62 26 lagen
767 1552 120 21 innehåller
898 1551 133 21 beträffande
