1086 1739
238 139 36 18 994
509 140 93 23 Borgarest.
614 140 47 19 1888.
683 140 11 19 8
708 139 36 24 Maj.

284 208 154 28 Paragraferne
453 209 71 22 3—10
538 209 124 27 godkändes
676 212 51 19 utan
742 209 128 22 diskussion.

284 237 168 22 Vidkommande
467 238 11 27 $
495 237 25 22 11
536 238 86 27 yttrade

285 265 26 22 hr
330 266 188 28 Schybergson:
550 267 11 20 I
580 267 70 21 denna
668 266 100 27 paragraf
780 266 90 21 föreslår
885 267 105 21 utskottet
1005 268 32 19 att

215 300 26 15 en
267 295 132 28 inventering
422 295 22 21 af
464 295 94 22 bankens
580 295 58 22 låne-
661 295 39 22 och
723 295 237 27 säkerhetshandlingar
983 297 54 20 samt

215 323 144 27 depositioner
374 324 53 21 skall
442 324 125 21 verkställas
582 324 66 21 minst
663 330 26 15 en
699 324 55 27 gång
764 324 8 21 i
782 323 112 22 månaden.
917 324 39 26 Då,
968 324 68 21 såsom

215 351 74 27 kändt,
305 358 26 15 en
346 352 131 27 inventering
492 358 33 15 om
540 353 46 21 året
601 352 125 21 verkställes
741 352 23 21 af
777 352 96 21 bankens
883 353 104 21 revisorer
997 352 39 21 och

215 380 36 21 två
271 383 60 19 extra
346 381 156 26 inventeringar
517 381 24 21 af
553 381 195 26 bankfullmäktige,
764 387 62 21 synes
840 381 123 27 ytterligare
979 381 58 21 cirka

216 409 26 21 12
257 409 157 27 inventeringar
429 410 78 26 årligen
523 416 51 15 vara
588 410 108 26 åtskilliga
711 409 33 22 för
759 409 91 27 mycket,
861 410 121 26 isynnerhet
991 415 46 16 som

215 437 72 27 dylika
305 438 157 27 inventeringar
480 439 49 27 taga
547 438 50 27 lång
616 438 32 21 tid
663 438 7 21 i
685 438 97 27 anspråk,
798 437 45 22 ifall
860 438 26 21 de
901 438 60 21 skola
977 438 59 21 verk-

215 466 75 21 ställas
305 466 49 21 med
368 467 64 27 nödig
446 467 153 26 noggrannhet.
628 467 42 26 Jag
685 468 23 20 är
719 466 115 27 ingalunda
846 466 48 26 den,
905 472 45 16 som
960 466 75 22 under-

215 494 84 22 skattar
317 495 123 27 betydelsen
459 495 22 21 af
499 496 163 27 inventeringar,
681 501 47 15 men
746 495 28 21 då
792 495 159 27 inventeringar
969 495 23 21 af
1011 495 25 21 de

215 523 119 28 tillgånger,
350 524 84 21 banken
452 524 39 21 har
509 524 111 21 förvarade
638 524 7 21 i
664 524 37 21 sitt
719 524 59 21 hvalf
794 524 7 20 i
820 524 78 26 metall,
914 524 46 21 icke
975 529 61 15 anses

215 552 94 21 behöfva
323 552 131 22 återkomma
468 558 45 16 mer
527 554 27 20 än
569 554 33 20 tre
616 553 80 26 gånger
711 558 32 16 om
755 552 53 27 året,
820 558 62 22 synes
892 552 36 22 det
937 552 43 27 mig
991 558 45 15 som

215 587 34 15 om
272 582 77 20 tvenne
368 581 157 27 inventeringar
543 581 123 21 derutöfver
684 581 23 21 af
723 581 58 21 låne-
800 581 40 21 och
859 581 177 21 säkerhetshand-

215 609 70 27 lingar
303 610 40 20 och
363 610 141 26 depositioner
521 616 51 15 vore
590 610 48 21 fullt
657 610 101 27 tillfylles,
778 609 74 21 såvida
866 610 61 21 dessa
942 610 94 20 invente-

215 638 72 26 ringar
301 638 112 27 nemligen,
430 638 67 22 såsom
513 638 106 28 sjelffallet
634 640 30 24 är,
680 639 38 21 och
735 638 70 22 såsom
821 638 61 21 alltid
897 638 7 21 i
919 638 82 22 banken
1013 640 23 18 är

214 666 148 27 förhållandet,
384 667 92 27 försiggå
497 668 51 20 utan
570 669 32 19 att
623 667 195 21 kassaförvaltaren
841 666 27 28 på
890 666 90 22 förhand
1002 666 35 22 får

215 695 120 21 kännedom
352 702 33 14 om
400 698 38 19 när
453 696 26 20 de
494 696 60 21 skola
569 695 92 22 inträffa.
690 696 41 26 Jag
746 696 70 20 skulle
830 695 73 21 derför
917 695 77 21 föreslå
1010 702 25 14 en

215 723 123 27 förändring
357 724 22 21 af
396 724 125 28 paragrafen
539 724 6 21 i
561 724 36 21 det
612 724 60 28 syfte,
688 726 32 20 att
735 724 63 21 dessa
813 724 162 27 inventeringar,
991 730 44 15 som

214 752 127 22 verkställas
361 752 23 22 af
400 753 68 27 någon
488 752 23 22 af
527 753 144 21 direktionens
689 753 144 25 medlemmar,
853 753 68 21 skulle
936 759 38 21 ega
989 758 46 16 rum

215 781 64 21 minst
294 781 36 21 två
345 781 78 27 gånger
438 782 85 26 årligen.

284 810 32 20 Hr
334 810 25 20 A.
378 810 24 21 0.
423 810 138 22 Snellman:
594 810 34 21 Då
647 810 164 22 bankutskottet
828 810 113 26 godkände
961 810 36 20 det
1015 809 24 21 af

215 838 192 28 bankfullmäktige
429 839 74 27 gjorda
524 839 107 27 förslaget,
655 841 31 19 att
709 838 163 27 ansvarigheten
890 838 33 22 för
940 838 96 21 bankens

215 866 59 22 låne-
293 867 39 21 och
347 867 233 27 säkerhetshandlingar
596 868 68 20 skulle
680 868 130 26 öfverflyttas
825 867 47 21 från
888 874 26 14 en
929 867 23 21 af
967 866 69 22 direk-

215 896 86 20 törerne
319 895 28 27 på
364 896 66 21 förste
447 896 142 26 kamreraren,
609 896 24 21 så
652 896 75 26 ansågs
742 896 37 21 det
794 902 51 14 vara
860 896 129 26 nödvändigt
1004 896 32 20 att

215 924 72 21 införa
305 925 31 19 ett
355 924 122 27 stadgande,
495 924 137 27 hvarigenom
650 931 26 15 en
695 924 133 27 inventering
847 924 23 21 af
887 924 62 21 dessa
965 924 71 21 säker-

216 952 174 27 hetshandlingar
412 953 67 21 skulle
501 953 85 27 åläggas
609 953 193 21 bankdirektionen
821 953 51 20 eller
892 952 40 21 den
951 952 22 21 af
989 952 49 21 dess

216 981 143 26 medlemmar,
378 987 45 15 som
442 981 22 21 af
481 981 132 22 direktionen
633 981 71 22 dertill
721 984 66 19 utses.
822 981 50 21 Man
891 981 48 20 ville
954 981 84 21 likvisst

216 1009 63 21 ställa
296 1009 36 21 det
347 1009 29 26 så,
392 1012 32 19 att
439 1010 68 21 denna
521 1010 131 26 inventering
667 1010 47 21 icke
729 1009 69 22 skulle
813 1009 83 22 belasta
911 1009 126 21 bankdirek-

215 1038 73 21 tionen
307 1038 47 21 med
370 1038 71 21 alltför
455 1040 54 19 stort
523 1038 78 26 arbete,
616 1041 52 24 göra
683 1039 36 20 det
735 1039 23 20 så
773 1038 65 26 svårt,
854 1040 32 19 att
901 1037 40 22 den
957 1038 81 26 derige-

215 1072 49 15 nom
285 1067 68 21 skulle
371 1066 114 22 försumma
500 1067 46 21 sina
561 1067 68 26 öfriga
644 1067 132 28 åligganden.
806 1067 11 21 I
832 1066 105 21 utskottet
952 1066 85 21 väcktes

216 1095 34 21 till
265 1095 53 27 följd
334 1095 61 21 deraf
408 1096 103 21 särskilda
525 1095 87 27 förslag,
628 1096 40 21 den
684 1102 38 15 ene
738 1095 94 22 önskade
843 1095 92 21 revision
947 1101 24 14 en
983 1095 54 26 gång

217 1129 34 15 om
271 1123 52 25 året,
342 1124 40 21 den
402 1124 65 21 andre
485 1124 34 21 två
537 1124 85 27 gånger,
642 1124 40 21 den
701 1124 69 27 tredje
789 1126 33 19 tre
840 1123 85 28 gånger,
945 1129 18 15 0.
983 1130 16 14 s.
1017 1129 20 14 v.

216 1151 43 22 För
272 1153 32 20 att
319 1152 85 21 komma
418 1153 31 20 till
464 1153 65 26 något
543 1153 89 21 resultat
647 1153 6 20 i
670 1153 70 26 saken,
753 1152 126 21 meddelade
891 1152 32 27 sig
932 1152 106 21 utskottet

216 1180 50 21 med
284 1180 197 27 bankdirektionen,
502 1181 32 21 för
553 1183 32 19 att
600 1181 21 21 få
636 1181 52 21 höra
702 1182 56 20 huru
774 1182 54 20 stort
844 1181 73 20 arbete
931 1187 38 14 var
984 1180 54 21 före-

216 1209 53 21 nadt
284 1209 48 21 med
348 1209 62 22 dessa
424 1210 161 26 inventeringar,
602 1210 38 21 och
657 1210 35 21 det
707 1216 37 15 var
761 1209 54 21 efter
830 1211 32 19 att
876 1209 63 21 hafva
954 1209 84 20 erhällit

217 1237 36 21 det
272 1237 87 26 besked,
378 1240 32 19 att
428 1245 49 14 man
494 1238 83 27 mycket
595 1239 34 20 väl
648 1239 70 20 kunde
737 1238 65 21 hinna
818 1237 48 22 med
882 1237 115 22 revisioner
1013 1243 26 15 en

216 1265 56 28 gäng
291 1266 7 21 i
317 1266 109 26 mänaden,
445 1273 44 14 som
507 1267 105 21 utskottet
629 1267 49 21 kom
697 1267 32 21 till
744 1267 38 20 sitt
797 1266 86 27 förslag.
913 1266 126 21 Sedermera

216 1294 40 21 har
279 1295 36 20 det
336 1295 102 26 upplysts,
457 1297 32 19 att
507 1295 58 21 detta
582 1295 110 21 utlätande
711 1295 22 21 af
750 1301 27 15 en
796 1295 23 20 af
835 1295 205 21 bankdirektionens

216 1323 138 21 medlemmar
369 1323 71 21 berott
454 1323 26 27 pä
491 1326 30 19 ett
531 1324 93 26 misstag.
650 1324 40 26 Jag
701 1329 63 16 anser
774 1323 33 21 för
818 1323 42 21 min
872 1323 33 21 del
916 1323 123 25 tillräckligt

217 1353 32 20 att
267 1351 91 22 revision
377 1352 49 21 sker
443 1352 36 21 tvä
496 1352 78 27 gänger
593 1359 34 14 om
646 1352 46 21 äret
710 1352 39 21 och
770 1352 35 21 vill
823 1351 71 22 derför
908 1351 74 21 förena
997 1351 42 26 mig

217 1386 35 15 om
267 1380 26 21 hr
309 1380 158 27 Schybergsons
481 1381 85 26 förslag.

286 1409 31 20 Hr
337 1409 134 21 Sanmark:
504 1409 40 27 Jag
562 1409 49 21 ville
630 1409 74 22 endast
722 1409 75 21 anföra
813 1409 124 25 detsamma,
954 1414 45 15 som
1014 1407 26 20 hr

217 1436 109 23 Snellman
344 1444 28 14 nu
388 1437 38 21 har
441 1438 60 27 gjort,
518 1439 31 20 att
564 1438 36 21 det
614 1444 38 15 var
668 1437 52 22 efter
736 1437 158 27 öfverläggning
909 1436 49 21 med
973 1436 67 21 bank-

217 1465 140 26 direktionen,
373 1472 46 14 som
434 1466 58 20 detta
507 1466 116 26 stadgande
638 1467 128 20 bestämdes.
793 1465 148 21 Ordföranden
955 1465 7 20 i
972 1464 68 21 bank-

217 1492 134 22 direktionen
366 1494 95 21 uttalade
471 1494 149 28 uttryckligen,
633 1497 32 19 att
675 1494 41 22 han
727 1494 67 26 ansäg
804 1493 133 27 inventering
949 1499 25 15 en
985 1492 55 27 gäng

216 1521 7 21 i
239 1522 103 21 månaden
358 1523 87 27 lämplig
459 1523 39 21 och
513 1523 97 26 behöflig.

286 1550 10 21 I
311 1550 115 29 anledning
440 1551 23 21 af
477 1552 26 20 de
517 1552 75 26 gjorda
602 1552 122 27 yrkandena
733 1550 137 22 framstäldes
880 1550 24 22 af
912 1550 26 21 hr
948 1550 92 21 talman-

215 1584 42 15 nen
273 1578 32 22 till
321 1579 95 21 ständets
432 1580 128 21 besvarande
575 1580 93 27 följande
684 1579 286 28 omröstningsproposition:
