1089 1736
360 135 93 22 Borgarest.
465 134 46 19 1888.
568 130 39 31 Maj.
829 135 45 17 1405

72 204 41 21 nad
127 204 79 20 mellan
217 204 114 20 utskottets
348 203 135 21 betänkande
499 203 40 21 och
555 203 124 27 petitionen,
695 205 26 19 än
733 203 77 21 mellan
827 204 69 20 denna

74 232 38 21 och
129 232 46 20 mitt
189 232 87 26 förslag.
306 231 171 21 Petitionärerna
493 231 76 21 liksom
584 232 37 26 jag
633 231 68 21 önska
709 233 32 19 att
755 231 98 27 anslaget
863 231 32 21 till

73 260 160 27 odlingsfonder
249 261 5 20 i
270 260 153 20 kommnnerna
438 260 66 20 måtte
520 260 59 26 ökas.
597 260 38 20 och
649 260 38 26 jag
703 260 70 21 skulle
785 259 68 21 hellre
864 260 31 20 fö-

73 295 50 14 rena
139 289 42 26 mig
201 289 46 20 med
267 288 167 27 petitionärerna
453 293 34 16 om
507 290 32 19 att
558 288 106 26 ökningen
685 288 70 20 skulle
771 290 61 23 tagas
848 288 46 21 från

73 317 122 26 disponibla
210 317 107 20 allmänna
332 317 133 25 statsmedel,
485 318 26 19 än
528 316 45 21 från
591 317 39 20 den
647 316 24 21 af
685 316 159 21 statsutskottet
859 322 36 15 an-

73 345 73 21 visade
163 345 84 21 fonden.
280 344 49 21 Men
349 347 32 18 att
399 345 128 26 petitionera
547 351 32 14 om
603 346 32 19 att
655 351 48 14 man
726 345 54 20 skall
803 347 92 24 spränga

73 374 78 21 fonden
168 373 33 21 för
216 373 126 26 odlingslån,
359 373 62 20 innan
439 379 46 14 man
503 375 42 19 sett
564 373 54 21 hvad
639 373 113 21 resultatet
771 373 41 20 kan
830 373 65 20 blifva

73 402 22 21 af
111 408 24 15 en
152 402 110 21 tillämnad
278 401 114 21 förändrad
409 401 136 26 iustruktion,
561 402 36 20 det
613 403 24 19 är
652 402 47 20 icke
711 401 54 21 blott
776 401 118 26 olämpligt,

73 431 36 20 det
124 432 23 19 är
162 430 87 27 vådligt.
272 430 30 27 Ty
318 430 6 20 i
341 429 38 21 och
391 430 46 20 med
449 430 118 21 detsamma
579 436 46 15 man
641 431 93 20 användt
749 430 69 21 denna
832 429 63 21 fonds

73 459 68 20 medel
165 459 32 20 till
220 459 66 20 andra
309 458 75 27 syften,
405 460 24 19 är
449 459 36 20 det
504 459 57 20 klart
581 461 37 23 att,
638 460 39 19 när
693 459 36 20 det
745 458 93 21 derefter
854 458 40 21 blir

72 487 61 26 fråga
149 493 32 15 om
198 487 33 21 lån
248 487 33 20 för
297 486 79 21 sådana
391 488 69 19 större
476 487 90 26 företag,
582 493 45 14 som
643 487 32 20 till
696 487 94 26 exempel
806 487 103 27 kärrod-

73 516 76 26 lingar,
171 516 36 21 det
230 515 46 22 icke
299 515 27 21 då
349 521 58 14 mera
429 515 68 21 finnes
521 516 67 20 medel
613 517 32 19 att
667 515 97 21 använda
783 515 33 21 för
836 515 59 20 detta

74 545 104 20 ändamål.

141 573 31 20 Hr
187 573 103 25 Elving:
309 572 40 26 Jag
366 573 67 19 måste
449 572 48 20 med
513 572 115 26 anledning
644 572 23 20 af
684 572 26 20 hr
729 571 116 22 Sanmarks
864 573 32 25 yt-

73 601 76 21 trande
165 600 119 25 framhålla,
301 600 99 21 hurusom
417 600 24 21 hr
457 600 105 21 Sanmark
582 600 67 26 enligt
668 600 42 20 min
730 600 84 26 mening
834 600 62 26 gifvit

74 636 27 14 en
117 629 67 21 delvis
201 629 77 26 oriktig
293 629 156 25 framställning
465 628 22 21 af
504 629 56 20 hvad
577 629 38 26 jag
634 629 128 20 åtminstone
785 628 61 26 afsåg
864 630 32 19 att

73 660 64 24 yttra,
153 657 38 21 och
208 657 59 21 detta
283 657 38 21 har
336 658 55 20 varit
407 657 82 26 möjligt
509 658 76 20 endast
604 657 122 26 derigenom
742 659 31 19 att
789 656 107 27 uttrycket

73 686 92 25 mindre
179 686 152 26 jordbrukare"
348 686 38 20 här
402 686 120 26 egentligen
539 688 60 24 tages
610 686 5 20 i
628 692 25 14 en
666 686 76 20 dubbel
755 685 139 21 bemärkelse.

72 714 41 26 Jag
130 714 37 21 har
182 714 33 20 för
230 714 63 26 ingen
309 714 33 21 del
363 714 56 20 velat
439 714 120 20 motarbeta
582 715 25 19 de
628 714 82 21 mindre
727 714 169 26 jordbrukarnes

72 743 187 26 understödjande,
275 749 46 14 men
335 743 37 26 jag
388 742 39 21 har
442 742 84 22 förenat
542 742 41 26 mig
601 742 47 21 med
668 742 25 21 hr
712 742 117 21 Rönnbäck
848 742 47 20 der-

73 771 40 26 för,
129 774 30 18 att
172 771 37 26 jag
226 777 63 15 anser
304 773 31 19 att
351 771 52 21 hans
420 770 80 27 förslag
513 771 116 26 ingalunda
644 771 78 21 strider
733 771 101 20 deremet.
853 770 43 21 Det

73 802 23 18 är
112 800 40 20 den
169 800 80 20 mindre
267 799 284 27 längenhetsinnehafvaren,
567 812 27 2 —
610 800 38 20 och
664 800 68 20 denne
749 799 38 20 hör
803 798 93 21 ovilkor-

73 828 55 26 ligen
145 828 31 20 till
193 828 26 20 de
235 828 80 20 mindre
329 828 164 26 jordbrukarne,
510 840 27 2 —
557 834 45 14 som
616 828 37 26 jag
669 834 62 14 anser
747 827 149 26 förnämligast

73 856 90 21 behöfva
178 856 123 25 understöd,
318 856 27 21 då
360 857 96 20 deremot
471 856 128 26 petitionens
616 856 98 27 syftemål
727 856 38 25 går
776 859 23 17 ut
809 856 27 25 på
847 856 48 19 ska-

73 885 78 26 pandet
174 884 23 21 af
216 891 24 14 en
265 891 69 14 massa
353 885 46 20 små
419 885 270 26 nybyggesanläggningar.
721 885 41 20 Det
781 886 24 19 är
825 884 69 25 dessa,

73 919 45 15 som
132 913 43 26 jag,
192 913 47 20 med
255 913 79 26 hänsyn
351 913 31 20 till
400 913 35 20 det
451 913 55 26 läge,
522 913 60 20 hvari
598 913 51 20 våra
662 912 233 27 jorgbruksförhållan-

74 941 39 21 den
130 941 33 21 för
177 942 133 20 närvarande
326 941 83 22 befinna
424 941 39 26 sig,
479 941 47 21 icke
546 944 45 18 tror
609 941 89 21 framför
717 941 41 21 alla
777 941 67 20 andra
860 941 35 20 be-

73 969 64 22 höfva
153 970 116 21 omhuldas.
303 969 44 22 Och
367 970 27 20 dä
409 970 112 21 dessutom
543 970 26 21 de
589 970 36 21 två
645 970 103 26 miljoner,
765 975 44 15 som
827 969 69 20 blifvit

74 998 122 21 utlemnade
212 998 31 21 till
259 998 159 26 kommunerna,
434 998 33 21 för
484 1000 31 19 att
531 1004 76 21 genom
618 999 48 20 dem
682 998 84 21 utlånas
777 997 38 22 och
827 997 68 21 förde-

74 1027 39 26 las,
130 1027 64 20 redan
211 1027 70 20 kunna
297 1027 113 26 tillgodose
429 1026 60 21 detta
508 1027 106 26 syftemål,
634 1029 45 18 tror
695 1027 37 26 jag
751 1026 33 21 för
799 1026 45 20 min
861 1026 34 21 del

73 1057 32 18 att
124 1055 36 21 det
176 1055 45 21 icke
237 1057 24 19 är
277 1055 46 21 skäl
338 1057 31 19 att
387 1057 51 24 taga
456 1055 49 21 bort
524 1055 63 21 dessa
602 1055 67 20 andra
685 1055 36 21 två
736 1055 98 26 miljoner
849 1053 46 22 från

74 1084 62 20 deras
156 1084 122 21 nuvarande
297 1083 90 27 uppgift,
406 1083 86 21 hvilken
511 1083 24 27 ju
555 1083 64 22 också
638 1085 25 19 är
681 1085 32 19 att
731 1083 115 26 tillgodose
870 1083 26 20 de

73 1112 83 21 mindre
169 1112 178 26 jordbrukarene,
363 1112 67 21 ehuru
445 1112 48 21 icke
508 1112 69 27 precis
596 1112 232 27 nybyggesanläggare,
845 1113 50 18 utan

74 1141 27 20 de
116 1141 65 20 redan
198 1141 99 21 besuttna
309 1140 165 26 jordbrukarne.
509 1141 42 20 Det
570 1142 24 19 är
614 1147 58 14 mera
691 1140 45 21 skäl
756 1142 31 18 att
806 1140 6 20 i
829 1139 67 21 likhet

74 1168 49 21 med
139 1168 26 21 hr
179 1168 114 22 Rörnbäck
308 1170 58 25 säga,
386 1170 32 19 att
437 1168 70 22 denna
526 1168 131 26 öfverföring
673 1169 53 20 skall
743 1168 38 21 ske
798 1168 76 20 endast
890 1168 6 20 i

74 1197 37 20 det
125 1196 45 26 fall,
186 1199 32 18 att
233 1203 48 14 man
301 1197 46 21 icke
366 1197 24 20 så
410 1197 41 20 kan
471 1196 102 21 förändra
591 1197 97 20 vilkoren
708 1197 32 20 för
760 1197 39 20 den
816 1202 29 14 nu
861 1196 35 20 be-

74 1225 87 20 stående
177 1225 86 26 fonden,
280 1227 31 19 att
327 1225 62 21 dessa
406 1225 69 21 medel
497 1225 65 21 blifva
580 1225 111 26 begärliga
711 1225 38 21 och
769 1225 78 20 lättare
866 1226 31 19 att

73 1253 129 27 åtkomma.

142 1281 31 21 Hr
189 1281 106 22 Öhman:
311 1282 41 26 Jag
363 1282 50 21 ville
428 1282 57 21 fästa
501 1282 96 21 ståndets
613 1282 40 21 och
669 1281 101 22 särskildt
785 1281 25 21 hr
826 1281 70 20 Rönn-

73 1310 65 21 bäcks
148 1309 187 27 uppmärksamhet
344 1310 80 26 dervid,
436 1312 32 19 att
479 1311 174 26 petitionärerna,
664 1310 37 21 hrr
711 1309 127 27 Lagerstedt
849 1309 47 21 med

72 1338 59 27 flera,
142 1338 85 21 anhålla
241 1339 6 20 i
263 1339 38 20 sitt
315 1339 221 26 petitionsmemorial,
553 1341 31 18 att
599 1339 116 21 ständerna
726 1339 49 20 ville
787 1338 39 21 hos
836 1337 60 21 Hans

73 1367 120 26 Kejserliga
209 1366 101 27 Majestät
325 1367 86 26 föreslå,
427 1369 32 19 att
474 1367 33 20 till
523 1367 96 26 utlåning
638 1367 23 21 åt
676 1367 220 23 landskommunerna,

72 1395 28 26 på
110 1395 56 20 vissa
176 1395 77 26 vilkor,
269 1395 64 21 måtte
349 1395 72 21 anslås
437 1401 25 15 en
479 1401 82 15 summa
577 1395 22 21 af
608 1395 107 21 allmänna
727 1393 124 23 statsmedel
868 1394 28 21 el-

72 1423 32 21 ler
119 1424 68 20 andra
201 1423 120 27 disponibla
337 1423 121 27 tillgångar.
493 1424 32 21 De
541 1424 127 26 petitionera
683 1423 46 22 icke
745 1422 109 27 angående
870 1422 27 21 de

73 1451 126 27 odlingslän,
219 1452 87 20 hvarom
322 1452 55 20 talas
393 1452 6 20 i
414 1451 241 27 finans-expeditionens
667 1452 48 21 bref
723 1452 23 20 af
755 1452 40 20 den
811 1450 29 22 24
856 1450 40 26 maj

74 1479 61 21 1884.
165 1480 120 21 Petitionen
301 1480 66 26 angår
383 1480 90 21 sålunda
489 1480 41 21 alls
541 1480 46 21 icke
603 1480 132 21 sistnämnda
749 1480 77 20 medel.
856 1478 42 21 Det

73 1513 62 20 synes
151 1508 43 26 mig
209 1508 73 21 derför
297 1514 51 15 vara
367 1508 115 26 sjelffallet,
502 1510 32 19 att
553 1508 26 21 hr
597 1508 128 22 Rönnbäcks
741 1508 87 26 förslag,
845 1506 53 21 hvil-

72 1535 37 21 ket
123 1536 82 26 åsyftar
221 1536 63 21 dessa
300 1536 67 22 medel
389 1537 38 21 och
447 1536 48 22 icke
514 1537 73 25 andra,
607 1537 69 26 ligger
694 1538 57 19 utom
773 1536 65 21 saken
858 1534 40 22 och
