1086 1734
337 145 93 23 Borgarest.
442 144 47 19 1888.
512 144 13 19 11
539 144 40 23 Maj.
803 145 45 19 1018

46 216 59 20 ment
127 220 61 20 noga,
213 214 23 21 så
253 214 44 21 kan
311 220 50 15 man
376 214 86 21 komma
476 214 34 21 till
525 221 25 15 en
566 214 66 21 sådan
647 214 102 26 tolkning.
778 214 43 22 Det
835 215 37 21 he-

47 245 43 19 ter:
105 242 67 28 ,Skär
183 243 90 27 jernväg
287 243 58 21 förut
360 242 132 21 tillkommen
507 244 79 20 allmän
601 242 51 21 eller
668 242 82 21 enskild
766 244 39 25 väg
820 244 52 20 eller

47 271 75 27 farled,
137 278 50 14 vare
199 271 127 27 jernvägens
341 277 63 21 egare
420 271 83 27 skyldig
518 272 79 20 inrätta
612 271 40 21 och
668 270 124 22 underhålla
806 272 66 20 sådan

48 299 156 27 vägöfvergång
225 300 53 20 eller
300 306 69 14 annan
392 299 86 26 anstalt,
494 300 33 20 att
541 299 40 21 den
597 298 59 22 äldre
670 301 79 24 vägens
764 299 52 21 eller
831 299 41 21 far-

49 328 72 21 ledens
136 328 138 27 begagnande
288 328 47 21 icke
349 328 88 21 hindras
453 328 52 21 eller
519 328 42 21 blir
576 328 48 20 med
640 327 47 21 fara
697 327 107 21 förenad".
827 328 47 20 Den

49 356 113 28 nybyggda
184 357 62 21 delen
269 356 22 21 af
311 358 68 25 vägen
394 356 70 21 skulle
479 356 83 22 således
578 356 55 21 efter
648 362 27 15 en
690 355 114 27 bokstaflig
818 356 56 21 tolk-

49 385 50 26 ning
122 385 69 21 måsta
212 385 136 21 underhållas
370 385 23 21 af
410 385 186 27 jernvägsegarne,
616 385 40 21 och
674 385 59 20 detta
746 391 52 14 vore
812 385 63 27 högst

49 413 91 27 obilligt.
171 414 47 21 Den
240 413 69 22 måste
330 413 136 26 naturligtvis
489 413 23 22 af
533 413 179 22 koncessionären
733 413 79 27 byggas
835 413 40 21 och

50 442 75 21 ställas
143 442 6 21 i
164 442 91 27 fullgodt
271 442 39 21 och
325 442 134 21 användbart
475 442 67 26 skick,
558 442 48 21 med
621 442 67 21 sedan
704 441 38 21 den
758 443 23 20 är
795 441 80 26 utförd,

51 471 39 20 bör
109 471 40 21 den
166 471 72 21 kunna
253 471 127 20 återlemnas
394 471 34 20 till
443 471 42 20 den
499 470 267 28 vägabyggnadsskyldige,
782 476 46 15 som
843 469 33 22 får

51 499 33 20 för
105 499 134 21 underhållet
261 499 110 26 öfvertaga
393 499 48 20 den.
471 499 28 21 Så
521 499 40 21 har
582 499 141 27 praktiserats
740 499 36 20 vid
795 500 81 19 statens

49 527 230 28 jernvägsbyggnader,
303 527 40 21 och
365 527 24 21 så
411 527 62 22 torde
495 527 65 22 också
582 527 54 21 böra
654 527 131 26 praktiseras
800 527 35 20 vid
850 527 27 21 de

52 556 89 26 privata.
166 557 34 20 Nu
215 558 38 25 gör
268 555 120 22 emellertid
402 556 40 21 den
457 555 262 28 vägabyggnadsskyldige
734 555 44 22 ofta
793 555 84 27 mycket

53 585 58 20 stora
132 585 136 26 svårigheter,
291 585 32 20 att
346 584 33 21 för
401 584 136 21 underhållet
559 584 97 26 återtaga
674 583 41 22 den
730 584 88 21 sålunda
833 589 44 16 om-

52 613 84 27 byggda
150 615 76 24 vägen;
242 613 43 20 han
299 613 97 20 försöker
411 613 139 26 undandraga
566 613 32 27 sig
613 613 24 20 så
651 613 62 26 länge
728 619 45 15 som
787 612 90 27 möjligt.

54 641 39 21 Om
116 642 36 21 det
173 641 161 26 ifrågavarande
357 641 127 27 stadgandet
499 641 42 21 blir
559 641 105 26 gällande,
680 641 54 21 skall
748 641 42 21 han
805 642 73 19 natur-

54 669 71 27 ligtvis
147 672 52 25 göra
221 670 36 20 det
279 670 8 20 i
309 671 55 20 ännu
383 669 65 27 högre
465 670 60 27 grad,
539 670 23 27 ja
576 669 43 21 han
634 669 43 21 kan
692 669 52 27 yrka
759 669 71 27 derpå,
846 670 33 20 att

54 698 176 21 koncessionären
249 697 34 22 för
298 698 28 21 all
341 697 88 22 framtid
443 698 56 21 skall
513 698 126 21 underhålla
654 698 41 21 den
710 697 118 28 ombyggda
842 699 36 19 vä-

54 732 47 21 gen.
130 727 42 26 Jag
193 727 69 20 skulle
285 726 71 21 derför
378 726 77 21 föreslå
479 727 122 20 återremiss
623 726 32 21 till
673 726 111 26 utskottet,
799 725 33 22 för
847 727 32 19 att

55 756 115 20 momentet
190 755 70 21 blefve
279 755 158 26 omstiliseradt,
455 755 24 21 så
494 756 33 20 att
543 755 36 21 det
593 755 85 21 komme
694 756 31 19 att
738 754 58 27 lyda:
813 753 66 28 ,Skär

55 783 113 28 jernvägen
191 783 58 21 förut
270 783 132 21 tillkommen
425 783 79 21 allmän
519 784 51 21 eller
586 783 84 21 enskild
684 785 41 24 väg
739 783 51 21 eller
804 782 74 26 farled,

56 818 49 15 vare
126 812 126 27 jernvägens
275 817 62 21 egare
360 811 83 28 skyldig
467 812 80 21 inrätta
568 811 157 28 vägöfvergång
743 811 51 22 eller
810 816 70 16 annan

56 840 85 26 anstalt,
164 840 23 21 så
209 841 32 20 att
263 840 40 21 den
321 840 59 21 äldre
397 842 80 25 vägens
493 840 51 21 eller
559 840 107 21 farledens
681 839 137 27 begagnande
832 839 48 21 icke

56 869 87 26 hindras
166 869 51 21 eller
239 869 42 21 blir
302 869 49 21 med
373 868 48 22 fara
442 869 95 25 förenad,
556 870 56 20 samt
626 868 113 22 framdeles
753 867 127 22 underhålla

57 897 69 21 denna
147 897 156 27 vägöfvergång
325 897 52 21 eller
399 898 87 26 anstalt,
509 898 33 20 till
565 898 41 20 den
628 897 41 26 del,
694 897 39 21 den
748 896 62 22 faller
824 896 57 21 inom

55 926 126 26 jernvägens
204 926 104 21 område”.
337 926 47 20 Den
408 926 96 21 enskilde
525 926 33 21 får
581 926 96 20 deremot
695 925 45 21 icke
755 924 126 22 underhålla

58 954 69 21 denna
149 954 33 21 del
198 954 23 21 af
234 956 75 24 vägen,
324 954 27 21 då
365 954 43 21 han
423 954 72 21 kunde
511 954 147 21 åstadkomma
672 954 65 21 vådor
751 954 33 21 för
796 953 85 27 jernvä-

57 988 47 20 gen,
120 984 51 19 utan
186 982 41 21 blir
242 982 134 22 underhållet
392 982 61 22 deraf
463 983 190 27 jernvägsegarnes
668 982 45 22 sak.

127 1011 61 21 Hvad
211 1011 65 21 sedan
295 1010 101 22 beträffar
413 1012 117 20 momentet
548 1012 20 25 3,
583 1011 46 21 deri
643 1011 105 21 utskottet
762 1010 40 21 har
816 1010 65 20 infört

59 1046 26 14 en
99 1039 148 22 bestämmelse
264 1046 34 14 om
313 1040 115 26 hägnader,
444 1040 24 20 så
483 1040 101 26 lydande:
600 1040 80 26 ,Egare
696 1038 23 22 af
729 1039 89 27 jernväg
832 1044 50 15 vare

59 1068 60 21 äfven
142 1068 75 26 pligtig
239 1069 38 25 att,
300 1068 37 21 der
353 1068 17 26 ej
387 1068 134 21 annorlunda
536 1068 199 25 öfverenskommes,
750 1067 62 27 kring
826 1066 56 27 jern-

59 1096 146 27 vägsområdet
220 1096 79 21 inrätta
314 1096 39 21 och
368 1096 127 21 underhålla
511 1096 93 27 stängsel
620 1096 23 21 af
654 1096 66 21 sådan
730 1095 152 26 beskaffenhet,

61 1126 31 20 att
106 1125 73 21 hästar
195 1125 38 21 och
249 1125 82 26 boskap
347 1125 122 26 derigenom
485 1125 48 21 från
544 1125 81 21 banans
636 1125 130 21 beträdande
776 1124 107 25 hindras",

61 1154 23 21 så
102 1154 69 21 skulle
183 1154 37 26 jag
235 1153 84 27 föreslå,
335 1155 32 20 att
382 1153 60 21 detta
456 1153 76 26 tillägg
547 1153 69 21 skulle
631 1153 45 22 helt
691 1153 39 21 och
745 1153 66 21 hållet
825 1152 58 27 utgå.

60 1183 41 25 Jag
123 1184 38 25 gör
176 1183 37 20 det
227 1182 28 27 på
269 1182 27 21 de
312 1182 52 26 skäl,
381 1188 45 15 som
442 1184 37 19 äro
495 1182 90 21 anförda
599 1182 7 21 i
622 1182 40 21 den
678 1182 66 21 andra
758 1181 126 21 reservatio-

61 1217 48 14 nen.
125 1211 73 26 Enligt
213 1211 78 20 allmän
306 1211 35 26 lag
357 1212 29 24 är,
403 1210 70 21 såsom
489 1211 7 20 i
511 1211 71 20 denna
596 1211 131 20 reservation
743 1209 65 22 också
821 1209 64 21 fram-

60 1239 74 26 hålles,
156 1239 63 27 ingen
241 1239 83 26 skyldig
347 1240 31 20 att
400 1239 127 20 underhålla
545 1239 93 26 stängsel
653 1239 51 21 eller
719 1238 89 27 hägnad.
838 1237 48 21 Alla

61 1267 23 21 af
103 1270 138 18 reservanten
263 1267 89 21 anförda
366 1267 91 21 motiver
473 1269 36 19 äro
525 1267 130 27 fullkomligt
669 1267 80 27 tydliga
764 1266 40 21 och
818 1266 67 21 klara.

61 1296 38 21 Ett
121 1295 89 27 misstag
231 1297 24 19 är
277 1296 37 21 det
335 1295 73 26 likväl,
428 1295 72 21 såsom
515 1295 36 21 det
566 1301 62 22 synes
642 1295 50 28 mig,
708 1295 27 21 då
748 1296 139 20 reservanten

61 1325 94 25 antager,
179 1325 32 20 att
230 1324 116 27 jernvägen
365 1324 70 21 skulle
453 1324 65 21 hafva
532 1323 70 28 någon
617 1325 61 26 nytta
693 1323 23 21 af
729 1323 99 26 stängsel.
858 1322 29 21 Så

62 1354 23 19 är
108 1351 87 22 alldeles
217 1352 47 21 icke
287 1352 65 21 fallet.
383 1353 121 26 Jernvägen
527 1352 101 21 behöfver
645 1352 47 21 icke
707 1351 66 27 några
788 1350 99 27 stängsel.

62 1381 119 26 Jernvägen
203 1381 92 27 skyddar
319 1381 46 20 sina
386 1380 87 27 bantåg,
497 1387 76 20 genom
596 1382 32 19 att
645 1380 89 21 framför
748 1378 140 23 lokomotivet

62 1409 57 21 fästa
133 1409 23 21 så
170 1409 85 21 kallade
269 1409 123 26 kofångare,
408 1415 46 15 som
466 1409 73 26 skjuta
548 1409 88 20 kreatur
647 1409 40 21 och
698 1409 64 20 andra
773 1406 115 26 obstakler,

63 1443 46 16 som
123 1437 68 21 finnas
206 1437 27 27 på
247 1437 78 26 banan,
341 1437 22 21 åt
378 1437 69 21 sidan.
468 1437 71 26 Något
554 1438 66 20 annat
634 1437 69 27 skydd
717 1437 101 20 behöfver
830 1435 58 27 jern-

62 1468 69 24 vägen
152 1466 53 25 icke,
229 1466 40 21 och
292 1466 103 26 stängslet
410 1465 102 28 bidrager
526 1465 115 27 ingalunda
655 1465 34 21 till
704 1466 31 20 att
748 1465 71 20 lemna
831 1463 58 28 jern-

63 1496 78 24 vägens
163 1494 116 21 befarande
301 1495 65 26 något
389 1494 75 26 skydd.
495 1495 102 20 Deremot
618 1493 43 22 kan
680 1494 25 27 ju
720 1493 170 26 lägenhetsinne-

63 1522 102 21 hafvaren
180 1522 92 21 behöfva
287 1522 100 27 stängsel,
403 1528 48 15 men
467 1522 261 26 lägenhetsinnehafvaren
742 1521 54 21 skall
806 1521 23 20 af
837 1521 53 20 kon-

63 1551 134 20 cessionären
219 1552 92 19 ersättas
329 1551 33 20 för
382 1550 43 21 alla
441 1551 26 20 de
483 1551 144 26 olägenheter,
642 1550 43 21 han
699 1550 39 21 har
752 1549 24 21 af
789 1550 32 20 att
833 1549 57 26 jern-

799 1599 23 17 65
