1086 1736
237 138 50 33 1138
496 145 95 23 Borgarest.
605 144 49 20 1888.
680 145 21 19 16
714 145 38 23 Maj.

215 213 33 21 till
268 213 147 22 missförstånd
434 214 150 25 förekommer,
601 214 23 20 så
643 214 34 21 må
696 220 55 20 man,
767 216 50 18 utan
836 215 32 19 att
883 214 156 22 återremittera

214 241 127 27 paragrafen
357 242 32 21 till
404 242 111 26 utskottet,
531 242 6 20 i
554 242 74 21 stället
642 242 34 21 för
691 243 65 20 orden
769 242 17 26 ,i
798 242 103 26 tjensten*
913 243 78 21 insätta
1004 249 33 14 or-

215 269 40 21 den
275 270 78 25 ,under
370 270 104 27 tjenstens
492 270 117 26 utöfning.*
638 270 42 26 Jag
699 270 70 21 skulle
787 270 72 21 derför
875 270 78 21 föreslå
969 271 69 21 denna

215 297 131 27 förändring.

283 325 32 22 Hr
333 327 126 20 Fellman:
482 327 42 20 Det
543 328 24 19 är
585 326 51 26 föga
650 326 74 26 troligt
739 328 32 19 att
787 326 66 21 saken
868 333 74 20 genom
959 327 40 20 den
1015 327 24 20 af

215 354 25 21 hr
257 354 99 27 Eneberg
373 355 120 26 föreslagna
509 354 276 27 redaktionsförändringen
801 354 69 21 blefve
886 355 52 25 klar,
955 355 37 21 och
1009 355 28 20 då

215 382 211 27 strafflagsförslaget
445 383 60 21 äfven
525 383 6 20 i
548 383 67 20 andra
630 382 114 21 afseenden
761 383 96 20 kommer
871 385 32 18 att
918 383 120 21 återremit-

214 412 58 19 teras
288 411 31 20 till
335 411 110 25 utskottet,
462 411 23 20 så
500 411 105 20 vidhåller
618 410 37 27 jag
672 411 46 20 mitt
734 410 81 27 förslag
831 417 33 14 om
880 411 128 21 återremiss.

283 439 49 20 Med
348 439 114 26 anledning
476 439 24 21 af
514 439 26 20 de
555 439 76 26 gjorda
647 439 108 26 förslagen
771 439 125 20 framstälde
911 439 24 20 hr
947 439 90 21 talman-

214 473 41 15 nen
271 473 25 15 en
313 467 89 21 sålunda
417 467 129 21 formulerad
563 467 288 26 omröstningsproposition:

283 494 40 26 De,
339 495 68 21 hvilka
424 495 70 32 såsom
512 495 206 26 kontraproposition
731 497 43 18 mot
789 494 107 21 utskottets
909 494 81 27 förslag
1005 495 33 21 till

215 522 75 28 lydelse
308 523 36 26 för
362 524 32 20 22
412 518 15 36 $
442 523 9 21 i
466 523 54 21 detta
534 523 77 26 kapitel
627 523 64 21 önska
706 525 75 25 antaga
797 523 101 26 förslaget
912 525 28 19 att
956 523 81 22 äterre-

214 551 83 21 mittera
315 558 129 20 paragrafen
464 551 31 21 till
512 551 97 21 utskottet
624 551 8 20 i
646 551 34 21 det
694 551 61 27 syfte,
771 551 26 21 hr
811 551 96 21 Fellman
921 551 114 27 föreslagit,

215 580 57 19 rösta
282 579 39 27 ja;
337 579 31 26 de,
384 579 33 21 det
431 579 43 21 icke
488 579 71 26 önska,
575 580 57 20 rösta
646 579 48 27 nej;

282 607 73 21 vinner
376 608 43 26 nej,
438 607 40 21 har
495 595 170 39 borgareståndet
684 607 9 20 i
710 607 78 21 sådant
806 607 97 26 afseende
920 607 118 26 föredragit

215 635 25 21 hr
256 634 106 28 Enebergs
376 635 88 27 förslag.

283 663 41 21 Vid
344 664 83 21 anstäld
446 664 96 26 votering
563 663 97 27 afgåfvos
679 664 28 21 22
723 664 24 26 ja
767 663 38 22 och
824 664 26 21 31
871 664 40 26 nej,
930 663 32 21 till
982 663 53 26 följd

214 691 77 50 ma
308 692 40 21 den
367 692 94 27 följande
476 692 304 27 omröstningspropositionen
797 692 67 21 erhöll
879 691 156 22 nedanstäende

223 726 83 21 ydelse:

282 747 40 26 De,
337 747 69 22 hvilka
422 748 112 27 godkänna
553 749 32 20 22
603 748 15 27 $
637 748 7 20 i
658 747 139 27 förevarande
812 747 77 34 kapitel
904 747 132 32 oförändrad

215 775 63 28 enligt
292 775 106 22 utskottets
412 776 145 27 formulering,
573 777 57 20 rösta
642 776 36 27 ja;
696 776 30 26 de,
743 776 34 21 det
791 775 43 22 icke
847 777 57 26 göra,
920 777 56 20 rösta
991 776 45 27 nej;

283 804 72 21 vinner
368 805 43 27 nej,
427 805 40 20 har
481 805 169 26 borgareståndet
665 805 81 26 antagit
761 804 25 21 hr
801 804 106 27 Enebergs
922 804 113 27 ändrings-

215 831 88 28 förslag.

283 860 81 21 Genom
380 861 94 26 återigen
490 861 108 21 verkstäld
614 861 104 26 votering,
730 861 87 21 hvilken
832 861 62 20 utföll
910 861 47 21 med
972 861 28 20 27
1012 860 25 26 ja

214 888 39 22 och
269 889 27 21 26
311 889 42 26 nej,
368 889 124 26 godkändes
508 889 125 27 paragrafen
649 889 129 21 oförändrad
793 888 66 27 enligt
873 888 114 22 utskottets
999 888 36 21 be-

214 916 113 22 tänkande.

575 986 28 19 41
619 984 54 26 Kap.

307 1029 40 21 Om
362 1029 58 22 brott
436 1032 43 19 mot
494 1029 110 22 föreskrift
619 1029 109 27 angående
745 1029 84 27 kyrklig
845 1029 96 26 ordning.

283 1085 24 27 $$
323 1086 55 21 1—6
393 1086 123 26 godkändes
531 1088 51 19 utan
598 1086 128 21 diskussion.

282 1113 40 21 Vid
339 1114 11 27 $
366 1115 11 20 7
392 1115 84 26 yttrade

281 1141 26 21 hr
325 1148 40 14 von
380 1142 100 21 Pfaler:
500 1142 135 21 Beträffande
651 1142 11 26 $
680 1143 11 20 7
707 1144 63 24 säger
785 1142 104 21 utskottet
903 1142 7 20 i
926 1142 31 20 sin
973 1142 61 20 moti-

212 1169 83 27 vering:
319 1170 80 26 ,Fräga
416 1170 39 20 har
473 1170 38 21 ock
526 1170 7 20 i
548 1170 105 21 utskottet
668 1170 73 21 väckts
758 1170 79 25 derom,
854 1170 103 20 huruvida
972 1176 61 20 para-

211 1197 74 26 grafen
305 1197 70 21 kunde
394 1198 71 21 tolkas
483 1198 96 26 sälunda,
595 1200 31 19 att
645 1198 33 26 de,
694 1204 45 15 som
759 1198 79 21 handla
856 1198 47 20 med
919 1200 114 24 matvaror,

212 1225 71 21 säsom
302 1226 93 26 slagtare
411 1226 39 21 och
466 1226 84 26 bagare,
566 1232 51 15 vore
632 1232 76 20 genom
724 1226 129 26 stadgandet
867 1226 6 20 i
890 1226 68 21 denna
972 1232 61 20 para-

211 1253 50 26 graf
278 1253 113 27 förbjudna
409 1256 31 19 att
458 1254 50 21 idka
526 1254 77 21 handel
623 1254 48 21 med
689 1254 55 21 slika
762 1260 62 15 varor
840 1254 13 21 &
868 1254 81 25 sabbat,
966 1254 67 21 ehuru

211 1281 77 21 sädant
303 1282 76 21 hittills
394 1282 55 21 varit
465 1283 47 20 dem
527 1282 78 21 tillätet
621 1282 54 21 efter
690 1282 161 26 gudstjenstens
867 1282 51 26 slut;
934 1288 48 16 men
996 1288 37 15 an-

210 1310 67 26 tydda
295 1310 96 26 tolkning
410 1316 63 20 synes
492 1310 24 21 sä
530 1310 84 27 mycket
630 1310 81 21 mindre
726 1316 52 15 vara
793 1312 32 19 att
841 1310 78 26 befara,
936 1316 44 15 som
996 1316 37 20 pa-

211 1338 100 26 ragrafen
325 1338 61 21 äfven
398 1338 81 22 tilläter
490 1338 91 22 idkande
593 1338 24 22 af
626 1338 127 26 torghandel
767 1338 118 21 sabbatstid
897 1339 33 20 till
941 1338 92 21 klockan

210 1366 35 21 nio
262 1372 33 15 om
311 1367 134 25 morgonen.*
471 1366 33 21 Dä
516 1366 37 27 jag
569 1366 34 21 för
618 1367 42 21 min
676 1366 34 21 del
726 1366 47 22 icke
788 1366 42 21 kan
845 1366 58 21 finna
917 1368 31 19 att
964 1366 69 20 denna

209 1394 120 26 förklaring
344 1396 23 18 är
382 1394 207 27 tillfyllestgörande,
605 1396 51 19 enär
672 1400 25 15 en
713 1395 88 20 domare
816 1394 28 27 pä
858 1394 68 26 grund
941 1394 23 20 af
975 1394 57 20 stad-

209 1423 87 24 gandet,
312 1424 31 19 att
361 1422 126 26 torghandel
506 1422 47 22 icke
567 1422 33 21 fär
615 1422 61 22 idkas
692 1422 74 27 längre
781 1424 26 19 än
824 1422 33 21 till
873 1422 88 21 klockan
977 1422 13 20 9
1005 1421 28 27 pä

209 1455 124 21 morgonen,
349 1450 115 26 omöjligen
479 1451 40 20 kan
536 1451 66 26 draga
613 1450 39 21 den
663 1450 123 25 slutsatsen,
799 1451 32 20 att
842 1450 85 26 bagare,
938 1449 95 26 slagtare

209 1477 40 21 och
268 1478 67 20 andra
355 1478 198 21 matvaruhandlare
573 1479 69 20 skulle
662 1484 39 20 ega
721 1478 103 26 rättighet
842 1479 32 19 att
891 1477 78 21 handla
985 1477 48 21 med

209 1504 47 22 sina
271 1511 63 15 varor
349 1506 55 20 efter
418 1506 159 26 gudstjenstens
593 1506 49 26 slut,
655 1506 23 20 sä
694 1506 69 21 skulle
777 1506 38 26 jag
831 1506 85 25 föreslä,
928 1506 31 20 att
970 1511 63 20 para-

208 1532 77 27 grafen
303 1533 69 21 skulle
391 1534 166 22 äterremitteras
573 1534 33 21 för
622 1534 157 26 omredigering
794 1534 7 20 i
817 1533 36 21 det
869 1533 60 27 syfte,
945 1535 31 19 att
992 1533 41 21 den
