1089 1720
348 137 93 23 Borgarest.
453 137 46 19 1888.
523 137 20 20 31
557 137 39 23 Maj.
817 137 45 18 1443

63 207 84 26 diarier,
170 206 53 26 bref,
241 207 114 26 konsepter
378 207 38 21 och
436 207 70 27 öfriga
524 207 133 26 handlingar,
677 206 90 27 åtföljda
785 207 23 21 af
825 206 60 22 öfver

63 237 108 20 desamma
186 237 55 20 samt
256 235 67 27 öfriga
338 235 130 22 inventarier
482 235 115 28 upprättad
614 235 143 26 förteckning;

131 266 32 19 att
177 264 84 21 ständet
276 263 93 27 godkänt
384 264 171 21 statsutskottets
571 264 6 21 i
593 263 112 22 skrifvelse
717 263 23 21 af
750 263 41 22 den
802 263 27 22 28
842 263 41 27 maj

63 293 126 21 framstälda
207 292 80 27 förslag
307 298 33 15 om
359 292 72 27 tillsyn
451 293 60 21 öfver
529 293 39 21 och
587 292 120 27 antagande
722 291 23 22 af
759 292 127 22 ständernas

63 321 89 22 ekonom
171 323 55 19 samt
243 327 33 15 om
293 320 108 22 ordnande
417 321 54 21 efter
486 321 142 27 landtdagens
643 320 120 22 afslutande
779 320 23 21 af
816 321 70 26 öfriga

63 350 7 21 i
85 349 151 27 sammanhang
251 349 48 21 med
314 349 155 22 ständermötet
483 350 88 21 stäende
587 349 139 22 ekonomiska
740 348 82 27 frägor;

131 380 31 19 att
181 378 84 21 ständet
283 378 94 27 godkänt
396 378 107 21 allmänna
521 378 206 21 besvärsutskottets
746 377 6 21 i
771 377 114 22 skrifvelse

63 406 23 22 af
105 406 39 22 den
163 406 27 22 28
208 406 41 27 maj
266 406 125 21 framstälda
405 406 82 27 förslag
502 407 32 21 till
550 406 205 27 sammanjemkning
771 405 22 22 af
807 406 26 21 de
848 405 36 22 be-

63 435 50 26 slut,
131 434 59 22 hvari
210 434 88 22 stånden
317 436 85 20 stannat
420 435 35 21 vid
471 435 157 26 behandlingen
643 434 24 22 af
681 434 115 22 utskottets
811 434 75 21 betän-

63 463 69 21 kande
151 469 34 15 n:o
204 463 27 22 36
250 463 6 21 i
275 463 114 27 anledning
407 463 24 21 af
447 465 31 20 ett
493 464 33 21 till
541 463 150 27 ridderskapet
706 463 38 21 och
761 462 76 22 andeln
852 462 33 22 in-

63 491 66 27 gifvet
150 491 181 27 petitionsförslag
353 498 34 15 om
410 492 113 22 införande
545 492 24 21 af
589 498 122 20 gemensam
735 492 30 20 tid
785 491 32 21 för
836 491 51 21 hela

63 520 82 26 landet;
161 520 107 22 äfvensom

130 550 31 20 att
183 548 84 22 ständet
287 548 95 28 godkänt
400 549 107 21 allmänna
527 549 204 22 besvärsutskottets
749 548 137 22 betänkande

63 583 33 15 n:o
112 577 27 22 39
155 578 6 20 i
176 577 113 27 anledning
304 577 23 21 af
341 579 31 19 ett
386 578 33 21 till
435 578 157 21 bondeståndet
603 577 89 27 ingifvet
702 576 183 28 petitionsförslag

63 612 34 15 om
113 606 135 27 nedsättning
263 606 23 21 af
299 606 170 26 tjentemännens
485 606 67 22 löner.

131 714 120 28 Föredrogs
273 714 152 27 lagutskottets
443 714 68 22 andra
529 714 82 28 förslag
629 715 33 21 till
681 714 206 26 sammanjemkning

63 743 23 21 af
99 742 100 22 ständens
214 743 123 27 skiljaktiga
352 743 71 21 beslut
437 743 8 21 i
461 743 114 27 anledning
590 743 23 21 af
627 744 77 26 nädiga
719 743 167 27 propositionen,

63 771 108 27 angäende
187 772 96 21 enskilda
296 772 114 26 jernvägar
425 772 34 20 för
473 772 80 21 allmän
565 772 134 26 samfärdsel,
711 772 6 20 i
728 772 85 20 hvilken
824 770 61 28 fräga

63 800 178 27 borgareständet
259 800 34 21 vid
313 800 38 22 den
371 801 27 21 26
418 800 143 22 innevarande
580 800 42 27 maj
642 800 67 22 skedd
727 799 157 27 handläggning

63 828 23 21 af
101 828 150 27 lagutskottets
269 828 66 22 första
355 828 298 28 sammanjemkningsförslag
669 830 6 20 i
691 828 88 22 ärendet
794 828 92 26 inbjudit

64 857 26 21 de
110 856 68 27 öfriga
197 857 88 22 ständen
301 859 31 19 att
347 857 75 22 förena
436 858 33 26 sig
485 863 34 15 om
535 857 188 27 borgareständets
738 858 90 25 tidigare
843 856 41 21 fat-

63 885 50 22 tade
131 885 70 22 beslut
219 886 90 21 rörande
328 885 11 28 $
359 886 20 25 6,
397 885 12 28 $
425 886 25 21 11
467 888 116 19 momentet
598 885 20 27 8,
634 885 25 28 $$
676 886 33 25 16,
726 886 25 21 17
767 885 39 21 och
823 884 33 27 18,
872 882 14 30 $

64 913 26 22 19
108 916 115 19 momentet
242 915 11 20 1
272 917 54 18 samt
345 914 12 28 &
373 915 34 20 32.
437 913 45 22 Och
497 916 52 19 enär
565 914 175 27 borgareständet
755 913 23 22 af
793 914 26 21 de
835 913 47 21 frän

63 942 138 21 medständen
220 949 87 15 numera
325 943 99 21 inkomna
442 943 39 21 och
497 942 23 22 af
533 943 25 20 hr
573 943 122 21 talmannen
711 943 6 20 i
733 941 151 27 sammanhang

64 971 87 21 härmed
165 971 98 27 upplästa
273 971 223 27 protokollsutdragen
509 971 128 26 inhemtade,
649 973 31 19 att
691 973 80 25 preste-
783 971 38 21 och
833 970 51 21 bon-

64 999 115 22 deständen
200 998 33 23 till
253 1000 42 21 alla
314 1000 60 21 delar
392 999 95 27 godkänt
505 1000 152 27 lagutskottets
677 1002 71 19 senast
766 999 119 27 uppgjorda

65 1027 295 28 sammanjemkningsförslag
375 1028 39 21 och
428 1028 85 21 säledes
525 1028 69 27 afböjt
603 1028 188 27 borgareständets
802 1027 82 27 inbjud-

64 1056 49 27 ning
128 1056 7 21 i
151 1056 25 21 de
192 1056 66 27 delar,
270 1057 37 21 der
322 1056 154 27 inbjudningen
487 1057 48 22 icke
546 1063 37 15 var
595 1057 49 21 med
655 1057 162 26 ifrägavarande
830 1062 55 15 sam-

64 1084 249 28 manjemkningsförslag
336 1085 239 27 öfverensstämmande,
594 1086 69 21 under
683 1085 36 21 det
737 1085 149 26 ridderskapet

64 1113 38 21 och
118 1113 61 22 adeln
195 1113 46 22 äter
256 1114 82 27 antagit
352 1114 153 27 inbjudningen
521 1113 132 22 beträffande
669 1113 11 28 $
697 1114 26 21 19
737 1115 116 20 momentet
865 1113 20 26 1,

64 1141 24 22 sä
109 1141 70 22 beslöt
197 1142 182 27 borgareständet,
400 1142 33 21 för
453 1142 191 22 ästadkommande
662 1142 23 21 af
703 1141 157 22 ständerbeslut
878 1141 7 20 i

65 1169 82 28 frägan,
159 1172 38 25 att,
209 1171 48 21 med
273 1171 128 26 frängäende
417 1170 23 22 af
454 1171 39 21 sitt
507 1170 91 27 tidigare
613 1171 72 21 beslut
695 1169 132 23 beträffande
837 1169 49 22 sist-

63 1199 92 20 nämnda
169 1199 106 27 paragraf,
289 1199 113 27 godkänna
417 1200 124 21 densamma
555 1198 7 22 i
578 1199 49 22 dess
642 1197 74 24 helhet
730 1199 67 27 eniigt
811 1198 76 21 betän-

64 1227 79 21 kandet
155 1227 66 27 jemte
236 1228 37 21 det
287 1228 114 21 utskottets
417 1227 123 22 förfarande
555 1228 35 21 vid
605 1227 148 28 uppgörandet
768 1227 23 22 af
803 1226 83 22 föreva-

64 1255 66 22 rande
149 1256 302 27 sammanjemkningsförslag,
471 1263 45 14 som
535 1257 7 20 i
561 1256 65 28 öfrigt
643 1256 47 22 icke
708 1255 126 22 föranledde
852 1254 33 22 till

64 1283 68 50 pågon
152 1284 75 26 åtgärd
245 1285 48 21 från
311 1285 190 25 borgareståndets
519 1285 54 25 sida,
589 1285 24 21 af
630 1284 176 28 borgareståndet
820 1283 8 21 i
843 1283 43 21 allo

63 1318 97 20 gillades.

133 1409 57 22 Ifrån
210 1410 159 22 statsutskottet
385 1410 55 22 hade
456 1410 118 22 ankommit
589 1415 26 17 en
631 1410 118 26 skrifvelse,
765 1408 123 22 meddelan-

65 1438 34 26 de,
117 1440 32 19 att
171 1438 88 22 stånden
282 1438 95 28 godkänt
398 1438 171 22 statsutskottets
590 1438 81 27 förslag
689 1444 33 16 om
742 1438 26 22 de
787 1436 101 26 arvoden,

64 1471 45 16 som
126 1466 53 22 efter
194 1467 140 27 landtdagens
349 1467 44 21 slut
407 1467 120 22 tillkomme
543 1467 164 21 medlemmarne
723 1467 6 20 i
745 1465 142 28 expeditions-

64 1494 39 21 och
117 1494 234 28 justeringsutskotten.
