1086 1734
346 138 92 22 Borgarest.
451 137 45 19 1888.
520 137 11 18 3
543 137 39 23 Maj.
821 137 34 18 865

122 207 74 21 vinner
212 208 44 27 nej,
275 206 39 22 har
330 206 171 28 borgareståndet
517 206 83 21 beslutit
614 208 36 24 att,
666 206 8 20 i
688 205 89 28 enlighet
791 206 46 22 med
851 206 26 21 hr

55 235 107 27 Enebergs
176 235 86 28 förslag,
278 235 54 27 från
346 235 65 27 sagda
422 234 209 28 resolutionsförslag
641 234 102 21 utelemna
754 234 39 21 den
804 242 73 14 senare

55 264 65 26 delen,
136 264 48 21 eller
199 264 63 22 orden
278 264 121 27 ,äfvensom
415 264 52 25 dem,
483 263 69 21 hvilka
567 264 9 20 i
590 263 56 27 följd
661 262 26 28 af
700 263 98 27 antingen
814 263 61 27 läng-

51 293 60 26 varig
129 292 97 28 sjukdom
245 292 48 22 eller
311 292 168 27 olyckshändelse
497 292 89 27 pröfvas
606 292 49 21 böra
675 291 81 22 komma
777 292 8 20 i
799 292 75 27 åtnju-

55 321 62 21 tande
131 322 27 27 af
169 322 69 26 någon
254 321 135 27 ersättning".

121 350 42 22 Vid
177 350 108 21 verkstäld
300 350 97 27 votering
413 349 94 27 afgåfvos
524 350 27 21 12
564 350 23 27 ja
603 350 38 21 och
657 350 28 20 34
700 350 40 26 nej,
756 349 39 21 och
807 348 68 22 skulle

53 379 83 21 således
158 379 91 21 nämnda
266 378 38 22 ord
322 378 47 22 från
387 378 163 28 ifrågavarande
569 378 216 27 resolutionsförslag,
805 384 44 15 som
869 378 6 20 i

54 408 63 27 öfrigt
132 408 128 27 godkändes,
276 407 58 27 utgå.

121 436 45 22 Mot
180 436 115 21 utskottets
310 435 110 22 uttalande
432 436 91 20 rörande
535 436 37 21 det
583 436 33 21 för
628 435 101 21 Finlands
741 435 57 21 bank
809 435 65 21 inrät-

53 465 50 21 tade
119 465 172 27 sedeltryckeriet
307 464 54 22 hade
377 464 86 21 ståndet
477 464 54 21 intet
547 466 31 20 att
594 464 108 22 anmärka.

121 580 119 26 Föredrogs
252 579 217 27 jernvägsutskottets
485 579 33 21 till
535 579 59 21 detta
608 579 87 27 plenum
711 579 116 27 bordlagda
839 579 36 21 be-

53 608 106 21 tänkande
170 614 34 15 n:o
217 609 10 20 1
240 608 7 21 i
258 608 112 27 anledning
383 608 22 21 af
417 608 78 28 nådiga
505 608 165 27 propositionen,
684 608 109 27 angående
803 607 72 21 vidare

51 636 221 28 jernvägsbyggnader
290 637 6 21 i
315 636 82 23 landet:
417 636 40 22 och
476 637 45 21 blef
535 637 118 21 detsamma
667 636 28 27 på
709 636 79 28 förslag
804 636 22 22 af
839 636 37 21 hrr

54 665 117 21 Linblom
188 666 39 20 och
243 665 71 21 Sulin
329 665 124 27 ytterligare
469 666 115 26 bordlagdt
600 666 32 20 till
646 667 63 19 nästa
723 665 91 27 plenum.

122 780 119 27 Föredrogs
260 780 39 21 och
314 780 124 27 godkändes
453 782 53 20 utan
522 780 121 21 diskussion
658 780 106 21 allmänna
779 780 96 21 besvärs-

54 808 115 22 utskottets
179 808 79 27 förslag
269 809 33 21 till
313 809 206 27 sammanjemkning
531 809 22 21 af
563 809 101 21 ståndens
676 808 121 28 skiljaktiga
805 808 72 21 beslut

54 837 89 21 rörande
161 837 115 21 utskottets
295 837 190 21 betänkande-n:o
506 838 26 21 12
547 838 49 21 med
612 837 112 27 anledning
739 837 23 21 af
775 839 78 19 tvenne
868 837 7 20 i

53 866 100 27 borgare-
164 866 38 21 och
213 866 161 21 bondestånden
385 866 78 21 väckta
473 866 183 27 petitionsförslag
666 873 34 14 om
711 866 86 27 qvinnas
805 866 71 21 berät-

53 895 86 49 veni
161 896 32 20 att
215 895 7 21 i
244 895 68 22 likhet
333 895 49 21 med
404 901 49 15 man
476 895 36 21 vid
535 895 83 21 landets
637 895 124 21 universitet
781 894 96 22 bedrifva

54 923 86 22 studier.

121 1003 118 28 Föredrogs
262 1004 105 21 allmänna
389 1004 207 21 besvärsutskottets
619 1004 133 21 betänkande
771 1010 34 15 n:o
825 1004 28 21 23
869 1004 6 20 i

53 1032 115 27 anledning
183 1032 23 21 af
219 1035 77 19 tvenne
312 1033 33 21 till
359 1035 82 24 preste-
460 1033 41 21 och
522 1033 181 26 borgareständen
722 1033 80 26 ingifna
821 1032 54 27 peti-

53 1061 136 26 tionsförslag
204 1067 34 15 om
253 1061 136 27 nedsättning
405 1061 23 22 af
442 1061 164 27 elevafgifterna
620 1062 7 21 i
642 1063 81 20 statens
741 1061 134 26 flickskolor;

53 1089 38 22 och
107 1089 83 27 yttrade
206 1090 32 26 sig
253 1090 73 21 dervid
342 1089 93 28 följande
451 1091 78 20 talare:

121 1118 31 21 Hr
167 1119 140 21 Andersin:
324 1119 45 21 Min
385 1119 64 26 afsigt
465 1121 24 18 är
506 1119 125 26 visserligen
646 1119 47 21 icke
710 1120 31 20 att
756 1118 51 21 söka
822 1124 54 21 upp-

53 1146 84 27 pehälla
156 1153 25 14 en
204 1147 66 26 fråga,
290 1153 45 15 som
354 1147 107 22 utskottet
478 1149 52 20 utan
546 1147 245 28 meningsskiljaktighet
806 1148 70 20 ansett

52 1175 53 21 böra
119 1175 91 26 förfalla,
226 1182 48 15 men
286 1176 37 27 jag
339 1176 67 21 skulle
426 1176 56 21 dock
503 1176 25 21 be
548 1178 32 19 att
598 1177 21 20 fä
634 1176 109 26 anmärka,
763 1177 31 20 att
810 1175 66 26 enligt

52 1203 43 21 min
111 1204 134 27 uppfattning
261 1205 25 20 de
302 1205 52 25 skäl,
371 1211 45 15 som
430 1205 109 21 utskottet
554 1205 39 21 har
608 1205 109 26 förebragt
731 1205 32 20 till
779 1204 47 21 stöd
841 1203 34 22 för

52 1232 37 21 sitt
105 1233 135 26 afstyrkande
256 1233 141 25 betänkande,
413 1233 48 21 icke
477 1235 38 20 äro
530 1233 102 22 hällbara.
656 1233 42 22 Till
713 1239 24 16 en
753 1233 74 27 början
839 1232 36 22 vill

49 1261 36 26 jag
101 1261 64 20 likväl
180 1261 94 22 erkänna
288 1262 138 27 möjligheten
437 1261 68 27 deraf,
516 1263 32 20 att
561 1262 40 21 den
612 1262 120 27 jemförelse
743 1261 132 22 beträffande

52 1289 172 26 elevafgifternas
243 1290 83 27 belopp,
347 1290 77 21 sädant
443 1291 121 21 detsamma
582 1290 66 22 finnes
667 1290 109 22 faststäldt
799 1291 6 20 i
826 1289 49 22 tidi-

50 1323 51 22 gare
123 1317 40 22 och
185 1324 29 15 nu
235 1319 99 26 gällande
352 1318 159 27 förordningar,
531 1321 45 19 mot
594 1319 87 22 hvilken
700 1319 103 22 utskottet
819 1319 56 26 gjort

51 1346 147 28 anmärkning,
215 1347 97 27 möjligen
329 1347 41 21 kan
386 1347 51 22 bero
453 1348 30 26 pä
498 1347 65 28 nägot
578 1347 145 27 förbiseende;
734 1354 47 15 men
792 1347 83 21 utskot-

50 1376 42 19 tets
107 1375 126 27 motivering
247 1376 74 21 vinner
340 1376 47 21 icke
406 1376 124 27 derigenom
548 1377 7 20 i
574 1377 79 26 styrka.
688 1377 72 21 Säsom
781 1375 46 22 skäl
842 1374 33 21 för

50 1403 145 22 betänkandet
210 1404 84 21 anföres
310 1404 53 21 först
379 1404 40 21 och
434 1404 84 27 främst,
538 1407 32 19 att
586 1405 61 21 dessa
662 1405 64 26 högre
742 1403 132 26 elevafgifter

50 1431 7 20 i
72 1431 150 22 flickskolorna
236 1439 50 15 vore
302 1433 141 26 nödvändiga,
459 1433 34 21 för
509 1433 189 22 ästadkommande
713 1433 22 22 af
744 1432 87 23 skolhus
842 1431 33 22 för

50 1460 62 21 dessa
126 1461 105 22 läroverk.
261 1461 70 27 Nägot
346 1461 71 27 giltigt
433 1461 54 27 skäl,
506 1462 86 21 hvarför
611 1462 97 21 eleverna
728 1462 7 21 i
750 1460 124 23 läroverken

49 1488 33 21 för
97 1489 175 27 gvinnobildning
286 1490 7 21 i
309 1490 66 26 högre
389 1490 54 27 grad
459 1492 28 19 än
504 1491 26 20 de
546 1491 7 20 i
568 1491 83 21 landets
671 1491 67 26 lyceer
757 1489 65 22 borde
838 1489 37 21 be-

49 1518 77 26 tungas
141 1518 48 21 med
204 1518 65 27 högre
285 1518 92 27 afgifter,
393 1518 33 21 för
439 1520 33 19 att
484 1519 148 21 åstadkomma
644 1519 94 26 skolhus,
749 1519 38 20 har
798 1518 77 21 ätmin-

49 1547 60 19 stone
124 1546 46 21 icke
183 1546 38 27 jag
236 1547 81 21 kunnat
332 1547 113 26 utgrunda.
478 1548 43 21 Det
536 1547 67 22 andra
618 1547 74 23 skälet,
709 1553 44 15 som
768 1546 107 21 utskottet
