1081 1725
195 132 46 33 1052
462 136 93 23 Borgarest.
570 136 51 19 1888.
635 136 21 19 12
668 136 40 23 Maj.

173 210 26 16 en
222 204 24 21 så
266 204 144 22 framstående
427 205 159 27 jernvägsman,
605 212 45 15 som
670 206 25 20 hr
714 204 112 28 Tallqvist,
845 204 39 21 har
903 204 98 21 förordat

173 232 159 28 undersökning
347 240 28 15 nu
390 234 72 21 redan.
485 233 41 27 Jag
543 234 70 21 skulle
628 236 52 19 utan
696 234 70 21 denna
781 233 132 21 reservation
930 234 70 20 ansett

174 260 36 23 det
224 261 105 28 omöjligt,
345 264 32 19 att
391 262 56 21 finna
462 262 123 27 ingeniörer
600 263 34 21 för
649 262 160 26 undersökning
825 261 23 22 af
862 267 37 16 ens
914 261 44 22 alla
973 261 27 21 de

171 290 122 27 jernvägar,
313 297 44 15 som
377 297 28 14 nu
423 291 65 21 redan
507 291 109 21 beslutits.
646 291 11 21 I
675 291 60 21 detta
754 290 38 21 fall
810 291 62 20 torde
889 290 38 26 jag
945 289 55 22 dock

172 319 103 26 misstaga
294 319 49 26 mig.
373 319 50 21 Men
442 319 129 22 åtminstone
590 320 85 24 komme
694 319 37 21 det
750 321 32 19 att
800 318 97 22 medföra
914 318 46 21 icke
976 318 24 21 så

173 347 123 27 obetydliga
314 347 121 27 kostnader,
454 347 39 22 och
510 347 38 27 jag
566 350 52 25 tror,
634 349 32 20 att
685 349 82 20 statens
786 347 114 27 tillgångar
918 346 82 27 ganska

173 377 84 25 strängt
276 375 61 22 skola
356 377 61 25 tagas
436 376 5 21 i
458 376 93 26 anspråk
566 376 34 21 för
616 376 26 21 de
656 375 227 28 jernvägsbyggnader
898 375 20 21 vi
934 375 66 21 redan

173 403 95 22 beslutit.
299 404 42 21 Det
355 406 24 19 är
395 404 22 21 af
431 405 63 20 dessa
508 411 47 14 mer
571 405 112 26 praktiska
698 404 54 26 skäl,
768 410 45 15 som
827 404 38 27 jag
880 404 38 21 ber
933 405 31 19 att
979 403 22 21 få

173 432 86 21 förorda
274 433 129 26 antagandet
419 432 22 21 af
455 433 116 21 utskottets
587 433 142 21 betänkande.

242 461 32 20 Hr
292 461 25 21 A.
337 461 24 21 O.
381 461 142 21 Snellman:
543 461 43 22 Det
601 461 101 22 förvånar
717 461 44 26 mig
776 461 28 26 pä
819 461 36 21 det
871 461 82 26 högsta,
969 462 32 19 att

174 489 40 21 den
230 491 86 20 senaste
332 489 64 22 ärade
411 489 81 22 talaren
508 490 28 27 på
551 484 47 27 Åbo
613 490 85 21 bänken
714 491 72 19 ansett
802 489 36 21 det
853 495 51 15 vara
919 490 31 19 att
964 494 36 21 pe-

174 517 101 22 titionera
291 523 33 16 om
341 518 154 27 omöjligheter,
506 518 27 21 då
549 525 49 14 man
613 519 68 26 begär
696 517 160 26 undersökning
872 517 23 21 af
909 523 25 15 en
949 517 51 20 ban-

174 546 130 27 sträckning,
319 546 86 22 hvilken
423 547 46 20 icke
488 547 77 21 endast
583 547 112 25 utskottet,
712 553 44 14 som
773 546 117 21 behandlat
904 545 96 26 ärendet,

174 576 51 20 utan
243 574 62 22 äfven
325 575 98 27 samtliga
441 575 76 26 talare,
536 582 45 15 som
602 575 77 21 hittills
697 577 68 25 yttrat
784 575 40 26 sig,
842 574 26 21 hr
888 573 111 22 Lindblom

174 602 51 28 sjelf
242 603 47 21 icke
308 604 141 26 undantagen,
465 606 72 19 ansett
555 610 52 15 vara
626 604 23 21 af
667 606 45 19 stor
730 604 110 26 betydelse
856 602 34 22 för
905 602 73 22 landet
993 602 7 20 i

175 631 49 21 dess
244 632 73 21 helhet
335 632 40 21 och
390 632 101 21 särskildt
505 632 34 21 för
555 633 26 21 de
598 632 98 26 nordliga
711 632 112 21 trakterna
838 631 24 21 af
876 632 122 20 detsamma.

174 660 43 20 För
235 660 73 21 hvilka
326 660 67 21 banor
412 660 53 22 skall
482 667 47 15 man
546 661 27 21 då
588 661 129 27 petitionera
733 666 34 15 om
783 660 166 26 undersökning,
966 665 34 15 om

174 688 48 21 icke
237 688 33 21 för
286 688 55 27 dem,
352 694 45 16 som
413 695 48 15 man
476 695 63 15 anser
555 696 52 14 vara
622 688 110 27 verkligen
748 688 144 26 fördelaktiga
907 688 33 21 för
956 687 45 21 lan-

175 716 51 22 det?
246 716 59 22 Skall
324 723 48 15 man
388 723 35 20 nu,
439 718 64 20 sedan
519 718 87 21 ståndet
621 718 73 25 redan,
710 717 48 21 icke
774 717 76 21 endast
865 717 35 21 vid
916 716 83 21 remiss-

176 744 102 22 debatten
297 745 110 27 angående
425 746 139 26 regeringens
581 746 267 27 jernvägspropositioner,
868 747 50 19 utan
938 744 62 21 äfven

174 773 36 21 vid
228 773 157 27 behandlingen
404 774 23 21 af
444 774 116 22 utskottets
576 774 100 22 deröfver
691 774 82 27 afgifna
789 773 140 25 betänkande,
945 775 56 19 utta-

174 801 32 22 lat
222 808 24 15 en
263 802 43 21 fast
321 802 110 27 tillförsigt
445 803 33 21 till
494 803 85 22 landets
594 803 98 26 förmåga
706 805 33 19 att
754 803 71 20 kunna
840 802 71 26 fortgå
921 801 27 27 på
960 801 40 21 den

175 831 47 26 väg,
233 836 46 15 som
296 831 65 21 redan
377 831 103 26 inslagits,
492 831 33 21 för
541 834 32 19 att
589 832 23 21 så
628 831 126 28 skyndsamt
766 837 45 15 som
824 830 82 27 möjligt
916 830 85 21 komma

176 858 26 21 de
222 859 61 21 delar
301 859 23 21 af
342 859 78 26 landet,
437 866 44 15 som
497 862 56 19 ännu
569 860 46 21 icke
632 860 70 21 blifvit
718 859 125 26 välsignade
859 859 48 21 med
923 859 78 20 lättare

175 886 213 27 kommunikationer,
404 888 32 21 till
452 888 64 27 hjelp,
528 888 55 21 skall
600 895 47 14 man
664 895 28 14 nu
707 894 52 15 anse
774 887 38 22 det
826 893 52 16 vara
894 893 25 14 en
936 887 65 26 omöj-

175 915 68 27 lighet
257 917 33 19 att
305 916 126 26 petitionera
447 923 32 14 om
496 917 159 26 undersökning
670 917 23 20 af
706 917 124 25 föreslagna
841 922 41 21 nya
890 915 111 26 jernvägs-

175 943 163 27 sträckningar?
359 944 42 27 Jag
424 945 40 21 kan
485 945 46 21 icke
551 945 68 21 förstå
638 945 58 21 detta
715 946 157 20 resonnement.
903 944 42 21 Det
962 943 40 21 har

176 972 65 21 redan
264 972 82 21 anförts
365 973 24 20 så
408 973 76 27 många
502 973 54 26 skäl,
576 973 34 22 för
628 976 32 18 att
680 973 99 21 sträckan
798 971 204 27 Uleåborg-Torneå

176 1002 85 19 snarast
277 1001 83 26 möjligt
375 1001 66 22 borde
457 1002 84 21 komma
557 1002 33 21 till
606 1002 119 26 utförande,
738 1004 32 18 att
783 1001 37 26 jag
836 1001 46 21 icke
898 1000 36 21 vill
950 1006 52 21 upp-

176 1030 50 25 taga
249 1029 96 21 ståndets
367 1029 32 22 tid
418 1031 47 20 med
485 1032 31 19 ett
536 1030 126 27 utförligare
681 1030 138 26 andragande
838 1030 6 20 i
860 1031 78 23 ämnet,
954 1034 48 15 men

174 1056 38 27 jag
231 1063 64 16 anser
311 1058 43 26 mig
369 1058 54 21 dock
439 1059 51 20 böra
504 1059 57 21 fästa
576 1058 189 27 uppmärksamhet
780 1058 35 21 vid
831 1064 27 15 en
874 1057 129 26 omständig-

176 1085 36 21 het
228 1085 23 21 af
265 1086 82 26 ganska
363 1087 98 26 allvarlig
476 1087 153 26 beskaffenhet,
641 1093 46 15 som
702 1087 48 21 icke
765 1088 56 19 ännu
837 1086 71 21 blifvit
918 1085 85 25 berörd,

176 1113 40 21 och
231 1113 86 22 hvilken
331 1114 38 27 jag
384 1121 63 15 anser
461 1121 52 16 vara
528 1115 23 21 af
560 1118 45 18 stor
616 1115 110 27 betydelse
737 1115 33 20 för
782 1115 86 26 frågans
880 1113 122 27 afgörande.

175 1141 26 21 Vi
223 1141 63 22 hafva
304 1143 68 21 under
391 1143 37 21 det
445 1146 83 19 senaste
545 1144 112 21 decenniet
672 1143 39 22 och
727 1143 104 21 särskildt
846 1143 68 21 under
930 1142 25 21 de
971 1147 33 15 se-

175 1172 63 19 naste
254 1170 51 22 åren
321 1171 30 21 tid
367 1171 56 21 efter
437 1178 68 15 annan
521 1172 72 21 blifvit
609 1172 97 22 erinrade
723 1172 81 26 derom,
815 1173 31 19 att
862 1172 36 20 det
913 1170 91 26 fredliga

175 1198 31 26 lif,
217 1199 20 20 vi
253 1199 68 21 under
337 1206 25 14 en
379 1200 49 27 lång
443 1201 30 20 tid
489 1200 49 26 fört,
549 1200 42 22 kan
607 1200 67 22 blifva
689 1200 82 27 ganska
786 1202 61 19 snart
858 1200 38 20 och
907 1198 97 28 plötsligt

175 1226 103 22 afbrutet.
308 1228 46 21 Den
375 1228 74 26 frågan
468 1231 88 25 tränger
571 1229 28 21 då
613 1229 34 27 på,
663 1229 56 21 huru
735 1228 62 22 skola
812 1229 20 20 vi
848 1228 52 21 reda
916 1233 34 15 oss
966 1233 36 14 un-

176 1255 39 21 der
230 1255 82 21 sådana
327 1256 154 28 förhållanden,
497 1257 54 21 huru
567 1258 62 20 skola
644 1258 20 20 vi
680 1257 86 21 komma
780 1257 33 21 till
830 1258 62 24 rätta,
904 1262 33 14 om
953 1255 52 21 våra

175 1283 75 22 kuster
266 1284 65 21 blifva
347 1284 122 27 blokerade,
481 1292 33 15 om
531 1286 36 21 det
583 1286 41 21 blir
640 1292 25 15 en
683 1285 127 28 omöjlighet
825 1284 33 22 för
874 1290 35 15 oss
924 1285 32 20 att
971 1286 33 19 ut-

175 1311 47 22 föra
246 1313 51 21 våra
318 1313 123 27 produkter,
461 1320 32 15 om
517 1315 20 20 vi
560 1315 47 20 icke
629 1314 64 21 hafva
715 1314 70 26 någon
806 1315 46 25 väg,
872 1313 28 26 på
919 1312 84 21 hvilken

175 1340 20 21 vi
211 1340 73 22 kunna
300 1341 46 22 föra
361 1342 21 21 in
399 1342 26 21 de
440 1343 169 26 nödvändigaste
625 1343 66 20 alster
706 1342 48 21 från
770 1342 104 21 utlandet.
903 1341 64 21 Flera
984 1340 22 21 af

176 1374 35 16 oss
231 1369 65 22 hafva
317 1370 110 27 upplefvat
441 1377 27 15 en
483 1371 67 21 sådan
565 1371 39 26 tid,
620 1372 37 20 det
672 1377 36 14 var
724 1371 52 20 åren
794 1370 120 25 1854—56,
930 1369 39 21 och
984 1369 20 20 vi

176 1396 71 23 kunna
260 1399 25 26 ju
301 1401 58 24 säga,
376 1401 32 18 att
423 1399 20 20 vi
459 1399 61 21 äfven
537 1399 28 21 då
579 1399 86 22 kommo
681 1399 32 21 till
730 1401 64 19 rätta.
824 1398 50 21 Men
889 1397 115 22 förhållan-

175 1425 55 21 dena
249 1427 6 20 i
275 1427 74 21 landet
367 1433 52 15 voro
438 1427 27 21 då
484 1427 45 22 helt
547 1427 74 26 andra,
638 1430 25 18 än
684 1427 26 22 de
729 1429 38 19 äro
787 1433 35 15 nu.
853 1427 44 20 Vår
912 1425 92 22 industri

177 1453 54 21 hade
248 1454 28 21 då
291 1455 67 26 knapt
373 1455 68 27 spirat
455 1462 48 20 upp,
519 1455 52 22 våra
587 1462 97 15 resurser
700 1457 32 20 att
747 1455 72 21 kunna
835 1454 69 21 skaffa
918 1460 36 15 oss
968 1453 36 26 by-

174 1483 105 20 tesmedel
294 1483 35 21 för
344 1485 32 19 att
391 1483 89 22 betäcka
496 1484 106 27 importen
618 1484 48 21 från
682 1484 99 21 utlandet
793 1489 51 16 voro
864 1484 77 19 nästan
960 1482 46 21 helt

174 1509 41 21 och
230 1510 69 21 hållet
313 1511 104 22 baserade
433 1512 27 27 på
475 1513 83 20 landets
575 1512 128 27 skeppsfart.
728 1512 77 21 Denna
820 1511 46 22 blef
880 1510 124 26 visserligen

174 1538 69 21 under
263 1539 60 21 detta
342 1539 106 28 olyckliga
468 1541 46 26 krig
535 1541 107 26 afbruten,
658 1547 47 15 men
726 1540 125 21 rederierna
870 1545 52 15 voro
941 1539 4 20 i
953 1538 51 21 till-
