1073 1736
192 142 46 19 1212
452 143 96 23 Borgarest.
562 143 49 20 1888.
637 143 22 19 19
672 143 39 23 Maj.

170 211 112 22 suhteessa
305 212 60 22 aivan
388 213 50 27 yhtä
462 213 73 21 mieltä
553 212 40 22 hra
612 219 41 15 von
672 213 95 21 Pfalerin
786 212 87 21 kanssa.
903 211 58 22 Niitä
980 215 18 18 el

170 240 33 21 voi
220 239 66 22 laatia
300 240 199 28 yksityiskohdissa,
512 241 19 22 ei
547 241 36 21 voi
599 243 96 19 määrätä
708 241 53 27 joka
775 240 135 21 teollisuutta
925 243 73 19 varten

170 268 30 21 eri
220 269 134 27 säännöksiä,
370 276 53 15 vaan
439 272 50 19 ovat
504 270 123 21 tämmöiset
642 270 77 26 yleiset
734 269 130 21 säännökset
879 269 121 21 välttämät-

169 298 117 25 tämät;
260 292 26 37 se
302 303 26 16 on
343 298 65 22 sitten
424 298 30 22 eri
470 298 52 26 asia,
534 300 45 19 että
594 304 27 15 ne
632 298 94 21 knllakin
739 298 29 18 eri
782 296 143 22 teollisuuden
933 297 67 28 alalla

169 324 83 22 tulevat
270 325 92 23 toimeen
381 326 113 27 pannuiksi
512 326 88 26 tavalla,
614 326 53 27 joka
683 332 26 16 on
723 325 114 27 jokaistlle
852 325 98 21 erikseen
966 331 34 15 so-

170 353 56 27 piva.
256 353 86 28 Pyydän
359 355 37 21 siis
413 355 65 21 saada
493 355 119 21 kannattaa
627 355 143 21 valiokunnan
786 354 111 21 mietintöä
910 354 22 26 ja
948 354 52 21 mitä

170 382 60 21 tulee
246 382 168 28 vaatimukseen,
427 383 52 27 joka
494 389 27 15 on
532 384 67 26 tehty,
611 385 44 19 että
666 385 57 19 tämä
733 383 43 21 laki
788 382 141 22 ulotettaisiin
940 384 60 25 myös

168 410 211 28 käsityöammattiin,
397 412 43 20 niin
464 412 72 21 luulen
561 414 45 19 että
627 418 23 15 se
673 412 50 20 sillä
746 411 108 25 kannalla,
874 411 50 21 kuin
944 411 56 21 asiat

170 441 38 24 nyt
227 441 49 19 ovat
295 440 150 26 valtiopäiväin
465 440 168 27 loppupuolella,
650 446 26 15 on
696 440 150 26 mahdotonta;
866 440 19 20 ei
905 440 33 20 ole
956 441 44 19 tar-

170 467 73 26 peeksi
264 468 134 21 valmistavia
416 469 53 21 töitä
486 469 42 21 sitä
545 470 73 20 varten
634 468 223 22 valiokunnassakaan
873 468 65 27 tehty,
956 470 44 19 että

170 496 108 21 voitaisiin
300 496 43 21 niin
363 497 59 21 suuri
441 499 85 19 muutos
546 499 55 19 enää
618 497 65 21 tehdä
701 496 152 28 valtiopäiväin
874 496 126 22 viimeisellä

170 524 95 22 hetkellä
280 526 58 20 tässä
352 525 143 21 valiokunnan
511 526 146 20 mietinnössä.

239 564 32 21 Hr
288 564 94 22 Walle:
405 566 34 20 Dä
452 565 38 27 jag
505 565 117 26 förmodar,
639 567 32 19 att
686 565 180 26 borgareständet
880 566 7 19 i
903 564 97 21 landtda-

170 598 52 20 gens
242 593 54 21 sista
314 593 72 22 timme
406 593 48 22 med
470 599 83 16 varsam
570 593 56 22 hand
642 594 97 21 kommer
754 595 32 19 att
801 593 77 21 beröra
893 593 36 21 det
943 593 56 21 före-

171 620 99 27 liggande
289 621 146 28 lagförslaget,
454 628 33 15 om
507 622 68 27 skydd
594 622 34 21 för
643 622 99 21 arbetare
759 622 7 21 i
782 621 27 22 de
825 621 126 22 industriela
966 627 34 21 yr-

171 649 62 26 kena,
254 650 66 21 redan
335 649 23 22 af
372 650 36 21 det
426 651 53 26 skäl,
494 652 32 19 att
545 650 37 21 det
597 651 61 21 alltid
673 651 68 20 mäste
757 650 111 21 betraktas
884 650 68 21 säsom
970 652 31 19 ett

170 677 110 27 framsteg,
296 680 32 19 att
349 679 72 21 landet
436 679 32 21 får
484 685 26 15 en
526 679 36 27 lag
577 679 24 21 af
614 679 41 21 den
671 679 154 26 beskaffenhet,
841 685 45 14 som
902 685 28 15 nu
944 678 56 21 före-

171 705 49 27 släs,
237 706 24 21 sä
276 706 38 21 ber
326 707 38 26 jag
379 707 55 21 ändä
450 709 30 20 att
495 707 35 21 vid
547 708 69 21 denna
631 708 108 21 allmänna
755 707 121 21 diskussion
892 707 21 21 fä
924 707 76 21 beröra

172 740 26 15 en
215 735 163 27 omständighet,
394 741 46 16 som
458 736 76 21 endast
549 736 7 21 i
572 736 139 27 förbigäende
726 736 40 21 här
781 735 71 22 blifvit
867 735 133 22 framhällen.

171 763 42 26 Jag
232 765 40 24 gör
290 763 36 21 det
344 770 36 20 nu,
396 764 33 21 för
448 767 30 18 att
498 764 69 27 slippa
586 766 94 25 upptaga
699 764 76 27 frägan
794 764 34 21 vid
849 764 39 21 den
908 764 92 27 speciela

172 791 108 22 debatten.
310 793 75 20 Denna
403 793 38 20 sak
461 793 67 26 gäller
548 793 41 21 den
609 793 22 21 af
645 793 25 20 hr
685 799 40 15 von
742 793 86 26 Wright
844 793 5 20 i
865 793 53 20 hans
933 792 67 21 första

171 820 131 21 reservation
314 821 121 26 föreslagna
445 821 216 22 normalarbetstiden
672 821 34 21 för
717 821 43 21 alla
771 821 93 21 fabriks-
875 821 38 21 och
925 821 75 20 handt-

171 848 171 22 verksarbetare.
362 849 31 21 Hr
407 850 104 26 Hallberg
525 850 40 20 har
576 850 65 21 redan
653 849 102 27 framlagt
765 849 111 27 ätskilliga
886 849 55 27 goda
953 849 46 21 skäl

171 875 33 21 för
215 876 69 22 denna
300 877 44 26 sak,
356 878 39 20 och
406 880 138 20 reservanten
556 878 38 21 har
605 878 65 21 ocksä
680 878 102 26 tämligen
793 878 34 20 väl
839 878 113 20 motiverat
963 877 37 21 sitt

171 904 89 27 förslag.
289 905 43 21 För
348 906 42 20 min
410 906 34 22 del
460 912 62 16 anser
536 907 44 26 jag,
597 908 32 19 att
644 906 36 22 det
695 906 56 21 varit
766 906 33 21 väl
818 912 32 15 om
867 912 25 15 en
908 906 93 21 bestäm-

170 932 51 27 ning
236 934 6 20 i
260 934 36 20 det
312 934 92 27 antydda
420 935 64 27 syftet
499 935 82 21 kunnat
596 934 50 27 ingä
661 935 6 21 i
684 936 59 20 detta
757 934 124 27 lagförslag.
904 934 40 26 Jag
956 934 46 21 häl-

171 961 32 21 ler
218 962 106 26 nemligen
340 962 53 27 före,
409 965 31 19 att
456 963 158 21 arbetskraften
629 965 25 19 är
669 963 125 21 arbetarens
809 963 88 27 kapital,
913 963 38 20 och
967 968 33 15 om

171 990 60 20 detta
250 990 80 27 kapital
349 990 33 22 för
398 991 62 27 tidigt
475 992 61 21 slites
551 994 30 23 ut,
599 992 24 20 sä
637 992 131 20 förminskas
784 992 41 20 den
840 991 98 26 inkomst,
955 997 45 15 som

170 1017 103 28 härflyter
288 1019 23 21 af
325 1020 59 20 detta
399 1019 88 28 kapital,
499 1020 39 21 och
555 1020 100 26 slutligen
671 1020 58 21 sinar
741 1020 119 21 detsamma
872 1018 89 22 alldeles
971 1022 30 18 ut.

171 1046 39 21 Om
228 1047 60 21 detta
303 1049 24 19 är
342 1048 60 21 fallet
418 1048 48 22 med
482 1048 41 22 den
539 1055 69 15 vuxne
624 1049 121 26 arbetaren,
759 1048 24 21 sä
797 1048 70 27 gäller
883 1049 35 20 det
928 1048 6 20 i
946 1050 56 18 ännu

169 1074 67 28 högre
258 1076 53 26 grad
330 1076 40 21 den
386 1082 56 22 unge
458 1077 112 21 arbetaren
587 1077 39 21 och
642 1077 82 21 barnet.
754 1076 75 22 Redan
844 1076 24 22 af
881 1077 58 20 detta
955 1076 45 21 skäl

170 1109 64 15 anser
247 1104 38 26 jag
300 1104 58 21 vissa
374 1104 158 28 bestämningar
548 1111 33 15 om
597 1105 65 21 barns
679 1105 38 21 och
733 1111 55 21 unge
804 1105 108 21 arbetares
924 1106 77 19 använ-

170 1131 70 21 dande
258 1132 36 21 vid
314 1132 94 22 fabriker
427 1134 6 20 i
453 1134 77 25 högsta
549 1134 53 25 grad
622 1134 23 20 af
659 1134 100 21 behofvet
773 1133 122 26 päkallade.
924 1132 34 22 Dä
973 1139 28 15 nu

165 1159 29 21 'sä
213 1161 31 24 är,
263 1160 42 21 kan
322 1161 38 26 jag
378 1161 47 22 icke
445 1161 74 22 förena
539 1162 44 26 mig
601 1168 34 15 om
655 1164 30 19 ett
704 1162 23 21 af
744 1162 25 20 hr
785 1161 109 22 Snellman
910 1161 91 26 tidigare

170 1187 73 27 gjordt
259 1188 87 27 förslag,
362 1191 32 20 att
409 1190 91 25 ståndet,
512 1191 66 20 sedan
595 1190 36 21 det
646 1190 103 27 paragraf
760 1190 33 21 för
803 1189 102 28 paragraf
916 1195 84 20 genom-

168 1216 47 26 gätt
234 1217 37 21 det
293 1217 146 28 föreliggande
459 1218 146 27 lagförslaget,
621 1219 66 20 mätte
706 1221 51 24 taga
776 1219 68 20 under
862 1218 138 27 omröstning,

170 1245 106 21 huruvida
291 1246 118 21 detsamma
424 1247 42 20 alls
482 1247 53 20 skall
553 1247 124 26 godkännas
692 1247 53 21 eller
756 1247 54 21 icke.
833 1246 64 22 Utom
909 1246 91 21 bestäm-

169 1273 78 26 ningen
264 1279 34 16 om
314 1280 26 15 en
357 1275 85 21 maximi
458 1275 104 21 arbetstid
579 1275 33 21 för
627 1281 56 21 unge
697 1275 107 26 arbetare,
816 1275 60 27 ingär
887 1275 39 20 här
937 1275 63 21 bland

169 1303 66 20 annat
255 1304 31 19 ett
304 1303 91 26 projekt,
412 1309 44 15 som
476 1309 62 22 synes
553 1304 45 26 mig
613 1310 50 15 vara
679 1303 86 28 mycket
780 1304 130 25 välbetänkt,
927 1303 73 21 nemli-

168 1336 41 21 gen
228 1336 34 15 om
284 1331 217 27 yrkesinspektioner.
530 1331 75 22 Under
627 1332 40 21 den
689 1332 64 26 långa
776 1332 129 26 diskussion,
932 1331 68 21 som
986 1327 18 35 i

169 1358 87 21 ständet
272 1359 120 27 försiggätt,
407 1360 40 21 har
462 1360 36 21 det
514 1360 137 26 framhällits,
665 1363 32 18 att
713 1361 26 20 de
755 1361 100 26 gällande
871 1360 129 21 bestämnin-

168 1392 68 21 garna
255 1393 33 16 om
309 1388 153 27 minderäriges
481 1389 140 21 användande
641 1389 6 20 i
666 1389 190 21 fabriksindustrin
874 1389 46 20 icke
936 1387 64 22 efter-

168 1415 76 26 lefvas,
260 1417 38 20 och
318 1416 70 21 säsom
408 1417 46 21 skäl
474 1417 72 21 derför
565 1417 42 21 kan
627 1423 49 15 man
695 1417 47 21 icke
757 1417 77 22 anföra
849 1417 64 26 nägot
928 1418 72 24 annat,

168 1445 26 18 än
211 1445 33 19 att
259 1445 69 20 denna
343 1445 91 21 industri
450 1445 46 21 icke
512 1447 24 19 är
547 1445 144 21 underkastad
703 1446 129 26 inspektion.
856 1445 73 21 Redan
942 1445 58 20 detta

168 1472 24 20 är
208 1473 31 19 ett
255 1472 46 21 skäl
318 1472 33 21 för
366 1474 32 20 att
414 1474 36 20 det
464 1473 148 27 föreliggande
628 1474 141 26 lagförslaget
785 1480 33 14 om
835 1473 84 26 möjligt
934 1472 65 22 mätte

168 1501 96 25 antagas.
288 1500 42 27 Jag
345 1500 39 22 ber
400 1502 71 21 derför
487 1504 31 19 att
534 1502 22 20 fä
571 1502 75 21 förena
661 1502 43 26 mig
721 1502 48 21 med
785 1502 56 25 dem,
855 1508 44 14 som
916 1501 83 26 önskat,

167 1529 33 19 att
223 1528 140 27 lagförslaget
385 1530 67 22 mätte
470 1530 86 21 komma
575 1530 67 21 under
661 1530 128 26 diskussion,
810 1530 40 21 och
869 1529 130 22 förbehäller
