1089 1739
365 139 95 21 Borgarest.
471 137 47 19 1888.
542 138 22 18 238
577 138 39 22 Maj.
838 136 44 19 1417

149 206 114 27 Upplästes
283 212 25 15 en
325 206 47 21 frän
388 206 161 22 statsutskottet
563 206 79 22 anländ
657 206 112 21 skrifvelse
786 206 22 20 af
822 207 39 21 den
878 206 30 22 25

81 234 143 22 innevarande
240 234 48 27 maj,
303 234 86 22 hvilken
405 234 76 22 befans
497 241 50 15 vara
563 234 23 22 af
599 234 95 27 följande
711 234 91 27 lydelse:

258 330 8 10 n
269 314 50 21 Till
335 314 143 26 Vällofiiga
492 314 237 27 Borgareständet!

151 376 102 26 Samtliga
265 376 88 21 ständen
364 376 63 22 hafva
437 383 76 20 genom
526 377 197 27 protokollsutdrag
735 377 99 21 anmodat
842 379 65 19 stats-

82 405 105 21 utskottet
202 407 31 18 att
248 406 94 25 uppgöra
357 405 40 21 och
411 405 33 21 till
461 405 88 21 ständen
565 405 102 21 inkomna
683 405 48 21 med
747 405 80 26 förslag
841 405 64 26 angä-

83 434 52 20 ende
151 433 26 21 de
197 433 99 26 arvoden,
312 439 44 15 som
373 433 54 21 efter
441 434 143 26 landtdagens
600 433 121 22 afslutande
736 434 118 20 tillkomma
870 439 35 15 ex-

82 462 115 26 peditions-
213 461 39 21 och
265 462 238 26 justeringsutskottens
519 462 124 21 ledamöter.

151 489 40 21 Till
210 489 133 27 fullgörande
359 490 24 21 af
396 490 59 21 detta
471 490 96 27 uppdrag
583 490 38 21 har
637 490 160 21 statsutskottet
811 492 51 18 äran
874 490 33 20 fö-

83 518 56 22 reslä
157 520 38 24 att,
214 518 131 21 beträffande
365 518 244 27 expeditionsutskottet,
629 518 162 26 ifrägavarande
811 518 92 21 arvoden

83 546 64 22 mätte
167 546 118 21 fastställas
303 549 30 18 att
351 547 52 26 utgä
418 546 48 22 med
482 547 111 21 enahanda
608 547 84 26 belopp,
709 553 44 15 som
770 547 34 21 vid
820 549 87 19 senaste

82 575 102 26 landtdag
203 575 53 21 eller
275 576 45 20 med
341 574 76 27 fjorton
437 575 61 21 mark
513 575 33 21 för
561 576 69 26 dagen
646 575 33 21 till
696 575 99 26 ledamot,
811 575 71 21 bosatt
898 575 7 21 i

83 603 142 27 Helsingfors,
244 603 39 21 och
302 604 46 20 med
368 603 60 27 tjugu
448 604 59 20 mark
527 603 33 21 för
579 604 68 26 dagen
663 604 32 20 till
713 604 46 25 den,
776 610 43 14 som
837 603 45 21 icke
898 603 9 21 i

83 632 68 21 denna
167 631 48 21 stad
231 631 38 21 har
284 632 37 20 sitt
336 632 97 21 hemvist.

150 660 61 20 Hvad
227 660 45 20 äter
285 660 223 26 justeringsutskottet
523 660 73 26 angär,
607 660 85 21 komma
708 660 48 21 dess
773 660 87 20 arbeten
872 660 33 20 till

82 688 53 27 följd
153 688 24 21 af
194 688 61 21 deras
274 692 61 17 natur
354 688 46 21 icke
415 690 32 19 att
462 688 111 22 oafbrutet
588 688 62 28 pägä,
667 691 49 18 utan
733 688 67 21 mäste
816 688 90 21 fastmer

83 718 58 20 detta
159 716 94 21 utskotts
273 717 169 21 sammanträden
459 716 132 22 äterkomma
606 717 47 21 med
671 716 44 22 ofta
731 716 108 27 betydliga
854 716 53 21 mel-

82 744 91 23 lanskof.
204 744 163 23 Statsutskottet
388 751 62 15 anser
470 745 61 22 äfven
551 746 79 25 derför,
646 747 32 20 att
697 745 106 21 arvodena
822 744 33 22 för
872 744 33 27 ju-

83 773 208 27 steringsutskottets
314 774 137 21 medlemmar
470 774 46 21 icke
536 774 52 21 böra
606 774 106 21 beräknas
731 773 32 21 för
782 773 48 21 hela
848 773 59 21 tiden

83 802 54 21 ifrän
161 802 140 26 landtdagens
325 802 120 21 afslutande
468 803 32 20 till
523 803 49 20 dess
592 802 116 21 utskottets
727 803 86 20 arbeten
833 801 77 21 hunnit

82 830 67 21 blifva
160 830 120 27 fullstädigt
295 831 111 25 slutförda,
423 832 51 19 utan
490 831 76 21 endast
581 831 33 20 för
630 831 26 20 de
672 831 72 26 dagar,
760 830 27 21 dä
803 835 105 16 samman-

83 859 74 21 träden
178 861 36 24 egt
233 865 55 20 rum;
309 859 38 21 och
366 859 39 21 har
423 859 106 21 utskottet
546 861 52 19 trott
613 859 90 21 arvodet
717 859 32 20 för
764 859 73 26 hvarje
853 864 55 15 sam-

85 887 164 26 manträdesdag
266 887 121 27 lämpligast
402 887 72 21 kunna
489 887 118 22 fastställas
623 887 32 21 till
672 887 60 26 tiugu
743 887 65 21 mark.
834 886 74 21 Ehuru

85 918 30 19 ett
131 916 96 21 vistande
243 916 5 20 i
264 915 154 22 hufvudstaden
435 916 56 21 ända
502 916 44 21 tills
556 915 232 27 justeringsutskottets
799 915 110 21 verksam-

85 944 36 21 het
136 943 91 28 upphört
245 944 46 21 icke
307 946 24 19 är
346 944 23 21 af
383 944 75 26 nöden,
475 945 60 20 torde
552 951 47 14 man
615 944 121 21 emellertid
751 943 46 22 icke
812 943 96 26 skäligen

86 973 71 20 kunna
173 972 79 26 fordra,
268 974 31 19 att
315 973 26 20 de
357 973 12 20 &
384 973 66 20 andra
465 975 59 18 orter
536 973 83 20 bosatte
631 973 144 20 ledamöterne
785 971 23 22 af
817 971 91 21 nämnda

85 1000 82 21 utskott
190 1001 60 20 skola
269 1001 32 20 till
321 1001 73 26 hvarje
413 1001 65 20 skildt
497 1000 253 22 utskottssammanträde
768 1000 96 27 företaga
883 1005 25 15 en

86 1029 105 20 mähända
209 1029 48 26 läng
274 1029 38 21 och
328 1029 107 26 besvärlig
451 1035 49 15 resa
515 1029 46 21 frän
577 1029 46 21 sina
639 1029 114 26 hemorter,
768 1029 33 20 för
817 1030 31 19 att
863 1027 46 22 äter

85 1057 55 21 efter
157 1057 178 22 sammanträdets
351 1057 42 21 slut
409 1058 31 21 dit
455 1057 122 22 ätervända.
601 1057 162 22 Statsutskottet
779 1057 67 21 finner
862 1056 48 21 der-

86 1085 32 21 för
136 1087 31 19 att
183 1085 64 21 dessa
262 1086 211 21 utskottsledamöter
489 1085 52 22 böra
557 1086 117 26 berättigas
690 1087 38 24 att,
748 1085 2 21 i
765 1085 102 22 händelse
883 1084 26 21 de

85 1113 114 27 föredraga
215 1116 30 19 att
261 1114 46 21 icke
323 1114 70 21 lemna
407 1114 158 21 hufvudstaden
578 1114 68 21 under
656 1114 59 21 tiden
726 1114 89 21 emellan
827 1112 82 21 utskot-

85 1144 43 19 tets
143 1143 178 25 sammanträden,
337 1142 94 21 beräkna
448 1143 33 26 sig
496 1143 152 20 ofvanstäende
663 1142 78 21 arvode
756 1142 33 21 för
804 1141 48 21 hela
868 1140 40 21 den

86 1170 37 26 tid,
144 1171 26 20 de
189 1170 111 21 derstädes
320 1171 113 26 uppehälla
451 1171 38 26 sig.
520 1171 38 20 Att
573 1171 48 20 dei
638 1173 87 18 motsatt
740 1170 43 26 fall,
800 1169 60 21 skola
876 1175 33 14 er-

85 1198 58 21 hålla
161 1199 136 26 godtgörelse
317 1199 32 20 för
369 1200 45 20 sina
433 1205 60 15 resor
511 1199 32 21 till
559 1199 39 21 och
614 1199 46 21 från
675 1197 234 28 justeringsutskottets

86 1227 178 26 sammanträden,
280 1233 63 15 anser
358 1227 161 22 statsutskottet
534 1233 50 15 vara
599 1227 115 27 sjelffallet,
726 1227 38 21 och
779 1226 33 21 fär
828 1225 81 22 utskot-

86 1257 31 19 tet
132 1255 79 21 föreslå
226 1257 31 19 alt
272 1256 91 21 nämnda
378 1256 271 25 resekostnadsersättning
660 1257 56 19 samt
726 1255 184 26 dagtraktamente

86 1283 67 21 under
172 1283 142 27 resedagarne
332 1284 84 21 komme
435 1286 31 19 att
482 1284 105 21 beräknas
603 1284 68 26 enligt
685 1284 42 21 6:te
743 1283 85 21 klassen
843 1283 6 20 i
865 1282 45 26 gäl-

87 1311 62 22 lande
164 1312 195 26 resereglemente.*

155 1339 71 22 Sedan
241 1341 153 26 uppläsningen
410 1341 121 26 försiggätt,
543 1340 113 27 godkände
667 1340 85 21 ständet
765 1342 50 19 utan
827 1338 83 21 diskus-

87 1368 44 21 sion
148 1368 169 21 statsutskottets
333 1369 6 20 i
355 1369 156 21 ofvanberörda
527 1368 112 22 skrifvelse
655 1368 126 22 framstälda
795 1367 88 26 förslag.

155 1453 116 27 Upplästes
291 1460 24 15 en
335 1454 46 21 frän
401 1454 24 21 hr
444 1454 110 26 professor
574 1454 23 21 C.
613 1453 25 22 G.
654 1454 115 20 Estlander
784 1452 127 22 ankommen

87 1481 118 26 skrifvelse,
222 1482 44 20 deri
285 1482 26 20 hr
326 1482 121 26 Estlander,
464 1488 45 15 som
526 1482 23 21 af
562 1482 178 27 borgareständet
755 1481 34 21 vid
806 1480 56 22 1882
877 1479 35 21 ärs

87 1509 101 27 landtdag
207 1510 78 21 invalts
304 1510 33 21 till
358 1510 90 21 medlem
467 1511 8 20 i
495 1510 39 21 den
554 1510 34 21 vid
609 1516 80 15 samma
705 1510 100 26 landtdag
820 1508 92 22 tillsatta

87 1538 285 27 ständerhusdelegationen,
383 1539 71 20 anhöll
472 1541 31 19 att
519 1538 66 22 blifva
599 1538 83 22 befriad
699 1538 45 21 frän
757 1536 91 22 nämnda
860 1541 53 21 upp-
