1081 1739
223 125 41 31 688
492 131 96 23 Borgarest.
600 132 47 18 1888.
669 131 18 19 19
699 131 50 23 April.

205 200 67 24 desse,
291 206 46 15 som
355 202 69 20 staten
439 200 43 22 kan
497 201 139 22 tillerkännas
651 203 44 20 rätt
709 202 33 20 att
757 200 72 22 fordra
840 200 147 28 uppfyllandet
1002 199 23 23 af

203 228 57 21 vissa
274 228 199 28 kompetensvilkor,
489 236 48 15 men
553 232 32 19 att
603 230 73 21 fordra
695 230 116 21 detsamma
822 229 24 21 af
861 230 162 26 dissenterprest

205 256 51 22 eller
271 257 76 27 lärare,
363 259 24 19 är
402 258 74 21 endast
491 259 32 21 att
537 258 96 22 försvåra
648 258 261 27 dissenterförsamlingars
916 258 106 21 bildande.

204 286 40 21 Till
266 285 181 28 kompletterande
469 286 24 22 af
513 287 26 21 hr
562 288 65 20 Lilles
649 287 139 26 anmärkning
805 287 38 21 vill
858 287 38 27 jag
915 287 107 21 dessutom

204 314 83 27 påpeka
303 315 39 21 den
357 314 7 21 i
379 314 12 28 &
407 315 13 21 3
435 315 171 22 förekommande
622 316 189 26 omständigheten,
828 317 32 19 att
876 321 33 15 om
922 317 58 25 prest
990 315 33 21 för

204 343 70 26 någon
289 343 31 21 tid
334 343 144 22 blir'hindrad
493 345 32 20 att
539 344 142 26 funktionera,
697 344 23 21 så
735 344 38 21 bör
788 344 41 21 den
844 343 107 27 tillfälliga
963 344 59 20 vika-

203 372 58 21 riens
281 371 125 27 kompetens
428 372 65 28 enligt
510 372 37 21 hrr
561 374 144 20 reservanters
719 372 79 27 förslag
813 372 101 22 likaledes
929 372 94 27 godkän-

204 406 38 15 nas
253 400 39 21 och
303 400 91 27 pröfvas.
416 401 25 21 D.
449 408 20 14 v.
479 407 15 15 s.
503 401 35 21 vid
545 402 71 20 förfall
624 401 33 21 för
669 402 163 26 dissenterprest
840 400 32 22 får
882 401 62 26 ingen
952 407 70 15 annan

203 428 89 27 predika
315 429 50 21 eller
385 429 61 21 sköta
463 436 71 15 annan
552 430 113 26 presterlig
683 430 99 21 funktion
800 430 57 20 inom
876 429 146 21 dissenterför-

203 457 123 27 samlingen,
344 458 64 20 innan
427 458 93 21 ansökan
539 458 72 22 härom
631 459 45 26 gätt
691 458 130 27 längdansen
836 458 83 26 igenom
936 458 41 21 alla
991 458 31 20 in-

204 487 83 19 stanser
302 492 42 21 upp
359 486 34 21 till
407 486 113 28 kejserliga
535 489 94 19 senaten.

271 514 11 20 I
303 514 35 21 det
355 514 79 28 förslag
452 516 33 20 till
499 516 146 26 dissenterlag,
662 522 44 14 som
725 515 105 21 förelades
845 517 84 19 senaste
944 515 77 27 kyrko-

203 544 62 25 möte,
281 543 60 25 ingär
355 543 7 21 i
378 543 11 27 $
404 544 14 20 4
433 550 26 14 en
475 544 23 21 sä
512 544 91 27 lydande
614 544 142 26 bestämning:
772 544 50 26 ,och
833 550 49 14 vare
892 543 130 21 främmande

202 571 167 21 trosbekännare
378 572 19 26 ej
405 572 118 22 förmenadt
530 575 37 23 att,
577 579 35 15 om
620 573 25 21 de
655 573 22 21 sä
688 573 73 26 önska,
773 572 27 27 pä
811 572 210 26 evangelisk-luther-

202 599 39 21 ska
248 599 161 27 församlingens
417 600 193 28 begrafningsplats
618 601 81 21 erhälla
706 600 107 28 lägerstad
822 600 34 22 för
863 601 45 21 sina
916 600 54 21 döda
978 602 43 19 mot

202 628 112 22 enahanda
329 628 90 27 afgifter,
435 636 44 14 som
494 630 96 26 medlem,
606 630 93 21 hörande
714 630 33 21 till
762 630 40 20 den
815 629 110 21 lutherska
935 629 86 21 försam-

203 657 77 27 dngen,
297 659 23 19 är
335 657 83 27 skyldig
433 660 31 19 att
479 658 102 28 erlägga".
604 658 163 27 Propositionen
777 658 33 21 till
820 658 122 21 nuvarande
953 657 69 21 landt-

204 685 48 28 dag,
271 686 77 21 liksom
367 687 156 21 reservationen
542 693 33 15 n:o
592 688 19 25 2,
627 687 88 27 tillägga
731 686 64 22 orden
811 686 49 27 ,der
875 686 146 21 lokalförsam-

202 714 44 27 ling
268 714 18 27 ej
307 714 84 22 finnes.
421 716 43 20 Der
483 715 180 27 lokalförsamling
682 716 74 25 finnes,
777 715 67 21 måste
860 715 112 21 dissenters
988 714 33 22 sä-

202 742 57 22 ledes
275 743 95 22 anskaffa
386 744 37 27 sig,
439 744 36 21 det
489 744 35 21 må
538 744 63 21 kosta
615 744 55 21 hvad
685 750 46 15 som
741 744 61 26 helst,
814 750 52 20 egen
877 743 144 27 begrafnings-

201 771 63 27 plats;
280 778 77 15 annars
371 772 73 21 kunna
459 773 26 20 de
499 773 18 27 ej
534 773 142 26 någonstädes
691 773 23 21 få
728 773 109 26 lägerstad
851 772 33 21 för
899 773 45 20 sina
959 772 62 21 döda.

201 799 47 22 Den
267 801 241 26 evangelisk-lutherska
526 801 93 28 kyrkans
640 801 194 27 begrafningsplats
852 803 82 24 öppnas
952 801 18 26 ej
988 801 33 20 för

202 828 54 27 dem,
276 829 18 26 ej
315 835 37 15 ens
371 832 68 23 ,emot
458 830 101 27 stadgade
579 829 102 28 afgifter*
701 830 70 21 såsom
786 829 106 22 utskottet
907 829 115 27 föreslagit.

201 857 69 21 Alltså
289 857 68 22 blefve
373 858 36 21 det
423 859 23 20 af
459 858 138 21 ekonomiska
612 859 46 21 skäl
673 859 88 20 alldeles
777 858 95 27 omöjligt
886 857 32 22 för
930 864 25 15 en
968 858 54 21 rela-

201 885 41 21 tivt
260 885 74 28 fåtalig
353 886 39 21 och
407 887 100 21 medellös
522 893 68 21 grupp
606 887 22 21 af
642 887 115 28 dissenters
773 889 32 18 att
820 887 58 21 bilda
893 886 128 27 församling,

201 914 27 21 dä
251 914 40 21 den
313 915 7 20 i
343 915 39 21 och
405 915 48 21 med
475 915 117 22 detsamma
617 915 138 28 ovilkorligen
774 921 50 15 vore
842 915 82 27 skyldig
943 916 31 20 att
989 915 33 21 till

201 942 57 21 hvad
272 943 45 26 pris
333 949 45 15 som
394 943 54 22 helst
463 944 67 21 skaffa
545 945 32 26 sig
592 950 53 21 egen
660 944 200 27 begrafningsplats.

200 971 32 21 Hr
248 971 99 27 Eneberg
361 972 39 21 har
415 972 100 21 särskildt
529 973 95 25 betonat,
641 974 31 19 att
683 979 48 15 man
742 972 47 21 icke
800 972 39 21 bör
850 971 69 22 tillåta
926 971 96 22 enskilda

200 1005 103 21 personer
322 1001 32 20 att
373 1001 86 20 utträda
473 1007 25 14 ur
513 1001 143 28 statskyrkan,
672 1003 52 20 utan
740 1002 33 20 att
787 1001 26 21 de
830 1000 92 21 derefter
937 1001 84 20 komme

200 1029 32 20 att
247 1028 85 21 tillhöra
346 1029 70 26 någon
431 1029 234 28 dissenterförsamling.
688 1030 171 21 Reservanterna
872 1029 57 26 hylla
942 1035 80 15 samma

200 1056 56 27 åsigt
277 1057 38 21 och
331 1057 86 22 försöka
432 1060 32 19 att
479 1058 50 21 reda
545 1059 31 26 sig
591 1065 25 14 ur
631 1059 26 20 de
673 1058 136 27 svårigheter,
826 1058 58 21 hvari
900 1057 26 21 de
941 1058 80 26 derige-

200 1091 50 14 nom
265 1085 95 26 kommit,
375 1091 75 21 genom
467 1087 65 26 några
548 1087 164 26 bestämningar,
728 1087 23 20 af
765 1086 72 21 hvilka
852 1086 25 21 hr
892 1086 53 21 Lille
955 1087 65 20 redan

200 1113 93 27 påpekat
316 1114 41 21 den
375 1115 7 20 i
401 1115 11 26 $
432 1115 32 26 16,
481 1121 33 15 om
529 1115 36 22 det
580 1115 70 27 tvång,
665 1122 46 15 som
725 1121 78 21 genom
817 1114 204 27 kronobetjeningen

200 1141 54 22 skall
278 1142 83 21 utöfvas
382 1143 28 26 på
432 1143 163 22 medlemmarne
611 1144 23 21 af
651 1150 26 15 en
692 1144 87 27 upplöst
794 1143 130 26 församling,
940 1143 32 21 för
988 1145 32 19 att

200 1169 68 22 förmå
291 1171 47 20 dem
357 1173 32 20 att
406 1172 84 21 inträda
508 1173 6 20 i
530 1179 69 14 annan
616 1173 105 20 dissenter
736 1171 130 27 församling,
882 1171 51 22 eller
948 1171 73 27 återgå

199 1199 34 20 till
257 1199 40 21 den
319 1200 240 26 evangelisk-lutherska
578 1201 88 27 kyrkan.
696 1201 66 21 Detta
781 1200 44 21 står
844 1200 118 21 emellertid
982 1201 38 20 alls

199 1227 48 21 icke
270 1228 7 20 i
300 1227 216 23 öfverensstämmelse
538 1229 49 21 med
607 1230 25 21 de
650 1229 135 21 föreskrifter
800 1229 91 21 rörande
906 1229 114 21 dissenters

199 1255 114 28 öfvergång
335 1257 32 20 till
391 1257 241 27 evangelisk-lutherska
654 1257 89 28 kyrkan,
763 1263 45 16 som
826 1257 68 21 finnas
912 1257 108 26 intagna
1009 1251 15 38 i

200 1284 36 21 det
252 1284 33 21 till
299 1286 157 21 reservationen
471 1292 34 15 n:o
521 1287 13 20 2
549 1286 94 21 hörande
658 1286 144 27 lagförslaget.
832 1286 30 27 Ty
878 1285 66 26 enligt
958 1286 12 27 $
985 1286 13 21 8
1013 1286 7 21 i

199 1312 118 22 detsamma
335 1313 55 22 skall
409 1314 39 21 slik
467 1315 93 26 proselyt
574 1315 57 26 gifva
645 1314 160 27 presterskapet
819 1315 57 20 inom
891 1314 130 26 evangelisk-

198 1341 111 22 lutherska
330 1342 82 27 kyrkan
435 1343 32 21 sin
489 1343 81 21 önskan
589 1349 34 16 om
643 1343 114 27 öfvergång
775 1343 110 26 tillkänna,
902 1342 38 21 och
955 1343 67 26 derpå

198 1369 113 22 förordnas
333 1377 26 14 en
381 1371 228 27 evangelisk-luthersk
631 1373 58 26 prest
707 1374 33 19 att
758 1371 98 22 meddela
871 1371 76 21 honom
962 1377 59 21 sorg-

198 1398 60 28 fällig
281 1399 150 28 undervisning
453 1400 7 21 i
477 1400 148 28 statskyrkans
640 1401 52 25 lära,
707 1399 109 22 hvarefter
831 1399 90 22 förfares
936 1400 26 26 på
977 1401 43 20 sätt

198 1427 8 20 i
231 1427 130 29 kyrkolagen
385 1430 66 24 säges.
481 1428 49 21 Med
553 1428 69 22 denna
644 1430 110 26 procedyr,
773 1435 46 15 som
834 1431 24 19 är
872 1428 146 27 föreskrifven,

199 1455 27 21 då
253 1456 67 26 någon
347 1456 37 22 vill
407 1456 86 28 öfvergå
513 1457 46 21 från
585 1460 32 19 ett
643 1457 132 21 främmande
797 1456 167 28 kyrkosamfund
986 1457 33 21 till

199 1483 41 21 den
259 1485 241 27 evangelisk-lutherska
514 1486 89 27 kyrkan,
619 1486 44 21 står
677 1492 30 15 nu
722 1492 45 15 som
783 1486 62 26 sagdt
860 1486 159 26 bestämningen

198 1512 7 20 i
222 1512 11 27 $
251 1512 26 21 16
293 1519 34 15 om
342 1514 177 27 tvångsåtergång
535 1514 32 21 till
583 1514 135 28 statskyrkan
735 1514 6 21 i
757 1514 99 22 bestämd
866 1514 59 21 strid.
948 1514 71 26 Några

198 1540 115 28 omgångar
329 1541 22 21 af
365 1542 74 21 anförd
455 1544 32 20 art
502 1542 83 22 fordras
600 1543 39 21 alls
654 1543 47 21 icke
716 1544 7 20 i
739 1543 60 21 detta
813 1543 45 21 fall.
