1086 1742
214 137 47 17 1252
482 136 93 23 Borgarest.
588 136 45 20 1888.
656 136 21 20 22
690 136 37 23 Maj.

263 206 159 26 Propositionen
439 206 129 20 besvarades
584 206 49 20 med
649 205 156 27 öfvervägande
821 206 41 26 nej,
878 206 38 21 och
933 212 37 15 var
986 205 33 21 så-

193 235 60 21 ledes
269 234 39 21 den
325 234 121 27 föreslagna
463 234 150 21 återremissen
630 234 24 21 af
668 234 84 22 ståndet
768 234 105 21 besluten.

263 263 10 27 8
289 263 28 21 29
332 262 108 22 äfvensom
456 262 100 22 rubriken
574 262 38 22 och
629 263 109 26 ingressen
756 263 31 21 till
804 262 214 27 författningsförsla-

194 293 37 25 get
247 291 70 21 blefvo
333 294 50 18 utan
399 292 140 26 anmärkning
555 291 23 21 af
592 291 86 21 ståndet
693 292 119 26 godkända.

261 371 120 26 Föredrogs
401 371 151 26 lagutskottets
572 371 82 26 förslag
673 371 33 21 till
725 371 206 27 sammanjemkning
951 370 22 22 af
991 371 26 21 de

192 400 71 21 delvis
281 400 122 26 skiljaktiga
419 400 76 25 beslut,
511 400 6 20 i
534 399 72 21 hvilka
618 399 90 21 stånden
720 402 85 18 stannat
815 400 35 20 vid
861 400 155 25 behandlingen

192 428 23 21 af
233 428 116 21 utskottets
365 428 132 21 betänkande
515 434 32 14 n:o
565 428 27 21 14
607 428 6 20 i
630 428 114 26 anledning
760 428 23 20 af
797 428 78 26 nådiga
890 428 126 27 propositio-

193 463 46 20 nen,
256 457 108 26 angående
381 457 84 21 makars
479 456 321 27 förmögenhetsförhållanden;
824 457 39 21 och
880 457 43 21 blef
937 456 77 21 omför-

192 486 71 20 mälda
285 484 297 28 sammanjemkningsförslag
605 485 23 21 af
649 484 85 22 ståndet
757 488 50 18 utan
826 486 68 26 yppad
911 486 105 26 menings-

191 514 83 21 olikhet
289 514 115 26 godkändt.

261 576 119 27 Föredrogs
394 576 217 27 jernvägsutskottets
627 576 81 27 förslag
723 576 33 22 till
772 576 205 27 sammanjemkning
993 576 24 21 af

191 605 102 21 ståndens
313 605 66 21 delvis
398 604 124 27 skiljaktiga
541 605 71 21 beslut
631 605 35 21 vid
686 605 155 27 behandlingen
862 604 22 22 af
900 604 114 22 utskottets

191 634 135 21 betänkande
341 640 33 14 n:o
391 636 11 19 1
419 634 5 20 i
440 634 114 26 anledning
570 634 23 20 af
607 634 59 20 Hans
683 634 121 26 Kejserliga
815 633 112 27 Majestäts
938 633 77 27 nådiga

190 663 132 26 proposition
345 662 108 26 angående
477 662 72 21 vidare
570 662 226 27 jernvägsbyggnader
816 663 6 20 i
842 662 78 25 landet,
941 662 73 21 dervid

191 690 86 22 ståndet
292 694 51 18 utan
358 691 120 21 diskussion
494 691 113 26 godkände
624 691 25 21 de
665 691 23 21 af
702 691 106 21 utskottet
823 691 12 20 å
850 691 86 21 sidorna
951 691 14 21 2
975 690 39 22 och

191 720 13 20 3
227 719 76 27 gjorda
325 719 113 27 förslagen.
469 719 135 21 Beträffande
628 720 40 20 den
688 720 52 20 sista
759 719 106 21 klämmen
884 720 6 20 i
910 725 104 15 samman-

190 748 227 27 jemkningsförslaget
431 748 83 26 yttrade

259 776 26 21 hr
301 776 105 21 Öhman:
422 776 48 21 Med
487 776 115 26 anledning
616 776 22 21 af
649 776 40 21 den
701 777 5 20 i
718 776 58 21 detta
788 776 226 27 sammanjemknings-

191 804 82 27 förslag
293 805 103 27 ingående
412 805 105 21 klämmen
533 805 133 21 beträffande
681 805 144 26 Björneborgs
842 805 67 21 banan
927 805 37 21 ber
976 805 36 27 jag

190 835 32 19 att
245 833 22 21 få
290 834 86 20 hänvisa
397 834 77 26 dertill,
491 837 30 17 att
537 834 161 20 statsutskottet
716 834 109 20 allaredan
846 833 38 21 har
900 833 115 21 behandlat

190 862 75 26 frågan
283 867 31 16 om
331 862 135 21 anskaffande
481 862 23 21 af
518 862 25 21 de
556 862 75 25 medel,
642 862 125 26 uppgående
779 862 33 20 till
825 862 112 26 1,600,000
947 862 66 25 mark,

189 896 46 15 som
255 890 68 21 under
343 891 140 20 instundande
498 890 144 27 finansperiod
659 890 108 21 erfordras
784 889 33 22 för
832 889 182 28 Björneborgsba-

191 925 48 19 nan,
256 919 38 20 och
310 919 38 20 har
363 919 104 21 utskottet
482 919 6 20 i
505 919 43 26 sitt,
565 919 69 20 denna
650 919 41 26 dag
707 919 6 20 i
729 918 87 21 ståndet
831 919 99 20 utdelade
942 919 73 20 betän-

189 947 71 21 kande
276 953 34 15 n:o
327 947 25 21 16
368 947 107 26 angående
491 947 59 21 Hans
566 947 122 27 Kejserliga
704 947 112 26 Majestäts
832 947 76 26 nådiga
919 947 96 27 proposi-

190 976 44 20 tion
259 981 33 15 om
311 975 79 22 äskade
411 977 74 26 anslag
503 976 33 21 för
555 982 41 21 nya
613 975 231 28 jernvägsbyggnader,
865 975 76 21 uttalat
960 976 54 25 sig
1002 971 15 36 i

189 1004 74 25 saken,
280 1004 86 21 hvarför
378 1004 38 27 jag
431 1004 96 26 föreslår,
544 1007 31 18 att
591 1005 69 20 denna
676 1004 56 21 kläm
745 1004 46 21 icke
802 1010 28 15 nu
842 1004 65 21 måtte
918 1006 96 24 antagas,

174 1049 2 2 .
190 1034 51 19 utan
265 1033 82 20 lemnas
369 1033 106 21 beroende
498 1033 32 20 till
555 1033 49 20 dess
628 1033 172 20 statsutskottets
823 1032 134 21 betänkande
980 1039 33 14 om

189 1061 76 26 anslag
289 1061 32 20 för
339 1061 73 21 vidare
428 1061 226 27 jernvägsbyggnader
674 1061 94 21 kommer
788 1063 31 18 att
838 1061 23 20 af
879 1061 84 21 ståndet
979 1061 35 20 be-

190 1089 96 21 handlas.

259 1118 30 21 På
308 1119 67 25 grund
395 1118 23 21 af
436 1118 59 21 detta
515 1118 80 27 förslag
614 1118 109 21 anstäldes
742 1118 133 26 omröstning
896 1118 66 27 enligt
979 1124 35 15 ne-

189 1146 132 21 danstående
337 1147 140 26 proposition:

258 1173 41 27 De,
315 1174 67 21 hvilka
399 1175 111 27 godkänna
524 1174 213 28 jernvägsutskottets
752 1174 140 27 förevarande
905 1181 108 14 samman-
1033 1187 4 3 -

186 1202 207 33 Jjemkningsförslag
416 1203 128 34 beträffande
560 1203 72 33 anslag
647 1203 37 27 för
704 1203 233 27 Björneborgs-banan,
957 1204 57 20 rösta

187 1232 40 26 ja;
243 1231 33 25 de;
291 1231 34 21 det
338 1231 43 22 icke
394 1233 57 26 göra,
467 1233 56 20 rösta
539 1233 47 26 nej;

259 1260 74 21 vinner
347 1261 42 26 nej,
405 1260 39 21 har
454 1260 170 27 borgareståndet
634 1260 83 21 beslutit
727 1259 68 22 lemna
806 1260 124 27 afgörandet
940 1259 74 22 härom

189 1288 107 26 beroende,
313 1289 55 20 intill
383 1289 47 21 dess
444 1288 160 22 statsutskottets
620 1288 129 21 betänkande
760 1289 8 19 i
778 1288 113 27 anledning
902 1288 23 27 af
935 1288 78 27 nådiga

189 1317 159 26 propositionen
366 1317 106 27 angående
488 1317 117 28 beviljande
620 1317 26 26 af
660 1317 73 27 anslag
748 1317 32 20 till
794 1323 42 20 nya
846 1317 167 27 jernvägsbygg-

189 1345 68 22 nader
275 1345 32 22 till
317 1346 84 21 ståndet
416 1345 108 22 inkommit
538 1345 37 22 och
590 1345 128 22 behandlats.

259 1375 33 20 Då
308 1375 84 20 ståndet
408 1375 33 20 vid
457 1375 109 26 företagen
583 1375 69 20 sluten
669 1375 132 26 omröstning
817 1374 117 21 besvarade
945 1374 69 21 denna

188 1404 134 25 proposition
345 1404 47 20 med
412 1404 28 21 20
452 1403 22 27 ja
493 1403 38 21 och
551 1403 27 21 32
598 1403 41 26 nej,
659 1403 68 21 skulle
747 1402 85 21 således
852 1402 126 27 afgörandet
993 1402 23 21 af

189 1431 36 20 det
240 1432 92 20 nämnda
343 1434 115 19 momentet
468 1432 7 20 i
483 1431 220 27 jernvägsutskottets
715 1430 299 27 sammanjemkningsförslag

189 1459 82 21 lemnas
291 1460 105 21 beroende
416 1461 31 20 till
468 1461 48 20 dess
536 1460 172 21 statsutskottets
728 1459 134 21 betänkande
878 1459 6 20 i
900 1459 114 26 anledning

189 1487 23 21 af
230 1487 59 22 Hans
309 1488 119 27 Kejserliga
448 1488 111 27 Majestäts
579 1488 78 27 nådiga
676 1489 131 26 proposition
824 1487 110 26 angående
950 1487 65 21 bevil-

185 1515 67 27 jande
273 1516 23 21 af
313 1517 73 26 anslag
406 1517 31 21 till
458 1523 39 20 nya
510 1517 226 26 jernvägsbyggnader
753 1516 33 21 till
803 1516 84 21 ståndet
903 1515 112 22 inkommit

188 1544 39 21 och
245 1545 133 21 behandlats.
