1089 1734
353 138 93 22 Borgarest.
459 137 50 19 1888;
532 138 13 18 11
559 137 39 23 Maj.
826 138 45 19 1001

68 206 182 27 petitionsförslag
273 212 34 15 om
329 206 198 27 skatteförmedling
549 206 28 28 på
594 201 71 26 Åland
681 208 55 19 samt
751 207 31 20 uti
798 208 59 21 delar
872 206 25 23 af

68 235 113 26 Egentliga
196 234 99 26 Finland;

137 263 32 20 att
191 262 91 27 ståndet,
305 263 48 20 med
375 262 139 21 förkastande
529 263 24 21 af
567 263 107 20 allmänna
689 263 206 22 besvärsutskottets

68 291 135 20 betänkande
225 297 34 14 n:o
282 291 27 21 24
331 291 6 21 i
360 291 114 26 anledning
497 290 23 21 af
541 293 31 19 ett
587 291 32 20 till
635 291 155 21 bondeståndet
805 291 90 27 ingifvet

68 319 186 26 petitionsförslag,
270 319 109 26 angående
393 318 70 22 finska
478 319 98 26 språkets
592 319 136 26 användning
742 319 36 21 vid
793 319 102 22 Mustiala

68 347 219 26 landtbruksinstitut,
309 347 88 21 beslutit
419 349 78 24 antaga
519 354 26 14 en
569 347 90 21 sålunda
680 347 129 22 formulerad
825 347 68 21 kläm:

69 377 45 24 »att
130 376 120 25 ständerna,
267 376 48 21 med
329 375 156 26 godkännande
500 375 24 22 af
538 376 26 21 de
580 376 107 27 åtgärder,
703 376 72 21 hvilka
790 376 104 26 styrelsen

69 403 90 27 vidtagit
177 403 33 22 för
226 405 31 20 att
271 404 79 21 bereda
365 403 85 22 tillfälle
465 404 33 21 för
513 403 70 22 finska
599 404 86 21 talande
701 404 70 21 elever
785 404 35 21 vid
835 403 59 22 Mus-

68 432 53 21 tiala
142 432 212 21 landtbruksinstitut
376 434 32 19 att
430 432 81 21 erhålla
526 433 153 26 undervisning
694 432 28 27 på
737 435 47 24 eget
799 432 71 27 språk,
886 432 7 21 i

68 461 169 26 underdånighet
253 461 90 26 anhålla,
359 462 32 20 att
407 461 62 20 dessa
485 461 100 26 åtgärder
600 461 68 21 skulle
683 461 75 26 fortgå,
774 461 44 21 tills
829 461 12 20 å
852 461 42 20 alla

69 488 133 28 afdelningar
225 489 39 21 och
286 489 81 21 klasser
389 489 6 20 i
418 489 101 21 nämnda"
529 489 86 21 institut
629 489 146 27 regelbunden
791 489 40 22 och
845 488 49 22 full-

69 517 84 27 ständig
168 517 149 26 undervisning
332 517 28 27 pä
374 517 69 21 finska
458 517 87 27 språket
560 517 69 22 blefve
646 517 133 26 anordnad";

137 547 32 20 att
193 546 83 21 ståndet
297 546 95 26 godkänt
414 546 107 21 allmänna
543 546 206 21 besvärsutskottets
768 546 78 27 förslag
862 545 32 21 till

69 574 202 27 sammanjemkning
294 574 23 21 af
337 574 100 21 ståndens
460 574 123 27 skiljaktiga
605 574 70 21 beslut
697 574 6 21 i
720 573 59 28 fråga
795 580 34 15 om
844 574 49 21 dess

69 601 135 22 betänkande
220 609 33 14 n:o
271 603 26 20 12
312 603 47 20 med
375 602 113 27 anledning
503 602 24 21 af
539 605 79 18 tvenne
633 603 7 20 i
655 602 99 26 borgare-
765 603 39 21 och
815 602 79 21 bonde-

69 630 89 21 stånden
172 631 78 21 väckta
264 631 187 27 petitionsförslag,
468 631 111 25 angående
595 631 89 26 qvinnas
699 631 149 27 berättigande
862 631 32 20 att

69 658 7 21 i
90 658 69 22 likhet
173 659 49 21 med
237 664 49 16 man
300 658 34 21 vid
350 659 83 21 landets
447 659 128 21 universitet
589 658 97 22 bedrifva
701 659 91 26 studier;

138 689 32 19 att
192 687 85 21 ståndet
299 687 94 27 godkänt
416 687 108 21 allmänna
539 687 205 21 besvärsutskottets
759 687 135 23 betänkande

69 720 34 16 n:o
126 715 27 21 23
175 715 8 21 i
205 715 113 27 anledning
341 715 22 21 af
377 717 76 19 tvenne
468 716 32 20 till
516 717 81 25 preste-
613 716 39 20 och
667 715 181 27 borgarestånden
863 716 31 20 in-

68 742 59 27 gifna
141 743 182 27 petitionsförslag
337 750 34 14 om
386 744 138 26 nedsättning
539 743 23 22 af
576 743 136 27 elevafgiften
726 744 7 20 i
743 745 81 20 statens
835 743 59 22 flick-

69 771 82 26 skolor;
167 771 108 22 äfvensom

138 801 31 19 att
192 800 85 21 ståndet
299 802 51 19 utan
365 800 140 26 anmärkning
520 800 95 26 godkänt
630 800 174 22 bankutskottets
818 800 76 21 betän-

69 827 70 22 kande
154 834 34 15 n:o
204 828 13 21 2
232 828 7 21 i
254 828 113 27 anledning
383 828 22 22 af
419 828 109 22 verkstäld
542 828 130 28 granskning
683 828 22 22 af
714 828 101 22 Finlands
825 828 69 22 banks

69 856 90 27 styrelse
175 856 39 21 och
228 856 96 21 tillstånd
339 856 51 22 åren
406 856 148 23 1885—1887.

137 969 120 28 Föredrogs
279 970 152 27 lagutskottets
453 971 138 21 betänkande
613 977 34 14 n:o
672 971 26 20 12
717 970 7 21 i
743 969 113 28 anledning
872 969 23 21 af

68 997 78 27 nådiga
161 999 166 26 propositionen,
343 999 109 27 angående
469 999 97 21 enskilda
579 999 112 27 jernvägar
706 998 33 21 för
749 998 78 21 allmän
838 1004 54 15 sam-
906 1005 5 2 -

68 1025 85 27 färdsel,
169 1026 88 22 hvarvid
273 1027 83 22 ståndet
371 1029 75 25 genast
462 1027 64 22 skred
541 1027 33 21 till
590 1027 194 27 detaljgranskning
799 1026 23 21 af
836 1026 36 21 det
885 1026 8 21 i

69 1054 116 21 utskottets
207 1055 134 22 betänkande
363 1055 106 27 ingående
491 1055 138 27 lagförslaget
644 1057 55 19 samt
713 1055 113 27 godkände
841 1056 52 19 utan

67 1082 244 28 meningsskiljaktighet
325 1084 102 26 paragraf
439 1085 9 19 1
465 1084 67 26 enligt
548 1083 116 22 utskottets
678 1082 142 22 betänkande.

137 1111 114 27 Angående
266 1112 101 26 paragraf
379 1113 14 21 2
407 1112 86 28 yttrade

137 1139 25 21 hr
185 1138 133 23 Calonius:
341 1140 60 21 Inom
424 1140 108 22 utskottet
554 1140 39 21 har
613 1141 37 27 jag
672 1140 77 21 uttalat
771 1139 44 27 mig
833 1139 7 21 i
856 1139 36 21 det

68 1167 61 27 syfte,
152 1169 33 19 att
206 1168 111 27 utländing
338 1168 47 22 icke
403 1168 36 22 må
453 1169 90 27 betagas
559 1170 43 20 rätt
617 1170 32 20 att
665 1168 80 22 erhålla
759 1168 133 21 koncession.

66 1196 41 26 Jag
129 1196 45 21 blef
195 1202 71 15 ensam
282 1203 34 15 om
331 1197 69 21 denna
415 1198 85 26 mening
516 1198 40 20 och
571 1197 39 21 har
625 1197 19 27 ej
659 1197 68 21 heller
741 1196 100 27 framlagt
855 1195 38 21 nå-

66 1230 42 20 gon
130 1225 130 21 reservation
282 1228 44 19 mot
343 1226 116 20 utskottets
475 1226 142 25 betänkande,
632 1232 49 15 men
696 1226 37 20 ber
747 1224 61 27 dock,
825 1225 32 20 att
871 1223 22 22 få

66 1252 56 22 inför
144 1252 86 21 ståndet
252 1252 113 23 framhålla
387 1254 43 21 min
453 1254 56 28 åsigt
525 1255 8 20 i
552 1254 70 21 denna
636 1254 67 27 fråga.
732 1254 41 26 Jag
787 1253 44 21 kan
845 1252 48 21 icke

66 1280 68 22 förstå
153 1280 26 21 de
197 1280 107 29 farhågor,
320 1288 45 15 som
379 1288 50 15 man
444 1282 63 28 hyser
521 1284 46 20 mot
582 1282 147 26 utländingars
743 1280 150 27 berättigande

66 1310 32 20 att
113 1308 82 22 erhålla
209 1309 126 23 koncession
350 1310 13 22 &
375 1311 120 27 jernvägar.
519 1311 96 21 Ansöker
632 1317 26 15 en
673 1310 111 27 utländing
799 1315 36 16 om
850 1310 45 20 rätt

66 1338 33 20 att
120 1338 71 26 bygga
213 1344 26 15 en
255 1339 95 27 jernväg,
366 1345 45 15 som
426 1339 43 21 kan
485 1346 52 14 vara
551 1339 74 21 landet
639 1338 34 22 till
687 1340 67 26 nytta,
770 1338 23 21 sä
807 1339 36 19 vet
856 1337 39 27 jag

65 1366 55 25 icke,
143 1366 86 21 hvarför
251 1373 27 15 en
300 1367 66 21 sädan
388 1367 104 27 rättighet
507 1368 55 21 skall
576 1368 79 21 honom
671 1366 116 28 förvägras.
817 1365 76 27 Nägon

65 1394 73 21 rädsla
159 1394 40 27 för,
222 1397 32 19 att
275 1396 112 26 utländing
405 1396 56 20 skall
478 1396 73 21 kunna
565 1395 123 22 missbruka
703 1396 31 20 sin
749 1400 77 22 genom
840 1392 54 22 kon-

67 1422 109 21 cessionen
199 1423 96 22 erhällna
309 1425 43 20 rätt
367 1424 34 21 till
416 1424 68 22 skada
499 1424 34 21 för
548 1424 79 26 landet,
643 1424 40 21 bör
698 1424 19 26 ej
732 1422 122 26 förefinnas,
870 1422 24 27 ty

65 1450 35 21 vid
115 1450 166 23 koncessionens
295 1452 120 27 beviljande
429 1452 70 22 måste
514 1452 36 21 det
564 1452 107 28 sjelffallet
680 1450 145 25 föreskrifvas,
836 1450 57 20 huru

65 1478 40 22 och
127 1478 28 28 pä
177 1479 55 22 hvad
255 1481 43 20 sätt
313 1486 25 16 en
353 1480 113 27 utländing
482 1480 55 22 skall
551 1480 120 22 företrädas
686 1480 7 21 i
707 1480 80 25 landet,
802 1478 91 22 likasom

65 1507 36 20 det
117 1507 39 21 ock
172 1508 32 21 uti
219 1508 152 22 koncessionen
387 1509 68 21 mäste
470 1511 111 24 upptagas,
597 1509 68 20 under
678 1508 73 21 hvilka
760 1506 70 23 vilkor
840 1506 55 21 kon-

65 1535 134 22 cessionären
217 1535 34 22 får
265 1537 74 21 utöfva
354 1537 32 21 sin
401 1538 50 25 rätt,
467 1537 40 21 och
523 1539 38 18 när
576 1537 155 21 koncessionen
746 1535 55 22 skall
816 1535 8 21 i
839 1534 56 27 följd
