1086 1734
326 130 92 23 Borgarest.
431 130 44 19 1888.
499 130 12 19 8
523 130 38 23 Maj.
800 130 34 18 993

106 200 31 20 Hr
151 200 134 21 Vasenius:
301 200 70 21 Jemte
381 200 36 21 det
429 200 38 27 jag
481 200 39 21 ber
536 201 32 20 att
582 200 7 20 i
604 199 42 21 allo
662 198 22 22 få
698 199 107 27 tillstyrka
821 206 36 15 an-

36 228 102 26 tagandet
153 228 24 21 af
190 228 36 22 det
241 228 119 27 föreslagna
375 230 66 20 sättet
451 228 32 22 till
494 228 82 21 ökande
587 228 23 21 af
621 227 96 21 bankens
728 228 129 26 reservfond,

37 258 39 20 ber
88 256 36 28 jag
139 258 32 20 att
185 257 21 21 få
220 257 89 27 påpeka,
324 257 106 21 huruvida
445 256 36 22 det
500 256 46 22 icke
565 256 69 22 skulle
654 262 50 15 vara
722 256 134 27 nödvändigt,

38 286 33 21 att
81 285 31 21 uti
123 285 59 21 detta
188 285 215 27 författningsförslag
411 285 44 21 låta
463 286 48 26 ingå
519 292 26 14 en
552 284 110 22 föreskrift
673 284 78 26 derom,
760 284 27 27 på
795 284 63 22 huru-

38 314 53 21 dant
106 315 42 19 sätt
163 314 147 27 grundfonden
325 314 54 20 skall
393 314 130 26 uppbringas
539 314 32 21 till
587 314 27 21 10
624 313 97 27 miljoner
731 313 66 21 mark.
814 313 43 21 Det

39 344 25 19 är
78 342 122 27 visserligen
216 344 53 24 sant,
288 344 32 20 att
340 342 36 21 det
394 342 45 21 står
458 342 7 21 i
483 343 118 21 motiverna
620 348 33 15 om
673 343 64 19 sättet
755 342 32 20 för
805 348 52 20 upp-

39 370 134 27 bringandet,
188 371 40 21 och
244 373 31 19 att
290 377 49 15 man
354 370 69 22 skulle
438 371 69 27 tycka,
523 372 31 20 att
570 370 36 22 det
622 372 23 19 är
661 370 110 27 sjelfklart,
788 376 47 15 men
850 370 7 20 i

39 399 85 21 formelt
143 399 99 22 afseende
260 406 62 20 synes
342 399 34 21 det
391 400 49 26 mig,
457 406 45 14 som
519 406 33 14 om
572 399 36 21 det
627 398 64 22 också
708 398 67 22 borde
794 399 7 21 i
817 398 42 22 för-

39 428 119 27 fattningen
172 428 49 26 ingå
236 430 30 19 ett
282 428 114 26 stadgande
412 428 79 25 derom,
507 428 55 21 huru
579 427 212 27 bankförvaltningen
804 426 55 22 skall

41 455 80 22 förfara
142 456 34 21 för
198 458 31 19 att
251 456 118 27 uppbringa
391 456 148 27 grundfonden
565 456 33 21 till
622 456 26 21 10
674 456 96 27 miljoner
792 455 67 22 mark.

42 485 126 26 Egentligen
190 485 66 21 borde
278 485 34 21 väl
335 484 239 28 författningsförslaget
597 484 34 21 för
655 486 31 19 ett
704 483 156 29 förtydligande

42 513 165 22 återremitteras
229 513 32 22 till
283 513 169 26 bankutskottet,
472 520 48 15 men
538 513 80 21 kanske
638 513 34 21 det
694 519 49 15 vore
761 519 47 21 nog,
825 519 34 14 om

41 548 48 15 man
113 542 39 21 här
174 542 68 21 skulle
261 541 77 22 inflika'
352 548 81 15 samma
451 542 138 27 formulering
605 547 45 16 som
666 541 7 21 i
687 542 123 26 motiverna,
829 542 32 20 att

41 570 94 22 bankens
149 570 121 28 grundfond
280 571 54 21 skall
344 577 77 20 genom
431 570 149 22 öfverförande
590 570 47 21 från
648 570 150 22 reservfonden
809 571 52 20 ökas

41 599 35 21 till
93 599 39 22 och
145 601 76 25 utgöra
235 599 27 21 10
276 599 99 27 miljoner
389 599 67 21 mark.

110 628 31 21 Hr
159 628 99 26 Elving:
292 628 42 27 Jag
352 627 37 21 ber
408 629 32 20 att
458 627 22 22 få
495 628 131 21 understöda
641 628 25 20 hr
681 627 109 22 Vasenius.
819 627 42 28 Jag

42 656 65 21 hörde
122 656 47 21 icke
183 656 75 27 riktigt
273 657 72 20 säkert
360 657 53 20 hans
428 656 144 27 formulering,
589 663 47 14 men
652 656 68 21 skulle
730 656 32 21 för
772 657 43 20 min
827 656 34 21 del

42 684 78 21 föreslå
142 685 40 21 den
204 685 34 21 till
259 685 93 27 följande
373 685 90 27 lydelse:
483 687 32 19 att
534 685 95 21 bankens
648 685 120 26 grundfond
785 691 76 21 genom

42 713 129 27 öfverföring
192 713 46 21 från
260 713 151 22 reservfonden
434 713 56 22 skall
511 714 131 27 uppbringas
664 713 33 21 till
721 714 25 21 10
764 714 97 27 miljoner

42 741 60 22 mark
118 742 38 21 och
172 742 35 21 vid
222 742 59 21 detta
296 742 77 27 belopp
389 742 124 21 bibehållas.

111 770 30 21 Hr
160 769 129 22 Vasenius
308 771 98 20 biträdde
425 771 42 20 den
483 771 22 21 af
518 771 25 20 hr
558 771 77 27 Elving
650 770 119 27 föreslagna
783 770 78 21 formu-

44 799 99 26 leringen.

111 827 31 21 Hr
161 827 24 22 A.
206 827 24 22 O.
250 827 140 22 Snellman:
424 828 43 20 Det
485 834 37 15 var
537 834 41 21 nog
594 827 61 28 fråga
670 834 34 15 om
718 827 38 22 hos
771 827 91 22 bankut-

43 855 85 27 skottet,
141 856 103 22 huruvida
256 857 36 21 det
303 856 45 22 icke
359 863 50 15 vore
419 857 137 26 nödvändigt,
566 858 31 20 att
608 857 7 21 i
624 855 238 28 författningsförslaget

42 884 69 22 införa
127 891 25 15 en
167 885 132 28 bestämning
314 886 79 25 derom,
409 886 55 20 huru
477 886 68 20 denna
556 885 112 27 tillökning
681 884 23 22 af
716 884 147 28 grundfonden

44 912 47 22 från
109 914 12 20 6
140 914 33 20 till
191 914 27 20 10
233 914 95 27 miljoner
344 914 67 21 skulle
427 914 100 27 försiggä,
544 920 47 15 men
606 914 105 21 utskottet
725 914 64 27 ansåg
805 914 59 20 detta

44 941 47 21 icke
113 942 134 27 nödvändigt,
270 942 28 22 dä
320 942 36 21 det
377 942 47 22 fans
447 942 86 22 anfördt
554 943 8 21 i
583 943 123 26 motiverna,
725 942 39 21 och
783 942 27 21 dä
829 942 35 21 det

46 970 127 22 reducerade
187 971 32 26 sig
234 971 31 21 till
281 978 25 14 en
321 971 191 27 bokföringsfräga.
542 971 112 21 Sannolikt
669 973 33 19 tar
716 971 34 21 väl
765 970 100 22 bankför-

44 998 121 28 valtningen
183 999 51 21 reda
249 1000 33 26 pä,
296 1000 56 21 huru
366 1006 49 15 man
431 1000 39 21 har
486 1000 62 21 tänkt
562 1000 32 26 sig
610 1000 72 26 saken,
698 1000 38 20 och
751 1001 67 19 rättar
833 999 32 26 sig

45 1027 100 21 derefter.
174 1028 41 27 Jag
229 1028 36 21 vill
284 1028 2 21 i
302 1029 151 26 sammanhang
469 1028 87 21 härmed
571 1028 89 27 päpeka,
676 1029 32 20 att
723 1028 22 21 är
761 1028 61 26 1872,
838 1027 27 21 dä

46 1062 48 14 man
120 1056 115 26 bestämde,
260 1059 32 19 att
312 1056 148 28 grundfonden
482 1057 68 21 skulle
572 1058 76 26 utgöra
670 1058 13 20 6
704 1056 96 28 miljoner
824 1056 40 21 och

45 1083 151 22 reservfonden
218 1085 128 28 uppbringas
368 1086 32 20 till
423 1086 13 21 9
455 1086 103 26 miljoner,
579 1092 48 14 man
646 1085 46 21 icke
711 1085 65 21 heller
794 1086 71 20 ansett

45 1113 74 27 nödigt
134 1113 6 21 i
155 1113 138 27 reglementet
308 1116 97 19 närmare
420 1114 109 21 beskrifva
544 1114 55 21 huru
613 1114 158 26 grundfondens
786 1113 79 27 belopp

45 1141 69 21 skulle
130 1142 74 20 biidas.
233 1142 42 21 Det
290 1142 58 22 hette
365 1142 26 21 dä
406 1142 77 22 endast
499 1142 159 27 ,grundfonden
673 1142 53 21 skall
736 1142 129 27 uppbringas

45 1170 34 21 till
97 1170 13 21 6
128 1170 97 27 miljoner
240 1171 60 21 mark
316 1171 38 21 och
369 1171 34 21 vid
419 1171 61 21 detta
495 1171 77 27 belopp
588 1171 135 27 bibehållas”,
743 1171 39 21 och
798 1170 67 22 bank-

47 1198 155 27 förvaltningen
216 1199 73 27 tyckes
304 1206 42 20 nog
361 1200 82 20 kunnat
459 1200 52 20 reda
526 1200 31 27 sig
573 1200 93 21 dermed.

115 1227 30 21 Hr
167 1228 124 21 Fellman:
324 1228 69 22 Jemte
413 1228 36 21 det
465 1228 38 27 jag
522 1228 36 21 ber
576 1230 32 19 att
627 1228 21 21 fä
667 1228 72 21 förena
757 1228 42 25 mig
817 1228 48 20 med

46 1255 36 21 hrr
97 1256 75 27 Elving
188 1256 38 21 och
242 1256 105 22 Vasenius
362 1263 34 14 om
411 1258 67 20 sättet
492 1257 33 21 för
535 1256 160 28 grundfondens
705 1256 160 28 uppbringande

46 1284 33 21 till
98 1284 26 21 10
139 1284 97 27 miljoner
250 1285 66 25 mark,
332 1285 67 20 skulle
412 1285 38 27 jag
465 1286 69 20 önska
548 1285 64 21 hafva
627 1285 97 26 uttaladt,
740 1287 36 24 att,
792 1285 7 21 i
814 1285 53 20 hän-

45 1312 59 21 delse
126 1313 154 26 roservfonden,
303 1313 64 21 sedan
391 1313 40 21 den
453 1313 72 21 blifvit
547 1314 105 27 uppbragt
674 1313 32 22 till
726 1314 25 21 10
769 1313 96 27 miljoner

46 1341 65 26 mark,
131 1340 67 22 skulle
218 1341 22 22 af
256 1347 26 16 en
300 1342 52 21 eller
370 1348 70 15 annan
459 1342 65 21 orsak
542 1342 74 27 nedgä,
636 1342 39 21 den
691 1342 65 21 borde
771 1341 95 26 äterigen

46 1369 33 21 till
100 1369 59 21 detta
177 1369 77 28 belopp
272 1370 137 27 uppbringas.
443 1371 68 20 Detta
528 1371 41 20 kan
589 1377 28 14 nu
636 1377 62 21 synas
716 1377 51 14 vara
785 1369 82 27 ganska

46 1398 107 26 naturligt,
172 1405 48 14 men
235 1399 116 20 emellertid
366 1399 62 26 följer
443 1399 38 21 det
496 1399 45 21 icke
556 1399 162 27 nödvändigtvis
733 1399 22 21 af
769 1398 40 21 den
824 1397 43 21 for-

47 1426 102 27 mulering
171 1427 127 26 paragrafen
320 1427 90 21 erhällit.
448 1427 42 28 Jag
512 1427 38 21 ber
572 1430 32 19 att
622 1428 7 20 i
649 1427 59 22 detta
726 1425 99 23 afseende
844 1425 23 22 fä

46 1454 82 27 föreslä,
151 1457 31 19 att
204 1455 126 28 paragrafen
352 1455 58 21 säväl
433 1455 79 26 derför,
535 1462 45 15 som
603 1456 49 21 med
670 1455 112 27 anledning
801 1454 23 21 af
841 1454 26 21 hr

47 1482 109 22 Vasenius?
172 1483 79 28 förslag
266 1484 69 21 skulle
350 1484 32 21 till
397 1483 165 22 bankutskottet
578 1484 171 21 äterremitteras.

114 1511 154 22 Diskussionen
283 1512 90 22 rörande
389 1512 11 27 $
416 1513 13 20 2
444 1512 134 22 förklarades
589 1513 53 21 härä
652 1512 97 26 afslutad,
760 1511 107 22 hvarefter

47 1539 174 27 borgareståndet
229 1541 78 26 jemväl
318 1545 51 16 utan
380 1541 99 26 votering
490 1541 112 26 godkände
614 1541 11 27 $
638 1542 12 21 2
662 1540 127 22 oförändrad
801 1540 66 27 enligt

45 1567 118 22 utskottets
178 1569 140 21 betänkande.
