1092 1717
212 107 46 32 1036
476 112 95 24 Borgarost.
582 112 48 20 1888.
653 112 20 20 18
683 112 39 24 Maj.

258 180 69 22 Bland
346 181 95 23 ständets
459 182 139 22 medlemmar
616 182 56 22 hade
687 182 97 22 utdelats
799 182 39 21 och
854 182 114 22 bordlades
983 181 33 22 till

189 210 68 21 andra
272 209 87 27 plenum
373 211 8 21 i
395 212 62 20 nästa
471 210 77 22 vecka:
564 211 153 27 lagutskottets
733 210 136 22 betänkande
880 216 34 16 n:o
926 211 25 21 17
963 211 6 21 i
980 216 37 16 an-

189 238 88 26 ledning
296 238 23 22 af
335 239 78 27 nädiga
431 240 166 26 propositionen,
613 239 111 27 angäende
744 239 80 27 lagfart
840 239 39 21 och
895 239 122 27 inteckning

190 266 23 22 af
227 266 83 22 enskild
324 267 89 28 jernväg
428 268 34 21 för
476 268 79 21 allmän
571 268 135 26 samfärdsel,
722 268 112 21 äfvensom

259 302 82 16 samma
358 297 93 21 utskotts
470 296 136 22 betänkande
625 303 34 15 n:o
680 297 52 26 18
721 292 16 35 i
751 296 116 27 anledning
882 296 24 21 af
919 302 26 16 en
960 297 56 21 inom

190 324 150 28 ridderskapet
355 325 38 21 och
408 326 63 20 adeln
487 327 55 20 samt
556 325 102 27 borgare-
673 325 40 22 och
723 324 164 22 bondeständen
899 325 62 21 väckt
971 331 47 15 mo
1009 320 13 37 -

192 352 45 22 tion
253 359 34 15 om
303 353 125 28 författning
443 354 110 27 angående
568 354 123 26 inteckning
706 354 7 21 i
726 354 100 26 jernväg.

261 382 42 21 Till
318 383 170 27 morgondagens
502 382 86 28 plenum
604 382 115 22 bordlades

261 410 170 22 statsutskottets
446 411 134 22 betänkande
596 417 34 15 n:o
646 412 28 21 14
688 412 8 20 i
711 411 117 27 anledning
844 410 22 22 af
881 411 137 21 ständerhus-

194 439 160 28 delegationens
369 440 32 21 till
417 440 114 22 ständerna
545 440 83 27 afgifna
642 440 125 21 berättelse.

262 525 100 22 Ständets
377 526 138 22 medlemmar
530 526 103 22 ätskildes
648 526 96 21 härefter
759 526 92 21 klockan
867 526 50 26 3,40
932 531 18 16 e.
966 531 27 16 m.

781 583 22 17 In
815 582 65 18 fidem:

716 617 98 22 Mauritz
828 617 119 27 Hornborg.

391 767 103 28 Lördagen
510 767 38 24 den
564 767 22 24 12
603 767 39 28 maj
659 767 25 23 kl.
702 766 54 25 !/212
771 767 15 23 f.
798 772 25 17 m.

264 823 41 22 Vid
324 825 94 20 anstäldt
436 831 81 21 upprop
532 825 106 22 befunnos
654 825 97 21 ständets
768 825 99 26 samtliga
883 823 137 22 medlemmar

194 853 139 21 närvarande.

265 927 32 20 Hr
311 927 122 22 talmannen
449 928 131 26 meddelade,
595 930 32 19 att
642 929 66 26 enligt
723 926 246 23 talmanskonferensens
985 926 36 21 be-

197 955 42 21 slut
253 955 64 27 plena
331 955 68 22 under
413 957 141 21 instundande
569 957 67 21 vecka
652 957 32 21 till
700 963 26 15 en
743 956 75 27 början
835 955 84 21 komme
933 956 32 20 att
976 954 46 21 häl-

196 983 33 22 las
243 984 97 27 tisdagen
357 984 39 21 den
413 985 27 22 15
455 985 29 21 kl.
500 985 25 22 11
542 985 14 22 f.
572 991 35 20 m.,
619 985 109 26 onsdagen
744 985 42 20 den
803 985 26 21 16
844 984 29 21 kl.
890 984 12 21 6
914 989 18 16 e.
944 989 27 15 m.
982 983 40 21 och

196 1012 115 27 torsdagen
328 1013 40 21 den
385 1013 26 21 17
423 1013 29 22 kl.
464 1014 13 21 6
489 1020 17 15 e.
522 1020 34 20 m.,
569 1013 118 28 hvarjemte
699 1013 26 21 hr
737 1013 124 21 talmannen
874 1011 147 27 tillkännagaf,

196 1042 32 19 att
247 1041 26 22 de
292 1041 7 21 i
319 1041 11 28 $
349 1041 28 22 68
396 1041 23 22 af
435 1042 233 27 landtdagsordningen
683 1041 132 22 föreskrifna
830 1041 33 21 val
880 1040 22 21 af
916 1040 107 21 bankfull-

196 1069 82 27 mäktig
301 1070 38 21 och
358 1069 139 23 bankrevisor
513 1071 66 26 jemte
598 1071 138 26 suppleanter
757 1070 34 21 för
810 1070 61 21 desse
890 1069 84 21 komme
991 1070 33 19 att

196 1097 97 28 försiggä
314 1098 35 21 vid
373 1099 95 21 ständets
491 1099 67 21 första
581 1099 157 21 sammanträde
758 1099 70 21 under
847 1097 176 22 nästkommande

196 1126 67 21 vecka
279 1127 53 21 eller
347 1127 98 27 tisdagen
461 1128 40 21 den
517 1128 26 21 15
558 1127 8 22 i
582 1127 69 22 denna
666 1127 85 22 månad.

267 1211 110 22 Särskilda
392 1213 78 27 utdrag
484 1219 26 15 ur
523 1213 188 27 borgareständets
722 1213 36 21 vid
770 1214 85 20 senaste
866 1212 85 27 plenum
962 1211 62 22 förda

197 1241 109 26 protokoll
321 1241 111 27 upplästes
447 1241 34 22 till
493 1242 107 27 justering
616 1242 39 21 och
670 1241 133 28 godkändes.

265 1327 57 22 Från
345 1328 139 22 medständen
507 1328 53 22 hade
584 1328 88 22 anländt
692 1328 109 21 särskilda
819 1326 205 28 protokollsutdrag,

197 1356 116 27 nemligen:

267 1386 33 20 1:0
315 1384 47 22 från
378 1385 165 27 presteständet,
559 1386 48 20 med
622 1385 169 21 underrättelse:

265 1415 34 20 att
313 1413 92 27 ståndet,
416 1414 35 21 vid
462 1414 156 26 behandlingen
629 1414 23 21 af
658 1413 220 27 jernvägsutskottets
890 1411 135 22 betänkande

196 1446 35 16 n:o
251 1442 10 20 1
281 1442 8 21 i
308 1442 115 27 anledning
443 1442 23 21 af
479 1442 77 27 nådiga
571 1442 159 27 propositionen
754 1441 111 27 angående
881 1440 73 22 vidare
967 1440 59 26 jern-

196 1470 176 27 vägsbyggnader
387 1471 7 20 i
406 1471 79 26 landet,
496 1471 94 27 godkänt
605 1470 117 22 utskottets
738 1470 12 22 å
766 1470 79 26 pagina
857 1470 27 21 27
895 1469 88 26 intagna
993 1474 34 15 re-

197 1498 186 27 solutionsförslag
399 1499 139 22 oförändradt
553 1500 7 20 i
576 1499 101 21 afseende
692 1499 13 21 å
717 1500 10 20 1
739 1500 119 20 momentet
872 1497 91 21 rörande
973 1496 52 28 byg-

196 1526 79 26 gandet
295 1527 23 21 af
333 1533 27 15 en
373 1527 91 27 jernväg
479 1528 77 22 mellan
572 1528 88 26 Viborg,
676 1527 120 22 Sordavala
812 1526 39 22 och
866 1526 96 22 Joensuu
977 1525 48 21 med
