1089 1739
222 134 33 17 932
495 134 92 22 Borgarest.
599 134 47 19 1888.
671 134 9 19 5
693 134 38 23 Maj.

200 205 23 18 är
247 208 25 15 en
290 202 33 21 för
340 203 41 27 hög
397 203 125 26 debitering,
538 203 55 21 både
608 203 33 21 för
656 203 237 28 boktryckerifaktorer
908 204 38 21 och
962 203 64 28 bygg-

199 232 98 25 mästare,
321 231 39 22 och
383 233 32 20 att
438 231 25 22 de
486 231 65 22 borde
570 231 103 22 likställas
688 232 49 21 med
753 232 218 21 handelsbokhållare
986 232 40 21 och

200 260 128 21 kontorister
350 261 31 20 uti
404 261 61 20 nästa
482 260 96 27 kategori
594 261 38 20 och
649 261 85 27 erlägga
751 261 29 21 10
797 261 66 21 mark.
893 261 37 21 Att
945 261 82 21 utskot-

200 290 31 20 tet
246 288 57 28 sjelft
317 289 46 21 icke
380 289 61 21 alltid
457 290 69 20 ansett
541 289 147 27 byggmästare
704 289 33 22 stå
753 289 30 27 på
794 296 26 15 en
831 290 65 27 högre
907 289 118 27 rangskala,

201 320 27 19 än
250 317 207 23 handelsbiträdena,
480 323 61 22 synes
563 317 23 22 af
607 319 116 20 momentet
747 319 35 25 11,
807 319 37 20 der
862 319 36 20 det
913 318 67 27 gäller
994 318 32 21 till

200 346 190 21 landskommunen
412 346 95 21 hörande
529 353 106 20 personer.
666 347 43 20 Der
731 346 67 22 hafva
820 347 148 27 byggmästare
987 347 39 20 och

201 375 188 22 handelsbiträden
404 376 54 20 satts
473 375 6 20 i
494 381 80 15 samma
589 375 103 26 kategori,
708 375 40 21 och
764 375 35 22 för
809 375 105 22 hvardera
925 376 101 21 bestämts

201 410 25 15 en
242 403 61 28 afgift
318 403 23 22 af
353 405 14 20 5
381 403 68 22 mark.
471 403 10 21 I
496 405 61 19 nästa
572 405 93 20 moment
681 403 79 22 införes
777 406 82 19 sättare
871 404 47 21 med
931 405 25 20 10
966 404 60 21 mark

201 432 33 22 för
249 432 159 27 lysningssedel.
434 432 65 21 Detta
515 433 23 19 är
553 432 139 21 öfverhöfvan
707 432 56 26 dyrt,
780 432 28 21 då
824 433 47 21 litet
886 432 72 27 längre
973 432 53 21 fram

201 460 140 22 handtverks-
359 460 40 22 och
414 460 173 26 fabriksgesäller
602 463 105 25 upptagas
723 461 34 21 till
774 462 13 20 2
802 461 68 21 mark.
900 461 32 21 En
947 462 79 20 sättare

201 492 24 18 är
247 490 6 20 i
276 489 74 27 sjelfva
365 489 74 21 verket
455 489 46 21 icke
517 491 70 24 annat,
603 491 27 19 än
645 495 26 15 en
686 489 208 28 handtverksgesäll.
924 490 48 20 Han
987 490 39 26 tje-

201 525 39 15 nar
255 518 70 22 såsom
339 518 76 26 lärling
431 518 6 20 i
453 518 56 20 vissa
524 518 29 26 år,
569 518 39 20 och
625 518 40 21 blir
680 518 65 21 sedan
763 520 88 24 sättare,
869 518 51 22 eller
932 518 47 21 med
990 524 36 15 an-

203 548 38 20 dra
263 547 44 26 ord,
327 553 26 15 en
368 546 204 27 handtverksgesäll.
601 546 41 28 Jag
658 552 62 16 anser
735 546 82 27 derför,
834 548 31 20 att
880 549 78 19 sättare
973 547 53 21 böra

201 576 58 21 föras
273 576 33 21 till
321 582 80 14 samma
415 575 104 26 kategori,
535 581 45 15 som
595 575 91 21 fabriks-
702 575 40 21 och
757 576 229 27 handtverksgesäller.
1016 575 10 21 I

202 604 92 28 följande
309 606 92 19 moment
418 605 25 19 11
460 606 23 18 är
499 603 32 22 för
545 604 34 21 till
593 604 216 22 landskommunerna
823 604 93 21 hörande
927 610 99 20 personer

202 639 73 21 .egare
297 633 23 21 af
340 632 61 27 bruk,
424 632 71 21 fabrik
517 632 51 21 eller
590 634 69 20 större
676 632 67 28 gods”
756 632 49 22 åter
820 633 69 21 denna
904 632 122 22 obestämda

203 662 62 27 afgift
286 661 46 21 från
355 662 28 20 30
404 661 33 21 till
456 661 27 21 80
498 661 60 21 mark
573 661 127 27 föreslagen.
729 661 72 21 Afven
817 662 38 20 här
870 662 36 20 vill
918 662 36 26 jag
970 660 56 28 gifva

202 690 109 22 företräde
326 690 21 21 åt
362 690 41 21 den
419 690 77 26 nådiga
511 690 160 26 propositionen
687 690 39 21 och
741 690 87 26 föreslå,
844 692 31 19 att
890 689 88 29 afgiften
993 689 33 21 för

202 720 63 20 dessa
287 718 68 22 skulle
377 718 100 22 förblifva
499 718 34 21 vid
553 719 54 20 hvad
624 718 39 22 den
679 718 76 22 hittills
771 719 63 26 varit,
850 719 52 21 eller
917 719 27 21 80
959 718 66 21 mark.

271 748 32 20 Hr
317 753 48 15 von
382 746 96 22 Pfaler:
498 748 41 26 Jag
554 747 38 21 har
607 748 74 26 begärt
697 747 68 26 ordet,
783 747 34 21 för
832 749 32 19 att
878 749 52 25 göra
944 747 82 21 utskot-

202 777 43 20 tets
263 776 136 21 medlemmar
415 782 24 14 en
456 776 59 26 fråga
530 776 132 21 beträffande
677 776 130 26 stadgandet
823 776 12 21 å
850 776 76 27 pagina
943 776 32 24 18,
990 781 36 15 an-

203 804 81 27 gående
307 804 106 22 fullmakt.
443 804 43 21 Der
508 806 60 25 säges
591 804 112 27 nemligen,
727 806 31 19 att
779 811 26 15 en
821 805 43 21 viss
879 804 148 26 stämpelskatt

203 833 56 21 skall
281 833 96 27 erläggas
399 832 33 22 för
449 833 114 27 ,fullmakt,
579 833 166 26 konstitutorial,
762 833 153 26 förordnande,
930 832 98 22 kallelse-

203 862 40 21 och
266 862 179 27 antagpingsbref,
468 862 194 27 protokollsutdrag
685 861 48 21 med
751 868 66 20 mera,
833 862 136 26 hvarigenom
984 868 43 14 em-

203 890 56 26 bete,
275 891 65 26 tjenst
355 890 53 21 eller
423 890 120 28 befattning
557 890 94 21 besättes
667 890 39 21 och
716 890 125 28 bortgifves,
853 890 52 21 eller
915 890 39 21 ock
964 896 64 14 namn

204 918 49 22 eller
274 918 108 27 värdighet
404 919 117 21 förunnas".
551 919 32 21 Då
602 919 37 27 jag
654 919 47 21 icke
716 918 39 22 har
771 919 34 21 för
820 919 42 27 mig
878 919 63 26 klart,
956 918 72 21 hvilka

203 948 117 20 dokument
342 954 45 14 som
407 948 55 20 afses
479 948 48 20 med
543 948 53 25 dem,
611 954 77 21 genom
702 947 74 21 hvilka
791 954 65 13 namn
871 947 107 25 förunnas.
994 953 33 14 om

204 976 36 21 det
259 976 18 27 ej
297 978 23 19 är
338 976 138 26 dopattester,
496 976 23 21 så
533 976 38 21 ber
584 976 37 27 jag
637 977 31 20 att
683 975 22 22 få
719 975 62 26 fråga
796 976 117 21 utskottets
928 975 100 21 medlem-

203 1010 46 15 mar
273 1005 78 20 derom.
382 1004 106 21 Måhända
511 1005 55 20 afses
589 1005 39 20 här
650 1005 42 25 det,
711 1010 50 15 man
778 1005 98 26 vanligen
890 1004 69 21 kallar
974 1003 53 26 titel,

203 1033 40 20 och
266 1033 65 21 borde
350 1033 6 21 i
375 1033 66 21 sådan
459 1033 100 21 händelse
574 1033 65 21 orden
656 1039 73 21 ,namn
746 1033 53 21 eller
813 1033 123 27 värdighet"
952 1032 76 21 ändras

205 1061 34 21 till
254 1062 75 26 ,titel*.

274 1091 31 20 Hr
329 1091 125 26 Högman:
492 1090 53 21 Mitä
567 1090 57 21 tulee
646 1090 67 21 niihin
735 1090 169 26 muistutuksiin,
924 1090 54 26 joita
1001 1095 27 15 on

203 1119 60 26 tehty
281 1119 53 21 niitä
352 1119 169 26 karttamaksuja
539 1121 95 23 vastaan,
651 1119 54 26 joita
724 1120 60 19 tässä
804 1125 27 14 on
851 1119 110 20 ehdotettu
979 1124 49 15 ruu-

204 1147 43 26 kin,
270 1147 87 21 tehtaan
380 1147 30 21 tai
432 1147 103 21 isomman
557 1147 154 21 maakartanon
731 1147 127 27 omistajalle
879 1148 24 20 11
923 1147 105 20 momirissa

204 1175 52 21 sekä
273 1176 26 21 10
314 1176 106 21 mom:issa
435 1175 194 27 kaupunkikuntiin
641 1175 120 21 kuuluville
771 1175 141 27 kauppijaille
922 1175 106 20 kummas-

204 1204 62 21 sakin
284 1205 140 26 tapauksessa
443 1204 84 21 30—80
544 1204 124 25 markkaan,
687 1204 45 21 niin
751 1204 125 21 valiokunta
895 1203 44 22 teki
957 1205 71 19 tämän

204 1233 128 21 muutoksen
347 1239 52 14 arm.
415 1233 120 26 esitykseen
549 1233 49 20 siitä
613 1234 78 26 syystä,
707 1234 45 19 että
768 1233 28 20 oli
807 1233 60 27 tehty
878 1231 151 22 muistutuksia

204 1261 75 21 entisiä
295 1261 96 27 maksuja
406 1263 88 19 vastaan
509 1263 57 19 tässä
581 1261 111 21 suhteessa
704 1261 23 27 ja
743 1261 87 21 erittäin
846 1263 46 19 eräs
906 1260 122 27 pappissää-

205 1290 41 27 dyn
259 1291 61 26 jäsen
334 1290 75 25 valitti,
425 1290 80 21 kuinka
521 1290 206 27 epäkohtutuullista
742 1295 33 19 on,
788 1291 45 20 että
848 1295 58 16 sama
915 1289 75 20 maksu
1001 1294 27 15 on

205 1319 104 21 olemassa
324 1319 130 25 henkilöiltä,
467 1319 60 26 jotka
543 1320 48 19 ovat
604 1319 50 20 ihan
667 1317 148 22 toisellaisissa
830 1318 100 21 asemissa
939 1317 23 27 ja
969 1317 60 27 joilla

204 1353 27 15 on
254 1348 49 21 ihan
326 1347 132 22 toisenlaiset
476 1347 59 21 tulot.
567 1346 132 21 Valiokunta
717 1346 19 21 ei
752 1347 103 21 katsonut
871 1345 158 22 mahdolliseksi

204 1376 82 21 muulla
301 1377 71 20 tavoin
387 1376 66 21 saada
468 1377 108 20 muutosta
591 1375 70 21 näissä
676 1375 127 25 maksuissa,
815 1375 53 21 kuin
880 1376 44 20 että
935 1380 26 15 ne
971 1375 58 20 mää-

203 1405 108 21 rättäisiin
327 1404 99 22 latitudin
441 1406 84 25 tapaan.
547 1404 81 21 Luulen
644 1405 45 20 että
703 1404 71 26 pappi,
788 1404 53 27 joka
855 1402 173 27 kuulutuskirjan

204 1435 71 24 antaa,
294 1434 43 21 niin
356 1435 73 19 tuntee
449 1433 162 20 asianomaisten
629 1432 90 26 suhteet,
735 1433 45 20 että
795 1432 43 21 hän
853 1431 58 28 kyllä
926 1430 103 27 sopivalla

204 1461 81 21 tavalla
306 1463 32 20 voi
361 1461 59 21 asian
440 1461 115 27 järjestään
574 1461 151 21 määräämällä
743 1461 97 20 maksun.
871 1460 88 20 Tahdon
977 1459 53 20 huo-

204 1492 103 24 mauttaa,
330 1492 44 19 että
397 1489 140 22 entisessäkin
560 1489 136 21 asetuksessa
718 1494 27 16 on
768 1491 86 19 eräässä
872 1488 86 21 kohden
977 1487 53 21 ollut

204 1518 131 21 semmoinen
353 1518 98 21 latitudin
471 1521 78 23 tapaan
564 1520 105 24 määrätty
684 1517 83 26 maksu,
783 1518 108 20 nimittäin
906 1516 52 21 mitä
972 1516 57 20 tulee

203 1546 208 28 erioikeuskirjoihin
433 1547 23 27 ja
482 1546 179 27 lupapäätökseen
684 1546 31 21 tai
736 1546 103 21 ruotsiksi
861 1544 170 28 ,Privilegiibref
