1081 1734
350 130 94 22 Borgarest.
456 129 46 19 1888.
526 130 18 18 19
556 130 50 22 April.
831 129 32 19 681

70 198 85 22 mindre
170 198 123 22 framkallas
311 198 23 22 af
347 198 96 27 religiöst
460 198 71 27 behof,
548 201 26 19 än
594 199 22 21 af
633 199 68 21 andra
716 199 95 21 motiver.
840 199 46 21 Den

71 226 91 27 verkligt
179 226 98 27 religiöse
295 227 39 21 har
351 227 67 21 behof
434 226 24 22 af
478 229 33 19 att
529 228 86 21 tillhöra
635 234 26 14 en
680 227 129 27 församling,
828 228 59 20 detta

71 255 66 27 ligger
152 255 7 21 i
174 255 125 27 religionens
314 257 70 19 natur.
414 256 42 20 För
471 256 47 26 den,
534 262 45 15 som
597 256 47 21 icke
659 256 44 21 kan
718 256 7 20 i
740 257 31 20 ett
785 256 50 21 eller
851 262 36 14 an-

72 286 36 18 nat
126 283 101 22 afseende
245 284 76 21 förlika
341 284 31 27 sig
390 284 49 21 med
458 284 39 22 den
520 284 124 27 församling
662 284 43 21 han
723 284 78 26 tillhör,
820 283 67 21 finnes

72 312 40 21 den
127 312 163 21 vidsträcktaste
305 312 70 26 frihet,
391 314 32 20 att
438 313 6 20 i
460 313 36 21 sitt
511 313 69 27 hjerta
595 313 67 27 dyrka
678 312 49 22 Gud
743 313 28 26 så,
787 318 44 16 som
846 312 42 21 han

72 341 48 21 bäst
134 340 33 22 för
183 341 31 27 sig
229 340 73 22 finner.

141 370 30 20 Hr
186 370 187 26 Neppenström
388 370 99 26 uppläste
502 370 53 21 härå
570 370 100 27 följande,
687 370 120 21 äfvenledes
817 369 71 22 skrift-

72 398 55 26 ligen
143 397 100 22 affattade
258 398 107 27 yttrande:

141 426 10 21 I
166 426 67 22 likhet
253 426 48 21 med
324 427 40 21 den
386 426 127 27 föregående
535 427 82 21 talaren
640 427 43 21 kan
705 426 47 22 icke
775 426 65 22 heller
853 426 36 27 jag

72 454 73 22 förena
164 455 42 26 mig
225 461 33 15 om
277 455 40 21 den
336 455 54 27 åsigt
408 455 7 21 i
434 455 247 24 utskottsbetänkandet,
701 462 44 14 som
763 455 38 27 går
815 457 24 19 ut
854 454 34 27 på,

73 485 31 19 att
118 484 90 20 medlem
224 483 23 22 af
260 484 240 26 evangelisk-lutherska
515 484 81 27 kyrkan
612 484 52 21 eller
675 484 69 26 någon
755 490 69 15 annan
835 484 54 20 tros-

73 512 127 21 bekännelse
215 512 7 21 i
237 512 46 22 vårt
305 512 50 22 land
370 512 32 21 får
418 512 50 27 afgå
485 512 47 22 från
548 513 38 21 sitt
600 512 175 28 kyrkosamfund,
790 513 51 20 utan
857 513 32 19 att

73 540 48 22 med
136 541 116 21 detsamma
270 541 83 21 ansluta
369 541 30 27 sig
414 541 34 21 till
462 541 65 27 något
546 543 64 19 annat
626 540 23 22 af
666 543 70 19 staten
752 540 89 22 erkändt
856 540 33 21 så-

74 570 56 20 dant.
161 570 37 20 Ett
213 569 67 28 dylikt
295 570 171 26 åskådningssätt
481 576 63 15 anser
556 570 38 26 jag
608 570 107 26 nemligen
725 570 46 20 icke
782 569 107 21 öfverens-

74 599 89 20 stämma
178 598 47 21 med
243 598 38 21 vår
299 598 133 26 lagstiftning
450 598 52 21 eller
520 598 207 27 grundprinciperna
740 598 33 21 för
788 600 30 19 ett
833 597 56 21 folks

74 626 77 27 sedligt
172 626 114 22 moraliska
307 626 131 28 uppfostran.
468 627 33 21 En
524 626 65 22 sådan
613 626 164 28 omgestaltning
799 626 22 21 af
839 625 50 21 våra

73 655 96 27 kyrkliga
190 655 146 21 förhållanden
357 655 42 21 kan
422 655 46 21 icke
491 655 73 25 heller,
584 656 66 26 enligt
664 655 44 21 min
726 655 70 26 tanke,
811 654 78 26 ifråga-

74 684 83 21 komma
171 684 8 20 i
193 684 36 21 det
244 684 65 26 skick,
325 684 74 26 frågan
415 683 33 22 för
467 684 133 21 närvarande
615 683 96 21 befinner
726 684 37 26 sig.
786 682 103 29 Kyrkola-

73 718 40 20 gen
128 712 23 21 af
168 712 23 21 år
209 712 54 22 1869
282 712 7 21 i
305 712 46 22 dess
369 713 13 21 6
401 712 12 27 $
431 712 126 22 förutsätter
575 712 114 27 nemligen,
705 714 32 19 att
751 712 76 27 afgäng
841 711 48 21 från

74 740 136 28 statskyrkan
229 741 74 21 endast
321 741 32 21 får
367 741 86 26 tillåtas,
477 747 35 15 om
527 740 40 21 den
590 740 105 28 afgäende
710 741 47 21 med
773 741 116 21 detsamma

74 769 94 21 ansluter
183 769 31 27 sig
229 770 32 20 till
277 771 30 19 ett
322 770 64 20 annat
401 769 7 21 i
424 770 71 20 landet
511 769 136 27 legaliseradt
661 768 174 28 kyrkosamfund.
850 768 39 22 Ut-

74 797 91 22 skottets
179 797 79 27 förslag
273 798 88 21 innebär
376 798 63 21 alltsä
454 798 124 26 förändring
594 798 23 21 af
632 798 111 27 kyrkolag.
771 798 65 20 Detta
850 797 39 21 har

72 826 106 21 utskottet
192 826 47 21 icke
254 828 97 20 närmare
369 826 89 22 beaktat
477 826 40 22 och
532 826 56 27 förty
603 826 63 22 väckt
682 826 74 28 frägan
771 826 34 21 för
819 826 69 26 tidigt,

73 854 89 22 emedan
177 854 41 22 den
239 855 48 22 bort
309 855 66 26 enligt
393 854 98 28 gällande
506 855 34 27 lag
555 867 27 3 —
598 855 70 21 sävidt
685 855 36 27 jag
736 855 43 21 kan
793 854 54 21 fatta
863 866 26 3 —

72 883 54 22 först
141 883 12 21 å
168 883 125 28 kyrkomöte
308 884 122 21 behandlas.
460 884 66 21 Detta
541 883 39 22 har
594 884 108 21 utskottet
717 884 120 27 pätagligen
847 883 42 21 för-

73 912 70 26 bisett,
159 912 87 21 emedan
261 913 8 20 i
283 913 108 26 ingressen
405 912 34 21 till
454 912 49 21 dess
522 912 116 27 lagförslag
652 912 49 21 icke
716 919 37 14 ens
767 913 122 20 omnämnes

72 941 65 26 något
152 947 34 14 om
201 941 124 26 förändring
339 940 23 22 af
375 941 13 21 6
399 941 12 27 $
422 941 6 20 i
439 941 138 26 kyrkolagen.
600 941 50 21 Men
660 941 105 21 förbisedt
775 941 38 20 allt
823 940 66 25 detta,

73 969 39 22 och
127 969 67 21 ehuru
207 969 36 27 jag
261 969 33 22 för
312 969 43 22 min
370 970 34 21 del
422 976 29 14 nu
469 969 48 22 icke
536 969 78 22 önskar
633 971 102 20 motsätta
749 969 42 26 mig
806 975 25 14 en
847 968 43 21 dis-

73 997 112 27 senterlag,
200 999 51 20 utan
267 998 93 21 ansluter
375 998 42 27 mig
432 998 33 21 till
480 998 160 21 reservationen
655 1004 34 15 n:o
705 999 14 20 2
733 998 47 21 med
791 997 99 27 möjligen

72 1032 45 15 mer
132 1026 51 21 eller
197 1026 82 21 mindre
293 1027 117 26 väsentliga
425 1026 148 27 förändringar
588 1026 7 21 i
611 1027 128 25 densamma,
755 1027 38 20 ber
805 1026 36 27 jag
851 1027 38 24 att,

72 1054 33 22 för
120 1056 32 19 att
167 1054 118 27 förtydliga,
301 1055 84 21 hvarför
401 1055 38 27 jag
454 1055 46 22 icke
516 1055 42 21 kan
577 1057 74 19 närma
666 1055 43 26 mig
724 1055 115 21 utskottets
853 1054 36 21 be-

72 1083 113 26 tänkande,
204 1083 22 21 fä
243 1083 70 27 fräga:
337 1085 23 20 är
375 1084 37 21 det
430 1083 23 22 af
470 1083 107 22 utskottet
592 1083 145 22 framkastade
751 1083 101 27 förslaget
867 1082 24 21 sä

72 1112 137 26 berättigadt,
225 1113 31 20 att
271 1119 49 14 man
335 1113 55 20 hade
405 1112 114 27 anledning
534 1113 32 20 att
583 1112 61 21 deraf
658 1112 68 21 önska
736 1111 21 22 fä
767 1112 48 26 lag?
833 1111 58 21 Eller

72 1140 39 21 har
130 1141 37 20 vär
185 1141 241 26 evangelisk-lutherska
447 1141 69 27 kyrka
538 1143 61 19 oroat
618 1141 51 21 eller
691 1141 81 26 förföljt
790 1142 101 19 samvets-

72 1169 38 21 och
126 1169 191 26 religionsfriheten
338 1169 39 22 hos
400 1169 58 22 olika
480 1169 107 22 tänkande
610 1169 33 21 till
666 1169 41 21 den
722 1169 57 27 grad,
795 1170 33 20 att
843 1169 48 20 dess

72 1197 90 22 beständ
177 1203 44 16 som
237 1198 122 27 statskyrka
373 1198 68 21 mäste
456 1198 86 26 rubbas,
558 1198 48 21 dess
621 1198 93 26 grunder
729 1197 108 27 upprifvas
852 1197 39 21 och

74 1226 47 21 dess
136 1226 121 27 häfdvunna
276 1227 104 20 anseende
400 1226 203 22 öfverändakastas?
633 1227 43 20 För
691 1226 43 21 min
749 1226 34 21 del
797 1227 45 20 tror
854 1225 37 27 jag

74 1255 35 20 det
123 1254 54 22 icke.
206 1255 30 21 Ar
251 1255 36 21 det
305 1255 46 21 äter
369 1255 69 21 blotta
457 1255 75 26 fraser,
552 1255 52 21 eller
622 1254 68 22 finnes
709 1255 36 21 det
758 1255 70 26 nägon
843 1260 48 15 san-

72 1283 50 27 ning
137 1283 52 26 deri,
205 1285 32 19 att
255 1284 36 20 det
309 1283 68 22 finska
395 1283 67 22 folket
481 1285 49 20 näst
549 1284 32 21 sin
596 1284 89 26 religion
704 1283 77 27 dyrkar
795 1283 33 21 sin
843 1282 48 26 lag?

72 1311 78 22 Finnes
165 1312 46 21 häri
226 1312 69 27 nägon
313 1313 96 26 sanning,
428 1312 82 21 hvilket
525 1313 63 26 ingen
603 1312 23 21 af
644 1318 34 15 oss
694 1312 60 21 torde
769 1312 72 20 kunna
855 1311 36 20 be-

72 1339 65 27 tvifla,
154 1341 23 20 sä
191 1340 128 21 tillkommer
334 1341 34 21 väl
383 1340 63 22 häraf
463 1341 67 27 enligt
544 1341 43 20 min
606 1340 135 27 uppfattning
757 1341 78 20 största
849 1338 42 21 för-

72 1369 92 26 tjensten
179 1369 41 20 den
235 1369 243 27 evangelisk-lutherska
493 1369 113 26 trosläran,
624 1369 69 21 under
708 1369 63 20 hvars
785 1368 56 27 hägn
856 1367 37 20 det

72 1396 69 23 finska
163 1397 68 22 folket
252 1397 67 22 redan
337 1398 7 21 i
359 1398 149 21 ärhundraden
530 1397 134 28 uppfostrats
683 1397 40 22 och
741 1395 103 28 uppvuxit
858 1395 34 21 till

71 1425 57 22 hvad
143 1426 36 21 det
193 1432 28 15 nu
238 1427 29 20 är.
297 1426 125 21 Emellertid
436 1426 37 21 vill
490 1427 37 26 jag
543 1426 86 21 dermed
647 1426 48 21 icke
709 1425 84 28 antyda,
809 1425 32 20 att
856 1423 37 22 det

71 1454 47 21 icke
136 1453 67 22 finnes
219 1455 38 21 och
276 1455 67 21 mäste
361 1454 69 22 finnas
445 1456 31 20 ett
492 1455 40 21 och
550 1456 65 19 annat
629 1455 82 20 mindre
725 1453 114 26 väsentligt
852 1452 40 21 hos

71 1483 38 20 vär
130 1483 128 27 statskyrka,
277 1489 46 15 som
344 1483 81 21 tarfvar
447 1483 99 22 rättelser
570 1483 40 21 och
633 1483 113 26 tidsenliga
767 1481 126 22 förbättrin-

70 1517 44 20 gar.
152 1511 49 21 Men
226 1511 205 28 grundprinciperna
456 1511 40 22 hos
523 1511 40 22 den
590 1511 39 21 och
655 1511 48 22 dess
728 1509 115 28 inflytande
865 1509 28 27 pä

71 1539 47 21 värt
132 1539 57 22 folks
205 1540 81 27 sedliga
303 1540 127 27 uppfostran
453 1540 40 21 och
508 1540 67 21 moral
592 1542 55 19 samt
665 1539 28 28 pä
708 1545 26 15 en
748 1537 145 29 betryggande
