1089 1731
354 137 91 22 Borgarest.
457 136 46 19 1888.
526 136 18 19 19
557 136 39 23 Maj.
833 137 44 18 1213

74 207 43 26 mig
133 208 32 19 att
181 206 122 21 sedermera
317 206 35 21 vid
368 206 27 21 de
410 205 105 22 särskilea
530 205 154 28 paragraferna
700 205 99 27 möjligen
815 207 23 21 få
848 208 53 25 göra

73 235 67 26 nägra
155 234 164 27 anmärkningar
334 234 7 21 i
357 234 73 27 detalj.

142 263 31 20 Hr
189 263 176 21 Hasselblatt:
381 263 42 26 Jag
438 262 93 27 begärde
547 263 68 25 ordet,
631 262 34 21 för
679 264 33 19 att
723 263 62 20 ocksä
799 263 37 26 jag
847 265 53 20 mot-

74 293 56 19 sätta
145 291 43 27 mig
203 291 26 21 hr
245 291 119 22 Snellmans
379 291 82 26 förslag
473 291 80 26 derom,
565 293 32 19 att
611 291 59 21 detta
680 291 220 27 författningsförslag

73 319 47 22 icke
139 319 70 22 skulle
228 320 35 20 vid
283 319 68 21 denna
369 319 103 27 landtdag
491 321 95 25 antagas.
617 319 43 22 Det
679 319 34 21 mä
730 325 66 20 gerna
811 319 89 27 medgif-

74 354 44 20 vas,
130 350 32 19 att
178 348 59 21 detta
252 347 115 27 lagförslag
382 348 54 21 lider
451 347 24 22 af
489 347 78 22 brister
583 348 39 21 och
634 347 208 27 ofullständigheter,
853 354 47 15 men

74 377 36 21 det
129 377 63 20 säkra
210 378 24 19 är
250 376 61 27 dock,
326 379 31 18 att
375 382 75 21 genom
467 377 125 25 detsamma,
608 383 33 14 om
659 377 36 20 det
710 377 41 20 blir
766 377 41 26 lag,
824 382 26 15 en
866 378 35 19 vä-

74 405 77 26 sentlig
171 405 54 21 brist
243 405 104 26 afhjelpes
367 405 26 26 pä
409 405 40 21 den
465 405 138 21 ekonomiska
619 404 172 27 lagstiftningens
807 404 93 21 omräde.

75 433 38 22 Om
134 439 49 15 man
202 433 114 27 genomgår
335 434 35 20 det
385 433 121 21 statistiska
522 433 103 26 materiel,
642 439 45 15 som
704 434 41 21 den
760 433 80 21 komit6
856 432 45 21 haft

74 464 32 19 att
120 462 69 27 tillgä,
205 468 44 15 som
266 462 108 21 förberedt
389 462 69 21 denna
474 462 133 27 författning,
622 462 24 21 sä
661 461 56 22 skall
733 468 48 15 man
793 461 63 26 finna,
870 463 32 19 att

73 491 7 21 i
96 491 117 21 allmänhet
227 491 35 21 vid
277 490 93 22 fabriker
385 491 6 21 i
407 490 48 22 värt
470 491 50 21 land
537 491 50 20 barn
605 491 109 20 användas
729 491 32 20 till
773 490 74 21 arbete
857 489 45 21 lika

74 520 62 26 länge
152 526 45 14 som
213 526 66 20 yngre
293 526 108 20 personer,
417 519 39 21 och
471 521 33 19 att
519 519 142 21 öfverhufvud
677 519 132 21 arbetstiden
821 518 33 22 för
864 524 37 21 yn-

75 554 36 21 gre
127 548 39 21 och
182 548 59 21 äldre
257 548 97 20 arbetare
370 548 35 20 vid
421 554 82 14 samma
518 548 71 20 fabrik
605 549 24 19 är
644 547 129 21 densamma.
797 548 38 20 Att
845 547 56 21 häri-

74 582 76 22 genom
171 576 25 22 de
216 582 67 21 ungas
301 576 80 22 krafter
396 578 61 24 tagas
474 578 84 24 strängt
573 577 6 20 i
595 576 100 26 anspråk,
711 578 24 19 är
751 576 109 26 naturligt,
876 575 26 21 li-

74 605 73 22 kasom
166 605 65 21 också
248 607 31 19 att
294 605 57 21 detta
367 605 73 21 arbete
455 605 36 21 vid
507 604 78 26 många
599 604 118 22 industrier
731 605 46 21 icke
793 604 42 21 kan
851 610 51 14 vara

74 636 51 19 utan
143 634 93 26 verkligt
254 640 48 14 men
320 633 33 21 för
372 634 26 20 de
417 640 68 20 ungas
503 633 61 21 helsa
579 633 40 21 och
634 633 124 27 kroppsliga
773 632 128 26 utveckling.

74 662 43 21 Det
136 668 37 15 var
189 662 27 27 på
231 662 69 21 denna
315 661 68 27 grund
399 662 116 21 ständerna
530 662 35 20 vid
581 668 26 14 en
623 662 93 26 tidigare
732 662 102 26 landtdag
848 661 54 26 peti-

74 690 110 22 tionerade
203 696 34 16 om
257 692 30 19 att
307 690 21 21 få
347 691 32 25 sig
398 690 108 27 förelagdt
524 692 31 19 ett
570 690 124 26 lagförslag,
710 696 44 15 som
771 690 70 21 skulle
856 688 46 22 afse

75 719 134 27 bestämning
224 719 31 21 till
269 719 67 27 skydd
348 718 33 21 för
393 719 64 21 barns
471 719 40 21 och
523 719 155 26 minderårigas
689 718 214 26 öfveransträngning

75 748 7 20 i
101 748 146 27 yrkesarbete.
276 748 11 20 I
309 748 26 20 de
358 746 61 22 flesta
437 748 68 20 andra
524 748 75 20 länder
617 747 39 21 har
675 747 65 21 också
758 749 70 19 staten
847 746 56 20 måst

75 776 62 21 träda
153 776 89 21 emellan
259 776 47 21 med
321 776 148 26 skyddslagar,
481 775 132 22 beträffande
628 776 59 20 såväl
699 775 153 26 minderårigas
864 774 39 21 och

74 810 57 21 unga
146 810 113 21 personers
274 804 129 26 anställning
418 804 7 21 i
441 804 81 26 arbete,
538 810 45 15 som
600 804 65 21 också
676 804 133 21 beträffande
821 803 82 21 arbets-

75 833 65 26 tiden,
156 833 162 21 arbetslönerna
333 839 26 15 m.
375 839 28 15 m.
430 832 45 22 Och
491 833 38 21 der
545 839 26 14 en
587 832 56 27 gång
657 832 152 26 lagstifningen
825 831 78 21 inskri-

75 861 38 26 dit,
133 862 38 20 der
189 862 40 20 har
248 861 40 21 den
307 861 110 21 efterhand
437 861 48 26 gått
503 861 40 21 allt
562 862 73 25 längre
655 861 39 21 och
714 861 73 26 längre
805 860 6 20 i
828 859 74 27 skydd,

75 890 143 21 allteftersom
234 890 244 26 mensklighetskänslan
494 891 88 26 upprest
597 890 32 26 sig
646 891 45 19 mot
705 888 93 22 rådande
809 888 95 21 missför-

77 918 120 21 hållanden.
221 930 22 3 —
262 918 33 21 Då
314 918 35 21 det
367 924 29 15 nu
413 918 62 21 äfven
495 919 6 20 i
521 918 48 21 vårt
583 918 58 26 land,
657 918 67 27 enligt
739 918 54 20 hvad
809 923 45 15 som
870 918 34 19 ut-

78 947 65 26 redts,
159 947 199 21 missförhållanden
375 947 116 21 förefinnas
509 947 28 26 på
556 947 59 20 detta
634 947 95 25 område,
747 947 24 20 så
790 951 63 16 anser
866 945 38 26 jag

77 975 34 21 för
129 975 43 21 min
191 975 41 26 del,
248 977 31 19 att
298 975 53 21 både
372 976 104 20 rättvisan
492 975 38 22 och
546 975 116 21 klokheten
678 975 71 26 bjuda,
765 977 31 18 att
811 973 93 27 lagstift-

77 1004 77 26 ningen
174 1003 62 22 äfven
255 1004 39 21 här
308 1004 94 27 ingriper
417 1004 33 21 till
467 1004 68 27 skydd
550 1003 34 22 för
599 1004 126 21 arbetarnes
740 1003 60 22 helsa
815 1002 39 21 och
870 1008 34 15 ar-

77 1032 136 21 betskrafter.
232 1033 40 26 Jag
285 1033 36 20 ber
333 1032 73 21 derför
417 1034 32 19 att
460 1032 22 21 få
493 1033 84 20 biträda
586 1032 37 21 det
632 1032 147 27 föreliggande
790 1030 114 27 lagförsla-

77 1064 36 23 get
132 1061 38 21 och
190 1062 31 19 att
239 1061 22 21 få
275 1063 100 19 motsätta
391 1061 42 26 mig
449 1061 38 21 det
501 1061 24 21 af
537 1061 26 20 hr
579 1061 108 21 Snellman
704 1061 75 20 väckta
794 1059 109 26 förslaget.

145 1089 34 21 Då
199 1089 88 22 härmed
306 1089 148 21 diskussionen
473 1089 135 21 förklarades
627 1089 100 26 afslutad,
747 1087 113 28 uppstälde
878 1087 26 20 hr

76 1117 123 22 talmannen
215 1118 94 27 följande
324 1118 288 27 omröstningsproposition:

144 1145 41 27 De,
204 1145 69 22 hvilka
294 1145 53 29 vilja
365 1145 88 28 öfvergå
469 1146 32 21 till
516 1153 25 14 en
557 1146 95 26 definitiv
667 1145 124 26 behandling
808 1144 23 27 af
847 1143 34 22 det
896 1144 8 20 i

76 1173 141 28 lagutskottets
231 1174 138 27 förevarande
385 1174 129 21 betänkande
532 1175 103 26 ingående
650 1173 135 28 lagförslaget
796 1172 107 27 paragraf

75 1202 37 27 för
124 1203 111 27 paragraf,
251 1205 57 19 rösta
325 1203 38 28 ja;
379 1203 30 26 de,
426 1203 34 21 det
475 1203 43 21 icke
532 1205 59 25 göra,
606 1204 59 20 rösta
679 1203 48 27 nej;

144 1231 73 21 vinner
235 1232 44 27 nej,
297 1232 38 21 har
354 1231 172 28 borgareståndet
544 1231 83 22 beslutit
645 1233 30 20 att
697 1230 101 22 behandla
817 1229 87 22 ärendet

77 1260 8 20 i
99 1259 90 27 enlighet
203 1261 48 20 med
264 1260 27 21 hr
305 1260 119 21 Snellmans
439 1260 86 27 förslag.

144 1288 142 22 Alldenstund
302 1289 69 21 denna
386 1289 132 26 proposition
535 1289 34 20 vid
585 1289 85 21 anstäld
686 1289 69 20 sluten
771 1287 133 26 omröstning

76 1317 129 21 besvarades
221 1318 48 21 med
284 1317 27 22 35
325 1317 22 27 ja
363 1317 39 22 och
419 1318 24 21 17
461 1317 41 27 nej,
514 1324 37 14 var
567 1317 97 21 ståndets
680 1317 69 21 beslut
765 1317 32 20 att
811 1315 93 21 omedel-

75 1345 49 21 bart
139 1345 73 22 skrida
227 1346 33 21 till
275 1345 94 22 definitiv
385 1346 131 26 behandling
531 1345 22 22 af
563 1346 140 26 lagförslaget
713 1343 102 29 paragraf
824 1343 33 21 för
868 1349 36 20 pa-

76 1373 78 57 AKI
174 1373 39 22 och
236 1375 73 26 vidtog
331 1374 85 22 ständet
437 1374 7 21 i
464 1374 77 22 sädant
559 1374 101 22 afseende
679 1374 48 21 med
745 1371 158 29 granskningen

75 1400 16 34 ai
140 1403 18 21 1.
609 1420 2 2 N

143 1431 81 21 Härvid
240 1432 84 26 yttrade

144 1459 25 21 hr
184 1459 122 21 Neovius:
322 1459 10 21 I
348 1459 11 27 8
377 1460 10 20 1
405 1460 38 20 har
459 1460 106 20 utskottet
579 1460 58 26 gjort
652 1465 26 15 en
693 1458 125 26 förändring
831 1456 23 22 af
864 1457 40 20 den

75 1487 78 27 nådiga
167 1488 166 26 propositionen,
345 1488 24 20 sä
383 1488 34 20 till
432 1488 49 20 vida
497 1489 31 19 att
543 1488 26 26 pä
580 1488 14 21 4
605 1487 65 21 raden
682 1488 65 20 orden
759 1486 82 28 ,sävidt
852 1485 52 26 möj-

74 1516 51 26 ligt"
147 1515 64 22 hafva
232 1516 108 26 inskjutits
359 1516 90 21 framför
468 1516 65 21 orden
554 1522 47 21 ,ren
622 1516 59 21 luft.*
711 1516 48 20 Men
778 1514 125 26 härigenom

74 1543 33 21 får
126 1544 126 26 paragrafen
271 1546 31 19 ett
317 1544 96 21 särdeles
429 1544 116 22 sväfvande
561 1544 91 27 uttryck.
682 1544 31 20 På
729 1544 24 20 11
771 1543 62 21 sidan
849 1542 55 20 före-
