1081 1734
332 142 93 22 Borgarest.
437 142 44 18 1888.
506 142 22 18 26
540 142 49 22 April.
820 142 33 18 187

49 211 51 26 ning
116 210 22 22 af
152 211 103 21 beslutets
271 210 86 27 omfång
373 210 39 22 och
427 211 56 25 vidd,
500 217 45 15 som
565 211 23 21 af
605 211 26 21 hr
650 211 77 27 Elving
747 210 70 22 blifvit
832 212 43 21 for-

50 239 102 21 mulerad.

119 268 31 20 Hr
165 267 129 27 Eneberg:
310 268 41 26 Jag
367 268 80 26 nödgas
463 268 27 26 på
505 268 36 20 det
556 268 145 20 bestämdaste
716 269 101 19 motsätta
831 268 44 26 mig

50 296 37 20 det
105 296 23 21 af
144 296 26 20 hr
188 296 76 27 Elving
286 296 115 26 uppstälda
419 296 97 26 vilkoret,
536 302 45 14 som
597 296 66 27 enligt
679 296 42 20 min
737 296 55 26 åsigt
807 296 45 20 står
868 296 7 20 i

50 324 120 26 fullkomlig
186 324 53 21 strid
253 326 45 19 mot
312 324 238 27 landtdagsordningen.
573 324 76 21 Vilkor
664 324 72 21 kunna
748 324 25 27 ju
791 324 7 21 i
821 324 55 21 vissa

50 352 38 22 fall
103 353 125 26 uppställas,
247 353 35 20 det
302 352 54 21 skall
372 352 46 21 icke
434 352 106 27 förnekas,
555 359 48 15 men
619 353 63 21 dessa
697 353 68 21 vilkor
781 353 52 20 böra
848 352 28 21 dä

50 383 50 19 röra
118 387 100 21 personer
242 381 50 21 eller
310 381 156 26 förhällanden,
486 387 45 15 som
551 381 32 21 stä
598 383 59 19 utom
673 381 202 26 representationen.

51 409 124 27 Uppställer
190 416 48 14 man
254 410 95 20 deremot
367 410 76 25 vilkor,
463 416 45 14 som
528 409 63 21 träffa
608 410 146 25 medständen,
771 409 24 21 sä
810 409 65 21 fattar

51 445 48 14 man
115 439 7 20 i
138 438 74 27 sjelfva
226 439 75 20 verket
316 440 31 19 ett
365 438 77 24 beslut,
461 444 46 15 som
526 439 108 20 eventuelt
648 438 43 21 kan
707 438 86 21 komma
808 440 31 19 att
855 437 23 22 af

52 467 41 21 den
108 467 126 21 beslutande
249 466 49 27 sjelf
311 467 84 25 ändras,
411 467 40 20 och
467 469 68 18 stöter
552 467 90 20 sälunda
659 468 44 19 mot
714 467 162 26 landtdagsord-

52 495 89 26 ningens
156 495 115 26 föreskrift,
287 497 31 19 att
334 495 100 21 ständens
449 495 71 21 beslut
536 495 18 27 ej
570 495 21 21 fä
607 495 83 26 ändras,
707 495 18 27 ej
741 501 38 16 ens
793 495 36 21 vid
842 495 35 27 ju-

52 524 113 27 steringen.
198 523 49 22 Men
266 523 59 21 detta
340 523 69 21 vilkor
425 524 76 21 strider
517 523 18 27 ej
551 524 92 21 allenast
655 526 44 18 mot
714 523 162 27 landtdagsord-

52 552 84 27 ningen,
160 553 35 20 det
217 552 93 21 kränker
329 552 61 21 äfven
408 552 151 21 medständens
578 552 41 21 fria
639 552 125 21 beslutande
779 554 42 19 rätt
837 551 39 22 och

52 581 55 21 inför
125 581 7 21 i
148 581 36 21 vär
199 581 186 26 landtdagspraxis
401 587 25 14 en
444 580 55 21 falsk
518 581 89 26 princip,
623 587 46 15 som
684 581 7 20 i
705 581 113 20 framtiden
833 580 44 21 kan

52 609 66 22 hafva
133 609 135 28 olycksdigra
282 609 84 26 följder.
396 609 41 26 Jag
452 609 64 27 yrkar
533 609 71 21 derför
620 610 31 19 att
667 609 59 21 detta
740 609 69 21 vilkor
825 609 52 20 lem-

54 644 39 15 nas
108 639 52 20 utan
175 637 106 22 afseende.

121 667 32 20 Hr
168 666 76 21 Lille:
270 665 31 21 Hr
316 666 98 26 Högman
430 666 39 21 har
484 665 107 28 beklagat,
607 667 32 20 att
655 667 30 20 ett
701 665 75 22 sädant
790 665 86 27 förslag,

54 701 45 14 som
114 695 37 20 det
165 695 25 20 hr
206 694 76 26 Elving
296 693 113 27 framstält,
425 694 39 21 har
479 696 42 19 sett
537 694 74 27 dagen.
641 694 42 27 Jag
697 694 54 21 hade
762 694 67 21 hellre
840 696 37 19 ön-

54 723 48 21 skat
121 725 33 18 att
172 723 42 20 han
233 723 69 20 skulle
316 723 64 20 hafva
395 723 100 26 beklagat
514 723 35 20 det
568 723 179 27 äskädningssätt,
763 729 45 14 som
824 723 5 20 i
845 728 32 15 re-

54 751 134 21 servationen
207 757 33 14 n:o
260 752 14 20 2
292 751 39 20 har
349 751 56 27 gjort
423 751 32 26 sig
473 751 98 27 gällande
587 751 47 21 frän
649 751 66 26 nägra
729 751 148 21 medlemmars

54 779 23 22 af
91 779 35 22 det
140 779 70 21 finska
224 779 87 26 partiets
327 779 52 26 sida,
395 779 48 21 med
453 779 83 28 hänsyn
550 779 33 21 till
599 786 26 14 en
641 779 23 21 sä
679 779 75 21 rättvis
771 779 44 26 sak,
831 785 46 14 som

54 809 33 20 att
102 807 112 28 tillgodose
230 808 26 20 de
272 808 99 27 sällskap,
391 814 44 15 som
454 808 39 21 här
513 808 7 21 i
536 808 73 21 landet
624 808 75 21 arbeta
713 807 33 22 för
762 808 41 20 den
818 813 60 16 sven-

54 836 40 21 ska
109 836 168 27 folkbildningen
297 837 39 20 och
357 836 40 21 den
417 836 90 21 svenska
526 836 112 21 kulturens
653 836 120 21 bevarande
788 836 39 21 och
842 837 35 19 ut-

54 865 105 26 veckling.
190 865 42 21 Det
250 867 24 19 är
292 865 124 26 visserligen
435 865 47 21 icke
501 865 82 21 okändt
601 865 47 21 frän
667 866 83 20 senaste
769 864 108 26 landtdag,

55 894 32 20 att
102 894 26 20 hr
143 894 96 26 Högman
255 896 23 18 är
294 900 26 14 en
335 893 49 27 ifrig
403 894 121 26 anhängare
543 894 24 20 af
579 894 42 20 den
635 894 24 20 sä
674 893 84 21 kallade
774 893 104 27 sjuätton-

55 922 73 21 dedels
151 922 111 26 politiken,
284 928 49 14 men
357 923 32 20 att
407 922 68 21 denna
493 922 78 26 politik
589 922 68 21 skulle
672 922 72 21 kunna
759 921 80 21 drifvas
855 920 24 22 sä

55 950 65 27 långt,
137 956 45 15 som
192 950 43 21 han
245 950 39 21 har
295 950 73 21 drifvit
379 950 40 21 den
430 950 43 26 det
487 950 56 22 hade
555 951 37 27 jag
608 950 133 26 sannerligen
756 951 47 20 icke
817 951 60 19 trott.

56 979 47 21 Han
123 980 61 25 säger
204 979 112 27 nemligen,
335 981 32 19 att
386 979 27 21 dä
428 979 109 26 Längman
556 980 161 20 testamenterat
733 980 68 20 större
817 978 61 21 delen

55 1007 23 21 af
92 1007 31 21 sin
138 1007 146 27 förmögenhet
299 1007 22 21 ät
336 1008 37 20 det
388 1007 91 21 svenska
493 1007 68 21 folket
576 1008 39 20 och
631 1008 74 20 endast
715 1013 26 15 en
751 1007 82 21 mindre
843 1006 36 20 del

55 1036 22 20 åt
88 1036 36 20 det
133 1035 75 27 finska,
224 1035 24 21 sä
263 1042 50 14 vore
329 1036 36 20 det
377 1037 63 25 orätt,
456 1042 34 14 om
505 1042 49 15 man
571 1036 68 20 skulle
655 1035 86 21 anhålla
755 1042 34 14 om
805 1034 74 26 anslag

55 1064 33 21 för
103 1064 40 21 den
158 1064 90 20 svenska
264 1064 151 26 befolkningen
430 1065 7 20 i
453 1064 59 21 detta
527 1064 50 21 land
593 1064 22 21 af
628 1064 39 21 den
684 1064 41 26 del,
740 1070 45 15 som
801 1065 23 19 är
839 1062 40 28 gif-

55 1098 40 15 ven
110 1092 22 21 ät
147 1092 36 21 det
197 1092 70 21 finska
285 1092 74 22 folket.
389 1093 66 21 Detta
473 1094 24 19 är
513 1099 29 14 nu
557 1094 32 19 ett
603 1092 196 27 uppfattningssätt,
815 1091 64 21 hvars

54 1122 91 25 yttersta
160 1120 133 27 konsegvens
308 1121 47 21 icke
370 1121 43 21 kan
428 1120 66 22 blifva
509 1123 71 23 annat,
596 1123 27 19 än
639 1122 32 20 att
685 1121 40 21 den
741 1120 90 22 svenska
846 1122 33 18 ta-

55 1149 63 21 lande
136 1149 151 27 befolkningen
305 1150 48 20 icke
376 1150 6 20 i
404 1149 76 27 sjelfva
498 1150 75 20 verket
592 1150 68 20 skulle
675 1150 86 20 tillhöra
776 1148 103 22 Finlands

55 1178 51 20 folk.
129 1178 31 20 Hr
173 1178 98 26 Högman
286 1178 38 20 har
340 1178 109 21 dessutom
465 1178 55 26 gjort
531 1178 165 26 anmärkningar
706 1179 56 20 emot
773 1177 107 27 ,Svenska

55 1206 141 21 Folkskolans
211 1206 101 21 vänners*
329 1208 44 19 sätt
383 1208 32 19 att
430 1206 99 21 använda
540 1207 46 21 sina
601 1206 76 22 medel.
707 1206 48 21 Han
770 1208 62 24 säger
847 1206 33 20 att

56 1235 62 21 dessa
132 1234 7 21 i
153 1234 89 22 främsta
257 1236 91 20 rummet
367 1234 108 22 användas
495 1235 32 21 för
546 1235 142 21 befordrande
703 1235 24 21 af
739 1234 141 28 uppkomsten

56 1262 22 22 af
92 1262 125 22 folkskolor.
247 1263 65 21 Detta
328 1265 23 19 är
366 1263 125 27 visserligen
509 1263 66 27 fallet,
591 1270 48 14 men
655 1263 106 27 ,Svenska
776 1262 104 22 Folksko-

55 1291 46 22 lans
116 1292 90 20 vänner*
222 1291 72 22 utdela
309 1292 66 21 ocksä
389 1292 32 21 till
439 1291 106 28 betydligt
563 1292 59 21 antal
636 1292 67 26 gratis
719 1291 92 26 skrifter,
826 1290 54 21 hvil-

55 1320 41 21 ken
111 1320 137 21 verksamhet
263 1320 66 27 enligt
344 1321 149 20 testamentets
503 1320 109 21 föreskrift
623 1321 42 20 kan
676 1320 140 21 understödas
831 1318 49 21 med

56 1349 26 20 de
96 1348 150 26 Längmanska
260 1349 91 20 medlen.
382 1349 123 26 Sällskapet
523 1349 39 20 har
581 1349 105 26 nemligen
705 1349 66 20 under
787 1348 32 21 sin
834 1353 46 15 sex-

55 1376 59 28 åriga
129 1377 83 20 tillvaro
227 1377 32 20 till
275 1377 28 22 45
318 1377 151 21 folkbibliotek
485 1377 39 21 och
539 1377 28 22 28
582 1377 123 26 lotsplatser
719 1377 78 20 skänkt
812 1377 69 20 större

56 1405 51 21 eller
123 1405 81 20 mindre
220 1405 110 21 inbundna
345 1405 166 26 boksamlingar,
530 1406 102 26 derjemte
650 1405 65 21 hafva
732 1405 77 26 mänga
826 1403 55 21 folk-

56 1433 165 21 skolebibliotek
232 1433 84 22 erhällit
331 1433 79 22 böcker
426 1433 39 21 och
480 1433 82 22 kartor.
592 1433 41 28 Jag
648 1435 45 20 tror
708 1433 47 22 icke
770 1434 31 20 att
816 1431 65 22 Folk-

54 1461 254 28 upplysningssällskapet
325 1462 39 21 har
379 1463 33 20 att
427 1462 90 26 uppvisa
533 1469 26 14 en
577 1462 177 27 gratisuldelning
773 1461 22 22 af
809 1460 72 21 litera-

54 1491 35 20 tur
104 1490 8 21 i
127 1490 23 21 sä
165 1491 55 20 stort
234 1490 92 27 omfäng,
342 1497 45 14 som
403 1490 108 27 ,Svenska
526 1491 142 21 Folkskolans
683 1490 96 26 vänner*,
795 1495 35 15 om
845 1489 36 20 det

55 1518 40 21 alls
105 1518 67 27 gratis
182 1519 84 20 utdelar
280 1519 67 26 några
363 1518 93 22 skrifter.
480 1519 42 20 För
537 1519 64 27 öfrigt
617 1521 23 19 är
656 1519 107 27 ,Svenska
776 1517 105 22 Folksko-

54 1547 47 20 lans
116 1548 100 19 vänners*
232 1547 138 21 verksamhet
385 1547 24 20 af
424 1547 41 20 den
481 1547 134 27 omfattning,
631 1548 32 20 att
677 1546 204 28 Folkupplysnings-
