<?xml version="1.0" encoding="UTF-8"?>
<alto xmlns="http://www.loc.gov/standards/alto/ns-v3#" xmlns:xlink="http://www.w3.org/1999/xlink" xmlns:xsi="http://www.w3.org/2001/XMLSchema-instance" xsi:schemaLocation="http://www.loc.gov/standards/alto/ns-v3# http://www.loc.gov/alto/v3/alto-3-0.xsd">
	<Description>
		<MeasurementUnit>pixel</MeasurementUnit>
		<sourceImageInformation>
			<fileName>/tmp/tess_zq9hr3m6_input.PNG</fileName>
		</sourceImageInformation>
		<OCRProcessing ID="OCR_0">
			<ocrProcessingStep>
				<processingSoftware>
					<softwareName>tesseract 5.3.4</softwareName>
				</processingSoftware>
			</ocrProcessingStep>
		</OCRProcessing>
	</Description>
	<Layout>
		<Page WIDTH="1081" HEIGHT="1736" PHYSICAL_IMG_NR="0" ID="page_0">
			<PrintSpace HPOS="0" VPOS="0" WIDTH="1081" HEIGHT="1736">
				<ComposedBlock ID="cblock_0" HPOS="209" VPOS="133" WIDTH="521" HEIGHT="23">
					<TextBlock ID="block_0" HPOS="209" VPOS="133" WIDTH="521" HEIGHT="23">
						<TextLine ID="line_0" HPOS="209" VPOS="133" WIDTH="521" HEIGHT="23">
							<String ID="string_0" HPOS="209" VPOS="134" WIDTH="34" HEIGHT="17" WC="0.90" CONTENT="796"/><SP WIDTH="228" VPOS="134" HPOS="243"/>
							<String ID="string_1" HPOS="471" VPOS="133" WIDTH="92" HEIGHT="22" WC="0.92" CONTENT="Borgarest."/><SP WIDTH="12" VPOS="133" HPOS="563"/>
							<String ID="string_2" HPOS="575" VPOS="133" WIDTH="46" HEIGHT="19" WC="0.95" CONTENT="1888."/><SP WIDTH="25" VPOS="133" HPOS="621"/>
							<String ID="string_3" HPOS="646" VPOS="133" WIDTH="21" HEIGHT="19" WC="0.81" CONTENT="38"/><SP WIDTH="12" VPOS="133" HPOS="667"/>
							<String ID="string_4" HPOS="679" VPOS="133" WIDTH="51" HEIGHT="23" WC="0.96" CONTENT="April."/>
						</TextLine>
					</TextBlock>
				</ComposedBlock>
				<ComposedBlock ID="cblock_1" HPOS="187" VPOS="201" WIDTH="827" HEIGHT="397">
					<TextBlock ID="block_1" HPOS="187" VPOS="201" WIDTH="827" HEIGHT="55">
						<TextLine ID="line_1" HPOS="187" VPOS="201" WIDTH="827" HEIGHT="27">
							<String ID="string_5" HPOS="187" VPOS="202" WIDTH="170" HEIGHT="26" WC="0.92" CONTENT="krigsmanshus-"/><SP WIDTH="16" VPOS="202" HPOS="357"/>
							<String ID="string_6" HPOS="373" VPOS="202" WIDTH="39" HEIGHT="21" WC="0.93" CONTENT="och"/><SP WIDTH="16" VPOS="202" HPOS="412"/>
							<String ID="string_7" HPOS="428" VPOS="201" WIDTH="271" HEIGHT="22" WC="0.91" CONTENT="militieboställskassorna"/><SP WIDTH="14" VPOS="201" HPOS="699"/>
							<String ID="string_8" HPOS="713" VPOS="202" WIDTH="33" HEIGHT="21" WC="0.94" CONTENT="till"/><SP WIDTH="19" VPOS="202" HPOS="746"/>
							<String ID="string_9" HPOS="765" VPOS="201" WIDTH="108" HEIGHT="21" WC="0.90" CONTENT="allmänna"/><SP WIDTH="15" VPOS="201" HPOS="873"/>
							<String ID="string_10" HPOS="888" VPOS="201" WIDTH="126" HEIGHT="22" WC="0.90" CONTENT="militiekas-"/>
						</TextLine>
						<TextLine ID="line_2" HPOS="188" VPOS="230" WIDTH="338" HEIGHT="26">
							<String ID="string_11" HPOS="188" VPOS="236" WIDTH="38" HEIGHT="15" WC="0.96" CONTENT="san"/><SP WIDTH="16" VPOS="236" HPOS="226"/>
							<String ID="string_12" HPOS="242" VPOS="230" WIDTH="23" HEIGHT="21" WC="0.96" CONTENT="af"/><SP WIDTH="14" VPOS="230" HPOS="265"/>
							<String ID="string_13" HPOS="279" VPOS="230" WIDTH="106" HEIGHT="22" WC="0.96" CONTENT="särskilda"/><SP WIDTH="15" VPOS="230" HPOS="385"/>
							<String ID="string_14" HPOS="400" VPOS="230" WIDTH="126" HEIGHT="26" WC="0.96" CONTENT="inkomster;"/>
						</TextLine>
					</TextBlock>
					<TextBlock ID="block_2" HPOS="188" VPOS="258" WIDTH="825" HEIGHT="141">
						<TextLine ID="line_3" HPOS="257" VPOS="258" WIDTH="756" HEIGHT="30">
							<String ID="string_15" HPOS="257" VPOS="260" WIDTH="32" HEIGHT="20" WC="0.96" CONTENT="att"/><SP WIDTH="15" VPOS="260" HPOS="289"/>
							<String ID="string_16" HPOS="304" VPOS="258" WIDTH="85" HEIGHT="22" WC="0.96" CONTENT="ståndet"/><SP WIDTH="15" VPOS="258" HPOS="389"/>
							<String ID="string_17" HPOS="404" VPOS="259" WIDTH="95" HEIGHT="29" WC="0.93" CONTENT="godkänt"/><SP WIDTH="15" VPOS="259" HPOS="499"/>
							<String ID="string_18" HPOS="514" VPOS="258" WIDTH="218" HEIGHT="22" WC="0.92" CONTENT="ekonomiutskottets"/><SP WIDTH="19" VPOS="258" HPOS="732"/>
							<String ID="string_19" HPOS="751" VPOS="258" WIDTH="137" HEIGHT="22" WC="0.96" CONTENT="betänkande"/><SP WIDTH="18" VPOS="258" HPOS="888"/>
							<String ID="string_20" HPOS="906" VPOS="264" WIDTH="34" HEIGHT="15" WC="0.96" CONTENT="n:o"/><SP WIDTH="21" VPOS="264" HPOS="940"/>
							<String ID="string_21" HPOS="961" VPOS="259" WIDTH="24" HEIGHT="21" WC="0.94" CONTENT="11"/><SP WIDTH="20" VPOS="259" HPOS="985"/>
							<String ID="string_22" HPOS="1005" VPOS="258" WIDTH="8" HEIGHT="21" WC="0.94" CONTENT="i"/>
						</TextLine>
						<TextLine ID="line_4" HPOS="189" VPOS="286" WIDTH="824" HEIGHT="28">
							<String ID="string_23" HPOS="189" VPOS="287" WIDTH="114" HEIGHT="27" WC="0.95" CONTENT="anledning"/><SP WIDTH="15" VPOS="287" HPOS="303"/>
							<String ID="string_24" HPOS="318" VPOS="287" WIDTH="23" HEIGHT="21" WC="0.96" CONTENT="af"/><SP WIDTH="14" VPOS="287" HPOS="341"/>
							<String ID="string_25" HPOS="355" VPOS="288" WIDTH="31" HEIGHT="20" WC="0.96" CONTENT="ett"/><SP WIDTH="15" VPOS="288" HPOS="386"/>
							<String ID="string_26" HPOS="401" VPOS="288" WIDTH="57" HEIGHT="19" WC="0.96" CONTENT="inom"/><SP WIDTH="15" VPOS="288" HPOS="458"/>
							<String ID="string_27" HPOS="473" VPOS="287" WIDTH="148" HEIGHT="26" WC="0.96" CONTENT="ridderskapet"/><SP WIDTH="11" VPOS="287" HPOS="621"/>
							<String ID="string_28" HPOS="632" VPOS="287" WIDTH="40" HEIGHT="20" WC="0.96" CONTENT="och"/><SP WIDTH="11" VPOS="287" HPOS="672"/>
							<String ID="string_29" HPOS="683" VPOS="287" WIDTH="63" HEIGHT="21" WC="0.96" CONTENT="adeln"/><SP WIDTH="15" VPOS="287" HPOS="746"/>
							<String ID="string_30" HPOS="761" VPOS="286" WIDTH="64" HEIGHT="21" WC="0.93" CONTENT="väckt"/><SP WIDTH="15" VPOS="286" HPOS="825"/>
							<String ID="string_31" HPOS="840" VPOS="286" WIDTH="173" HEIGHT="27" WC="0.91" CONTENT="motionsförslag"/>
						</TextLine>
						<TextLine ID="line_5" HPOS="189" VPOS="315" WIDTH="824" HEIGHT="27">
							<String ID="string_32" HPOS="189" VPOS="321" WIDTH="33" HEIGHT="15" WC="0.92" CONTENT="om"/><SP WIDTH="6" VPOS="321" HPOS="222"/>
							<String ID="string_33" HPOS="228" VPOS="311" WIDTH="10" HEIGHT="35" WC="0.91" CONTENT="&#39;"/><SP WIDTH="7" VPOS="311" HPOS="238"/>
							<String ID="string_34" HPOS="245" VPOS="315" WIDTH="151" HEIGHT="27" WC="0.92" CONTENT="upphäfvande"/><SP WIDTH="19" VPOS="315" HPOS="396"/>
							<String ID="string_35" HPOS="415" VPOS="315" WIDTH="22" HEIGHT="21" WC="0.96" CONTENT="af"/><SP WIDTH="19" VPOS="315" HPOS="437"/>
							<String ID="string_36" HPOS="456" VPOS="315" WIDTH="139" HEIGHT="26" WC="0.96" CONTENT="kungörelsen"/><SP WIDTH="20" VPOS="315" HPOS="595"/>
							<String ID="string_37" HPOS="615" VPOS="315" WIDTH="22" HEIGHT="21" WC="0.96" CONTENT="af"/><SP WIDTH="18" VPOS="315" HPOS="637"/>
							<String ID="string_38" HPOS="655" VPOS="315" WIDTH="41" HEIGHT="21" WC="0.96" CONTENT="den"/><SP WIDTH="19" VPOS="315" HPOS="696"/>
							<String ID="string_39" HPOS="715" VPOS="316" WIDTH="28" HEIGHT="20" WC="0.96" CONTENT="20"/><SP WIDTH="18" VPOS="316" HPOS="743"/>
							<String ID="string_40" HPOS="761" VPOS="315" WIDTH="115" HEIGHT="21" WC="0.95" CONTENT="november"/><SP WIDTH="20" VPOS="315" HPOS="876"/>
							<String ID="string_41" HPOS="896" VPOS="315" WIDTH="62" HEIGHT="26" WC="0.91" CONTENT="1882,"/><SP WIDTH="18" VPOS="315" HPOS="958"/>
							<String ID="string_42" HPOS="976" VPOS="321" WIDTH="37" HEIGHT="15" WC="0.90" CONTENT="an-"/>
						</TextLine>
						<TextLine ID="line_6" HPOS="188" VPOS="343" WIDTH="825" HEIGHT="28">
							<String ID="string_43" HPOS="188" VPOS="344" WIDTH="82" HEIGHT="27" WC="0.96" CONTENT="gående"/><SP WIDTH="15" VPOS="344" HPOS="270"/>
							<String ID="string_44" HPOS="285" VPOS="344" WIDTH="160" HEIGHT="26" WC="0.96" CONTENT="tillämpningen"/><SP WIDTH="16" VPOS="344" HPOS="445"/>
							<String ID="string_45" HPOS="461" VPOS="343" WIDTH="22" HEIGHT="22" WC="0.96" CONTENT="af"/><SP WIDTH="14" VPOS="343" HPOS="483"/>
							<String ID="string_46" HPOS="497" VPOS="343" WIDTH="78" HEIGHT="26" WC="0.96" CONTENT="nådiga"/><SP WIDTH="15" VPOS="343" HPOS="575"/>
							<String ID="string_47" HPOS="590" VPOS="343" WIDTH="152" HEIGHT="27" WC="0.96" CONTENT="förordningen"/><SP WIDTH="19" VPOS="343" HPOS="742"/>
							<String ID="string_48" HPOS="761" VPOS="343" WIDTH="23" HEIGHT="22" WC="0.96" CONTENT="af"/><SP WIDTH="17" VPOS="343" HPOS="784"/>
							<String ID="string_49" HPOS="801" VPOS="343" WIDTH="41" HEIGHT="21" WC="0.96" CONTENT="den"/><SP WIDTH="15" VPOS="343" HPOS="842"/>
							<String ID="string_50" HPOS="857" VPOS="344" WIDTH="28" HEIGHT="21" WC="0.96" CONTENT="20"/><SP WIDTH="15" VPOS="344" HPOS="885"/>
							<String ID="string_51" HPOS="900" VPOS="343" WIDTH="40" HEIGHT="27" WC="0.96" CONTENT="maj"/><SP WIDTH="18" VPOS="343" HPOS="940"/>
							<String ID="string_52" HPOS="958" VPOS="343" WIDTH="55" HEIGHT="22" WC="0.96" CONTENT="1878"/>
						</TextLine>
						<TextLine ID="line_7" HPOS="189" VPOS="371" WIDTH="506" HEIGHT="28">
							<String ID="string_53" HPOS="189" VPOS="379" WIDTH="33" HEIGHT="14" WC="0.96" CONTENT="om"/><SP WIDTH="16" VPOS="379" HPOS="222"/>
							<String ID="string_54" HPOS="238" VPOS="373" WIDTH="118" HEIGHT="26" WC="0.96" CONTENT="utgörande"/><SP WIDTH="15" VPOS="373" HPOS="356"/>
							<String ID="string_55" HPOS="371" VPOS="372" WIDTH="22" HEIGHT="21" WC="0.95" CONTENT="af"/><SP WIDTH="14" VPOS="372" HPOS="393"/>
							<String ID="string_56" HPOS="407" VPOS="372" WIDTH="58" HEIGHT="21" WC="0.96" CONTENT="skatt"/><SP WIDTH="15" VPOS="372" HPOS="465"/>
							<String ID="string_57" HPOS="480" VPOS="371" WIDTH="33" HEIGHT="22" WC="0.96" CONTENT="för"/><SP WIDTH="14" VPOS="371" HPOS="513"/>
							<String ID="string_58" HPOS="527" VPOS="372" WIDTH="94" HEIGHT="25" WC="0.96" CONTENT="hundar;"/><SP WIDTH="19" VPOS="372" HPOS="621"/>
							<String ID="string_59" HPOS="640" VPOS="374" WIDTH="55" HEIGHT="19" WC="0.96" CONTENT="samt"/>
						</TextLine>
					</TextBlock>
					<TextBlock ID="block_3" HPOS="188" VPOS="400" WIDTH="826" HEIGHT="198">
						<TextLine ID="line_8" HPOS="258" VPOS="400" WIDTH="756" HEIGHT="27">
							<String ID="string_60" HPOS="258" VPOS="402" WIDTH="32" HEIGHT="20" WC="0.96" CONTENT="att"/><SP WIDTH="15" VPOS="402" HPOS="290"/>
							<String ID="string_61" HPOS="305" VPOS="401" WIDTH="92" HEIGHT="26" WC="0.96" CONTENT="ståndet,"/><SP WIDTH="16" VPOS="401" HPOS="397"/>
							<String ID="string_62" HPOS="413" VPOS="401" WIDTH="65" HEIGHT="20" WC="0.95" CONTENT="sedan"/><SP WIDTH="17" VPOS="401" HPOS="478"/>
							<String ID="string_63" HPOS="495" VPOS="401" WIDTH="86" HEIGHT="20" WC="0.96" CONTENT="ståndet"/><SP WIDTH="15" VPOS="401" HPOS="581"/>
							<String ID="string_64" HPOS="596" VPOS="401" WIDTH="68" HEIGHT="26" WC="0.96" CONTENT="punkt"/><SP WIDTH="15" VPOS="401" HPOS="664"/>
							<String ID="string_65" HPOS="679" VPOS="401" WIDTH="33" HEIGHT="20" WC="0.96" CONTENT="för"/><SP WIDTH="16" VPOS="401" HPOS="712"/>
							<String ID="string_66" HPOS="728" VPOS="400" WIDTH="69" HEIGHT="27" WC="0.96" CONTENT="punkt"/><SP WIDTH="14" VPOS="400" HPOS="797"/>
							<String ID="string_67" HPOS="811" VPOS="400" WIDTH="123" HEIGHT="27" WC="0.93" CONTENT="genomgått"/><SP WIDTH="16" VPOS="400" HPOS="934"/>
							<String ID="string_68" HPOS="950" VPOS="402" WIDTH="64" HEIGHT="19" WC="0.91" CONTENT="stats-"/>
						</TextLine>
						<TextLine ID="line_9" HPOS="188" VPOS="428" WIDTH="825" HEIGHT="27">
							<String ID="string_69" HPOS="188" VPOS="429" WIDTH="117" HEIGHT="21" WC="0.96" CONTENT="utskottets"/><SP WIDTH="15" VPOS="429" HPOS="305"/>
							<String ID="string_70" HPOS="320" VPOS="429" WIDTH="134" HEIGHT="21" WC="0.96" CONTENT="betänkande"/><SP WIDTH="19" VPOS="429" HPOS="454"/>
							<String ID="string_71" HPOS="473" VPOS="435" WIDTH="34" HEIGHT="15" WC="0.96" CONTENT="n:o"/><SP WIDTH="20" VPOS="435" HPOS="507"/>
							<String ID="string_72" HPOS="527" VPOS="429" WIDTH="12" HEIGHT="21" WC="0.96" CONTENT="8"/><SP WIDTH="20" VPOS="429" HPOS="539"/>
							<String ID="string_73" HPOS="559" VPOS="429" WIDTH="6" HEIGHT="20" WC="0.96" CONTENT="i"/><SP WIDTH="20" VPOS="429" HPOS="565"/>
							<String ID="string_74" HPOS="585" VPOS="429" WIDTH="116" HEIGHT="26" WC="0.96" CONTENT="anledning"/><SP WIDTH="16" VPOS="429" HPOS="701"/>
							<String ID="string_75" HPOS="717" VPOS="429" WIDTH="22" HEIGHT="21" WC="0.92" CONTENT="af"/><SP WIDTH="12" VPOS="429" HPOS="739"/>
							<String ID="string_76" HPOS="751" VPOS="428" WIDTH="240" HEIGHT="27" WC="0.91" CONTENT="finans-expeditionens"/><SP WIDTH="15" VPOS="428" HPOS="991"/>
							<String ID="string_77" HPOS="1006" VPOS="429" WIDTH="7" HEIGHT="20" WC="0.96" CONTENT="i"/>
						</TextLine>
						<TextLine ID="line_10" HPOS="188" VPOS="457" WIDTH="826" HEIGHT="28">
							<String ID="string_78" HPOS="188" VPOS="457" WIDTH="115" HEIGHT="28" WC="0.96" CONTENT="kejserliga"/><SP WIDTH="18" VPOS="457" HPOS="303"/>
							<String ID="string_79" HPOS="321" VPOS="459" WIDTH="87" HEIGHT="20" WC="0.96" CONTENT="senaten"/><SP WIDTH="19" VPOS="459" HPOS="408"/>
							<String ID="string_80" HPOS="427" VPOS="457" WIDTH="32" HEIGHT="21" WC="0.96" CONTENT="till"/><SP WIDTH="19" VPOS="457" HPOS="459"/>
							<String ID="string_81" HPOS="478" VPOS="457" WIDTH="115" HEIGHT="22" WC="0.92" CONTENT="ständerna"/><SP WIDTH="18" VPOS="457" HPOS="593"/>
							<String ID="string_82" HPOS="611" VPOS="457" WIDTH="81" HEIGHT="27" WC="0.92" CONTENT="afgifna"/><SP WIDTH="19" VPOS="457" HPOS="692"/>
							<String ID="string_83" HPOS="711" VPOS="457" WIDTH="91" HEIGHT="22" WC="0.95" CONTENT="relation"/><SP WIDTH="20" VPOS="457" HPOS="802"/>
							<String ID="string_84" HPOS="822" VPOS="463" WIDTH="34" HEIGHT="15" WC="0.92" CONTENT="om"/><SP WIDTH="18" VPOS="463" HPOS="856"/>
							<String ID="string_85" HPOS="874" VPOS="457" WIDTH="140" HEIGHT="22" WC="0.90" CONTENT="statsverkets"/>
						</TextLine>
						<TextLine ID="line_11" HPOS="188" VPOS="485" WIDTH="826" HEIGHT="27">
							<String ID="string_86" HPOS="188" VPOS="486" WIDTH="107" HEIGHT="26" WC="0.93" CONTENT="tillstånd,"/><SP WIDTH="16" VPOS="486" HPOS="295"/>
							<String ID="string_87" HPOS="311" VPOS="486" WIDTH="94" HEIGHT="26" WC="0.90" CONTENT="beslutit,"/><SP WIDTH="19" VPOS="486" HPOS="405"/>
							<String ID="string_88" HPOS="424" VPOS="488" WIDTH="31" HEIGHT="19" WC="0.96" CONTENT="att"/><SP WIDTH="16" VPOS="488" HPOS="455"/>
							<String ID="string_89" HPOS="471" VPOS="486" WIDTH="117" HEIGHT="21" WC="0.95" CONTENT="detsamma"/><SP WIDTH="19" VPOS="486" HPOS="588"/>
							<String ID="string_90" HPOS="607" VPOS="486" WIDTH="69" HEIGHT="21" WC="0.95" CONTENT="skulle"/><SP WIDTH="20" VPOS="486" HPOS="676"/>
							<String ID="string_91" HPOS="696" VPOS="486" WIDTH="6" HEIGHT="21" WC="0.96" CONTENT="i"/><SP WIDTH="15" VPOS="486" HPOS="702"/>
							<String ID="string_92" HPOS="717" VPOS="486" WIDTH="37" HEIGHT="21" WC="0.96" CONTENT="det"/><SP WIDTH="15" VPOS="486" HPOS="754"/>
							<String ID="string_93" HPOS="769" VPOS="485" WIDTH="23" HEIGHT="22" WC="0.95" CONTENT="af"/><SP WIDTH="13" VPOS="485" HPOS="792"/>
							<String ID="string_94" HPOS="805" VPOS="486" WIDTH="105" HEIGHT="21" WC="0.93" CONTENT="utskottet"/><SP WIDTH="16" VPOS="486" HPOS="910"/>
							<String ID="string_95" HPOS="926" VPOS="486" WIDTH="12" HEIGHT="21" WC="0.93" CONTENT="å"/><SP WIDTH="15" VPOS="486" HPOS="938"/>
							<String ID="string_96" HPOS="953" VPOS="486" WIDTH="61" HEIGHT="21" WC="0.95" CONTENT="sidan"/>
						</TextLine>
						<TextLine ID="line_12" HPOS="188" VPOS="514" WIDTH="826" HEIGHT="27">
							<String ID="string_97" HPOS="188" VPOS="515" WIDTH="27" HEIGHT="21" WC="0.95" CONTENT="37"/><SP WIDTH="17" VPOS="515" HPOS="215"/>
							<String ID="string_98" HPOS="232" VPOS="515" WIDTH="6" HEIGHT="20" WC="0.96" CONTENT="i"/><SP WIDTH="16" VPOS="515" HPOS="238"/>
							<String ID="string_99" HPOS="254" VPOS="515" WIDTH="145" HEIGHT="20" WC="0.96" CONTENT="betänkandet"/><SP WIDTH="15" VPOS="515" HPOS="399"/>
							<String ID="string_100" HPOS="414" VPOS="515" WIDTH="120" HEIGHT="26" WC="0.93" CONTENT="föreslagna"/><SP WIDTH="19" VPOS="515" HPOS="534"/>
							<String ID="string_101" HPOS="553" VPOS="514" WIDTH="111" HEIGHT="21" WC="0.91" CONTENT="afseendet"/><SP WIDTH="18" VPOS="514" HPOS="664"/>
							<String ID="string_102" HPOS="682" VPOS="515" WIDTH="34" HEIGHT="20" WC="0.96" CONTENT="till"/><SP WIDTH="19" VPOS="515" HPOS="716"/>
							<String ID="string_103" HPOS="735" VPOS="514" WIDTH="59" HEIGHT="21" WC="0.96" CONTENT="Hans"/><SP WIDTH="19" VPOS="514" HPOS="794"/>
							<String ID="string_104" HPOS="813" VPOS="514" WIDTH="120" HEIGHT="27" WC="0.92" CONTENT="Kejserliga"/><SP WIDTH="15" VPOS="514" HPOS="933"/>
							<String ID="string_105" HPOS="948" VPOS="514" WIDTH="66" HEIGHT="27" WC="0.92" CONTENT="Maje-"/>
						</TextLine>
						<TextLine ID="line_13" HPOS="189" VPOS="542" WIDTH="825" HEIGHT="27">
							<String ID="string_106" HPOS="189" VPOS="545" WIDTH="42" HEIGHT="19" WC="0.91" CONTENT="stät"/><SP WIDTH="15" VPOS="545" HPOS="231"/>
							<String ID="string_107" HPOS="246" VPOS="543" WIDTH="107" HEIGHT="26" WC="0.96" CONTENT="insändas,"/><SP WIDTH="16" VPOS="543" HPOS="353"/>
							<String ID="string_108" HPOS="369" VPOS="543" WIDTH="54" HEIGHT="21" WC="0.96" CONTENT="dock"/><SP WIDTH="15" VPOS="543" HPOS="423"/>
							<String ID="string_109" HPOS="438" VPOS="543" WIDTH="49" HEIGHT="21" WC="0.96" CONTENT="med"/><SP WIDTH="15" VPOS="543" HPOS="487"/>
							<String ID="string_110" HPOS="502" VPOS="543" WIDTH="136" HEIGHT="21" WC="0.96" CONTENT="uteslutande"/><SP WIDTH="11" VPOS="543" HPOS="638"/>
							<String ID="string_111" HPOS="649" VPOS="543" WIDTH="23" HEIGHT="21" WC="0.96" CONTENT="af"/><SP WIDTH="9" VPOS="543" HPOS="672"/>
							<String ID="string_112" HPOS="681" VPOS="543" WIDTH="117" HEIGHT="21" WC="0.96" CONTENT="utskottets"/><SP WIDTH="11" VPOS="543" HPOS="798"/>
							<String ID="string_113" HPOS="809" VPOS="543" WIDTH="110" HEIGHT="20" WC="0.92" CONTENT="uttalande"/><SP WIDTH="11" VPOS="543" HPOS="919"/>
							<String ID="string_114" HPOS="930" VPOS="542" WIDTH="12" HEIGHT="21" WC="0.92" CONTENT="å"/><SP WIDTH="12" VPOS="542" HPOS="942"/>
							<String ID="string_115" HPOS="954" VPOS="543" WIDTH="60" HEIGHT="21" WC="0.96" CONTENT="sidan"/>
						</TextLine>
						<TextLine ID="line_14" HPOS="189" VPOS="571" WIDTH="753" HEIGHT="27">
							<String ID="string_116" HPOS="189" VPOS="572" WIDTH="27" HEIGHT="21" WC="0.96" CONTENT="35"/><SP WIDTH="16" VPOS="572" HPOS="216"/>
							<String ID="string_117" HPOS="232" VPOS="571" WIDTH="109" HEIGHT="27" WC="0.93" CONTENT="angående"/><SP WIDTH="16" VPOS="571" HPOS="341"/>
							<String ID="string_118" HPOS="357" VPOS="571" WIDTH="135" HEIGHT="21" WC="0.91" CONTENT="landtbruks-"/><SP WIDTH="16" VPOS="571" HPOS="492"/>
							<String ID="string_119" HPOS="508" VPOS="571" WIDTH="39" HEIGHT="21" WC="0.93" CONTENT="och"/><SP WIDTH="14" VPOS="571" HPOS="547"/>
							<String ID="string_120" HPOS="561" VPOS="571" WIDTH="234" HEIGHT="27" WC="0.92" CONTENT="jordbruksfondernas"/><SP WIDTH="15" VPOS="571" HPOS="795"/>
							<String ID="string_121" HPOS="810" VPOS="571" WIDTH="132" HEIGHT="26" WC="0.96" CONTENT="indragning."/>
						</TextLine>
					</TextBlock>
				</ComposedBlock>
				<ComposedBlock ID="cblock_2" HPOS="189" VPOS="656" WIDTH="826" HEIGHT="141">
					<TextBlock ID="block_4" HPOS="189" VPOS="656" WIDTH="826" HEIGHT="141">
						<TextLine ID="line_15" HPOS="258" VPOS="656" WIDTH="757" HEIGHT="27">
							<String ID="string_122" HPOS="258" VPOS="656" WIDTH="58" HEIGHT="21" WC="0.96" CONTENT="Ifrån"/><SP WIDTH="15" VPOS="656" HPOS="316"/>
							<String ID="string_123" HPOS="331" VPOS="656" WIDTH="142" HEIGHT="27" WC="0.95" CONTENT="lagutskottet"/><SP WIDTH="14" VPOS="656" HPOS="473"/>
							<String ID="string_124" HPOS="487" VPOS="657" WIDTH="55" HEIGHT="21" WC="0.93" CONTENT="hade"/><SP WIDTH="15" VPOS="657" HPOS="542"/>
							<String ID="string_125" HPOS="557" VPOS="657" WIDTH="89" HEIGHT="21" WC="0.92" CONTENT="anländt"/><SP WIDTH="16" VPOS="657" HPOS="646"/>
							<String ID="string_126" HPOS="662" VPOS="663" WIDTH="25" HEIGHT="15" WC="0.96" CONTENT="en"/><SP WIDTH="12" VPOS="663" HPOS="687"/>
							<String ID="string_127" HPOS="699" VPOS="656" WIDTH="117" HEIGHT="26" WC="0.96" CONTENT="skrifvelse,"/><SP WIDTH="12" VPOS="656" HPOS="816"/>
							<String ID="string_128" HPOS="828" VPOS="656" WIDTH="138" HEIGHT="22" WC="0.96" CONTENT="meddelande"/><SP WIDTH="16" VPOS="656" HPOS="966"/>
							<String ID="string_129" HPOS="982" VPOS="657" WIDTH="33" HEIGHT="20" WC="0.96" CONTENT="att"/>
						</TextLine>
						<TextLine ID="line_16" HPOS="189" VPOS="685" WIDTH="826" HEIGHT="27">
							<String ID="string_130" HPOS="189" VPOS="685" WIDTH="117" HEIGHT="21" WC="0.96" CONTENT="utskottets"/><SP WIDTH="15" VPOS="685" HPOS="306"/>
							<String ID="string_131" HPOS="321" VPOS="685" WIDTH="136" HEIGHT="21" WC="0.96" CONTENT="betänkande"/><SP WIDTH="14" VPOS="685" HPOS="457"/>
							<String ID="string_132" HPOS="471" VPOS="686" WIDTH="7" HEIGHT="20" WC="0.96" CONTENT="i"/><SP WIDTH="15" VPOS="686" HPOS="478"/>
							<String ID="string_133" HPOS="493" VPOS="685" WIDTH="114" HEIGHT="27" WC="0.96" CONTENT="anledning"/><SP WIDTH="16" VPOS="685" HPOS="607"/>
							<String ID="string_134" HPOS="623" VPOS="685" WIDTH="23" HEIGHT="21" WC="0.96" CONTENT="af"/><SP WIDTH="13" VPOS="685" HPOS="646"/>
							<String ID="string_135" HPOS="659" VPOS="685" WIDTH="79" HEIGHT="27" WC="0.96" CONTENT="nådiga"/><SP WIDTH="15" VPOS="685" HPOS="738"/>
							<String ID="string_136" HPOS="753" VPOS="685" WIDTH="160" HEIGHT="27" WC="0.96" CONTENT="propositionen"/><SP WIDTH="12" VPOS="685" HPOS="913"/>
							<String ID="string_137" HPOS="925" VPOS="691" WIDTH="34" HEIGHT="15" WC="0.93" CONTENT="om"/><SP WIDTH="11" VPOS="691" HPOS="959"/>
							<String ID="string_138" HPOS="970" VPOS="686" WIDTH="45" HEIGHT="20" WC="0.91" CONTENT="sär-"/>
						</TextLine>
						<TextLine ID="line_17" HPOS="189" VPOS="712" WIDTH="826" HEIGHT="29">
							<String ID="string_139" HPOS="189" VPOS="713" WIDTH="69" HEIGHT="21" WC="0.96" CONTENT="skilda"/><SP WIDTH="17" VPOS="713" HPOS="258"/>
							<String ID="string_140" HPOS="275" VPOS="714" WIDTH="114" HEIGHT="26" WC="0.96" CONTENT="ändringar"/><SP WIDTH="14" VPOS="714" HPOS="389"/>
							<String ID="string_141" HPOS="403" VPOS="714" WIDTH="7" HEIGHT="20" WC="0.93" CONTENT="i"/><SP WIDTH="15" VPOS="714" HPOS="410"/>
							<String ID="string_142" HPOS="425" VPOS="714" WIDTH="193" HEIGHT="27" WC="0.92" CONTENT="värnepligtslagen"/><SP WIDTH="15" VPOS="714" HPOS="618"/>
							<String ID="string_143" HPOS="633" VPOS="713" WIDTH="24" HEIGHT="22" WC="0.96" CONTENT="af"/><SP WIDTH="10" VPOS="713" HPOS="657"/>
							<String ID="string_144" HPOS="667" VPOS="714" WIDTH="40" HEIGHT="20" WC="0.96" CONTENT="den"/><SP WIDTH="16" VPOS="714" HPOS="707"/>
							<String ID="string_145" HPOS="723" VPOS="714" WIDTH="26" HEIGHT="21" WC="0.96" CONTENT="27"/><SP WIDTH="18" VPOS="714" HPOS="749"/>
							<String ID="string_146" HPOS="767" VPOS="714" WIDTH="112" HEIGHT="20" WC="0.97" CONTENT="december"/><SP WIDTH="17" VPOS="714" HPOS="879"/>
							<String ID="string_147" HPOS="896" VPOS="714" WIDTH="54" HEIGHT="21" WC="0.93" CONTENT="1878"/><SP WIDTH="15" VPOS="714" HPOS="950"/>
							<String ID="string_148" HPOS="965" VPOS="712" WIDTH="50" HEIGHT="22" WC="0.92" CONTENT="blif-"/>
						</TextLine>
						<TextLine ID="line_18" HPOS="190" VPOS="742" WIDTH="825" HEIGHT="26">
							<String ID="string_149" HPOS="190" VPOS="742" WIDTH="30" HEIGHT="21" WC="0.96" CONTENT="vit"/><SP WIDTH="20" VPOS="742" HPOS="220"/>
							<String ID="string_150" HPOS="240" VPOS="742" WIDTH="22" HEIGHT="21" WC="0.96" CONTENT="af"/><SP WIDTH="19" VPOS="742" HPOS="262"/>
							<String ID="string_151" HPOS="281" VPOS="742" WIDTH="98" HEIGHT="26" WC="0.92" CONTENT="samtliga"/><SP WIDTH="18" VPOS="742" HPOS="379"/>
							<String ID="string_152" HPOS="397" VPOS="742" WIDTH="62" HEIGHT="21" WC="0.92" CONTENT="ständ"/><SP WIDTH="17" VPOS="742" HPOS="459"/>
							<String ID="string_153" HPOS="476" VPOS="742" WIDTH="117" HEIGHT="26" WC="0.92" CONTENT="godkändt,"/><SP WIDTH="20" VPOS="742" HPOS="593"/>
							<String ID="string_154" HPOS="613" VPOS="744" WIDTH="55" HEIGHT="19" WC="0.96" CONTENT="samt"/><SP WIDTH="19" VPOS="744" HPOS="668"/>
							<String ID="string_155" HPOS="687" VPOS="744" WIDTH="32" HEIGHT="19" WC="0.93" CONTENT="att"/><SP WIDTH="15" VPOS="744" HPOS="719"/>
							<String ID="string_156" HPOS="734" VPOS="742" WIDTH="154" HEIGHT="26" WC="0.92" CONTENT="handlingarne"/><SP WIDTH="15" VPOS="742" HPOS="888"/>
							<String ID="string_157" HPOS="903" VPOS="742" WIDTH="7" HEIGHT="20" WC="0.92" CONTENT="i"/><SP WIDTH="16" VPOS="742" HPOS="910"/>
							<String ID="string_158" HPOS="926" VPOS="742" WIDTH="89" HEIGHT="21" WC="0.92" CONTENT="ärendet"/>
						</TextLine>
						<TextLine ID="line_19" HPOS="189" VPOS="770" WIDTH="637" HEIGHT="27">
							<String ID="string_159" HPOS="189" VPOS="770" WIDTH="32" HEIGHT="21" WC="0.96" CONTENT="till"/><SP WIDTH="16" VPOS="770" HPOS="221"/>
							<String ID="string_160" HPOS="237" VPOS="770" WIDTH="53" HEIGHT="27" WC="0.93" CONTENT="följd"/><SP WIDTH="16" VPOS="770" HPOS="290"/>
							<String ID="string_161" HPOS="306" VPOS="770" WIDTH="62" HEIGHT="21" WC="0.92" CONTENT="deraf"/><SP WIDTH="14" VPOS="770" HPOS="368"/>
							<String ID="string_162" HPOS="382" VPOS="770" WIDTH="133" HEIGHT="22" WC="0.92" CONTENT="öfversändts"/><SP WIDTH="15" VPOS="770" HPOS="515"/>
							<String ID="string_163" HPOS="530" VPOS="771" WIDTH="33" HEIGHT="20" WC="0.93" CONTENT="till"/><SP WIDTH="16" VPOS="771" HPOS="563"/>
							<String ID="string_164" HPOS="579" VPOS="770" WIDTH="247" HEIGHT="27" WC="0.92" CONTENT="expeditionsutskottet."/>
						</TextLine>
					</TextBlock>
				</ComposedBlock>
				<ComposedBlock ID="cblock_3" HPOS="188" VPOS="855" WIDTH="831" HEIGHT="707">
					<TextBlock ID="block_5" HPOS="188" VPOS="855" WIDTH="829" HEIGHT="112">
						<TextLine ID="line_20" HPOS="257" VPOS="855" WIDTH="760" HEIGHT="26">
							<String ID="string_165" HPOS="257" VPOS="855" WIDTH="121" HEIGHT="26" WC="0.93" CONTENT="Föredrogs"/><SP WIDTH="20" VPOS="855" HPOS="378"/>
							<String ID="string_166" HPOS="398" VPOS="855" WIDTH="171" HEIGHT="21" WC="0.91" CONTENT="statsutskottets"/><SP WIDTH="18" VPOS="855" HPOS="569"/>
							<String ID="string_167" HPOS="587" VPOS="856" WIDTH="137" HEIGHT="21" WC="0.96" CONTENT="betänkande"/><SP WIDTH="20" VPOS="856" HPOS="724"/>
							<String ID="string_168" HPOS="744" VPOS="862" WIDTH="33" HEIGHT="14" WC="0.96" CONTENT="n:o"/><SP WIDTH="20" VPOS="862" HPOS="777"/>
							<String ID="string_169" HPOS="797" VPOS="856" WIDTH="28" HEIGHT="20" WC="0.96" CONTENT="10"/><SP WIDTH="18" VPOS="856" HPOS="825"/>
							<String ID="string_170" HPOS="843" VPOS="856" WIDTH="7" HEIGHT="20" WC="0.91" CONTENT="i"/><SP WIDTH="16" VPOS="856" HPOS="850"/>
							<String ID="string_171" HPOS="866" VPOS="855" WIDTH="112" HEIGHT="26" WC="0.96" CONTENT="anledning"/><SP WIDTH="15" VPOS="855" HPOS="978"/>
							<String ID="string_172" HPOS="993" VPOS="855" WIDTH="24" HEIGHT="21" WC="0.97" CONTENT="af"/>
						</TextLine>
						<TextLine ID="line_21" HPOS="188" VPOS="883" WIDTH="827" HEIGHT="27">
							<String ID="string_173" HPOS="188" VPOS="883" WIDTH="78" HEIGHT="26" WC="0.92" CONTENT="nädiga"/><SP WIDTH="11" VPOS="883" HPOS="266"/>
							<String ID="string_174" HPOS="277" VPOS="883" WIDTH="159" HEIGHT="26" WC="0.96" CONTENT="propositionen"/><SP WIDTH="14" VPOS="883" HPOS="436"/>
							<String ID="string_175" HPOS="450" VPOS="889" WIDTH="33" HEIGHT="15" WC="0.95" CONTENT="n:o"/><SP WIDTH="16" VPOS="889" HPOS="483"/>
							<String ID="string_176" HPOS="499" VPOS="884" WIDTH="34" HEIGHT="25" WC="0.93" CONTENT="37,"/><SP WIDTH="16" VPOS="884" HPOS="533"/>
							<String ID="string_177" HPOS="549" VPOS="884" WIDTH="110" HEIGHT="26" WC="0.91" CONTENT="angäende"/><SP WIDTH="16" VPOS="884" HPOS="659"/>
							<String ID="string_178" HPOS="675" VPOS="883" WIDTH="130" HEIGHT="26" WC="0.91" CONTENT="omsättning"/><SP WIDTH="11" VPOS="883" HPOS="805"/>
							<String ID="string_179" HPOS="816" VPOS="883" WIDTH="24" HEIGHT="21" WC="0.96" CONTENT="af"/><SP WIDTH="9" VPOS="883" HPOS="840"/>
							<String ID="string_180" HPOS="849" VPOS="883" WIDTH="26" HEIGHT="22" WC="0.96" CONTENT="de"/><SP WIDTH="11" VPOS="883" HPOS="875"/>
							<String ID="string_181" HPOS="886" VPOS="883" WIDTH="32" HEIGHT="21" WC="0.93" CONTENT="för"/><SP WIDTH="16" VPOS="883" HPOS="918"/>
							<String ID="string_182" HPOS="934" VPOS="883" WIDTH="81" HEIGHT="21" WC="0.93" CONTENT="inlösen"/>
						</TextLine>
						<TextLine ID="line_22" HPOS="189" VPOS="911" WIDTH="826" HEIGHT="28">
							<String ID="string_183" HPOS="189" VPOS="911" WIDTH="23" HEIGHT="22" WC="0.93" CONTENT="af"/><SP WIDTH="14" VPOS="911" HPOS="212"/>
							<String ID="string_184" HPOS="226" VPOS="911" WIDTH="265" HEIGHT="28" WC="0.92" CONTENT="donationslägenheterna"/><SP WIDTH="14" VPOS="911" HPOS="491"/>
							<String ID="string_185" HPOS="505" VPOS="912" WIDTH="7" HEIGHT="21" WC="0.93" CONTENT="i"/><SP WIDTH="19" VPOS="912" HPOS="512"/>
							<String ID="string_186" HPOS="531" VPOS="912" WIDTH="92" HEIGHT="27" WC="0.92" CONTENT="Viborgs"/><SP WIDTH="19" VPOS="912" HPOS="623"/>
							<String ID="string_187" HPOS="642" VPOS="913" WIDTH="39" HEIGHT="20" WC="0.97" CONTENT="och"/><SP WIDTH="20" VPOS="913" HPOS="681"/>
							<String ID="string_188" HPOS="701" VPOS="912" WIDTH="32" HEIGHT="21" WC="0.96" CONTENT="S:t"/><SP WIDTH="20" VPOS="912" HPOS="733"/>
							<String ID="string_189" HPOS="753" VPOS="912" WIDTH="89" HEIGHT="21" WC="0.96" CONTENT="Michels"/><SP WIDTH="14" VPOS="912" HPOS="842"/>
							<String ID="string_190" HPOS="856" VPOS="912" WIDTH="35" HEIGHT="21" WC="0.93" CONTENT="län"/><SP WIDTH="16" VPOS="912" HPOS="891"/>
							<String ID="string_191" HPOS="907" VPOS="913" WIDTH="108" HEIGHT="26" WC="0.91" CONTENT="upptagna"/>
						</TextLine>
						<TextLine ID="line_23" HPOS="189" VPOS="940" WIDTH="496" HEIGHT="27">
							<String ID="string_192" HPOS="189" VPOS="940" WIDTH="104" HEIGHT="26" WC="0.74" CONTENT="statslän;"/><SP WIDTH="16" VPOS="940" HPOS="293"/>
							<String ID="string_193" HPOS="309" VPOS="940" WIDTH="40" HEIGHT="21" WC="0.93" CONTENT="och"/><SP WIDTH="14" VPOS="940" HPOS="349"/>
							<String ID="string_194" HPOS="363" VPOS="940" WIDTH="68" HEIGHT="21" WC="0.92" CONTENT="utbad"/><SP WIDTH="15" VPOS="940" HPOS="431"/>
							<String ID="string_195" HPOS="446" VPOS="940" WIDTH="32" HEIGHT="27" WC="0.93" CONTENT="sig"/><SP WIDTH="15" VPOS="940" HPOS="478"/>
							<String ID="string_196" HPOS="493" VPOS="940" WIDTH="73" HEIGHT="21" WC="0.92" CONTENT="dervid"/><SP WIDTH="15" VPOS="940" HPOS="566"/>
							<String ID="string_197" HPOS="581" VPOS="941" WIDTH="34" HEIGHT="20" WC="0.95" CONTENT="till"/><SP WIDTH="15" VPOS="941" HPOS="615"/>
							<String ID="string_198" HPOS="630" VPOS="940" WIDTH="55" HEIGHT="22" WC="0.96" CONTENT="först"/>
						</TextLine>
					</TextBlock>
					<TextBlock ID="block_6" HPOS="188" VPOS="968" WIDTH="831" HEIGHT="594">
						<TextLine ID="line_24" HPOS="258" VPOS="968" WIDTH="757" HEIGHT="28">
							<String ID="string_199" HPOS="258" VPOS="969" WIDTH="25" HEIGHT="20" WC="0.95" CONTENT="hr"/><SP WIDTH="18" VPOS="969" HPOS="283"/>
							<String ID="string_200" HPOS="301" VPOS="968" WIDTH="122" HEIGHT="21" WC="0.90" CONTENT="Calonius"/><SP WIDTH="19" VPOS="968" HPOS="423"/>
							<String ID="string_201" HPOS="442" VPOS="969" WIDTH="60" HEIGHT="20" WC="0.90" CONTENT="ordet"/><SP WIDTH="19" VPOS="969" HPOS="502"/>
							<String ID="string_202" HPOS="521" VPOS="969" WIDTH="40" HEIGHT="21" WC="0.92" CONTENT="och"/><SP WIDTH="19" VPOS="969" HPOS="561"/>
							<String ID="string_203" HPOS="580" VPOS="969" WIDTH="94" HEIGHT="27" WC="0.88" CONTENT="yttrade:"/><SP WIDTH="24" VPOS="969" HPOS="674"/>
							<String ID="string_204" HPOS="698" VPOS="969" WIDTH="75" HEIGHT="21" WC="0.92" CONTENT="Ehuru"/><SP WIDTH="16" VPOS="969" HPOS="773"/>
							<String ID="string_205" HPOS="789" VPOS="969" WIDTH="37" HEIGHT="26" WC="0.93" CONTENT="jag"/><SP WIDTH="23" VPOS="969" HPOS="826"/>
							<String ID="string_206" HPOS="849" VPOS="969" WIDTH="110" HEIGHT="26" WC="0.92" CONTENT="erkänner,"/><SP WIDTH="24" VPOS="969" HPOS="959"/>
							<String ID="string_207" HPOS="983" VPOS="970" WIDTH="32" HEIGHT="19" WC="0.96" CONTENT="att"/>
						</TextLine>
						<TextLine ID="line_25" HPOS="189" VPOS="997" WIDTH="827" HEIGHT="27">
							<String ID="string_208" HPOS="189" VPOS="997" WIDTH="36" HEIGHT="20" WC="0.95" CONTENT="det"/><SP WIDTH="15" VPOS="997" HPOS="225"/>
							<String ID="string_209" HPOS="240" VPOS="997" WIDTH="49" HEIGHT="20" WC="0.93" CONTENT="med"/><SP WIDTH="16" VPOS="997" HPOS="289"/>
							<String ID="string_210" HPOS="305" VPOS="997" WIDTH="100" HEIGHT="20" WC="0.92" CONTENT="afseende"/><SP WIDTH="16" VPOS="997" HPOS="405"/>
							<String ID="string_211" HPOS="421" VPOS="997" WIDTH="12" HEIGHT="21" WC="0.92" CONTENT="å"/><SP WIDTH="14" VPOS="997" HPOS="433"/>
							<String ID="string_212" HPOS="447" VPOS="1003" WIDTH="29" HEIGHT="14" WC="0.93" CONTENT="nu"/><SP WIDTH="18" VPOS="1003" HPOS="476"/>
							<String ID="string_213" HPOS="494" VPOS="997" WIDTH="94" HEIGHT="21" WC="0.93" CONTENT="rådande"/><SP WIDTH="19" VPOS="997" HPOS="588"/>
							<String ID="string_214" HPOS="607" VPOS="997" WIDTH="255" HEIGHT="27" WC="0.92" CONTENT="penningeförhällanden"/><SP WIDTH="20" VPOS="997" HPOS="862"/>
							<String ID="string_215" HPOS="882" VPOS="997" WIDTH="67" HEIGHT="21" WC="0.94" CONTENT="måste"/><SP WIDTH="15" VPOS="997" HPOS="949"/>
							<String ID="string_216" HPOS="964" VPOS="1003" WIDTH="52" HEIGHT="15" WC="0.96" CONTENT="vara"/>
						</TextLine>
						<TextLine ID="line_26" HPOS="189" VPOS="1025" WIDTH="826" HEIGHT="28">
							<String ID="string_217" HPOS="189" VPOS="1031" WIDTH="26" HEIGHT="15" WC="0.93" CONTENT="en"/><SP WIDTH="16" VPOS="1031" HPOS="215"/>
							<String ID="string_218" HPOS="231" VPOS="1031" WIDTH="89" HEIGHT="21" WC="0.93" CONTENT="gynsam"/><SP WIDTH="15" VPOS="1031" HPOS="320"/>
							<String ID="string_219" HPOS="335" VPOS="1025" WIDTH="101" HEIGHT="27" WC="0.96" CONTENT="tidpunkt"/><SP WIDTH="15" VPOS="1025" HPOS="436"/>
							<String ID="string_220" HPOS="451" VPOS="1027" WIDTH="31" HEIGHT="19" WC="0.93" CONTENT="att"/><SP WIDTH="15" VPOS="1027" HPOS="482"/>
							<String ID="string_221" HPOS="497" VPOS="1026" WIDTH="116" HEIGHT="21" WC="0.96" CONTENT="verkställa"/><SP WIDTH="15" VPOS="1026" HPOS="613"/>
							<String ID="string_222" HPOS="628" VPOS="1026" WIDTH="41" HEIGHT="21" WC="0.93" CONTENT="den"/><SP WIDTH="20" VPOS="1026" HPOS="669"/>
							<String ID="string_223" HPOS="689" VPOS="1026" WIDTH="127" HEIGHT="26" WC="0.95" CONTENT="ifrågasatta"/><SP WIDTH="14" VPOS="1026" HPOS="816"/>
							<String ID="string_224" HPOS="830" VPOS="1025" WIDTH="185" HEIGHT="28" WC="0.96" CONTENT="konverteringen,"/>
						</TextLine>
						<TextLine ID="line_27" HPOS="189" VPOS="1053" WIDTH="828" HEIGHT="28">
							<String ID="string_225" HPOS="189" VPOS="1059" WIDTH="34" HEIGHT="15" WC="0.93" CONTENT="om"/><SP WIDTH="16" VPOS="1059" HPOS="223"/>
							<String ID="string_226" HPOS="239" VPOS="1054" WIDTH="122" HEIGHT="21" WC="0.92" CONTENT="densamma"/><SP WIDTH="16" VPOS="1054" HPOS="361"/>
							<String ID="string_227" HPOS="377" VPOS="1053" WIDTH="138" HEIGHT="27" WC="0.93" CONTENT="ovilkorligen"/><SP WIDTH="20" VPOS="1053" HPOS="515"/>
							<String ID="string_228" HPOS="535" VPOS="1056" WIDTH="23" HEIGHT="19" WC="0.93" CONTENT="är"/><SP WIDTH="15" VPOS="1056" HPOS="558"/>
							<String ID="string_229" HPOS="573" VPOS="1053" WIDTH="99" HEIGHT="28" WC="0.92" CONTENT="behöflig,"/><SP WIDTH="20" VPOS="1053" HPOS="672"/>
							<String ID="string_230" HPOS="692" VPOS="1054" WIDTH="43" HEIGHT="21" WC="0.96" CONTENT="kan"/><SP WIDTH="13" VPOS="1054" HPOS="735"/>
							<String ID="string_231" HPOS="748" VPOS="1054" WIDTH="38" HEIGHT="27" WC="0.93" CONTENT="jag"/><SP WIDTH="15" VPOS="1054" HPOS="786"/>
							<String ID="string_232" HPOS="801" VPOS="1054" WIDTH="19" HEIGHT="27" WC="0.92" CONTENT="ej"/><SP WIDTH="15" VPOS="1054" HPOS="820"/>
							<String ID="string_233" HPOS="835" VPOS="1054" WIDTH="111" HEIGHT="21" WC="0.92" CONTENT="underläta"/><SP WIDTH="16" VPOS="1054" HPOS="946"/>
							<String ID="string_234" HPOS="962" VPOS="1055" WIDTH="31" HEIGHT="20" WC="0.96" CONTENT="att"/><SP WIDTH="15" VPOS="1055" HPOS="993"/>
							<String ID="string_235" HPOS="1008" VPOS="1054" WIDTH="9" HEIGHT="21" WC="0.96" CONTENT="i"/>
						</TextLine>
						<TextLine ID="line_28" HPOS="189" VPOS="1082" WIDTH="828" HEIGHT="27">
							<String ID="string_236" HPOS="189" VPOS="1082" WIDTH="118" HEIGHT="21" WC="0.91" CONTENT="allmänhet"/><SP WIDTH="7" VPOS="1082" HPOS="307"/>
							<String ID="string_237" HPOS="314" VPOS="1082" WIDTH="69" HEIGHT="21" WC="0.91" CONTENT="uttala"/><SP WIDTH="10" VPOS="1082" HPOS="383"/>
							<String ID="string_238" HPOS="393" VPOS="1083" WIDTH="43" HEIGHT="20" WC="0.93" CONTENT="min"/><SP WIDTH="10" VPOS="1083" HPOS="436"/>
							<String ID="string_239" HPOS="446" VPOS="1082" WIDTH="89" HEIGHT="27" WC="0.93" CONTENT="farhäga"/><SP WIDTH="9" VPOS="1082" HPOS="535"/>
							<String ID="string_240" HPOS="544" VPOS="1082" WIDTH="33" HEIGHT="21" WC="0.96" CONTENT="för"/><SP WIDTH="12" VPOS="1082" HPOS="577"/>
							<String ID="string_241" HPOS="589" VPOS="1085" WIDTH="31" HEIGHT="18" WC="0.96" CONTENT="att"/><SP WIDTH="11" VPOS="1085" HPOS="620"/>
							<String ID="string_242" HPOS="631" VPOS="1083" WIDTH="26" HEIGHT="21" WC="0.92" CONTENT="de"/><SP WIDTH="10" VPOS="1083" HPOS="657"/>
							<String ID="string_243" HPOS="667" VPOS="1083" WIDTH="43" HEIGHT="21" WC="0.92" CONTENT="tidt"/><SP WIDTH="15" VPOS="1083" HPOS="710"/>
							<String ID="string_244" HPOS="725" VPOS="1083" WIDTH="40" HEIGHT="21" WC="0.96" CONTENT="och"/><SP WIDTH="16" VPOS="1083" HPOS="765"/>
							<String ID="string_245" HPOS="781" VPOS="1082" WIDTH="46" HEIGHT="21" WC="0.93" CONTENT="ofta"/><SP WIDTH="15" VPOS="1082" HPOS="827"/>
							<String ID="string_246" HPOS="842" VPOS="1082" WIDTH="175" HEIGHT="21" WC="0.92" CONTENT="förekommande"/>
						</TextLine>
						<TextLine ID="line_29" HPOS="188" VPOS="1110" WIDTH="828" HEIGHT="27">
							<String ID="string_247" HPOS="188" VPOS="1110" WIDTH="232" HEIGHT="27" WC="0.92" CONTENT="läneomsättningarne"/><SP WIDTH="19" VPOS="1110" HPOS="420"/>
							<String ID="string_248" HPOS="439" VPOS="1111" WIDTH="72" HEIGHT="20" WC="0.96" CONTENT="kunna"/><SP WIDTH="18" VPOS="1111" HPOS="511"/>
							<String ID="string_249" HPOS="529" VPOS="1111" WIDTH="85" HEIGHT="21" WC="0.96" CONTENT="komma"/><SP WIDTH="19" VPOS="1111" HPOS="614"/>
							<String ID="string_250" HPOS="633" VPOS="1113" WIDTH="32" HEIGHT="19" WC="0.93" CONTENT="att"/><SP WIDTH="19" VPOS="1113" HPOS="665"/>
							<String ID="string_251" HPOS="684" VPOS="1111" WIDTH="90" HEIGHT="26" WC="0.96" CONTENT="menligt"/><SP WIDTH="18" VPOS="1111" HPOS="774"/>
							<String ID="string_252" HPOS="792" VPOS="1111" WIDTH="89" HEIGHT="20" WC="0.96" CONTENT="inverka"/><SP WIDTH="18" VPOS="1111" HPOS="881"/>
							<String ID="string_253" HPOS="899" VPOS="1111" WIDTH="27" HEIGHT="26" WC="0.93" CONTENT="pä"/><SP WIDTH="15" VPOS="1111" HPOS="926"/>
							<String ID="string_254" HPOS="941" VPOS="1110" WIDTH="75" HEIGHT="21" WC="0.86" CONTENT="afsätt-"/>
						</TextLine>
						<TextLine ID="line_30" HPOS="188" VPOS="1139" WIDTH="828" HEIGHT="27">
							<String ID="string_255" HPOS="188" VPOS="1139" WIDTH="78" HEIGHT="25" WC="0.92" CONTENT="ningen"/><SP WIDTH="20" VPOS="1139" HPOS="266"/>
							<String ID="string_256" HPOS="286" VPOS="1139" WIDTH="23" HEIGHT="20" WC="0.92" CONTENT="af"/><SP WIDTH="16" VPOS="1139" HPOS="309"/>
							<String ID="string_257" HPOS="325" VPOS="1139" WIDTH="140" HEIGHT="25" WC="0.92" CONTENT="obligationer"/><SP WIDTH="20" VPOS="1139" HPOS="465"/>
							<String ID="string_258" HPOS="485" VPOS="1139" WIDTH="38" HEIGHT="21" WC="0.96" CONTENT="och"/><SP WIDTH="20" VPOS="1139" HPOS="523"/>
							<String ID="string_259" HPOS="543" VPOS="1139" WIDTH="27" HEIGHT="26" WC="0.93" CONTENT="pä"/><SP WIDTH="19" VPOS="1139" HPOS="570"/>
							<String ID="string_260" HPOS="589" VPOS="1139" WIDTH="198" HEIGHT="27" WC="0.92" CONTENT="obligationspriset"/><SP WIDTH="18" VPOS="1139" HPOS="787"/>
							<String ID="string_261" HPOS="805" VPOS="1139" WIDTH="33" HEIGHT="21" WC="0.96" CONTENT="för"/><SP WIDTH="15" VPOS="1139" HPOS="838"/>
							<String ID="string_262" HPOS="853" VPOS="1139" WIDTH="101" HEIGHT="21" WC="0.96" CONTENT="framtida"/><SP WIDTH="19" VPOS="1139" HPOS="954"/>
							<String ID="string_263" HPOS="973" VPOS="1139" WIDTH="43" HEIGHT="26" WC="0.96" CONTENT="län,"/>
						</TextLine>
						<TextLine ID="line_31" HPOS="188" VPOS="1166" WIDTH="829" HEIGHT="28">
							<String ID="string_264" HPOS="188" VPOS="1166" WIDTH="73" HEIGHT="22" WC="0.91" CONTENT="hvilka"/><SP WIDTH="16" VPOS="1166" HPOS="261"/>
							<String ID="string_265" HPOS="277" VPOS="1167" WIDTH="72" HEIGHT="21" WC="0.93" CONTENT="landet"/><SP WIDTH="14" VPOS="1167" HPOS="349"/>
							<String ID="string_266" HPOS="363" VPOS="1168" WIDTH="98" HEIGHT="26" WC="0.92" CONTENT="nogsamt"/><SP WIDTH="14" VPOS="1168" HPOS="461"/>
							<String ID="string_267" HPOS="475" VPOS="1167" WIDTH="96" HEIGHT="21" WC="0.96" CONTENT="kommer"/><SP WIDTH="15" VPOS="1167" HPOS="571"/>
							<String ID="string_268" HPOS="586" VPOS="1169" WIDTH="31" HEIGHT="19" WC="0.93" CONTENT="att"/><SP WIDTH="15" VPOS="1169" HPOS="617"/>
							<String ID="string_269" HPOS="632" VPOS="1167" WIDTH="99" HEIGHT="21" WC="0.93" CONTENT="behöfva."/><SP WIDTH="32" VPOS="1167" HPOS="731"/>
							<String ID="string_270" HPOS="763" VPOS="1167" WIDTH="50" HEIGHT="21" WC="0.96" CONTENT="Man"/><SP WIDTH="13" VPOS="1167" HPOS="813"/>
							<String ID="string_271" HPOS="826" VPOS="1167" WIDTH="38" HEIGHT="21" WC="0.93" CONTENT="har"/><SP WIDTH="16" VPOS="1167" HPOS="864"/>
							<String ID="string_272" HPOS="880" VPOS="1167" WIDTH="83" HEIGHT="21" WC="0.92" CONTENT="härtills"/><SP WIDTH="16" VPOS="1167" HPOS="963"/>
							<String ID="string_273" HPOS="979" VPOS="1173" WIDTH="38" HEIGHT="15" WC="0.92" CONTENT="an-"/>
						</TextLine>
						<TextLine ID="line_32" HPOS="189" VPOS="1195" WIDTH="828" HEIGHT="28">
							<String ID="string_274" HPOS="189" VPOS="1197" WIDTH="43" HEIGHT="18" WC="0.96" CONTENT="sett"/><SP WIDTH="15" VPOS="1197" HPOS="232"/>
							<String ID="string_275" HPOS="247" VPOS="1196" WIDTH="32" HEIGHT="19" WC="0.93" CONTENT="att"/><SP WIDTH="14" VPOS="1196" HPOS="279"/>
							<String ID="string_276" HPOS="293" VPOS="1195" WIDTH="89" HEIGHT="26" WC="0.92" CONTENT="kapital,"/><SP WIDTH="15" VPOS="1195" HPOS="382"/>
							<String ID="string_277" HPOS="397" VPOS="1196" WIDTH="112" HEIGHT="25" WC="0.92" CONTENT="placerade"/><SP WIDTH="16" VPOS="1196" HPOS="509"/>
							<String ID="string_278" HPOS="525" VPOS="1196" WIDTH="7" HEIGHT="20" WC="0.93" CONTENT="i"/><SP WIDTH="11" VPOS="1196" HPOS="532"/>
							<String ID="string_279" HPOS="543" VPOS="1196" WIDTH="204" HEIGHT="27" WC="0.93" CONTENT="statsobligationer,"/><SP WIDTH="11" VPOS="1196" HPOS="747"/>
							<String ID="string_280" HPOS="758" VPOS="1195" WIDTH="34" HEIGHT="21" WC="0.97" CONTENT="för"/><SP WIDTH="11" VPOS="1195" HPOS="792"/>
							<String ID="string_281" HPOS="803" VPOS="1201" WIDTH="24" HEIGHT="15" WC="0.91" CONTENT="en"/><SP WIDTH="13" VPOS="1201" HPOS="827"/>
							<String ID="string_282" HPOS="840" VPOS="1195" WIDTH="48" HEIGHT="27" WC="0.91" CONTENT="läng"/><SP WIDTH="11" VPOS="1195" HPOS="888"/>
							<String ID="string_283" HPOS="899" VPOS="1195" WIDTH="30" HEIGHT="20" WC="0.97" CONTENT="tid"/><SP WIDTH="12" VPOS="1195" HPOS="929"/>
							<String ID="string_284" HPOS="941" VPOS="1197" WIDTH="76" HEIGHT="25" WC="0.95" CONTENT="trygga"/>
						</TextLine>
						<TextLine ID="line_33" HPOS="189" VPOS="1223" WIDTH="828" HEIGHT="27">
							<String ID="string_285" HPOS="189" VPOS="1223" WIDTH="62" HEIGHT="21" WC="0.93" CONTENT="deras"/><SP WIDTH="15" VPOS="1223" HPOS="251"/>
							<String ID="string_286" HPOS="266" VPOS="1223" WIDTH="139" HEIGHT="22" WC="0.92" CONTENT="innehafvare"/><SP WIDTH="15" VPOS="1223" HPOS="405"/>
							<String ID="string_287" HPOS="420" VPOS="1223" WIDTH="35" HEIGHT="21" WC="0.96" CONTENT="vid"/><SP WIDTH="15" VPOS="1223" HPOS="455"/>
							<String ID="string_288" HPOS="470" VPOS="1230" WIDTH="26" HEIGHT="14" WC="0.93" CONTENT="en"/><SP WIDTH="15" VPOS="1230" HPOS="496"/>
							<String ID="string_289" HPOS="511" VPOS="1224" WIDTH="68" HEIGHT="26" WC="0.91" CONTENT="säker,"/><SP WIDTH="18" VPOS="1224" HPOS="579"/>
							<String ID="string_290" HPOS="597" VPOS="1230" WIDTH="34" HEIGHT="15" WC="0.96" CONTENT="om"/><SP WIDTH="16" VPOS="1230" HPOS="631"/>
							<String ID="string_291" HPOS="647" VPOS="1226" WIDTH="27" HEIGHT="19" WC="0.96" CONTENT="än"/><SP WIDTH="11" VPOS="1226" HPOS="674"/>
							<String ID="string_292" HPOS="685" VPOS="1224" WIDTH="89" HEIGHT="25" WC="0.93" CONTENT="mindre,"/><SP WIDTH="16" VPOS="1224" HPOS="774"/>
							<String ID="string_293" HPOS="790" VPOS="1225" WIDTH="69" HEIGHT="24" WC="0.92" CONTENT="ränta,"/><SP WIDTH="15" VPOS="1225" HPOS="859"/>
							<String ID="string_294" HPOS="874" VPOS="1225" WIDTH="27" HEIGHT="19" WC="0.96" CONTENT="än"/><SP WIDTH="15" VPOS="1225" HPOS="901"/>
							<String ID="string_295" HPOS="916" VPOS="1229" WIDTH="48" HEIGHT="15" WC="0.96" CONTENT="man"/><SP WIDTH="16" VPOS="1229" HPOS="964"/>
							<String ID="string_296" HPOS="980" VPOS="1223" WIDTH="37" HEIGHT="21" WC="0.96" CONTENT="vid"/>
						</TextLine>
						<TextLine ID="line_34" HPOS="189" VPOS="1251" WIDTH="828" HEIGHT="28">
							<String ID="string_297" HPOS="189" VPOS="1251" WIDTH="97" HEIGHT="22" WC="0.93" CONTENT="enskilda"/><SP WIDTH="14" VPOS="1251" HPOS="286"/>
							<String ID="string_298" HPOS="300" VPOS="1252" WIDTH="265" HEIGHT="26" WC="0.91" CONTENT="penningetransaktioner"/><SP WIDTH="15" VPOS="1252" HPOS="565"/>
							<String ID="string_299" HPOS="580" VPOS="1252" WIDTH="71" HEIGHT="21" WC="0.93" CONTENT="kunde"/><SP WIDTH="12" VPOS="1252" HPOS="651"/>
							<String ID="string_300" HPOS="663" VPOS="1253" WIDTH="88" HEIGHT="24" WC="0.92" CONTENT="erhälla,"/><SP WIDTH="12" VPOS="1253" HPOS="751"/>
							<String ID="string_301" HPOS="763" VPOS="1257" WIDTH="48" HEIGHT="16" WC="0.97" CONTENT="men"/><SP WIDTH="11" VPOS="1257" HPOS="811"/>
							<String ID="string_302" HPOS="822" VPOS="1251" WIDTH="34" HEIGHT="21" WC="0.96" CONTENT="för"/><SP WIDTH="10" VPOS="1251" HPOS="856"/>
							<String ID="string_303" HPOS="866" VPOS="1252" WIDTH="69" HEIGHT="21" WC="0.93" CONTENT="denna"/><SP WIDTH="10" VPOS="1252" HPOS="935"/>
							<String ID="string_304" HPOS="945" VPOS="1253" WIDTH="72" HEIGHT="26" WC="0.92" CONTENT="trygg-"/>
						</TextLine>
						<TextLine ID="line_35" HPOS="189" VPOS="1279" WIDTH="828" HEIGHT="28">
							<String ID="string_305" HPOS="189" VPOS="1279" WIDTH="36" HEIGHT="22" WC="0.92" CONTENT="het"/><SP WIDTH="21" VPOS="1279" HPOS="225"/>
							<String ID="string_306" HPOS="246" VPOS="1280" WIDTH="58" HEIGHT="21" WC="0.92" CONTENT="säväl"/><SP WIDTH="19" VPOS="1280" HPOS="304"/>
							<String ID="string_307" HPOS="323" VPOS="1280" WIDTH="133" HEIGHT="21" WC="0.93" CONTENT="beträffande"/><SP WIDTH="18" VPOS="1280" HPOS="456"/>
							<String ID="string_308" HPOS="474" VPOS="1282" WIDTH="61" HEIGHT="19" WC="0.89" CONTENT="ränta"/><SP WIDTH="16" VPOS="1282" HPOS="535"/>
							<String ID="string_309" HPOS="551" VPOS="1287" WIDTH="44" HEIGHT="14" WC="0.93" CONTENT="som"/><SP WIDTH="19" VPOS="1287" HPOS="595"/>
							<String ID="string_310" HPOS="614" VPOS="1281" WIDTH="82" HEIGHT="26" WC="0.91" CONTENT="kapital"/><SP WIDTH="15" VPOS="1281" HPOS="696"/>
							<String ID="string_311" HPOS="711" VPOS="1280" WIDTH="66" HEIGHT="21" WC="0.93" CONTENT="hafva"/><SP WIDTH="15" VPOS="1280" HPOS="777"/>
							<String ID="string_312" HPOS="792" VPOS="1280" WIDTH="225" HEIGHT="27" WC="0.92" CONTENT="statsobligationerna"/>
						</TextLine>
						<TextLine ID="line_36" HPOS="189" VPOS="1308" WIDTH="827" HEIGHT="27">
							<String ID="string_313" HPOS="189" VPOS="1308" WIDTH="81" HEIGHT="22" WC="0.93" CONTENT="kunnat"/><SP WIDTH="17" VPOS="1308" HPOS="270"/>
							<String ID="string_314" HPOS="287" VPOS="1309" WIDTH="86" HEIGHT="26" WC="0.92" CONTENT="betinga"/><SP WIDTH="16" VPOS="1309" HPOS="373"/>
							<String ID="string_315" HPOS="389" VPOS="1309" WIDTH="32" HEIGHT="26" WC="0.96" CONTENT="sig"/><SP WIDTH="15" VPOS="1309" HPOS="421"/>
							<String ID="string_316" HPOS="436" VPOS="1310" WIDTH="31" HEIGHT="19" WC="0.93" CONTENT="ett"/><SP WIDTH="12" VPOS="1310" HPOS="467"/>
							<String ID="string_317" HPOS="479" VPOS="1308" WIDTH="155" HEIGHT="27" WC="0.92" CONTENT="jemförelsevis"/><SP WIDTH="15" VPOS="1308" HPOS="634"/>
							<String ID="string_318" HPOS="649" VPOS="1309" WIDTH="82" HEIGHT="26" WC="0.92" CONTENT="ganska"/><SP WIDTH="16" VPOS="1309" HPOS="731"/>
							<String ID="string_319" HPOS="747" VPOS="1309" WIDTH="53" HEIGHT="26" WC="0.92" CONTENT="högt"/><SP WIDTH="16" VPOS="1309" HPOS="800"/>
							<String ID="string_320" HPOS="816" VPOS="1309" WIDTH="43" HEIGHT="26" WC="0.93" CONTENT="pris"/><SP WIDTH="16" VPOS="1309" HPOS="859"/>
							<String ID="string_321" HPOS="875" VPOS="1309" WIDTH="6" HEIGHT="20" WC="0.93" CONTENT="i"/><SP WIDTH="15" VPOS="1309" HPOS="881"/>
							<String ID="string_322" HPOS="896" VPOS="1309" WIDTH="47" HEIGHT="20" WC="0.93" CONTENT="värt"/><SP WIDTH="16" VPOS="1309" HPOS="943"/>
							<String ID="string_323" HPOS="959" VPOS="1308" WIDTH="57" HEIGHT="21" WC="0.96" CONTENT="land."/>
						</TextLine>
						<TextLine ID="line_37" HPOS="188" VPOS="1335" WIDTH="829" HEIGHT="29">
							<String ID="string_324" HPOS="188" VPOS="1335" WIDTH="116" HEIGHT="22" WC="0.86" CONTENT="Bortfaller"/><SP WIDTH="16" VPOS="1335" HPOS="304"/>
							<String ID="string_325" HPOS="320" VPOS="1337" WIDTH="70" HEIGHT="21" WC="0.93" CONTENT="denna"/><SP WIDTH="15" VPOS="1337" HPOS="390"/>
							<String ID="string_326" HPOS="405" VPOS="1337" WIDTH="151" HEIGHT="27" WC="0.96" CONTENT="förutsättning"/><SP WIDTH="15" VPOS="1337" HPOS="556"/>
							<String ID="string_327" HPOS="571" VPOS="1337" WIDTH="40" HEIGHT="21" WC="0.96" CONTENT="och"/><SP WIDTH="16" VPOS="1337" HPOS="611"/>
							<String ID="string_328" HPOS="627" VPOS="1337" WIDTH="41" HEIGHT="21" WC="0.96" CONTENT="blir"/><SP WIDTH="11" VPOS="1337" HPOS="668"/>
							<String ID="string_329" HPOS="679" VPOS="1337" WIDTH="36" HEIGHT="21" WC="0.96" CONTENT="det"/><SP WIDTH="12" VPOS="1337" HPOS="715"/>
							<String ID="string_330" HPOS="727" VPOS="1337" WIDTH="37" HEIGHT="22" WC="0.96" CONTENT="sed"/><SP WIDTH="12" VPOS="1337" HPOS="764"/>
							<String ID="string_331" HPOS="776" VPOS="1339" WIDTH="31" HEIGHT="19" WC="0.96" CONTENT="att"/><SP WIDTH="15" VPOS="1339" HPOS="807"/>
							<String ID="string_332" HPOS="822" VPOS="1337" WIDTH="41" HEIGHT="26" WC="0.93" CONTENT="län,"/><SP WIDTH="11" VPOS="1337" HPOS="863"/>
							<String ID="string_333" HPOS="874" VPOS="1337" WIDTH="63" HEIGHT="20" WC="0.93" CONTENT="hvars"/><SP WIDTH="11" VPOS="1337" HPOS="937"/>
							<String ID="string_334" HPOS="948" VPOS="1343" WIDTH="69" HEIGHT="14" WC="0.91" CONTENT="amor-"/>
						</TextLine>
						<TextLine ID="line_38" HPOS="189" VPOS="1365" WIDTH="828" HEIGHT="27">
							<String ID="string_335" HPOS="189" VPOS="1365" WIDTH="143" HEIGHT="21" WC="0.93" CONTENT="tissationstid"/><SP WIDTH="16" VPOS="1365" HPOS="332"/>
							<String ID="string_336" HPOS="348" VPOS="1365" WIDTH="163" HEIGHT="27" WC="0.93" CONTENT="ursprungligen"/><SP WIDTH="15" VPOS="1365" HPOS="511"/>
							<String ID="string_337" HPOS="526" VPOS="1366" WIDTH="109" HEIGHT="26" WC="0.93" CONTENT="upptagits"/><SP WIDTH="16" VPOS="1366" HPOS="635"/>
							<String ID="string_338" HPOS="651" VPOS="1366" WIDTH="33" HEIGHT="21" WC="0.96" CONTENT="till"/><SP WIDTH="16" VPOS="1366" HPOS="684"/>
							<String ID="string_339" HPOS="700" VPOS="1365" WIDTH="96" HEIGHT="27" WC="0.95" CONTENT="exempel"/><SP WIDTH="20" VPOS="1365" HPOS="796"/>
							<String ID="string_340" HPOS="816" VPOS="1365" WIDTH="32" HEIGHT="21" WC="0.96" CONTENT="till"/><SP WIDTH="20" VPOS="1365" HPOS="848"/>
							<String ID="string_341" HPOS="868" VPOS="1365" WIDTH="27" HEIGHT="21" WC="0.96" CONTENT="39"/><SP WIDTH="21" VPOS="1365" HPOS="895"/>
							<String ID="string_342" HPOS="916" VPOS="1365" WIDTH="30" HEIGHT="26" WC="0.93" CONTENT="är,"/><SP WIDTH="18" VPOS="1365" HPOS="946"/>
							<String ID="string_343" HPOS="964" VPOS="1365" WIDTH="53" HEIGHT="20" WC="0.92" CONTENT="kon-"/>
						</TextLine>
						<TextLine ID="line_39" HPOS="189" VPOS="1393" WIDTH="828" HEIGHT="28">
							<String ID="string_344" HPOS="189" VPOS="1395" WIDTH="94" HEIGHT="19" WC="0.91" CONTENT="verteras"/><SP WIDTH="16" VPOS="1395" HPOS="283"/>
							<String ID="string_345" HPOS="299" VPOS="1393" WIDTH="69" HEIGHT="28" WC="0.93" CONTENT="nägon"/><SP WIDTH="15" VPOS="1393" HPOS="368"/>
							<String ID="string_346" HPOS="383" VPOS="1393" WIDTH="31" HEIGHT="22" WC="0.96" CONTENT="tid"/><SP WIDTH="16" VPOS="1393" HPOS="414"/>
							<String ID="string_347" HPOS="430" VPOS="1394" WIDTH="53" HEIGHT="21" WC="0.96" CONTENT="efter"/><SP WIDTH="18" VPOS="1394" HPOS="483"/>
							<String ID="string_348" HPOS="501" VPOS="1394" WIDTH="36" HEIGHT="21" WC="0.93" CONTENT="det"/><SP WIDTH="15" VPOS="1394" HPOS="537"/>
							<String ID="string_349" HPOS="552" VPOS="1394" WIDTH="58" HEIGHT="21" WC="0.92" CONTENT="länet"/><SP WIDTH="18" VPOS="1394" HPOS="610"/>
							<String ID="string_350" HPOS="628" VPOS="1394" WIDTH="118" HEIGHT="27" WC="0.92" CONTENT="upptagits,"/><SP WIDTH="20" VPOS="1394" HPOS="746"/>
							<String ID="string_351" HPOS="766" VPOS="1393" WIDTH="24" HEIGHT="22" WC="0.97" CONTENT="sä"/><SP WIDTH="18" VPOS="1393" HPOS="790"/>
							<String ID="string_352" HPOS="808" VPOS="1395" WIDTH="24" HEIGHT="19" WC="0.96" CONTENT="är"/><SP WIDTH="20" VPOS="1395" HPOS="832"/>
							<String ID="string_353" HPOS="852" VPOS="1393" WIDTH="35" HEIGHT="21" WC="0.93" CONTENT="det"/><SP WIDTH="20" VPOS="1393" HPOS="887"/>
							<String ID="string_354" HPOS="907" VPOS="1393" WIDTH="110" HEIGHT="27" WC="0.93" CONTENT="antagligt,"/>
						</TextLine>
						<TextLine ID="line_40" HPOS="188" VPOS="1421" WIDTH="828" HEIGHT="27">
							<String ID="string_355" HPOS="188" VPOS="1423" WIDTH="32" HEIGHT="19" WC="0.93" CONTENT="att"/><SP WIDTH="16" VPOS="1423" HPOS="220"/>
							<String ID="string_356" HPOS="236" VPOS="1421" WIDTH="225" HEIGHT="27" WC="0.92" CONTENT="statsobligationerna"/><SP WIDTH="15" VPOS="1421" HPOS="461"/>
							<String ID="string_357" HPOS="476" VPOS="1422" WIDTH="47" HEIGHT="21" WC="0.92" CONTENT="icke"/><SP WIDTH="18" VPOS="1422" HPOS="523"/>
							<String ID="string_358" HPOS="541" VPOS="1422" WIDTH="86" HEIGHT="21" WC="0.96" CONTENT="komma"/><SP WIDTH="19" VPOS="1422" HPOS="627"/>
							<String ID="string_359" HPOS="646" VPOS="1425" WIDTH="32" HEIGHT="18" WC="0.93" CONTENT="att"/><SP WIDTH="18" VPOS="1425" HPOS="678"/>
							<String ID="string_360" HPOS="696" VPOS="1422" WIDTH="66" HEIGHT="21" WC="0.92" CONTENT="hafva"/><SP WIDTH="19" VPOS="1422" HPOS="762"/>
							<String ID="string_361" HPOS="781" VPOS="1428" WIDTH="81" HEIGHT="15" WC="0.93" CONTENT="samma"/><SP WIDTH="18" VPOS="1428" HPOS="862"/>
							<String ID="string_362" HPOS="880" VPOS="1421" WIDTH="136" HEIGHT="26" WC="0.92" CONTENT="efterfrägan,"/>
						</TextLine>
						<TextLine ID="line_41" HPOS="192" VPOS="1449" WIDTH="827" HEIGHT="28">
							<String ID="string_363" HPOS="192" VPOS="1455" WIDTH="45" HEIGHT="15" WC="0.96" CONTENT="som"/><SP WIDTH="16" VPOS="1455" HPOS="237"/>
							<String ID="string_364" HPOS="253" VPOS="1449" WIDTH="34" HEIGHT="21" WC="0.96" CONTENT="för"/><SP WIDTH="15" VPOS="1449" HPOS="287"/>
							<String ID="string_365" HPOS="302" VPOS="1450" WIDTH="139" HEIGHT="26" WC="0.95" CONTENT="närvarande,"/><SP WIDTH="17" VPOS="1450" HPOS="441"/>
							<String ID="string_366" HPOS="458" VPOS="1450" WIDTH="38" HEIGHT="21" WC="0.96" CONTENT="och"/><SP WIDTH="17" VPOS="1450" HPOS="496"/>
							<String ID="string_367" HPOS="513" VPOS="1450" WIDTH="61" HEIGHT="21" WC="0.93" CONTENT="deras"/><SP WIDTH="15" VPOS="1450" HPOS="574"/>
							<String ID="string_368" HPOS="589" VPOS="1450" WIDTH="44" HEIGHT="27" WC="0.92" CONTENT="pris"/><SP WIDTH="15" VPOS="1450" HPOS="633"/>
							<String ID="string_369" HPOS="648" VPOS="1450" WIDTH="85" HEIGHT="22" WC="0.92" CONTENT="komme"/><SP WIDTH="16" VPOS="1450" HPOS="733"/>
							<String ID="string_370" HPOS="749" VPOS="1451" WIDTH="32" HEIGHT="20" WC="0.93" CONTENT="att"/><SP WIDTH="15" VPOS="1451" HPOS="781"/>
							<String ID="string_371" HPOS="796" VPOS="1449" WIDTH="58" HEIGHT="21" WC="0.92" CONTENT="falla."/><SP WIDTH="30" VPOS="1449" HPOS="854"/>
							<String ID="string_372" HPOS="884" VPOS="1450" WIDTH="49" HEIGHT="20" WC="0.96" CONTENT="Med"/><SP WIDTH="16" VPOS="1450" HPOS="933"/>
							<String ID="string_373" HPOS="949" VPOS="1450" WIDTH="70" HEIGHT="20" WC="0.96" CONTENT="denna"/>
						</TextLine>
						<TextLine ID="line_42" HPOS="188" VPOS="1477" WIDTH="830" HEIGHT="29">
							<String ID="string_374" HPOS="188" VPOS="1477" WIDTH="44" HEIGHT="21" WC="0.93" CONTENT="min"/><SP WIDTH="16" VPOS="1477" HPOS="232"/>
							<String ID="string_375" HPOS="248" VPOS="1478" WIDTH="141" HEIGHT="26" WC="0.92" CONTENT="anmärkning"/><SP WIDTH="14" VPOS="1478" HPOS="389"/>
							<String ID="string_376" HPOS="403" VPOS="1478" WIDTH="7" HEIGHT="21" WC="0.93" CONTENT="i"/><SP WIDTH="16" VPOS="1478" HPOS="410"/>
							<String ID="string_377" HPOS="426" VPOS="1479" WIDTH="115" HEIGHT="21" WC="0.92" CONTENT="allmänhet"/><SP WIDTH="15" VPOS="1479" HPOS="541"/>
							<String ID="string_378" HPOS="556" VPOS="1479" WIDTH="66" HEIGHT="26" WC="0.92" CONTENT="vägar"/><SP WIDTH="12" VPOS="1479" HPOS="622"/>
							<String ID="string_379" HPOS="634" VPOS="1479" WIDTH="38" HEIGHT="27" WC="0.93" CONTENT="jag"/><SP WIDTH="15" VPOS="1479" HPOS="672"/>
							<String ID="string_380" HPOS="687" VPOS="1479" WIDTH="47" HEIGHT="21" WC="0.92" CONTENT="icke"/><SP WIDTH="16" VPOS="1479" HPOS="734"/>
							<String ID="string_381" HPOS="750" VPOS="1480" WIDTH="102" HEIGHT="19" WC="0.92" CONTENT="motsätta"/><SP WIDTH="9" VPOS="1480" HPOS="852"/>
							<String ID="string_382" HPOS="861" VPOS="1478" WIDTH="43" HEIGHT="27" WC="0.97" CONTENT="mig"/><SP WIDTH="10" VPOS="1478" HPOS="904"/>
							<String ID="string_383" HPOS="914" VPOS="1484" WIDTH="29" HEIGHT="14" WC="0.93" CONTENT="nu"/><SP WIDTH="10" VPOS="1484" HPOS="943"/>
							<String ID="string_384" HPOS="953" VPOS="1477" WIDTH="65" HEIGHT="21" WC="0.93" CONTENT="fram-"/>
						</TextLine>
						<TextLine ID="line_43" HPOS="188" VPOS="1506" WIDTH="830" HEIGHT="28">
							<String ID="string_385" HPOS="188" VPOS="1506" WIDTH="64" HEIGHT="26" WC="0.93" CONTENT="lagda"/><SP WIDTH="10" VPOS="1506" HPOS="252"/>
							<String ID="string_386" HPOS="262" VPOS="1506" WIDTH="250" HEIGHT="27" WC="0.93" CONTENT="konverteringsförslag,"/><SP WIDTH="12" VPOS="1506" HPOS="512"/>
							<String ID="string_387" HPOS="524" VPOS="1507" WIDTH="89" HEIGHT="21" WC="0.96" CONTENT="emedan"/><SP WIDTH="13" VPOS="1507" HPOS="613"/>
							<String ID="string_388" HPOS="626" VPOS="1507" WIDTH="37" HEIGHT="27" WC="0.96" CONTENT="jag"/><SP WIDTH="16" VPOS="1507" HPOS="663"/>
							<String ID="string_389" HPOS="679" VPOS="1508" WIDTH="80" HEIGHT="20" WC="0.93" CONTENT="saknar"/><SP WIDTH="15" VPOS="1508" HPOS="759"/>
							<String ID="string_390" HPOS="774" VPOS="1508" WIDTH="98" HEIGHT="19" WC="0.96" CONTENT="närmare"/><SP WIDTH="10" VPOS="1508" HPOS="872"/>
							<String ID="string_391" HPOS="882" VPOS="1506" WIDTH="80" HEIGHT="21" WC="0.95" CONTENT="inblick"/><SP WIDTH="14" VPOS="1506" HPOS="962"/>
							<String ID="string_392" HPOS="976" VPOS="1506" WIDTH="7" HEIGHT="20" WC="0.79" CONTENT="i"/><SP WIDTH="9" VPOS="1506" HPOS="983"/>
							<String ID="string_393" HPOS="992" VPOS="1506" WIDTH="26" HEIGHT="20" WC="0.68" CONTENT="fi-"/>
						</TextLine>
						<TextLine ID="line_44" HPOS="188" VPOS="1534" WIDTH="829" HEIGHT="28">
							<String ID="string_394" HPOS="188" VPOS="1534" WIDTH="119" HEIGHT="27" WC="0.86" CONTENT="nansläget."/><SP WIDTH="30" VPOS="1534" HPOS="307"/>
							<String ID="string_395" HPOS="337" VPOS="1535" WIDTH="63" HEIGHT="21" WC="0.96" CONTENT="Hvad"/><SP WIDTH="19" VPOS="1535" HPOS="400"/>
							<String ID="string_396" HPOS="419" VPOS="1536" WIDTH="38" HEIGHT="26" WC="0.93" CONTENT="jag"/><SP WIDTH="18" VPOS="1536" HPOS="457"/>
							<String ID="string_397" HPOS="475" VPOS="1536" WIDTH="95" HEIGHT="20" WC="0.92" CONTENT="deremot"/><SP WIDTH="22" VPOS="1536" HPOS="570"/>
							<String ID="string_398" HPOS="592" VPOS="1536" WIDTH="109" HEIGHT="20" WC="0.96" CONTENT="bestämdt"/><SP WIDTH="18" VPOS="1536" HPOS="701"/>
							<String ID="string_399" HPOS="719" VPOS="1541" WIDTH="52" HEIGHT="15" WC="0.96" CONTENT="vore"/><SP WIDTH="17" VPOS="1541" HPOS="771"/>
							<String ID="string_400" HPOS="788" VPOS="1536" WIDTH="63" HEIGHT="25" WC="0.96" CONTENT="emot,"/><SP WIDTH="16" VPOS="1536" HPOS="851"/>
							<String ID="string_401" HPOS="867" VPOS="1536" WIDTH="23" HEIGHT="20" WC="0.96" CONTENT="är"/><SP WIDTH="20" VPOS="1536" HPOS="890"/>
							<String ID="string_402" HPOS="910" VPOS="1534" WIDTH="36" HEIGHT="21" WC="0.93" CONTENT="det"/><SP WIDTH="14" VPOS="1534" HPOS="946"/>
							<String ID="string_403" HPOS="960" VPOS="1536" WIDTH="57" HEIGHT="20" WC="0.92" CONTENT="utta-"/>
						</TextLine>
					</TextBlock>
				</ComposedBlock>
			</PrintSpace>
		</Page>
	</Layout>
</alto>
