1086 1734
351 129 92 21 Borgarest.
455 127 48 19 1888.
525 127 12 19 8
549 126 39 24 Maj.
821 126 33 18 989

58 199 51 24 säga
124 198 32 19 att
170 196 33 21 till
217 196 67 27 grund
300 196 33 21 för
348 196 47 21 dem
410 196 48 21 icke
473 196 67 27 ligger
558 198 31 19 ett
604 196 42 25 köp
662 195 22 21 af
696 201 69 20 varor,
780 202 48 14 men
840 195 38 27 jag

57 227 45 19 tror
117 224 54 21 dock
186 226 32 19 att
232 224 126 22 åtminstone
373 231 25 15 en
414 227 45 19 stor
475 225 34 21 del
525 225 22 21 af
556 225 26 20 de
597 223 75 26 medel,
684 229 45 15 som
739 223 95 22 erhållits
844 223 34 22 för

59 253 61 21 dessa
135 253 78 26 vexlar,
229 253 63 21 hafva
306 253 71 21 blifvit
395 253 126 26 begagnade
541 259 45 16 som
605 251 167 27 rörelsekapital.
805 252 72 27 Villigt

59 281 35 22 vill
103 282 36 26 jag
151 281 98 26 erkänna,
265 283 32 20 att
312 281 36 22 det
363 281 54 22 dock
433 281 47 22 icke
496 284 23 19 är
534 281 78 28 praxis,
628 281 96 25 tvertom,
740 286 47 15 men
803 280 36 21 det
854 282 23 19 är

59 310 54 21 dock
129 310 83 21 skilnad
226 310 78 21 mellan
319 316 25 15 en
360 311 66 25 vexel,
445 310 64 21 hvars
527 310 78 27 belopp
623 309 39 21 har
681 309 68 21 blifvit
764 308 92 21 användt
870 308 8 21 i

60 344 25 15 en
99 339 87 24 rörelse,
202 339 36 20 der
253 339 82 20 medlen
352 340 109 25 omsättas,
477 339 52 21 eller
544 345 26 15 en
584 338 67 25 vexel,
666 337 63 21 hvars
744 337 77 26 belopp
839 336 39 21 har

59 367 71 21 blifvit
145 367 84 21 nedsatt
244 367 70 21 såsom
328 367 41 22 fast
380 367 89 27 kapital,
485 367 39 22 och
539 368 7 20 i
561 367 36 21 det
612 366 110 21 afseendet
736 368 45 19 tror
795 366 36 26 jag
846 366 32 20 att

60 395 35 22 det
110 401 87 16 numera
211 395 46 22 icke
272 395 44 22 står
330 395 24 22 så
368 396 37 21 illa
420 396 38 25 till,
475 402 45 15 som
536 396 36 21 det
589 395 73 27 gjorde
678 394 33 21 för
725 395 28 21 20
768 394 23 21 år
807 393 71 22 sedan.

128 424 31 21 Hr
175 425 23 20 A.
215 424 24 21 O.
256 424 138 21 Snellman:
417 424 42 27 Jag
477 425 56 20 hade
552 423 119 28 egentligen
685 423 47 21 icke
747 425 44 19 stor
807 422 71 21 anled-

60 453 50 27 ning
125 454 31 20 att
171 453 77 26 begära
264 453 65 25 ordet,
345 453 27 21 då
386 453 177 21 bankutskottets
581 453 80 26 förslag
679 451 68 22 blifvit
767 451 24 22 så
809 452 69 20 varmt

60 481 124 22 understödt
199 481 23 22 af
234 481 26 21 de
274 481 61 22 flesta
350 481 73 26 talare,
443 487 45 16 som
507 481 108 28 uppträdt,
634 480 39 22 och
692 481 27 20 då
737 481 26 20 de
781 479 97 22 anmärk-

60 510 81 27 ningar,
157 516 44 15 som
216 510 67 27 gjorts
297 513 45 18 mot
357 510 124 26 detsamma,
496 510 69 21 blifvit
580 510 24 21 så
613 509 34 21 väl
662 509 99 26 bemötta,
777 515 46 14 men
839 507 39 22 lik-

60 538 51 21 visst
126 539 43 21 kan
183 539 34 27 jag
231 538 46 21 icke
292 538 111 21 underlåta
419 540 32 20 att
465 540 59 26 yttra
538 538 43 27 mig
596 539 7 20 i
618 537 112 27 anledning
745 537 23 22 af
781 536 98 22 anmärk-

61 567 76 28 ningen
156 573 34 16 om
205 567 65 26 några
286 567 144 26 oriktigheter,
447 573 46 15 som
508 567 115 27 uppgifvits
638 566 49 27 ingå
703 567 7 20 i
725 565 154 22 betänkandets

62 596 131 27 motivering.
217 595 91 22 Såframt
316 596 37 27 jag
362 595 47 22 icke
423 595 161 28 missuppfattat
599 595 25 21 hr
639 595 83 26 Heikel,
737 594 77 28 påstod
829 593 50 26 han,

61 625 31 20 att
103 625 109 26 principen
223 624 31 21 för
266 624 100 21 Finlands
377 624 69 21 banks
462 624 163 26 sedelutgifning
638 623 66 22 skulle
716 629 51 16 vara
777 624 57 21 orätt
842 629 37 14 an-

61 652 70 27 gifven
146 652 23 22 af
181 652 105 22 utskottet
300 652 28 27 på
342 653 77 26 pagina
433 653 14 21 3
463 653 7 20 i
485 652 150 22 betänkandet.
658 652 40 27 Jag
708 652 32 21 får
756 652 27 21 då
795 653 83 23 nämna,

62 683 31 19 att
107 681 107 21 utskottet
229 680 53 22 efter
296 681 109 21 inhemtad
423 681 121 21 kännedom
563 687 34 15 om
616 680 185 27 förhandlingarne
816 680 6 20 i
837 678 42 22 frå-

61 715 41 21 gan
117 710 34 20 vid
167 710 89 26 tidigare
272 710 40 20 och
326 710 101 21 särskildt
443 710 55 21 1867
519 710 38 21 och
574 710 54 21 1872
644 709 34 21 års
693 709 125 27 landtdagar
832 708 47 21 icke

61 738 82 21 kunnat
152 737 58 22 finna
224 740 69 24 annat,
309 740 26 19 än
351 740 31 19 att
395 738 113 27 principen
521 738 33 21 för
568 738 102 21 Finlands
681 738 65 21 banks
757 736 122 27 sedelutgif-

61 766 105 27 ningsrätt
180 766 107 28 verkligen
302 768 24 20 är
341 766 47 27 den,
407 768 32 20 att
458 766 86 22 banken
566 773 50 21 eger
634 768 44 20 rätt
696 767 31 20 att
745 766 84 21 utöfver
848 765 31 21 sin

61 794 121 22 metalliska
200 795 72 21 valuta
289 795 80 27 utgifva
388 795 71 21 sedlar
477 795 34 21 till
529 797 32 19 ett
578 795 84 27 belopp,
682 794 147 22 motsvarande
844 794 36 20 det

62 824 77 20 minsta
153 830 44 14 som
213 824 67 20 under
294 830 26 15 en
336 824 71 26 längre
422 824 32 21 tid
469 824 56 21 visat
540 824 31 26 sig
585 824 33 21 för
633 823 93 21 rörelsen
739 824 7 20 i
757 823 72 21 landet
844 822 36 21 be-

62 852 79 27 höfligt.
171 852 33 21 Då
218 858 28 15 nu
261 852 60 28 fråga
336 852 22 22 af
371 852 193 27 bankfullmäktige
579 852 71 21 blifvit
667 852 110 21 framstäld
797 857 33 16 om
849 852 31 20 att

61 881 88 26 utvidga
164 881 251 27 segelutgifningsrätten,
430 881 24 21 så
470 881 39 22 har
524 881 110 26 utskottet,
645 881 66 21 ehuru
722 881 35 21 det
766 880 115 27 ingalunda

62 909 57 22 velat
137 909 112 27 godkänna
268 910 68 21 denna
355 909 22 22 af
395 910 54 21 1867
471 910 39 21 och
531 910 54 21 1872
604 910 34 21 års
657 909 84 22 ständer
759 908 121 22 etablerade

62 938 81 27 princip
158 937 69 22 såsom
243 938 39 21 den
298 938 62 21 bästa
375 938 38 21 och
425 938 120 27 riktigaste,
561 939 65 20 likväl
642 939 76 25 ansett,
733 940 32 19 att
780 938 35 21 det
829 943 51 15 vore

61 966 86 21 klokast
162 968 32 20 att
208 973 28 14 nu
251 967 57 21 hålla
322 967 35 21 vid
372 967 129 26 densamma,
517 967 7 21 i
540 967 112 27 synnerhet
663 967 27 21 då
699 967 38 20 här
752 967 55 21 varit
820 965 61 28 fråga

62 1001 34 14 om
111 995 75 21 endast
202 1001 25 15 en
242 995 77 27 partiel
338 995 124 27 förändring
477 995 7 22 i
502 996 148 26 reglementet;
672 995 40 22 och
731 995 26 21 då
776 994 105 21 utskottet

63 1029 26 15 en
104 1023 55 28 gång
175 1025 69 20 ansett
259 1025 30 26 sig
304 1024 53 21 böra
371 1023 104 22 vidblifva
489 1024 69 21 denna
573 1024 89 27 princip,
681 1024 23 21 så
722 1024 39 21 har
776 1023 36 22 det
826 1022 55 21 varit

63 1051 97 28 omöjligt
174 1052 32 21 för
221 1053 105 20 utskottet
341 1054 31 19 att
386 1052 79 22 föreslå
481 1053 37 21 det
533 1053 82 27 belopp,
631 1053 48 21 med
694 1052 80 21 hvilket
789 1051 92 22 sedelut-

62 1080 108 27 gifningen
192 1081 68 21 skulle
282 1081 22 21 få
326 1081 133 21 öfverskrida
486 1081 94 21 bankens
606 1081 120 21 metalliska
750 1081 73 20 valuta
848 1079 33 21 till

63 1108 81 22 mindre
160 1110 26 20 än
202 1109 28 21 30
243 1109 97 27 miljoner
358 1109 67 26 mark,
443 1111 25 26 ty
487 1110 65 21 sedan
573 1110 55 21 1870
642 1110 39 20 har
695 1110 7 20 i
718 1108 75 28 sjelfva
807 1108 75 21 verket

62 1137 185 21 sedelemissionen
262 1138 7 20 i
284 1138 71 21 landet
371 1138 60 21 alltid
450 1138 120 27 öfverstigit
589 1138 59 21 detta
666 1138 77 27 belopp
762 1137 40 21 och
817 1136 7 22 i
839 1142 42 16 me-

63 1166 64 21 deltal
142 1166 88 27 uppgått
245 1166 33 22 till
292 1167 49 21 vida
356 1166 72 28 högre.
459 1166 113 22 Utskottet
586 1166 38 22 har
639 1166 47 22 icke
698 1167 82 21 kunnat
790 1171 50 16 anse
850 1166 32 20 att

62 1194 67 27 någon
144 1194 44 21 risk
204 1194 67 22 skulle
285 1201 51 15 vara
351 1195 88 21 förenad
453 1196 51 20 med
519 1197 31 19 att
565 1195 77 27 bevilja
657 1195 83 21 banken
756 1195 69 21 denna
839 1193 43 22 för-

62 1222 68 22 ökade
153 1223 222 27 sedelutgifningsrätt.
406 1223 114 22 Utskottet
541 1224 39 21 har
602 1224 46 21 icke
671 1224 64 21 heller
758 1224 70 20 ansett
851 1223 31 20 att

62 1252 69 20 denna
149 1251 69 21 ökade
233 1252 218 27 sedelutgifningsrätt
467 1252 70 22 skulle
554 1252 102 22 innebära
670 1252 68 27 någon
752 1251 130 28 uppmaning

61 1280 32 21 för
104 1279 220 29 bankförvaltningen,
340 1283 32 19 att
386 1281 68 21 under
469 1281 85 26 vanliga
568 1281 146 21 förhållanden
725 1281 41 21 öka
781 1280 32 22 sin
828 1279 54 21 utlå-

62 1309 50 26 ning
127 1308 57 21 inom
199 1308 78 27 landet,
294 1312 91 18 tvertom
401 1309 39 21 har
453 1309 25 27 ju
494 1310 105 21 utskottet
614 1309 116 22 särskildt
719 1304 8 36 i
741 1310 36 20 sitt
792 1308 91 26 tidigare

62 1336 134 22 betänkande
211 1337 117 22 framhållit
343 1338 68 21 såsom
427 1338 32 21 sin
477 1338 62 27 åsigt,
557 1339 33 20 att
604 1338 84 21 banken
707 1338 46 21 icke
773 1338 38 20 bör
830 1342 53 20 upp-

61 1366 62 20 träda
137 1365 72 21 alltför
223 1366 59 21 raskt
296 1366 8 21 i
319 1366 58 21 detta
392 1366 109 22 afseende.
531 1366 49 22 Men
603 1366 35 22 det
656 1366 42 22 kan
719 1366 84 21 komma
820 1364 62 26 tider,

62 1394 26 20 då
104 1394 36 21 det
154 1396 24 18 är
192 1394 130 27 nödvändigt
336 1397 33 19 att
383 1394 68 22 skaffa
468 1401 59 15 mera
542 1395 70 21 sedlar
630 1395 6 21 i
655 1394 86 22 rörelse.
774 1394 27 20 Vi
820 1392 63 21 hafva

61 1423 48 25 sett,
120 1422 55 21 huru
188 1423 67 21 under
270 1425 83 19 senaste
367 1423 62 26 tider,
445 1423 91 21 oaktadt
545 1423 81 27 ganska
637 1423 94 21 normala
745 1420 138 24 ekonomiska

61 1450 145 22 förhållanden
225 1451 7 21 i
249 1451 73 21 landet
339 1452 55 21 varit
412 1451 103 26 rådande,
535 1452 26 21 då
578 1452 62 26 ingen
659 1452 100 21 missväxt
781 1449 101 26 inträffat,

61 1480 51 20 utan
127 1481 91 19 tvertom
234 1480 115 21 skördarne
365 1480 53 21 varit
433 1480 58 26 goda
507 1480 39 21 och
561 1482 101 25 exporten
678 1480 101 27 derjemte
794 1478 89 27 fortgått

61 1507 149 26 obehindradt,
226 1508 39 21 den
280 1508 121 21 metalliska
416 1508 89 21 valutan
520 1508 68 21 blifvit
606 1509 24 20 så
648 1508 130 27 väsentligen
797 1507 86 21 reduce-

61 1535 38 20 rad
119 1535 38 22 och
178 1536 150 21 statsbankens
347 1536 133 21 sedelreserv
499 1536 81 21 kunnat
597 1537 69 21 under
684 1537 72 26 loppet
775 1535 22 22 af
815 1537 30 20 ett
859 1535 24 21 år
