1045 1736
361 132 93 22 Borgarest.
466 132 45 19 1888.
534 132 20 19 16
567 132 40 23 Maj.
827 132 43 18 1141

135 200 40 26 De,
194 200 69 21 hvilka
281 200 113 27 godkänna
410 200 34 22 det
459 200 8 21 i
481 200 70 27 första
566 202 111 20 momentet
693 201 23 26 af
728 200 16 28 $
759 201 13 20 6
787 200 107 22 bestämda

67 228 150 27 bötesbeloppet
232 228 26 27 af
272 228 59 28 högst
346 230 42 19 100
403 228 60 22 mark
478 229 148 27 oförändradt,
642 230 58 20 rösta
711 229 36 27 ja;
763 228 30 26 de,
809 230 34 20 det
851 228 43 22 icke

66 258 57 26 göra,
139 258 58 20 rösta
211 258 47 26 nej:

135 286 74 20 vinner
228 286 42 27 nej,
290 285 39 21 har
347 285 172 27 borgareständet
536 286 84 21 beslutit
639 286 47 21 dess
712 285 135 21 nedsättande
863 285 31 21 till

68 313 59 27 högst
142 314 28 20 50
186 313 66 22 mark.

136 342 163 27 Propositionen
319 343 129 21 besvarades
469 343 48 21 med
539 343 157 26 öfvervägande
710 343 29 26 ja,
755 342 38 21 och
809 348 36 15 var
861 342 32 20 sä-

69 370 58 21 ledes
148 371 35 20 det
202 371 23 20 af
242 371 105 21 utskottet
365 371 30 20 uti
414 371 165 26 ifrägavarande
598 371 102 21 afseende
719 370 121 27 föreslagna
856 370 37 21 bö-

70 399 135 26 tesbeloppet
216 399 138 21 oförändradt
364 399 117 26 godkändt.

136 427 11 22 I
162 427 69 27 öfriga
250 427 59 22 delar
328 427 125 27 godkändes
472 429 51 20 utan
540 427 121 22 diskussion
678 427 140 22 förevarande
834 427 59 27 kapi-

68 456 29 21 tel
110 456 80 27 jemväl
206 456 66 27 enligt
288 456 116 21 utskottets
419 456 144 21 betänkande.

426 531 29 19 44
478 529 57 27 Kap.

83 568 39 22 Om
138 569 58 21 brott
212 571 56 19 emot
284 569 110 21 föreskrift
409 570 33 20 till
458 570 70 26 skydd
544 570 33 20 för
592 569 30 26 lif,
634 569 62 21 helsa
706 569 52 21 eller
769 568 108 27 egendom.

137 625 25 28 88
179 626 55 21 1—3
249 625 124 27 godkändes
387 628 53 19 utan
455 626 131 21 diskussion.

137 655 11 20 I
162 654 115 26 anledning
293 654 22 21 af
329 654 11 27 $
355 655 15 20 4
384 655 84 26 yttrade

110 697 3 2 -
137 683 26 20 hr
181 682 93 21 Walle:
304 683 10 20 I
330 683 11 27 8
357 683 14 21 4
385 683 88 26 stadgas
494 689 77 15 ansvar
586 682 34 21 för
636 682 48 26 den,
700 688 45 15 som
761 684 50 19 utan
827 681 66 27 laglig

69 712 43 19 rätt
127 711 103 26 tillreder,
249 711 68 21 håller
331 711 33 21 till
381 711 47 21 salu
443 711 54 22 eller
512 711 128 21 annorledes
656 711 23 20 åt
695 717 68 14 annan
778 710 115 21 öfverlåter

69 739 40 26 gift
124 739 54 22 eller
192 741 65 19 annat
272 739 76 21 sådant
363 739 110 27 lifsfarligt
488 741 69 20 ämne.
582 739 34 21 Då
631 739 37 21 det
683 745 28 15 nu
726 739 46 21 icke
787 738 24 21 af
825 739 68 20 denna

69 767 101 27 paragraf
188 767 100 27 framgår,
307 767 105 22 huruvida
430 768 106 21 utskottet
554 768 68 21 under
640 767 154 26 benämningen
816 766 78 21 lifsfar-

69 796 44 27 liga
131 798 76 19 ämnen
223 796 65 21 också
301 796 116 21 innefattar
433 796 80 21 sådana
529 796 76 27 giftiga
620 796 98 26 artiklar,
734 801 44 16 som
794 795 99 21 stundom

69 824 132 21 förekomma
216 825 6 20 i
238 824 98 27 handeln,
355 825 71 20 såsom
442 827 15 18 t.
473 831 33 14 ex.
524 824 76 27 giftiga
619 827 68 24 tyger,
706 825 82 26 tapeter
803 823 39 21 och
858 829 36 15 an-

70 855 37 18 nat
122 853 74 26 dylikt,
216 853 38 20 och
274 853 26 20 då
319 853 36 21 det
371 853 24 26 ju
413 853 47 21 icke
481 859 37 15 ens
538 853 41 20 kan
595 853 85 20 komma
696 853 6 19 i
717 852 66 26 fråga,
799 853 32 19 att
845 857 48 15 man

70 880 54 22 skall
145 880 81 22 erhålla
244 881 64 27 laglig
327 883 42 19 rätt
387 883 33 19 att
438 881 87 21 tillreda
541 880 71 28 dylika
628 880 70 27 saker,
714 886 62 21 synes
791 880 38 20 det
844 879 49 27 mig,

70 909 71 21 såsom
156 915 33 15 om
206 909 66 27 enligt
287 909 59 21 detta
361 910 80 26 kapitel
457 910 48 26 den,
521 915 45 15 som
582 909 99 21 tillreder
696 908 71 28 dylika
779 907 115 27 lifsfarliga

71 939 83 24 ämnen,
170 937 74 21 härför
259 938 46 21 icke
321 944 50 15 vore
387 938 116 21 hemfallen
519 938 33 20 till
569 937 66 21 straff.
658 938 43 20 Det
715 937 38 21 har
767 936 127 26 visserligen

70 966 84 26 nyligen
173 968 109 19 emanerat
301 972 25 15 en
345 966 158 21 administrativ
522 966 126 26 förordning
663 966 23 21 af
700 966 41 20 den
757 965 27 21 14
799 964 94 22 februari

71 994 61 26 1888,
155 1000 46 15 som
220 994 65 21 bland
303 996 65 20 annat
385 995 88 26 stadgar
493 1000 77 15 ansvar
589 994 33 21 för
642 994 48 26 den,
708 1000 46 15 som
773 992 99 27 försäljer
887 993 7 20 i

69 1022 155 27 frågavarande
244 1022 33 21 för
296 1023 74 21 helsan
390 1022 99 27 skadliga
510 1022 71 26 saker,
597 1028 48 15 men
658 1022 39 27 jag
711 1022 41 21 kan
767 1021 47 21 icke
829 1020 64 26 finna,

69 1052 33 19 att
124 1051 109 21 desamma
255 1051 114 26 inrymmas
392 1051 68 21 under
480 1051 49 26 kap.
548 1051 29 20 44
595 1051 6 20 i
617 1050 48 21 vårt
683 1057 41 20 nya
743 1048 151 27 strafflagsför-

70 1079 53 26 slag,
152 1079 42 26 Jag
213 1079 71 22 skulle
299 1079 72 22 derför
386 1079 34 26 be,
436 1081 32 19 att
483 1079 24 21 af
520 1079 116 21 utskottets
652 1079 137 21 medlemmar
804 1077 22 21 få
841 1083 52 20 upp-

69 1107 84 27 lysning
171 1108 80 25 derom,
266 1107 54 22 huru
341 1108 25 21 de
385 1107 62 22 tänkt
457 1107 34 27 sig
504 1107 69 22 denna
584 1107 45 25 sak,
640 1107 46 26 och,
697 1107 33 21 för
741 1106 40 21 den
792 1105 102 22 händelse

69 1137 32 19 att
124 1136 62 21 dessa
204 1136 75 26 giftiga
297 1137 77 20 ämnen
393 1136 47 21 icke
459 1142 51 15 vore
529 1135 127 27 inbegripna
674 1136 7 20 i
700 1135 69 22 denna
786 1133 107 27 paragraf,

49 1181 5 4 .
71 1164 74 26 tyckes
160 1164 37 21 det
212 1164 49 26 mig,
278 1170 44 15 som
338 1170 34 15 om
387 1170 49 15 man
452 1164 67 21 borde
535 1165 52 25 göra
602 1165 32 19 ett
649 1164 76 26 tillägg
739 1163 6 21 i
762 1163 59 21 detta
831 1162 62 26 syfte,

70 1192 90 21 likasom
176 1192 37 21 det
228 1192 64 22 också
307 1194 24 19 är
346 1192 62 22 fallet
423 1192 7 21 i
446 1192 41 22 den
503 1192 115 21 utländska
632 1192 169 26 lagstiftningen.

138 1220 32 21 Hr
189 1220 83 22 Sulin:
303 1220 46 22 Här
366 1220 58 22 afses
443 1220 129 26 försäljning
587 1220 23 21 af
623 1220 65 27 gifter
704 1220 52 21 eller
771 1219 67 21 andra
854 1217 39 22 lik-

69 1249 69 21 nande
159 1248 79 28 farliga
258 1251 83 24 ämnen,
358 1249 70 21 under
446 1249 42 21 den
507 1248 152 27 förutsättning
678 1250 32 20 att
728 1248 55 21 både
802 1247 91 27 säljaren

69 1277 39 21 och
127 1276 94 27 köparen
240 1279 51 19 veta
306 1278 23 20 af
343 1279 101 19 ämnenas
459 1277 78 27 farliga
553 1276 151 22 beskaffenhet.
734 1276 43 21 För
792 1277 31 19 att
839 1275 55 21 före-

70 1305 85 21 komma
174 1305 96 21 vådorna
285 1306 22 20 af
321 1306 67 20 sådan
404 1305 135 27 försäljning,
555 1311 34 15 om
604 1305 41 21 den
662 1311 49 15 vore
727 1304 167 24 okontrollerad,

69 1333 39 21 och
127 1333 33 21 för
175 1335 32 19 att
221 1334 121 21 kontrollen
358 1334 60 21 öfver
433 1334 156 26 försäljningen
604 1333 56 21 skall
677 1334 70 20 kunna
761 1331 133 29 upprätthål-

68 1362 39 26 las,
123 1362 139 21 föreskrifves
276 1362 4 21 i
292 1362 69 22 denna
376 1362 109 27 paragraf,
502 1364 31 19 att
549 1362 66 21 sådan
630 1362 127 26 försäljning
772 1361 19 26 ej
807 1360 32 20 får
857 1359 37 21 ske

70 1392 52 19 utan
137 1390 103 21 särskildt
255 1390 104 26 tillstånd,
376 1390 40 22 och
432 1390 103 26 belägges
551 1390 154 21 öfverträdelse
720 1390 24 21 af
758 1389 69 21 denna
837 1387 57 22 före-

69 1418 64 21 skrift
152 1418 48 22 med
218 1420 31 20 ett
266 1419 87 26 ringare
372 1425 84 15 ansvar.
487 1418 52 21 Helt
558 1420 64 19 annat
641 1420 25 19 är
682 1418 42 26 det,
740 1424 33 15 om
789 1421 48 16 man
853 1416 41 21 säl-

67 1446 35 27 jer
121 1446 100 21 leksaker
240 1447 53 20 eller
311 1449 66 18 annat
396 1447 23 21 åt
438 1453 27 14 en
483 1446 88 27 köpare,
591 1452 45 15 som
655 1446 47 21 icke
721 1448 35 19 vet
773 1446 32 19 att
820 1444 36 21 det
871 1446 24 19 är

69 1475 99 25 skadligt.
198 1475 42 21 Vet
255 1475 7 20 i
278 1475 59 21 detta
355 1475 38 20 fall
414 1475 94 26 säljaren
527 1475 54 20 eller
598 1474 68 21 borde
684 1474 42 21 han
741 1475 56 23 veta,
813 1473 32 20 att
859 1473 36 20 det

68 1502 41 21 han
129 1502 65 27 säljer
212 1504 25 19 är
255 1502 34 22 för
307 1502 75 21 helsan
402 1502 102 27 skadligt,
520 1508 48 16 men
584 1502 90 27 förtiger
688 1502 34 21 för
736 1502 95 26 köparen
847 1500 47 22 dess

68 1530 78 27 farliga
162 1531 114 26 egenskap,
292 1531 24 21 så
331 1530 86 22 straffas
432 1531 43 21 han
491 1531 46 21 icke
553 1530 55 22 efter
624 1531 60 21 detta
698 1530 91 26 lagrum,
800 1531 51 19 utan
862 1528 33 21 för

805 1579 22 17 73
