1089 1742
207 132 45 32 1160
460 136 95 23 Borgarest.
579 137 45 19 1888.
651 137 20 19 17
684 137 39 22 Maj.

254 208 31 18 att
300 206 91 27 ståndet,
405 207 35 21 vid
455 206 151 28 föredragning
622 207 23 21 af
659 206 154 28 lagutskottets
829 206 133 22 betänkande
977 212 33 15 n:o

186 235 26 21 12
231 234 7 21 i
254 234 113 28 anledning
382 235 22 22 af
419 235 77 27 nådiga
511 236 160 26 propositionen
688 242 33 15 n:o
737 236 35 26 36,
789 234 109 27 angående
914 234 96 22 enskilda

182 263 116 27 jernvägar
313 262 33 22 för
361 264 77 21 allmän
454 264 134 26 samfärdsel,
600 264 40 22 och
654 264 3 21 i
669 264 153 26 sammanhang
833 263 87 21 dermed
930 269 81 15 samma

185 292 94 21 utskotts
297 291 133 23 betänkande
449 299 35 15 n:o
504 293 27 21 13
549 293 7 21 i
576 293 115 25 anledning
711 293 22 21 af
748 299 26 15 en
791 292 56 21 inom
863 292 148 24 ridderskapet

185 323 39 19 och
244 322 62 20 adeln
326 324 55 18 samt
397 322 99 26 borgare-
512 322 38 20 och
567 321 162 22 bondestånden
745 321 64 21 väckt
825 320 79 22 motion
920 326 32 16 om
968 320 43 21 för-

185 348 99 28 fattning,
304 350 107 26 angående
430 350 96 21 vilkoren
545 350 34 21 för
597 350 127 22 koncession
744 350 13 21 &
776 349 97 21 enskilda
890 349 120 27 jernvägar,

185 378 95 26 godkänt
298 378 36 21 det
352 378 68 22 första
438 378 251 27 författningsförslaget,
704 381 59 19 utom
783 380 32 19 att
833 379 10 20 1
861 380 112 19 momentet
990 377 22 21 af

185 407 13 21 2
214 406 12 28 $
242 407 176 21 återremitterats
433 407 34 21 till
483 407 106 21 utskottet
604 408 6 20 i
627 408 77 20 sådant
719 407 63 27 syfte,
799 408 31 20 att
845 406 33 21 till
894 407 116 20 detsamma

186 435 69 21 skulle
271 435 59 27 fogas
346 437 30 20 ett
391 436 75 27 tillägg
482 436 81 26 derom,
574 438 32 19 att
621 436 145 27 tilläfventyrs
783 435 92 27 beviljad
886 435 124 21 subvention

185 463 56 27 finge
260 464 34 21 vid
314 464 169 22 bestämmandet
501 464 23 21 af
541 464 175 28 aktiekapitalets
736 464 158 26 minimibelopp
912 463 46 21 från
974 469 36 15 an-

186 492 229 27 läggningskostnaden
435 493 110 26 afräknas;
565 495 32 19 att
615 493 33 21 för
663 493 12 27 &
690 494 13 20 6
719 492 94 28 antagits
829 493 39 21 den
885 492 23 21 af
920 492 90 21 friherre

185 527 41 15 von
242 521 57 21 Born
315 522 7 20 i
336 521 53 21 hans
405 522 130 21 reservation
552 522 123 26 föreslagna
690 522 82 27 lydelse
789 521 46 21 med
851 521 75 26 tillägg
941 520 23 22 af
978 526 33 16 or-

185 550 41 20 den
247 550 89 27 ,minsta
350 550 69 21 antal"
435 550 54 22 efter
503 550 67 22 orden
587 550 166 28 ,lokomotivens
769 550 40 21 och
822 550 188 26 jernvägsvagnar-

186 578 60 26 nas";
268 580 31 20 att
317 578 11 28 $
347 579 20 25 9,
383 585 44 15 som
444 579 129 21 oförändrad
589 579 112 27 godkänts,
717 579 117 21 förklarats
849 578 58 26 böra,
923 578 5 20 i
945 578 65 26 enlig-

186 607 36 21 het
238 607 48 21 med
302 607 40 21 den
358 607 144 22 betänkandet
513 607 114 27 vidfogade
639 608 68 26 tredje
718 607 166 26 reservationen,
895 606 115 22 behandlas

185 635 28 27 pä
232 637 44 19 sätt
295 636 25 21 71
341 636 11 27 $&
371 636 7 20 i
397 636 233 27 landtdagsordningen
646 642 33 16 om
696 636 109 26 stiftande,
821 636 95 26 ändring,
932 634 79 22 förkla-

187 665 47 25 ring
251 664 53 22 eller
319 664 148 27 upphäfvande
482 664 23 22 af
517 665 106 27 grundlag
639 664 150 26 föreskrifver;
805 666 31 19 att
850 664 31 21 uti
901 665 5 20 1
919 669 92 15 momen-

185 694 32 20 tet
228 692 24 22 af
261 692 11 28 $
284 693 26 21 11
321 692 89 22 framför
421 694 61 20 ordet
490 694 148 26 ,underhälla*
647 694 76 20 insatts
733 694 67 20 orden
809 693 67 28 inom
884 692 126 27 jernvägens

185 721 110 25 område";
316 723 31 19 att
366 722 24 27 88
412 722 32 26 16,
461 722 26 21 17
506 722 39 21 och
566 722 27 22 18
612 722 48 21 från
675 721 242 27 författningsförslaget
932 720 79 22 uteslu-

186 750 48 25 tits;
254 752 32 19 att
304 750 30 21 uti
354 751 60 21 2:dra
432 751 111 26 meningen
559 750 24 22 af
598 751 26 21 19
640 750 45 28 $:ns
700 750 69 22 första
785 752 93 19 moment
893 749 64 21 orden
974 755 36 20 ,en

185 778 119 22 tiondedel*
324 779 80 27 utbytts
420 781 45 19 mot
480 780 65 20 orden
561 786 37 20 ,en
615 779 122 26 femtedel";
758 780 33 20 att
813 779 6 21 3
834 780 115 19 momentet
963 777 23 21 af
999 777 11 27 $

185 807 29 21 20
236 807 92 27 antagits
348 808 66 26 enligt
432 807 89 22 friherre
541 814 40 14 von
600 808 69 21 Borns
689 807 142 25 reservation;
854 809 31 19 att
904 807 30 21 uti
952 806 12 28 $
983 806 29 22 30

185 835 203 27 tidsbestämningen
408 837 84 26 ,trettio
511 836 34 21 år"
565 837 88 21 ändrats
673 836 32 21 till
725 836 90 27 ,fyratio
834 835 45 26 år";
898 837 32 19 att
948 835 33 21 för
999 834 11 28 $

185 864 29 21 32
229 864 93 27 antagits
338 864 40 22 den
394 864 23 22 af
430 864 90 22 friherre
535 871 40 15 von
592 864 56 22 Born
665 865 6 21 i
683 865 53 21 hans
747 864 132 22 reservation
890 864 121 26 föreslagna

185 892 178 27 formuleringen;
374 896 56 19 samt
438 895 31 20 att
477 893 11 28 $
496 894 27 21 35
531 894 120 25 uteslutits;
662 894 119 27 hvarjemte
789 893 91 26 ständet,
889 893 6 20 i
904 894 106 19 närmaste

186 921 224 22 öfverensstämmelse
426 923 48 20 med
489 923 55 20 hvad
560 922 23 21 af
597 922 91 21 friherre
704 928 40 15 von
760 922 57 21 Born
833 921 30 21 uti
874 921 137 21 merberörda

185 950 131 21 reservation
344 951 128 26 föreslagits,
494 951 88 21 beslutit
608 953 32 18 att
663 951 31 21 uti
717 951 127 21 ständernas
866 946 145 30 underdäniga

184 984 51 15 svar
254 979 12 20 å
282 979 40 20 den
338 979 76 26 nådiga
430 980 159 26 propositionen
604 979 67 21 borde
686 979 50 26 ingå
752 981 31 20 ett
798 979 110 20 uttalande
923 978 87 26 derhän,

185 1009 33 19 att
232 1007 36 21 vid
283 1007 99 27 pröfning
398 1008 23 21 af
435 1008 48 21 sökt
497 1008 98 21 tillständ
610 1008 33 21 till
657 1008 102 27 jernvägs
775 1007 132 26 anläggande
923 1006 87 21 befarad

185 1035 134 22 konkurrens
335 1037 48 20 med
399 1043 68 14 annan
482 1037 78 20 allmän
577 1037 53 20 eller
645 1037 83 20 enskild
742 1037 91 26 jernväg
848 1035 53 22 eller
916 1035 94 21 kommu-

186 1064 188 22 nikationsanstalt
395 1065 53 26 icke,
467 1065 65 27 enligt
555 1065 127 21 ständernas
705 1064 142 28 uppfattning,
866 1064 7 21 i
896 1063 115 22 allmänhet

186 1093 66 21 borde
269 1093 64 21 blifva
349 1093 169 26 bestämmande
510 1089 12 34 ;

254 1123 32 19 att
300 1121 92 27 ständet,
404 1123 64 20 sedan
484 1122 163 27 ifrägavarande
663 1122 153 27 lagutskottets
832 1121 133 22 betänkande
976 1127 33 14 n:o

187 1150 26 21 12
236 1149 70 22 blifvit
327 1150 178 26 slutbehandladt,
525 1151 89 21 beslutit
636 1152 50 19 utan
705 1150 123 21 diskussion
846 1149 112 27 godkänna
977 1153 33 17 ut-

185 1178 93 21 skottets
294 1178 154 22 ofvannämnda
464 1179 133 21 betänkande
613 1185 34 15 n:o
664 1179 27 21 13
706 1178 148 26 oförändradt;

254 1209 32 19 att
308 1207 85 21 ständet
415 1207 138 22 oförändradt
571 1207 95 27 godkänt
685 1207 172 21 statsutskottets
876 1206 133 21 betänkande

185 1241 33 14 n:o
236 1235 26 21 13
278 1235 7 20 i
300 1235 115 27 anledning
430 1236 23 21 af
468 1236 75 27 nådiga
559 1236 159 27 propositionen
734 1242 35 15 n:o
785 1236 28 21 26
828 1235 109 26 angående
947 1235 62 20 brän-

184 1263 144 22 vinsskattens
344 1265 142 26 användning;

254 1294 31 19 att
307 1292 91 26 ständet,
417 1293 33 20 vid
474 1294 6 20 i
503 1295 30 19 ett
555 1293 152 26 sammanhang
729 1293 69 21 skedd
818 1292 151 27 föredragning
988 1292 22 20 af

184 1320 153 27 lagutskottets
356 1321 148 22 betänkanden
523 1328 34 15 n:o
577 1322 26 21 17
623 1322 5 20 i
648 1321 115 26 anledning
783 1321 22 21 af
822 1321 78 26 nädiga
914 1321 95 26 proposi-

183 1349 73 22 tionen
276 1356 34 15 n:o
329 1349 33 26 38,
378 1350 110 26 angäende
507 1350 79 26 lagfart
605 1350 38 21 och
663 1350 124 26 inteckning
806 1349 22 22 af
843 1349 96 22 enskilda
952 1349 57 26 jern-

184 1379 66 25 vägar
265 1378 34 21 för
314 1378 79 21 allmän
409 1379 133 26 samfärdsel,
558 1380 56 19 samt
629 1385 34 14 n:o
680 1379 25 20 18
721 1379 6 20 i
743 1378 115 26 anledning
874 1377 23 22 af
910 1383 26 15 en
952 1377 56 21 inom

184 1406 148 27 ridderskapet
355 1407 39 20 och
418 1407 61 21 adeln
502 1409 56 19 samt
580 1407 100 26 borgare-
703 1407 38 21 och
765 1406 159 22 bondeständen
946 1405 62 22 väckt

184 1435 79 21 motion
287 1442 33 14 om
344 1435 132 27 författning,
495 1436 108 26 angäende
628 1435 122 27 inteckning
773 1435 7 21 i
802 1435 95 26 jernväg,
916 1434 92 27 godkänt

182 1463 68 26 sagda
268 1463 157 26 betänkanden;

252 1493 32 19 att
309 1493 85 20 ståndet
419 1493 94 26 godkänt
539 1493 170 21 statsutskottets
735 1492 135 21 betänkande
896 1497 33 15 n:o
954 1492 26 20 14
1001 1491 7 20 i

180 1519 37 21 mr
248 1520 50 49 m
323 1521 23 20 af
365 1521 288 26 ständerhusdelegationens
676 1521 32 21 till
731 1521 117 21 ständerna
870 1519 80 27 afgifna
973 1519 35 21 be-

181 1549 100 25 rättelse;
