1081 1736
214 137 33 17 792
473 137 93 22 Borgarest.
578 138 47 18 1888.
649 138 21 19 26
683 138 50 23 April.

191 205 46 22 icke
259 211 52 16 vara
333 212 26 15 en
382 207 87 26 politisk
491 207 136 27 folktidning,
651 209 51 20 utan
726 207 87 21 fastmer
829 213 25 14 en
871 207 143 26 barntidning.

190 234 41 27 Jag
254 236 24 19 är
300 235 105 26 nemligen
425 235 23 21 sä
463 235 129 22 intresserad
607 235 64 22 äfven
685 236 34 21 för
734 236 40 21 den
790 235 90 22 svenska
895 235 120 22 befolknin-

189 269 47 20 gen,
248 264 31 19 att
288 263 37 28 jag
336 263 68 21 skulle
416 264 73 25 önska,
500 265 33 20 att
544 264 33 21 för
589 265 70 20 denna
669 264 124 26 befolkning
804 263 68 22 skulle
880 265 61 25 göras
949 264 65 27 nägot

190 296 65 21 mera,
279 293 26 19 än
327 291 57 21 hvad
401 292 111 26 tidningen
528 292 165 25 ,Folkvännen'
710 293 97 21 uträttat.
837 292 33 21 Då
884 292 36 27 jag
934 292 80 21 uttalar

190 319 62 21 dessa
275 320 44 24 ord,
343 320 39 20 ber
401 320 37 28 jag
460 320 22 22 fä
503 320 98 22 försäkra
617 321 102 21 herrarne
734 327 40 20 om,
791 322 31 20 att
835 320 37 27 jag
887 322 23 19 är
926 322 40 19 vän
981 320 33 22 till

190 348 73 23 folket,
287 348 39 21 och
349 348 62 21 alltsä
433 349 67 21 likasä
522 355 60 15 varm
605 352 41 18 vän
669 349 23 21 af
708 349 41 21 den
765 349 96 25 svenska,
878 355 43 15 som
938 349 22 21 af
974 349 39 21 den

189 375 68 22 finska
279 376 86 22 talande
384 376 155 28 befolkningen,
560 378 39 21 och
618 378 57 21 talar
689 384 29 15 nu
733 378 39 20 här
788 384 58 14 mera
860 378 7 20 i
882 377 41 21 den
938 377 75 25 förras,

190 406 26 20 än
239 405 41 21 den
303 411 84 15 senares
402 406 95 21 intresse.
527 406 42 27 Jag
583 408 24 19 är
622 406 26 21 hr
663 406 77 27 Elving
754 406 102 25 tacksam,
872 405 33 22 för
920 406 36 21 det
971 406 42 21 han

190 433 81 25 erkänt,
288 435 32 19 att
335 434 36 20 det
386 434 84 27 förslag,
486 434 41 21 han
544 435 65 21 redan
625 435 34 21 vid
675 437 85 19 senaste
770 434 102 26 landtdag
882 434 130 26 framstälde,

190 468 37 15 var
246 463 31 20 ett
295 462 74 26 inslag,
389 468 45 16 som
452 463 39 21 har
507 463 44 21 ledt
567 469 34 15 oss
617 463 28 27 pä
660 465 31 19 ett
706 463 107 21 sluttande
828 463 56 27 plan.
914 463 49 21 Men
976 463 37 26 jag

189 492 25 18 är
228 490 27 26 pä
271 496 80 15 samma
366 491 55 27 gäng
434 491 123 28 öfvertygad
571 492 79 25 derom,
663 493 32 20 att
707 492 27 20 hr
745 492 76 26 Elving
832 491 46 21 icke
890 490 123 22 framstälde

190 518 59 22 detta
271 518 79 27 förslag
373 519 23 21 af
417 526 69 15 annan
509 520 124 27 beräkning,
650 522 27 19 än
693 520 23 21 af
730 522 70 19 värme
816 519 34 22 för
865 520 31 21 sin
912 520 44 25 sak,
973 519 39 21 och

189 546 68 22 håller
270 548 37 26 jag
322 547 78 22 honom
415 548 89 27 räkning
519 548 78 22 derför.
622 548 50 22 Men
688 549 36 21 det
738 554 62 22 synes
815 554 50 15 vara
880 548 48 21 med
944 548 69 21 denna

189 575 61 26 fräga
268 576 90 25 ungefär
373 582 45 15 som
433 577 47 21 med
495 577 24 21 sä
534 577 77 26 mänga
626 577 77 21 andra:
720 583 49 14 man
784 582 124 15 resonnerar
923 576 89 27 ungefär

189 609 46 16 som
250 604 33 21 sä:
299 603 33 22 fär
347 605 46 21 icke
406 605 42 27 jag,
465 605 22 21 sä
501 605 33 21 fär
549 605 47 21 icke
612 605 27 21 du
655 605 73 22 heller.
756 605 45 21 Och
816 605 60 21 detta
890 604 122 21 förfarande

190 632 67 21 måste
277 633 37 26 jag
337 633 70 26 ogilla.
436 634 41 27 Jag
492 635 23 19 är
531 633 84 22 derföre
631 639 50 16 ense
696 633 49 22 med
760 633 26 21 hr
800 633 118 21 Rönnbäck
932 633 79 26 derom,

189 662 33 19 att
240 663 31 18 ett
289 661 76 22 sädant
380 662 107 27 vilkorligt
501 662 86 27 förslag,
604 669 44 14 som
664 662 39 21 här
718 662 39 21 har
772 662 116 21 framstälts
904 661 108 28 angäende

189 689 148 26 Längmanska
352 690 215 22 testamentsfondens
583 691 121 26 disponibla
720 691 75 25 medel,
811 690 47 21 icke
872 696 59 15 mera
946 690 66 21 borde

188 717 22 21 få
232 719 53 25 göra
306 718 31 26 sig
359 718 98 27 gällande
472 719 6 20 i
493 719 183 26 borgareständet.
706 719 98 21 Besluter
818 725 48 14 man
882 719 6 20 i
904 725 26 14 en
945 718 66 27 fråga,

189 745 24 22 sä
228 746 34 21 mä
276 753 49 14 man
340 749 53 25 göra
407 747 36 21 det
459 747 88 24 direkte,
563 750 52 18 utan
631 748 65 26 nägra
712 747 74 22 vilkor.
814 747 33 21 Dä
862 747 39 21 har
916 753 48 14 man
980 747 32 20 ät-

189 774 105 21 minstone
317 775 46 21 icke
385 775 83 27 afgifvit
489 777 30 20 ett
543 776 66 27 dåligt
627 777 127 26 prejudikat,
771 781 45 16 som
832 775 46 22 icke
894 775 72 21 anstär
981 777 31 19 ett

188 802 63 21 ständ
267 803 36 21 vid
319 804 128 27 landtdagen
563 828 10 3 W

257 831 32 22 Hr
305 832 24 21 A.
345 831 25 22 O.
387 832 140 21 Snellman:
558 833 69 21 Äfven
643 839 34 15 om
693 835 31 19 ett
739 833 77 21 sådant
831 832 73 26 vilkor,
918 839 45 14 som
974 832 38 21 här

188 859 70 21 blifvit
268 860 121 27 föreslaget,
401 861 46 21 icke
459 863 22 18 är
491 861 110 21 stridande
611 863 45 19 mot
667 861 238 26 landtdagsordningen,
917 861 23 20 sä
951 867 61 15 anser

185 888 38 26 jag
238 888 33 20 för
286 888 43 21 min
345 888 34 22 del
395 889 54 21 dock
464 890 32 20 att
511 896 50 14 man
576 889 39 21 bör
629 890 96 20 undvika
740 891 33 19 att
787 889 96 26 begagna
898 889 31 27 sig
946 888 66 27 deraf,

188 916 128 22 åtminstone
329 917 7 21 i
351 922 26 16 en
393 917 60 27 fråga
467 917 24 21 af
504 918 23 20 sä
542 918 61 26 ringa
618 918 116 26 betydelse,
751 924 44 14 som
812 917 40 21 den
866 916 145 22 förevarande.

186 944 41 27 Jag
238 947 51 19 tror
303 945 109 21 dessutom
428 948 32 19 att
475 946 175 26 borgareständet
665 952 76 20 genom
753 948 32 19 att
795 946 45 20 helt
851 945 71 21 enkelt
934 947 78 25 antaga

186 972 152 26 betänkandet,
354 974 87 21 säframt
457 974 34 21 det
506 980 77 16 annars
594 974 124 27 godkänner
728 975 124 25 detsamma,
863 974 54 21 skall
928 974 84 22 komma

187 1001 34 21 till
236 1003 31 19 ett
281 1002 116 27 lyckligare
412 1003 95 26 resultat,
523 1005 28 19 än
567 1009 34 15 om
617 1003 35 21 det
667 1003 119 27 uppställer
796 1002 67 26 nägra
875 1002 73 22 vilkor.
971 1003 41 26 Jag

186 1030 50 21 ville
251 1030 76 21 endast
342 1031 69 21 uttala
425 1032 44 26 mig
484 1033 43 19 mot
542 1031 26 21 hr
583 1032 88 26 Elvings
686 1032 86 26 förslag.

256 1058 69 22 Sedan
349 1059 25 20 hr
396 1060 113 26 Högman
531 1060 123 26 ytterligare
675 1059 106 22 förklarat
800 1060 37 20 sitt
856 1059 79 27 förslag
953 1065 58 19 vara,

186 1088 32 19 att
237 1087 85 21 ståndet
341 1087 68 21 skulle
429 1088 73 21 förena
521 1088 32 26 sig
573 1095 35 15 om
627 1088 41 21 den
683 1088 67 21 andra
765 1088 165 25 reservationen,
946 1088 65 20 likväl

186 1115 49 20 med
251 1115 41 21 den
307 1115 97 28 ändring,
420 1118 31 19 att
467 1116 96 27 anslaget
577 1116 34 22 för
625 1116 116 27 sällskapet
757 1116 111 26 ,Kuopion
878 1116 133 21 Isänmaalli-

185 1149 41 14 nen
246 1143 78 21 Seura*
343 1144 70 21 skulle
431 1144 110 26 uteslutas,
561 1151 38 14 var
618 1145 150 21 diskussionen
789 1144 100 25 afslutad,
905 1144 106 21 hvarefter

185 1171 86 21 ständet
289 1171 84 28 företog
391 1173 130 27 omröstning
539 1173 108 27 angäende
663 1173 26 21 de
705 1173 59 21 olika
778 1172 114 27 förslagen,
908 1172 33 21 till
957 1172 54 21 först

186 1199 65 27 enligt
266 1199 94 28 följande
375 1201 139 27 proposition:

253 1227 41 27 De,
310 1228 69 21 hvilka
393 1229 70 21 säsom
478 1229 206 27 kontraproposition
699 1231 43 19 mot
756 1229 108 21 utskottets
876 1229 134 21 resolutions-

184 1255 82 28 förslag
285 1256 65 21 önska
368 1259 75 25 antaga
462 1257 25 22 hr
505 1257 110 27 Högmans
632 1257 88 28 förslag,
740 1259 57 20 rösta
812 1259 40 26 ja;
872 1257 30 26 de,
919 1257 34 21 det
967 1257 43 21 icke

184 1284 71 26 önska,
271 1286 58 20 rösta
343 1286 48 27 nej;

252 1313 75 21 vinner
347 1315 44 26 nej,
411 1313 39 22 har
468 1315 169 26 borgareständet
655 1315 9 20 i
681 1315 79 21 sådant
777 1314 98 27 afseende
893 1314 118 27 föredragit

184 1341 26 20 hr
224 1341 91 28 Elvings
329 1341 88 28 förslag.

252 1370 77 22 Denna
344 1371 132 27 proposition
486 1371 128 22 besvarades
624 1372 49 21 med
685 1371 155 28 öfvervägande
851 1372 41 27 nej,
903 1370 108 22 hvarefter

183 1398 27 21 hr
220 1398 121 23 talmannen
353 1399 94 22 förelade
459 1400 84 21 ståndet
555 1400 156 22 nedanstående
723 1399 286 28 omröstningsproposition
1001 1394 10 39 :

252 1427 40 26 De,
307 1427 70 21 hvilka
391 1427 112 27 godkänna
516 1427 108 22 utskottets
639 1428 207 27 resolutionsförslag
862 1427 147 27 oförändradi,

183 1456 56 20 rösta
251 1455 37 26 ja;
305 1456 30 25 de,
352 1456 34 20 det
401 1456 42 21 icke
456 1458 58 25 göra,
530 1458 58 19 rösta
603 1457 50 27 nej;

250 1484 75 20 vinner
346 1484 43 27 nej,
412 1484 39 22 har
473 1484 170 27 borgareständet
665 1485 84 26 förenat
770 1485 33 27 sig
822 1491 33 15 om
874 1484 26 21 hr
919 1484 91 27 Elvings

182 1510 87 28 förslag.

252 1540 164 28 Omröstningen
436 1542 108 27 angäende
563 1542 70 21 denna
653 1542 133 27 proposition
806 1541 63 21 utföll
884 1541 48 21 med
948 1542 26 21 19
987 1542 23 26 ja
