1084 1739
215 124 39 31 846
490 129 95 23 Borgarest.
596 129 48 20 1888.
667 129 10 19 3
690 129 42 23 Maj.

198 198 152 26 depositioner,
369 199 32 20 att
417 198 37 27 jag
473 197 34 22 för
526 198 129 22 detsammas
675 199 168 26 tillgodoseende
862 199 49 20 ville
927 197 96 28 uppoffra

198 232 36 15 ens
251 232 26 15 en
292 226 100 21 bråkdels
407 228 94 25 procent,
517 226 88 22 betalad
617 227 22 21 af
649 228 36 21 det
694 227 107 22 verkande
812 227 111 26 kapitalet.
942 227 82 20 Endast

197 255 6 20 i
220 255 36 20 det
271 255 59 21 fallet
345 255 54 21 hade
414 255 227 28 räntenedsättningen
655 256 57 21 varit
727 257 32 20 att
778 255 98 27 beklaga,
893 262 33 15 om
942 255 81 27 derige-

197 289 50 15 nom
266 283 178 27 privatbankerna
462 284 109 21 beröfvats
593 285 47 20 sina
664 285 151 26 depositioner.
846 284 50 21 Men
919 284 104 21 utskottet

197 312 39 21 har
251 312 89 26 påvisat,
357 314 31 19 att
404 313 23 20 så
441 313 47 20 icke
504 312 6 21 i
526 313 70 26 någon
612 313 66 27 högre
693 313 53 27 grad
762 313 56 21 varit
838 312 67 22 fallet.
939 313 32 20 De
987 312 36 21 de-

197 341 189 26 positionsbelopp,
409 347 45 15 som
476 341 95 26 frängätt
593 341 187 26 privatbankerna,
800 341 72 21 kunna
891 341 45 21 icke
956 341 67 21 heller

197 369 85 26 pävisas
300 369 65 21 hafva
382 369 47 26 gätt
448 369 33 22 till
500 369 97 21 utlandet
617 369 51 22 eller
688 370 69 21 blifvit
776 370 106 26 nedlagda
900 370 7 20 i
927 369 95 22 statslän.

197 397 108 21 Mähända
320 397 64 22 hafva
399 398 25 21 de
440 398 48 21 sökt
504 398 32 27 sig
551 398 84 21 direkte
654 398 32 21 till
705 398 127 21 industriela
847 398 90 27 företag,
953 399 69 20 antin-

197 432 39 20 gen
249 426 29 26 sä,
294 428 32 18 att
340 426 26 20 de
377 426 44 21 deri
432 427 143 25 intresserats,
587 427 52 20 eller
650 427 40 20 och
700 429 52 19 utan
765 427 120 21 bankernas
895 427 126 26 förmedling

196 454 73 27 gifvits
288 454 70 21 säsom
377 454 41 26 län,
438 455 39 21 och
496 456 23 19 är
538 454 7 21 i
564 454 105 22 hvardera
689 455 60 21 fallet
769 455 72 21 derom
854 455 24 27 ju
893 455 48 21 icke
955 454 67 22 heller

197 483 65 26 nägot
277 483 51 20 ondt
344 484 31 20 att
390 485 56 24 säga.
478 482 110 22 Utskottet
603 484 39 20 har
657 484 64 21 ocksä
737 483 61 27 gifvit
808 484 213 26 bankförvaltningen

196 511 138 21 erkännande
349 511 33 21 för
396 512 70 20 denna
480 512 143 26 nedsättning,
639 512 55 21 dock
709 512 55 21 hade
777 512 38 27 jag
829 512 47 21 frän
892 512 42 21 min
950 512 71 21 ständ-

196 540 69 26 punkt
279 545 67 21 gerna
361 542 48 24 sett,
426 546 33 15 om
475 540 59 21 detta
550 540 139 22 erkännande
707 541 56 21 varit
779 540 64 27 nägot
859 540 81 21 mindre
955 546 66 15 reser-

196 568 82 21 veradt.
310 568 49 21 Men
376 568 27 21 dä
418 569 105 21 utskottet
538 569 47 21 icke
601 569 38 21 har
654 569 125 21 formulerat
795 569 70 26 nägon
880 569 63 25 kläm,
960 574 61 16 anser

194 596 38 28 jag
247 596 43 28 mig
303 596 47 22 icke
365 597 67 21 heller
446 597 72 21 kunna
532 599 53 25 göra
599 597 64 27 nägot
678 598 123 26 pästäende.

266 626 31 20 Hr
320 625 127 28 Eneberg:
485 626 33 20 Dä
542 626 37 20 det
596 626 95 26 resultat.
712 626 33 21 till
765 626 80 21 hvilket
862 626 105 21 utskottet
986 626 35 20 vid

196 653 33 21 sin
244 654 130 27 granskning
390 654 22 20 af
425 654 224 26 räntenedsättningen
665 654 7 21 i
687 654 102 21 Finlands
804 654 58 21 bank
877 654 39 21 har
926 654 94 25 kommit,

196 682 7 20 i
222 682 122 21 hufvudsak
362 682 67 26 gifver
444 682 213 27 bankförvaltningen
673 684 49 24 rätt,
739 683 23 21 sä
777 683 39 21 har
828 683 37 27 jag
880 683 118 26 egentligen
1014 683 6 21 i

196 710 76 27 sjelfva
287 710 149 22 hufvudsaken
451 712 110 26 ingenting
576 713 31 19 att
623 714 56 24 säga,
695 711 135 27 synnerligen
845 712 66 20 sedan
926 711 25 21 hr
962 711 58 21 Hall-

196 738 52 27 berg
271 738 47 22 frän
340 739 260 27 affärsmanna-synpunkt
622 740 117 20 framhällit
761 740 124 27 betydelsen
909 740 22 20 af
953 740 68 20 denna

196 766 82 28 ätgärd.
313 768 33 20 En
364 774 69 14 annan
450 768 38 21 sak
503 770 23 19 är
542 768 41 26 det,
599 770 32 19 att
647 768 26 21 dä
687 769 37 26 jag
739 768 119 26 genomläst
873 768 58 21 detta
947 768 74 21 betän-

196 795 76 27 kande,
289 796 38 21 har
340 796 37 27 jag
392 796 46 21 icke
453 796 74 27 riktigt
539 796 82 22 kunnat
632 797 21 21 få
663 797 57 21 klart
731 796 33 22 för
775 797 48 27 mig,
836 796 27 27 pä
874 797 72 21 hvilka
956 798 64 26 vägar

196 824 107 21 utskottet
321 824 39 21 har
378 824 89 22 kommit
485 825 31 21 till
536 826 33 20 att
587 825 94 21 erkänna
699 825 37 21 det
755 825 134 27 berättigade
909 825 7 21 i
934 827 86 19 räntans

196 852 143 28 nedsättning,
358 859 86 15 snarare
460 854 54 20 hade
526 854 38 26 jag
578 855 76 19 nästan
669 856 74 18 väntat
759 854 42 26 mig
817 855 30 19 ett
862 855 87 19 motsatt
964 855 56 19 utta-

195 881 71 21 lande.
300 881 86 21 Kanske
404 884 23 18 är
446 882 59 20 detta
523 882 50 20 mitt
591 882 28 21 fel
635 882 40 21 och
689 882 48 21 icke
753 882 163 26 betänkandets,
933 882 38 21 och
984 882 36 26 jag

195 909 37 21 vill
251 910 72 21 derför
338 910 46 21 icke
400 912 50 24 säga
466 910 115 26 nägonting
595 911 72 21 vidare
683 911 80 21 derom.
794 910 45 21 Här
854 911 87 20 beröras
957 910 64 21 likväl

195 938 67 25 nägra
280 938 96 21 enskilda
396 939 185 26 omständigheter,
601 945 34 14 om
653 939 74 20 hvilka
743 939 37 26 jag
794 940 61 25 tager
870 939 43 26 mig
928 938 92 21 friheten

194 967 34 20 att
243 966 71 21 lemna
328 966 67 27 nägra
410 967 159 27 upplysningar.

267 995 69 21 Sedan
355 995 106 21 utskottet
480 995 82 26 erkänt,
581 998 32 18 att
631 995 222 27 penningetillgängen
873 995 6 20 i
898 995 73 21 landet
985 995 36 21 vid

193 1023 61 20 tiden
269 1023 33 21 för
316 1025 87 19 räntans
418 1024 135 26 nedsättning
568 1030 37 15 var
619 1024 108 27 rikligare,
742 1025 26 19 än
780 1024 27 26 pä
818 1024 61 24 länge
890 1024 53 20 varit
954 1023 66 26 fallet,

195 1051 96 22 berättar
309 1051 106 22 utskottet
434 1054 31 19 att
483 1052 96 21 bankens
599 1053 138 26 obegagnade
755 1051 220 28 sedelutgifningsrätt
994 1052 27 21 dä

194 1079 35 22 för
244 1080 58 21 tiden
318 1080 98 27 utgjorde
432 1080 96 27 omkring
543 1081 59 26 22'/4
621 1081 98 26 miljoner
734 1080 67 27 mark,
817 1087 49 14 men
882 1082 31 19 att
929 1080 61 21 deraf
1000 1080 23 21 af

194 1110 86 19 senaste
301 1109 102 26 landtdag
422 1109 133 26 disponerats
575 1109 43 26 7'/4
636 1109 104 27 miljoner.
775 1109 41 20 Det
835 1109 71 20 kunde
921 1109 100 26 möjligen

194 1142 69 19 anses,
279 1139 33 18 att
327 1137 35 20 det
378 1137 133 21 äterstäende
527 1137 100 27 beloppet
642 1138 55 20 varit
713 1137 125 26 tillräckligt
853 1137 32 20 att
900 1137 70 21 lemna
981 1137 39 22 full

194 1165 107 27 trygghet.
334 1165 42 26 Jag
394 1165 69 21 skulle
477 1166 48 20 med
542 1166 99 21 afseende
657 1166 52 21 härä
724 1165 52 28 vilja
791 1165 118 26 framhälla,
925 1167 32 19 att
972 1171 49 16 man

194 1193 36 20 vid
246 1193 41 21 den
302 1193 59 21 tiden
376 1194 48 21 icke
438 1194 71 21 kunde
524 1196 57 25 säga,
597 1196 32 19 att
644 1195 63 20 dessa
723 1194 44 27 7!/4
781 1194 98 27 miljoner
889 1199 50 16 voro
951 1193 70 27 dispo-

193 1221 86 26 nerade,
296 1222 88 21 emedan
399 1224 57 19 ännu
471 1229 25 14 en
511 1223 82 26 ganska
609 1225 44 18 stor
669 1223 33 20 del
718 1222 62 21 deraf
793 1224 24 19 är
833 1221 81 28 olyftad
929 1222 40 21 och
985 1222 35 21 det

193 1249 48 22 icke
256 1250 72 21 kunde
343 1250 70 21 kunde
429 1251 84 20 komma
527 1251 6 20 i
550 1251 66 26 fräga,
633 1253 31 19 att
679 1251 38 20 allt
733 1251 68 21 skulle
817 1250 64 27 lyftas
893 1251 28 26 pä
931 1250 88 27 engäng.

194 1278 121 21 Ständerna
329 1279 64 21 hafva
408 1279 68 26 aldrig
490 1279 79 21 uttalat
579 1280 32 25 sig
621 1279 7 21 i
639 1279 39 21 den
690 1279 129 26 riktningen,
832 1280 31 19 att
873 1279 148 26 inneliggande

193 1307 127 21 vinstmedel
342 1307 61 21 skola
425 1307 109 22 betraktas
558 1308 69 21 såsom
649 1309 31 20 ett
703 1307 90 22 afskildt
815 1307 90 26 kapital,
925 1313 45 15 som
988 1307 33 21 till

193 1336 97 26 exempel
306 1335 70 21 kunde
392 1335 121 22 förvandlas
526 1336 33 21 till
571 1336 146 27 obligationer,
728 1337 94 20 tvärtom
832 1335 64 22 hafva
907 1335 114 21 ständerna

192 1364 125 27 upprepade
335 1364 81 27 gänger
433 1366 52 25 sagt,
505 1366 32 19 att
556 1365 140 20 vinstmedlen
712 1365 61 20 skola
789 1364 56 27 ligga
860 1365 6 20 i
882 1364 85 21 banken
982 1364 38 21 och

192 1392 51 27 ingä
265 1393 7 20 i
295 1393 48 20 dess
366 1393 85 25 rörelse,
474 1393 32 20 till
529 1393 48 21 dess
597 1393 26 20 de
642 1392 115 27 erfordras,
777 1394 56 19 samt
852 1392 117 21 öfverföras
989 1392 32 21 till

192 1421 212 27 statsförvaltningen
423 1421 27 26 pä
468 1421 75 21 sädant
562 1423 49 23 sätt,
627 1423 32 19 att
675 1421 36 22 det
730 1421 69 26 aldrig
819 1421 42 20 blir
880 1421 141 26 betungande.

192 1448 51 21 Men
259 1449 61 21 äfven
336 1456 34 14 om
386 1450 75 21 endast
478 1451 25 20 15
518 1449 98 27 miljoner
631 1450 106 21 erkännas
752 1450 55 21 varit
823 1449 126 27 disponibla,
964 1449 24 20 sä
998 1451 24 18 är

193 1476 60 21 detta
275 1477 67 21 redan
365 1484 26 14 en
414 1478 23 20 sä
460 1477 97 28 ofantligt
581 1479 44 19 stor
647 1478 138 26 sedelreserv,
808 1478 33 20 att
861 1478 35 20 det
916 1484 23 14 ar
957 1477 65 26 nägot

192 1504 100 22 abnormt
312 1507 32 19 att
362 1506 64 20 hafva
442 1512 25 15 en
483 1506 74 21 sädan.
587 1506 66 26 Ingen
668 1506 57 21 bank
742 1506 5 20 i
763 1505 87 22 verlden
866 1506 39 20 har
920 1506 6 20 i
942 1505 80 21 förhäl-

191 1532 65 22 lande
275 1533 33 21 till
326 1534 47 20 sina
391 1534 113 28 tillgänger
522 1540 27 15 en
567 1534 24 21 sä
609 1536 44 19 stor
671 1535 139 21 sedelreserv.
845 1535 38 20 Att
901 1534 35 21 det
955 1534 67 21 under
