1081 1734
331 129 90 22 Borgarest.
433 128 49 19 1888.
505 128 18 19 19
535 128 50 23 April.
815 128 35 18 679

122 205 32 20 att
170 204 84 21 ständet
268 204 118 20 remitterat
400 203 33 21 till
451 202 237 28 värnepligtsutskottet
703 202 78 27 nädiga
795 209 76 21 propo-

54 233 91 21 sitionen
161 232 109 28 angående
285 232 90 26 ändring
390 231 22 21 af
426 231 105 21 särskilda
545 231 24 28 $$
581 232 7 20 i
598 230 191 28 värnepligtslagen
801 231 22 21 af
832 232 40 20 den

54 262 27 21 27
98 261 110 21 december
225 260 60 22 1878.

123 346 121 27 Föredrogs
259 352 26 15 en
299 346 46 21 frän
360 345 141 27 lagutskottet
520 345 126 21 ankommen
661 344 117 26 skrifvelse,
794 345 79 21 hvarur

56 375 109 27 framgick,
182 376 32 20 att
228 374 97 27 samtliga
341 374 62 21 ständ
421 374 94 26 godkänt
529 374 116 21 utskottets
660 373 135 21 betänkande
809 379 35 15 n:o
860 373 13 21 3

56 404 8 21 i
78 404 113 26 anledning
206 402 22 22 af
245 403 77 26 nädiga
336 402 165 28 propositionen,
517 402 146 22 innefattande
681 401 80 27 förslag
775 402 34 21 till
822 401 52 21 änd-

57 432 39 21 rad
109 432 81 27 lydelse
204 431 23 21 af
240 431 12 27 $
266 432 15 20 4
296 431 7 21 i
317 431 78 26 nädiga
408 430 149 27 förordningen
573 431 41 21 den
629 431 13 20 3
657 430 94 21 februari
768 430 54 21 1868
837 435 37 16 an-

57 461 80 26 gäende
152 461 26 20 de
192 459 126 28 rättigheter
334 459 39 22 och
388 459 149 28 skyldigheter,
549 465 45 16 som
605 459 117 21 tillkomma
733 459 91 20 embets-
834 458 40 21 och

57 489 135 27 tjenstemän,
206 488 83 22 hvilkas
303 488 144 26 befattningar
461 487 106 27 indragas,
583 487 55 22 dock
653 487 48 21 med
719 487 26 21 de
759 487 22 21 af
795 487 79 21 bonde-

58 517 85 22 ständet
164 517 100 26 vidtagna
287 517 106 26 spräkliga
416 516 114 27 ändringar
552 516 6 21 i
581 515 157 22 betänkandets
759 515 115 28 finsksprä-

58 546 50 27 kiga
123 548 53 19 text.

127 631 119 27 Föredrogs
267 631 150 26 lagutskottets
435 631 35 20 vid
489 633 84 19 senaste
592 631 84 26 plenum
691 630 53 28 ånyo
759 630 118 27 bordlagda

59 660 135 21 betänkande
208 665 34 16 n:o
258 660 13 21 9
287 659 6 21 i
309 659 112 27 anledning
432 659 23 21 af
466 659 78 27 nådiga
554 659 166 27 propositionen,
731 659 146 21 innefattande

61 689 32 21 1:o
116 688 80 27 förslag
218 688 33 21 till
271 687 124 27 förordning
417 688 109 25 angående
548 688 82 21 kristna
652 687 196 27 religionssamfund
870 687 8 21 i

60 717 92 21 Finland
162 717 23 21 af
194 723 70 15 annan
273 716 154 27 protestantisk
437 717 92 20 troslära
539 718 26 19 än
577 716 40 21 den
629 715 248 28 evangelisk-lutherska;

60 746 34 21 2:0
109 745 79 26 förslag
203 745 33 20 till
250 744 124 27 förordning
393 751 33 14 om
444 746 44 20 rätt
503 745 33 21 för
554 744 55 21 finsk
623 745 140 26 medborgare
778 745 22 20 af
813 744 65 21 främ-

60 773 78 22 mande
152 773 81 22 kristen
248 773 91 21 troslära
353 774 32 20 att
400 773 92 21 bekläda
507 773 98 22 embeten
621 773 39 21 och
675 773 89 27 tjenster
778 773 7 21 i
795 773 83 25 landet;

60 804 56 19 samt
130 803 34 20 3:o
179 801 79 26 förslag
272 801 33 22 till
319 801 124 27 förordning
462 808 35 15 om
516 808 76 15 ansvar
607 801 32 22 för
655 802 48 25 den,
719 808 46 15 som
780 800 99 28 olofligen

61 830 80 22 förmär
154 830 70 27 nägon
239 830 33 21 till
288 829 113 28 öfvergäng
415 830 47 21 frän
479 837 26 14 en
520 830 92 21 troslära
626 830 34 21 till
675 836 77 15 annan.

130 859 81 21 Härvid
226 858 74 22 skreds
314 857 76 23 främst
404 859 33 21 till
452 859 120 21 diskussion
587 859 92 21 rörande
688 859 144 27 föreliggande
842 858 38 22 be-

62 888 108 21 tänkande
184 888 8 20 i
208 888 47 20 dess
269 887 78 27 helhet,
363 887 40 21 och
417 888 104 26 begärdes
537 888 60 21 ordet
612 888 33 20 till
659 888 54 21 först
728 888 23 20 af

129 916 27 21 hr
170 916 128 26 Eneberg,
321 922 46 14 som
384 916 98 27 uppläste
501 918 32 19 ett
551 916 24 21 sä
593 916 98 27 lydande,
711 916 119 26 skriftligen
849 916 30 21 af-

62 944 79 22 fattadt
155 944 146 27 andragande:
330 944 41 27 Jag
389 944 42 21 kan
450 944 47 22 icke
516 944 75 22 förena
609 945 42 26 mig
670 951 34 15 om
720 945 35 21 det
771 944 54 28 syfte
841 944 39 21 och

63 973 40 21 den
118 973 154 27 utsträckning,
289 978 44 16 som
351 973 246 26 utskottsbetänkandet,
612 973 177 27 hufvudsakligen
803 978 77 22 genom

63 1002 32 21 sin
114 1001 138 27 formulering
270 1001 23 21 af
306 1001 11 27 $
334 1002 18 25 1,
371 1001 61 27 gifvit
451 1002 41 20 den
511 1002 76 26 nädiga
605 1002 166 26 propositionen.
800 1002 43 20 Det
858 1003 23 19 är

63 1029 98 27 önskligt,
177 1032 33 19 att
224 1030 26 21 de
266 1030 121 26 dissenters,
401 1036 45 15 som
461 1030 51 27 vilja
526 1030 58 21 bilda
599 1030 70 22 skilda
683 1030 147 27 församlingar
842 1030 39 21 och

63 1058 64 26 ätaga
144 1059 32 26 sig
192 1058 26 21 de
238 1058 148 27 förpligtelser,
409 1064 45 16 som
473 1059 42 20 den
536 1058 69 22 finska
624 1060 70 20 staten
709 1059 73 21 ställer
797 1058 28 28 pä
840 1058 42 21 den

63 1086 97 28 kyrkliga
174 1086 135 27 kommunen,
328 1087 89 21 beredas
435 1087 84 21 tillfälle
539 1087 77 26 dertill,
636 1089 32 19 att
687 1088 62 20 dessa
763 1087 119 21 törsamlin-

63 1121 38 21 gar
116 1115 81 21 erhålla
215 1115 94 21 ordnade
327 1115 148 21 förhållanden
498 1116 39 21 och
559 1116 85 21 inträda
666 1116 68 21 såsom
749 1116 134 21 verksamma

64 1144 137 21 medlemmar
219 1144 7 20 i
246 1144 280 26 samhällsorganisationen.
556 1144 42 21 Det
617 1146 23 19 är
659 1144 59 22 detta
732 1144 43 21 mål
790 1144 41 21 den
846 1144 38 20 nå-

64 1172 49 27 diga
128 1172 157 27 propositionen
305 1172 32 22 för
353 1172 30 27 sig
401 1172 98 27 uppstält
514 1172 39 22 och
572 1172 141 22 öfverhufvud
728 1173 105 27 lyckligen
847 1178 37 22 ge-

64 1200 100 22 nomfört.
194 1200 50 22 Men
266 1201 36 21 det
319 1203 24 19 är
360 1201 47 21 icke
426 1201 101 27 önskligt,
547 1203 32 19 att
597 1201 42 21 den
658 1202 122 20 nuvarande
794 1201 90 21 försam-

64 1229 228 27 lingsorganisationen
311 1229 130 27 godtyckligt
463 1230 110 26 försvagas
595 1230 40 21 och
656 1230 106 26 upplöses,
781 1231 53 19 utan
852 1231 33 19 att

64 1258 65 26 något
145 1259 65 20 annat
225 1259 66 20 sättes
306 1258 7 20 i
328 1258 79 21 stället.
436 1258 67 21 Detta
519 1258 67 21 måste
601 1258 66 21 likväl
681 1258 31 21 bli
726 1258 65 25 fallet,
803 1264 34 15 om
848 1258 37 21 det

64 1286 80 21 tillätes
167 1286 97 21 enskilda
286 1292 100 20 personer
408 1288 38 24 att,
465 1286 7 21 i
492 1286 94 27 enlighet
608 1287 48 20 med
677 1288 10 19 1
709 1287 38 20 och
763 1288 11 19 7
791 1286 23 27 $$
830 1287 7 20 i
852 1288 34 19 ut-

64 1314 93 21 skottets
178 1314 86 26 förslag,
285 1321 26 14 ur
328 1314 111 21 lutherska
453 1314 83 27 kyrkan
551 1315 92 26 utträda,
661 1317 53 19 utan
733 1316 32 20 att
783 1315 56 21 sluta
854 1314 32 26 sig

65 1343 32 20 till
113 1343 64 26 nägot
192 1344 64 19 annat
272 1343 90 20 erkändt
376 1343 207 26 religionssamfund.
614 1343 26 21 Vi
656 1343 60 21 skola
730 1343 28 27 pä
773 1343 59 21 detta
843 1343 43 20 sätt

66 1371 80 21 erhålla
165 1377 25 15 en
210 1371 77 26 mängd
305 1371 110 26 individer,
433 1377 47 15 som
499 1372 48 21 icke
565 1371 87 22 tillhöra
670 1371 69 27 någon
755 1371 130 26 församling,

66 1405 45 16 som
125 1399 45 22 helt
185 1399 39 22 och
239 1399 66 21 hållet
315 1399 34 22 stå
363 1402 56 19 utom
432 1400 36 21 det
478 1401 100 26 religiösa
588 1400 41 21 och
639 1400 114 21 moraliska
762 1398 124 28 inflytande,

65 1434 46 15 som
125 1428 160 27 tillhörigheten
307 1428 32 21 till
361 1434 26 15 en
409 1428 82 21 kristen
515 1428 125 27 församling
662 1428 89 26 utöfvar,
764 1429 23 26 ja
802 1427 84 22 hvilkas

65 1457 100 26 religiösa
180 1457 39 20 och
234 1456 115 21 moraliska
363 1457 134 26 ståndpunkt
511 1459 24 18 är
549 1457 129 26 fullkomligt
692 1457 76 21 okänd.
798 1456 89 21 Utskot-

65 1486 33 19 tet
111 1487 89 19 nämner
214 1485 35 20 väl
265 1485 75 20 endast
358 1485 123 20 bekännare
501 1485 23 21 af
541 1491 69 15 annan
626 1485 154 26 protestantisk
795 1485 93 21 troslära

66 1515 27 18 än
112 1513 40 20 den
176 1513 247 26 evangelisk-lutherska,
441 1513 74 22 hvilka
534 1514 69 21 såsom
622 1520 60 15 norm
701 1513 33 22 för
753 1514 31 21 sin
802 1515 34 19 tro
856 1519 33 15 er-

65 1541 72 20 känna
151 1541 83 26 bibeln;
257 1548 49 14 men
324 1541 28 21 då
367 1541 60 21 detta
441 1541 138 22 konstateras
594 1542 76 21 endast
684 1548 75 20 genom
775 1549 26 14 en
817 1543 71 19 munt-
