1045 1739
171 134 45 17 1142
451 133 94 22 Borgarest.
557 132 46 19 1888.
628 132 17 19 16
659 132 39 22 Maj.

149 204 31 20 ett
194 202 60 20 brott
270 200 54 22 efter
341 201 27 22 15
384 201 11 27 &
410 201 6 21 i
433 201 28 21 34
477 201 98 27 kapitlet,
592 201 37 21 der
646 202 36 20 det
697 201 70 21 heter:
788 201 64 27 ,Den,
869 207 45 15 som
930 200 45 22 häl-

149 231 32 20 ler
199 230 34 20 till
253 230 53 26 salu,
326 230 66 26 säljer
410 230 53 21 eller
482 230 129 21 annorledes
630 230 109 26 utsprider
754 229 33 21 till
803 230 77 20 andras
896 230 79 26 begag-

149 258 70 21 nande
239 258 85 26 tjenligt
342 258 52 27 ting,
413 258 82 21 hvilket
515 258 40 21 han
575 260 35 19 vet
628 264 51 15 vara
699 258 88 26 mängdt
806 258 52 21 eller
877 258 98 21 förenadt

149 286 48 22 med
221 286 40 27 gift
284 286 52 22 eller
360 288 65 20 annat
447 286 77 22 sådant
543 288 68 24 ämne,
633 286 38 22 och
691 286 90 27 förtiger
800 287 78 25 tingets
898 286 77 27 farliga

150 315 115 27 egenskap,
281 314 96 22 straffes*
398 321 18 15 o.
432 321 16 15 s.
464 321 19 15 v.
514 315 45 21 Der
574 317 24 19 är
617 314 84 22 straffet
720 315 135 27 naturligtvis
870 315 105 27 betydligt

151 344 65 26 högre
232 345 27 19 än
275 344 6 20 i
297 350 28 14 nu
340 343 164 27 ifrägavarande
519 343 108 27 paragraf,
644 346 22 24 ty
682 343 39 21 här
738 343 124 22 förutsättes
878 345 32 19 att
921 343 54 21 bäde

150 372 95 27 köparen
265 372 38 21 och
324 372 93 26 säljaren
432 374 36 19 äro
485 372 115 21 medvetna
616 378 33 14 om
666 373 83 20 ämnets
764 372 78 26 farliga
858 372 117 21 beskaffen-

151 401 42 25 het,
209 400 24 21 sä
249 402 31 20 att
295 400 92 27 köparen
404 402 34 19 vet
453 400 50 21 akta
519 400 33 26 sig
568 400 38 21 och
622 400 74 26 andra,
713 406 47 15 men
776 400 6 21 i
800 401 26 21 15
842 400 11 28 $
869 400 28 22 34
907 400 68 27 kapit-

151 430 31 20 let
195 429 127 21 förutsättes
341 430 31 20 att
391 429 92 26 köparen
505 428 18 27 ej
540 428 39 22 har
594 428 119 22 kännedom
730 434 34 15 om
780 429 78 26 tingets
874 428 101 27 farlighet

152 458 40 21 och
210 457 73 21 derför
301 457 19 27 ej
339 459 35 19 vet
393 459 49 25 taga
457 457 32 27 sig
505 458 6 20 i
528 457 43 25 akt,
588 463 47 15 men
651 459 32 19 att
698 457 92 27 säljaren
807 457 96 21 deremot
918 459 58 19 vetat

152 486 53 21 eller
223 486 51 21 bort
292 487 48 20 veta
358 485 23 21 af
397 485 66 21 faran.
495 486 45 21 Och
559 485 28 21 dä
606 485 92 27 säljaren
717 485 34 21 för
766 485 162 21 underlätenhet
943 487 32 19 att

152 514 91 28 upplysa
257 514 94 26 köparen
368 520 32 15 om
416 514 40 21 den
471 514 96 21 försälda
582 520 77 14 varans
675 514 78 26 farliga
768 514 107 27 egenskap
891 514 84 20 straffas

152 543 48 21 med
219 542 89 22 tukthus
327 542 48 21 frän
394 542 38 22 och
451 543 48 21 med
516 543 13 21 2
544 542 33 22 till
597 542 40 21 och
656 542 48 21 med
721 542 12 21 8
750 542 23 21 är
792 544 56 19 samt
863 542 76 21 förlust
955 542 21 21 af

152 571 157 27 medborgeligt
327 570 128 27 förtroende,
475 573 38 19 äro
532 571 27 25 vi,
577 571 66 26 enligt
661 571 42 21 min
723 571 71 26 tanke,
810 577 41 20 nog
866 570 109 28 skyddade

152 600 49 20 med
217 600 64 21 dessa
297 599 229 21 straffbestämmelser.
553 600 43 20 Det
611 599 69 21 skulle
697 600 107 20 dessutom
821 605 51 15 vara
887 600 31 20 att
933 598 43 22 för-

152 628 63 21 vexla
233 628 120 26 begreppen
373 628 58 21 brott
446 628 38 21 och
501 628 166 21 öfverträdelser
683 629 32 20 att
729 628 40 20 här
782 627 70 21 införa
868 634 25 14 en
909 627 66 21 sädan

152 656 141 27 bestämning,
313 662 45 15 som
373 656 25 20 hr
414 656 68 22 Walle
497 656 119 27 föreslagit,
631 656 94 26 hvarför,
742 656 39 21 och
796 656 28 21 dä
839 658 31 19 ett
884 656 91 27 tilläggi

154 685 36 21 det
205 685 62 27 syfte,
288 691 44 15 som
348 685 25 20 hr
389 685 68 22 Walle
473 685 103 26 förordat,
592 685 27 26 pä
635 685 23 21 af
672 685 43 27 mig
735 685 126 21 framhällna
880 685 50 20 skäl
942 691 33 20 sy-

153 719 39 16 nes
211 713 131 27 fullkomligt
360 713 140 27 öfverflödigt,
517 714 39 27 jag
575 713 96 22 anhäller
689 715 32 19 att
739 714 25 20 hr
783 713 79 22 Walles
881 713 95 27 yrkande

153 742 70 21 blefve
239 742 94 21 lemnadt
348 744 51 19 utan
414 742 107 21 afseende.

222 770 33 21 Hr
277 770 106 27 Elving:
413 771 40 26 Jag
475 773 36 18 vet
534 771 46 20 icke
603 771 105 20 huruvida
730 771 166 26 formuleringen
919 770 23 21 af
963 771 13 20 3

155 801 117 18 momentet
292 798 22 21 af
328 799 27 21 15
371 799 11 27 8
397 799 7 20 i
420 799 27 21 34
461 799 91 26 kapitlet
567 799 6 20 i
588 799 77 26 sjelfva
679 799 76 21 verket
770 799 77 21 strider
862 800 57 19 emot
933 799 43 25 det,

154 833 45 15 som
220 827 26 21 hr
261 827 70 21 Walle
347 827 39 21 här
402 827 68 21 afsett.
501 827 44 22 Det
560 827 61 21 heter
636 827 107 27 nemligen
759 827 47 21 der:
836 827 56 27 ,Har
907 827 68 26 någon

153 855 23 22 af
190 855 99 21 vållande
308 855 151 22 åstadkommit
475 858 32 19 att
525 856 47 21 fara
590 856 96 26 uppstått
705 855 34 22 för
754 855 120 22 menniskas
889 855 26 21 lif
924 855 52 21 eller

154 884 60 21 helsa
229 884 28 26 pä
273 885 42 20 sätt
330 890 46 15 som
392 891 28 14 nu
434 886 25 19 är
474 885 95 24 nämndt,
585 884 84 21 straffes
685 885 48 20 med
750 884 70 21 böter"
832 890 18 15 o.
862 890 16 15 s.
889 890 19 14 v.
934 884 43 21 Det

153 914 25 19 är
197 912 56 21 först
272 918 32 15 om
320 911 50 27 fara
384 913 95 26 uppstått
494 913 34 20 för
543 913 122 21 menniskas
681 912 26 21 lif
722 913 53 20 eller
790 912 60 21 helsa
865 919 45 14 som
926 918 50 15 man

153 940 93 27 straffas,
265 947 47 14 men
332 941 104 21 huruvida
455 947 47 15 man
523 941 87 21 dermed
630 941 42 20 kan
688 947 58 19 anse,
762 943 32 19 att
809 941 75 21 endast
899 940 76 27 sjelfva

153 969 154 26 försäljningen
324 969 22 21 af
360 969 80 21 sädana
455 975 70 20 varor,
541 975 46 15 som
603 971 31 19 ett
649 971 43 25 tyg,
704 969 82 21 hvilket
796 971 24 19 är
830 969 86 26 färgadt
927 969 48 21 med

154 1003 25 15 en
199 997 63 26 giftig
281 997 52 26 färg,
350 999 24 19 är
390 998 75 26 belagd
481 997 49 22 med
546 998 59 21 detta
620 998 66 26 straff,
703 998 73 27 tyckes
793 998 42 25 mig
850 997 46 22 icke
913 997 62 27 tydli-

153 1031 41 21 gen
213 1025 90 27 framgå,
322 1025 24 22 sä
365 1028 32 19 att
413 1026 36 26 jag
467 1028 46 19 tror
532 1028 33 19 att
581 1026 26 21 hr
625 1026 82 21 Walles
724 1026 80 26 förslag
820 1025 102 27 förtjenar
937 1032 38 15 un-

153 1053 94 22 derstöd.
278 1054 42 21 Det
338 1054 70 21 kunde
425 1055 24 26 ju
467 1055 71 20 hända
557 1057 15 18 t.
593 1059 31 16 ex.
644 1057 32 18 att
692 1055 41 20 den
748 1060 84 21 person,
848 1060 46 15 som
909 1054 66 26 köper

152 1084 43 25 tyg,
211 1082 48 21 icke
275 1083 106 20 använder
397 1083 123 25 detsamma,
537 1083 38 20 och
591 1082 28 21 dä
634 1083 39 21 har
686 1083 25 26 ju
727 1083 5 20 i
750 1082 76 27 sjelfva
841 1083 74 20 verket
929 1082 46 21 icke

153 1111 68 26 nägon
238 1111 47 20 fara
299 1111 103 27 uppstätt.

221 1139 33 20 Hr
270 1138 83 21 Sulin:
375 1139 41 26 Jag
432 1140 35 20 vill
485 1140 55 21 blott
555 1140 70 20 erinra
641 1145 40 20 om,
698 1141 32 19 att
744 1139 47 21 ifall
806 1139 46 21 icke
867 1139 46 21 fara
923 1145 53 20 upp-

152 1167 51 26 stär,
221 1167 24 20 sä
261 1169 24 18 är
300 1167 35 21 det
350 1167 46 22 icke
413 1168 67 21 heller
496 1168 45 21 skäl
559 1169 31 20 att
605 1167 64 22 hafva
683 1168 67 26 nägot
766 1167 57 27 slags
838 1173 82 15 ansvar.

220 1195 33 21 Hr
275 1195 103 27 Elving:
409 1196 56 21 Fara
486 1196 90 27 uppstär
598 1196 34 20 för
655 1196 75 21 helsan
750 1196 53 21 eller
822 1195 60 22 lifvet
901 1196 75 20 endast

152 1229 76 20 genom
245 1223 145 27 begagnande,
407 1225 46 20 icke
469 1231 75 20 genom
561 1224 92 27 köpslut,
670 1231 49 14 men
735 1224 35 21 det
786 1226 24 19 är
825 1224 150 26 ovilkorligen,

152 1251 55 22 efter
226 1252 60 21 säväl
301 1252 25 20 hr
341 1252 81 22 Walles
439 1259 44 15 som
500 1253 41 21 min
558 1253 91 26 mening,
665 1255 30 19 ett
711 1253 65 25 brott,
792 1254 32 19 att
838 1252 88 27 försälja
942 1252 33 22 sä-

152 1280 42 20 dan
210 1286 59 20 vara,
284 1286 74 21 genom
376 1281 84 21 hvilken
475 1282 47 20 fara
537 1280 42 21 kan
593 1281 78 27 uppstå
686 1281 34 21 för
735 1280 61 22 lifvet
812 1281 52 21 eller
880 1281 79 21 helsan.

219 1308 34 21 Hr
271 1308 151 22 Rönnbäck:
451 1310 42 20 Det
513 1315 62 21 synes
594 1310 50 26 mig,
663 1312 32 18 att
719 1310 3 20 1
739 1311 116 19 momentet
870 1310 6 20 i
892 1309 41 21 den
955 1309 22 21 af

150 1336 26 21 hr
191 1337 78 27 Elving
288 1337 93 21 citerade
400 1338 127 26 paragrafen
548 1344 41 20 nog
607 1340 24 18 är
651 1338 86 26 tydligt,
752 1337 28 21 dä
795 1338 36 20 det
846 1338 45 20 deri
907 1338 68 25 heter,

150 1367 32 19 att
201 1366 48 26 den,
269 1371 45 15 som
334 1364 81 28 ,häller
434 1366 32 21 till
485 1366 54 26 salu,
563 1366 64 26 säljer
649 1366 54 21 eller
723 1366 126 21 annorledes
868 1365 108 27 utsprider

150 1393 69 27 dylikt
239 1394 52 26 ting,
310 1394 82 20 hvilket
411 1394 42 21 han
471 1397 35 18 vet
521 1400 52 15 vara
588 1394 87 26 mängdt
691 1394 54 21 eller
760 1394 98 21 förenadt
874 1394 47 20 med
936 1393 40 27 gift

150 1422 53 20 eller
221 1425 66 18 annat
302 1422 76 21 sädant
392 1422 75 27 farligt
482 1424 69 23 ämne,
567 1422 38 21 och
621 1422 90 26 förtiger
726 1422 79 26 tingets
821 1421 77 27 farliga
914 1428 61 20 egen-

150 1449 60 27 skap,
227 1451 85 21 straffes
329 1450 47 21 med
392 1450 99 22 tukthus*
508 1457 19 15 o.
543 1457 17 15 s.
576 1457 18 14 v.

219 1478 32 20 Hr
270 1478 96 21 Walle:
396 1478 34 22 Då
448 1479 36 27 jag
503 1479 56 21 tillät
575 1479 42 26 mig
633 1481 31 19 att
679 1479 57 21 fästa
751 1478 96 21 ständets
863 1478 113 26 uppmärk-

149 1506 84 21 samhet
253 1507 35 20 vid
306 1507 41 21 den
367 1513 28 14 nu
415 1507 161 27 ifrägararande
594 1507 135 27 paragrafen,
750 1507 24 20 sä
794 1506 68 21 stälde
880 1507 37 25 jag
933 1506 42 26 mig

149 1534 28 26 pä
195 1537 49 18 rent
263 1535 111 26 hygienisk
394 1536 137 26 ständpunkt.
561 1536 42 20 Det
622 1536 39 20 har
677 1536 24 26 ju
723 1535 44 21 ofta
783 1541 41 20 nog
840 1535 38 21 hos
894 1540 35 15 oss
945 1535 31 21 in-

986 1182 10 7 N
