1081 1734
363 128 94 23 Borgarest.
469 128 46 19 1888.
539 128 10 19 3
561 128 39 24 Maj.
836 128 37 19 825

139 198 33 20 1:0
187 197 47 22 från
249 198 150 26 ridderskapet
415 197 40 21 och
470 198 62 21 adeln
547 198 151 21 meddelande:

138 227 32 20 att
185 226 90 26 ståndet,
291 226 35 21 vid
337 226 151 27 föredragning
498 226 24 21 af
531 226 218 21 ekonomiutskottets
760 226 135 22 betänkande

69 261 35 15 n:o
124 255 27 21 12
169 254 7 21 i
194 254 115 27 anledning
327 254 23 22 af
367 256 32 20 ett
413 254 58 21 inom
485 254 158 27 presteståndet
657 254 123 22 framstäldt
793 256 102 20 motions-

68 283 80 26 förslag
162 289 34 15 om
212 284 31 20 ett
257 283 74 26 tillägg
346 283 33 21 till
394 283 28 21 23
437 282 10 28 $
460 283 7 21 i
477 282 153 28 förordningen
641 282 109 27 angående
760 283 133 21 kommunal-

69 311 155 27 förvaltningen
238 312 28 26 på
280 312 73 20 landet
367 311 24 21 af
399 311 41 21 den
451 312 12 20 6
474 312 95 20 februari
581 311 60 26 1865,
653 311 87 21 beslutit
750 313 33 19 att
792 312 103 20 motions-

69 340 109 26 förslaget,
197 340 28 26 på
243 340 69 26 grund
330 340 23 20 af
371 340 26 20 de
413 340 80 26 jemväl
510 340 49 21 utaf
572 340 107 21 utskottet
694 340 96 21 uttalade
804 339 90 22 betänk-

69 368 118 26 ligheterna
208 368 132 22 beträffande
362 368 49 21 dess
433 368 90 22 formela
545 368 83 26 brister,
651 368 69 21 skulle
742 368 80 21 lemnas
841 369 53 20 utan

70 397 110 26 afseende;

139 427 33 19 att
186 426 85 20 ståndet
285 425 96 27 godkänt
395 425 177 21 bankutskottets
587 425 137 21 betänkande
734 431 34 15 n:o
779 426 13 20 2
804 426 7 20 i
821 424 73 22 anled-

70 454 50 26 ning
135 454 22 21 af
165 454 109 21 verkstäld
284 454 129 26 granskning
424 453 23 21 af
455 454 102 26 Finlands
568 454 68 21 banks
647 454 89 27 styrelse
746 454 39 21 och
797 452 96 22 tillstånd

70 483 50 21 åren
141 482 146 26 1885—1887,
303 484 60 19 utom
379 482 133 21 beträffande
527 482 116 22 utskottets
658 482 33 20 uti
706 482 105 21 klämmen
826 481 13 21 ä
854 481 39 21 sid.

70 512 28 21 25
112 512 8 20 i
135 511 145 21 betänkandet
295 511 75 27 gjorda
385 510 116 27 uttalande,
518 510 81 22 hvilket
615 510 67 22 borde
696 510 115 26 uteslutas;

139 541 32 20 att
189 539 84 21 ståndet
291 539 94 26 godkänt
405 539 172 21 statsutskottets
591 538 137 22 betänkande
742 545 34 15 n:o
793 539 27 21 10
835 538 7 21 i
857 544 37 15 an-

69 568 87 26 ledning
178 568 22 21 af
221 568 77 26 nådiga
315 568 166 26 propositionen,
501 567 109 27 angående
629 568 128 26 omsättning
776 567 24 21 af
816 567 26 21 de
861 566 33 21 för

69 597 83 21 inlösen
175 596 23 22 af
214 596 266 26 donationslägenheterna
498 596 7 21 i
525 596 98 26 Wiborgs
643 596 39 21 och
701 596 32 21 S:t
752 594 87 23 Michels
857 595 36 21 län

70 627 109 25 upptagna
194 625 99 26 statslån;

138 654 34 21 2:0
188 654 47 20 från
250 653 163 27 presteståndet,
430 654 137 20 meddelade:

139 684 33 19 att
190 682 91 26 ståndet,
300 682 35 20 vid
353 682 68 20 skedd
439 682 150 27 föredragning
608 682 23 20 af
648 681 152 27 lagutskottets
819 681 76 21 betän-

70 710 69 22 kande
154 716 35 16 n:o
204 711 13 21 9
228 711 6 20 i
245 710 114 26 anledning
369 710 23 21 af
400 710 79 26 nådiga
489 711 160 26 propositionen
659 716 34 15 n:o
706 710 32 26 10,
748 708 148 22 innefattande

71 741 33 19 1:0
119 739 79 26 förslag
213 739 33 21 till
261 738 124 27 förordning
400 739 110 26 angående
525 739 83 21 kristna
618 738 198 27 religionssamfund
827 738 7 20 i
844 737 50 21 Fin-

70 768 50 20 land
140 767 22 21 af
180 773 70 15 annan
268 767 155 27 protestantisk
441 768 92 20 troslära
548 769 27 19 än
591 768 40 20 den
646 765 248 29 evangelisk-lutherska,

70 796 33 21 2:0
122 796 80 26 förslag
220 796 33 20 till
271 796 124 26 förordning
413 802 35 14 om
463 798 44 18 rätt
521 796 34 20 för
569 795 56 21 finsk
639 795 140 27 medborgare
794 794 23 22 af
830 794 65 21 främ-

69 824 78 21 mande
162 824 81 21 kristen
258 824 91 21 troslära
365 826 32 19 att
413 824 92 21 bekläda
521 824 98 21 embeten
635 824 39 21 och
690 824 88 26 tjenster
792 824 8 20 i
814 822 80 26 landet,

70 854 56 20 samt
144 853 34 21 3:o
196 852 81 27 förslag
295 853 33 20 till
342 852 125 27 förordning
482 859 34 15 om
532 858 77 16 ansvar
624 852 33 21 för
673 852 47 25 den,
735 858 45 15 som
796 850 99 27 olofiigen

70 881 80 22 förmär
168 881 69 26 nägon
256 881 33 21 till
308 881 114 27 öfvergäng
441 881 48 21 frän
509 888 26 14 en
553 881 92 21 troslära
664 881 32 21 till
715 887 75 20 annan,
806 879 91 22 beslutit

70 910 35 21 vid
120 910 224 27 detaljgranskningen
359 910 23 21 af
395 910 37 21 det
446 909 69 22 första
525 909 239 27 författningsförslaget
775 910 32 20 att
817 909 79 25 antaga

71 938 11 27 8
105 939 19 25 1,
148 939 28 26 pä
194 939 43 20 sätt
256 939 6 20 i
282 939 40 20 den
340 939 34 20 till
392 938 147 21 betänkandet
557 938 77 27 fogade
653 938 66 21 andra
737 937 159 21 reservationen

70 967 128 26 föreslagits,
218 967 6 20 i
243 967 94 26 enlighet
355 967 48 21 med
423 967 78 26 nådiga
519 967 170 27 propositionen;
708 968 31 19 att
758 968 78 24 antaga
855 965 11 26 $
882 965 13 21 2

70 995 103 22 likaledes
192 995 65 27 enligt
275 995 78 26 nädiga
371 996 171 26 propositionen;
562 997 32 19 att
612 997 79 24 antaga
708 995 12 26 &
738 995 13 20 3
770 995 66 25 enligt
854 993 41 21 den

71 1023 145 28 formulering,
231 1030 45 15 som
291 1023 140 22 förenämnda
447 1024 67 21 andra
524 1024 132 21 reservation
666 1023 126 25 innehäller;
802 1024 33 19 att
842 1021 55 26 jem-

70 1053 34 20 väl
119 1052 33 21 för
168 1052 12 27 $
195 1053 14 20 4
224 1054 78 25 antaga
317 1053 111 20 enahanda
443 1052 141 27 ordalydelse,
601 1058 44 15 som
660 1052 7 21 i
683 1051 135 22 merberörda
828 1055 70 16 reser-

71 1080 70 21 vation
160 1082 25 19 är
202 1080 126 27 föreslagen,
344 1081 49 21 med
407 1081 140 27 iakttagande
563 1081 75 21 endast
653 1080 66 24 deraf,
734 1081 32 20 att
781 1079 7 21 i
803 1078 93 22 svenska

70 1111 73 19 texten
158 1108 13 21 &
186 1109 60 21 2:dra
260 1110 67 20 raden
343 1109 62 22 ordet
415 1109 91 27 ,deras*,
517 1109 71 22 säsom
599 1107 190 28 grammatikaliskt
801 1107 96 26 oriktigt,

71 1137 69 22 skulle
159 1137 86 28 utbytas
264 1139 45 20 mot
327 1138 61 21 ordet
407 1138 79 27 ,sina*;
507 1139 32 20 att
557 1138 114 27 godkänna
687 1137 11 27 $
712 1138 14 21 5
741 1137 65 26 enligt
820 1136 77 20 ketän-

71 1166 89 26 kandet;
176 1168 32 19 att
224 1167 78 26 antaga
316 1166 11 27 $
343 1167 13 21 6
372 1167 67 26 enligt
453 1167 68 26 sagda
536 1166 141 25 reservation;
693 1167 31 20 att
734 1165 115 21 formulera
860 1163 12 26 $
884 1164 12 21 7

71 1195 6 20 i
96 1194 64 27 öfrigt
178 1195 44 20 lika
240 1195 48 20 med
308 1195 45 21 ofta
370 1195 93 21 nämnda
481 1195 137 26 reservation,
633 1196 60 19 utom
708 1196 32 19 att
754 1193 13 21 å
781 1193 61 22 2:dra
857 1192 40 21 och

71 1223 68 26 tredje
154 1223 66 21 raden
235 1223 66 21 orden
317 1223 98 27 ,ätnjutit
430 1223 67 21 sådan
512 1223 162 26 undervisning”
691 1223 85 20 ändrats
787 1221 33 21 till
831 1221 66 20 orden

71 1251 100 27 vinnehar
190 1252 41 20 den
249 1251 266 27 kristendomskunskap*;
535 1254 32 19 att
585 1254 78 23 antaga
682 1251 24 27 $$
725 1251 19 26 8,
763 1251 13 20 9
792 1249 39 22 och
848 1249 49 21 10
884 1245 17 38 i

72 1280 219 21 öfverensstämmelse
308 1280 47 21 med
376 1280 40 21 den
432 1280 63 21 ofvan
511 1279 120 28 åberopade
647 1279 66 21 andra
728 1278 169 25 reservationen;

71 1310 33 19 att
118 1310 79 23 antaga
212 1308 12 27 $
240 1309 25 20 11
282 1309 103 20 likaledes
401 1309 66 26 enligt
483 1309 40 20 den
540 1309 6 20 i
560 1308 65 27 sagda
635 1307 131 22 reservation
776 1306 123 26 föreslagna

70 1337 138 26 formulering
226 1337 49 20 med
293 1337 75 26 tillägg
386 1337 55 21 dock
461 1337 24 21 af
502 1337 66 20 orden
587 1337 62 25 ,eller
668 1336 79 21 lärare"
765 1335 55 21 efter
836 1334 62 21 ordet

71 1365 87 27 »prest",
181 1365 118 27 hvarjemte
317 1366 7 20 i
343 1365 41 21 den
403 1365 70 21 finska
491 1367 74 19 texten
584 1365 13 21 å
614 1365 49 21 4:de
681 1364 64 21 raden
764 1364 54 21 efter
836 1361 63 22 ordet

72 1393 143 27 »molemmat"
231 1393 69 22 skulle
315 1394 80 21 införas
410 1394 37 21 det
462 1399 77 22 genom
549 1393 134 22 förbiseende
693 1391 133 22 utelemnade
836 1389 62 22 ordet

71 1422 215 27 yliittokumppanit*;
301 1424 32 19 att
348 1422 113 26 godkänna
476 1422 12 27 $
505 1423 27 20 12
547 1423 7 20 i
569 1421 94 27 enlighet
678 1421 48 21 med
742 1418 156 24 betänkandet;

71 1451 32 20 att
118 1452 78 25 antaga
210 1450 33 21 för
258 1451 11 26 8
288 1451 25 20 13
329 1450 113 21 enahanda
456 1450 89 27 lydelse,
561 1456 45 15 som
621 1450 12 27 $
650 1450 24 21 11
691 1449 39 21 har
744 1449 7 20 i
766 1449 42 20 den
819 1447 79 26 nådiga

71 1479 169 26 propositionen;
257 1480 32 20 att
304 1479 50 26 gilla
369 1479 12 27 $
399 1479 26 21 14
435 1479 8 20 i
453 1479 220 20 öfverensstämmelse
685 1478 48 20 med
742 1475 156 25 betänkandet;

71 1508 31 19 att
118 1507 113 26 godkänna
246 1507 11 27 &
274 1508 27 21 15
314 1507 78 27 jemväl
409 1507 66 26 enligt
491 1507 147 26 ordalydelsen
654 1507 7 20 i
673 1505 149 26 betänkandet,
832 1504 67 27 jemte

72 1535 35 20 det
126 1535 85 21 ständet
229 1535 6 21 i
255 1535 152 26 sammanhang
427 1535 88 21 dermed
534 1535 57 21 velat
609 1535 32 21 för
659 1535 32 20 sin
711 1534 33 21 del
763 1533 85 25 föreslä,
867 1533 34 20 att
