1086 1736
357 136 92 21 Borgarest.
461 134 46 19 1888.
531 135 19 18 16
562 134 40 23 Maj.
823 135 45 17 1153

67 205 119 27 ganisation
202 203 132 28 fullkomligt
349 203 122 27 obehöfligt,
482 203 39 21 och
537 204 89 21 emedan
640 203 26 21 de
678 209 57 21 unga
745 203 146 28 brottslingar,

68 239 45 15 som
129 234 38 21 här
183 233 96 26 omtalas,
291 233 67 26 enligt
373 232 72 27 regeln
458 232 53 21 böra
522 231 96 22 förvaras
630 232 6 21 i
646 231 80 22 allmän
737 232 155 27 uppfostrings-

68 262 96 21 anstalt."
187 261 40 22 Om
243 261 64 22 också
322 261 147 26 fängelsernas
485 261 121 20 nuvarande
622 259 146 28 organisation
784 262 23 19 är
818 261 73 26 sådan,

68 292 32 18 att
121 290 72 26 hvarje
212 289 63 27 fånge
294 289 6 21 i
320 289 119 25 länshäkte,
455 289 28 20 dä
501 289 40 20 han
560 289 40 20 hör
618 288 33 21 till
667 288 67 21 första
749 288 143 27 afdelningen,

68 318 95 21 kommer
182 320 32 19 att
231 318 69 21 hållas
319 318 6 20 i
345 317 47 26 cell,
411 317 88 21 emedan
519 317 93 21 cellerna
630 318 38 20 äro
683 316 154 26 hufvudsaken,
853 317 39 21 och

68 346 140 22 länshäktena
223 346 33 21 för
272 346 36 21 det
323 347 68 19 mesta
407 347 104 25 upptagas
527 345 23 21 af
564 345 72 26 celler,
647 345 24 21 så
684 347 35 19 vet
725 345 37 27 jag
774 345 54 21 dock
839 345 53 25 icke,

69 375 86 21 hvarför
174 375 47 21 icke
240 376 31 20 ett
286 374 76 21 sådant
380 374 119 26 stadgande
518 374 71 21 kunde
604 374 50 26 ingå
669 373 33 21 för
718 373 86 27 möjliga
822 373 71 21 förän-

71 404 85 26 dringar
176 404 6 20 i
201 403 142 27 fängelserna,
359 402 39 21 och
414 402 65 21 också
493 402 34 21 för
542 402 26 21 de
584 402 66 26 några
667 402 165 26 häradshäkten,
848 408 45 14 som

70 438 28 14 nu
114 432 65 21 redan
193 431 76 26 finnas,
281 431 38 21 och
334 430 72 22 hvilka
420 432 37 20 äro
475 430 23 22 så
513 431 113 26 inrättade,
638 432 32 19 att
684 430 47 21 icke
746 430 73 27 hvarje
830 430 64 27 fånge

71 461 6 20 i
93 460 47 21 dem
158 460 43 21 kan
221 460 96 20 förvaras
336 459 6 21 i
361 459 47 26 cell,
428 459 39 21 och
486 459 33 21 för
537 459 73 21 hvilka
625 459 84 21 således
724 465 26 15 en
765 458 59 28 dylik
839 458 55 22 före-

71 488 63 22 skrift
144 494 61 22 synes
221 488 43 26 mig
279 488 46 21 icke
341 494 50 14 vara
407 490 51 18 utan
474 488 28 20 all
519 487 97 27 praktisk
632 487 116 27 betydelse.
770 487 43 21 Det
828 487 66 21 andra

72 518 92 25 motivet,
176 517 36 21 det
227 518 32 20 att
274 516 62 26 fånge
352 516 78 21 mellan
447 516 27 22 15
490 516 39 21 och
544 516 26 21 18
587 516 24 21 år
626 516 69 21 skulle
711 516 68 21 hållas
794 516 6 20 i
815 516 79 21 allmän

71 544 232 28 uppfostringsanstalt,
314 546 25 19 är
354 544 46 22 icke
415 544 82 27 riktigt,
513 544 24 22 så
552 544 65 21 framt
632 550 26 16 en
670 544 65 21 sådan
746 544 64 27 fånge
822 544 72 26 begått

73 574 35 21 det
123 574 64 25 brott,
203 574 33 20 för
251 573 82 21 hvilket
347 573 42 20 han
405 572 70 21 blifvit
491 572 64 21 dömd
570 572 33 21 till
618 572 104 27 fängelse,
733 572 54 21 efter
802 573 36 20 det
853 572 40 21 han

71 602 40 27 fylt
122 603 26 21 15
159 602 30 21 år.
211 601 44 22 Det
269 603 24 19 är
308 601 76 22 endast
398 601 6 20 i
421 601 102 21 händelse
535 601 41 21 han
588 601 74 26 begått
674 601 78 21 brottet
764 601 46 21 före
822 601 27 21 15
860 601 34 20 års

73 631 66 25 ålder,
154 637 46 14 som
219 630 41 21 han
280 629 77 22 mellan
376 630 27 21 15
422 629 38 22 och
477 629 26 22 18
519 629 24 21 år
558 629 68 22 hålles
641 629 7 21 i
664 629 231 27 uppfostringsanstalt.

73 659 48 21 Men
133 659 41 21 han
189 659 41 20 kan
246 658 63 21 hafva
324 658 73 27 begått
412 658 82 21 brottet
509 658 55 21 efter
578 657 67 28 fyllda
662 658 26 21 15
699 657 23 22 år
736 658 38 21 och
785 657 55 22 dock
850 657 46 22 före

75 687 25 22 18
111 687 34 21 års
161 687 66 26 ålder,
243 687 39 21 och
298 687 95 20 kommer
404 686 27 21 då
446 686 47 22 icke
503 688 32 19 att
546 687 78 20 sändas
635 686 6 21 i
652 685 78 22 allmän
741 686 155 27 uppfostrings-

74 715 85 22 anstalt.
181 715 41 26 Jag
236 715 75 27 tycker
327 715 77 24 derför,
416 717 32 19 att
463 715 68 21 denna
546 714 103 27 paragraf
663 715 65 20 borde
743 715 33 21 stå
787 721 58 20 qvar,
857 714 39 22 och

73 744 68 21 hellre
163 750 52 15 vara
233 743 33 21 till
285 745 59 25 nytta
362 745 26 19 än
408 743 32 21 till
460 743 73 26 skada,
550 749 33 15 om
604 749 47 15 man
672 743 104 27 nemligen
795 743 47 21 icke
859 743 37 21 vill

74 772 143 21 sammanföra
235 771 76 27 fångar
329 772 6 20 i
351 772 74 21 åldern
441 772 79 21 mellan
538 772 26 21 15
579 771 39 22 och
635 771 26 22 18
678 771 23 21 år
716 772 47 21 med
779 772 59 21 äldre
854 771 43 21 för-

74 801 92 26 brytare.

142 834 34 21 Då
194 835 61 25 ingen
275 840 68 15 annan
362 834 94 22 önskade
475 835 6 20 i
500 835 75 26 frågan
594 836 56 25 yttra
670 835 39 26 sig,
726 835 108 20 anstäldes
854 840 43 15 om-

76 863 96 26 röstning
187 863 66 25 enligt
269 862 93 26 följande
378 863 143 26 proposition:

143 896 40 26 De,
202 896 69 21 hvilka
287 896 112 27 godkänna
418 897 14 19 4
451 896 16 28 $
485 896 63 28 enligt
565 896 107 22 utskottets
688 896 87 28 förslag,
790 898 58 20 rösta
858 896 39 28 ja;

77 925 30 26 de,
124 924 32 22 det
172 924 43 22 icke
227 926 59 25 göra,
301 926 57 20 rösta
373 925 47 27 nej;

142 954 74 20 vinner
229 954 44 26 nej,
288 952 39 22 har
342 953 170 27 borgareståndet
526 953 88 26 beslutit,
626 954 30 20 att
674 953 37 27 för
725 954 93 20 nämnda
831 960 67 20 para-

74 982 51 26 graf
140 983 76 25 antaga
235 981 40 21 den
293 981 81 27 lydelse,
389 988 45 15 som
449 981 37 27 för
501 982 120 21 densamma
636 982 119 26 föreslagits
770 982 8 20 i
792 982 40 21 den
846 982 54 22 sista

78 1010 32 21 till
125 1010 137 21 betänkandet
276 1010 75 26 fogade
366 1010 157 22 reservationen.

147 1044 58 22 Enär
221 1044 68 21 denna
304 1045 132 26 omröstning
451 1044 62 22 utföll
529 1045 48 21 med
594 1044 154 28 öfvervägande
762 1045 28 26 ja,
807 1051 38 15 var
859 1046 14 20 4
888 1045 12 27 8

76 1078 7 21 i
99 1073 9 21 4
123 1073 90 27 kapitlet
227 1072 22 22 af
263 1073 85 21 ståndet
363 1073 100 27 godkänd
479 1073 66 27 enligt
560 1073 116 21 utskottets
691 1073 140 21 betänkande.

146 1107 99 21 Rörande
264 1107 14 21 5
293 1106 12 28 8
319 1107 85 27 yttrade

145 1141 26 20 hr
192 1140 130 27 Eneberg:
351 1141 42 21 Det
416 1141 39 21 har
477 1142 6 19 i
511 1141 116 21 allmänhet
650 1142 56 20 varit
727 1144 173 18 reservanternas

79 1169 62 27 åsigt,
160 1171 32 19 att
212 1169 37 21 det
266 1168 47 22 icke
330 1169 46 26 just
394 1169 39 21 bör
451 1169 68 21 finnas
539 1169 69 27 någon
628 1169 36 27 lag
680 1169 108 27 angående
804 1169 98 27 fängelse

79 1197 89 26 straffet,
184 1200 50 18 utan
249 1199 33 19 att
296 1197 147 27 fängelsernas
458 1197 149 22 föreståndare
626 1198 53 21 böra
699 1198 46 21 med
761 1198 104 27 fångarne
880 1197 23 22 få

77 1225 87 27 förfara,
180 1225 55 22 huru
251 1225 26 21 de
292 1225 57 27 vilja.
371 1226 43 21 Det
429 1227 24 20 är
469 1226 66 25 detta,
551 1232 46 15 som
612 1228 64 25 utgör
692 1226 35 21 det
741 1226 161 27 genomgående

79 1255 75 26 draget
172 1254 6 21 i
198 1254 69 21 denna
287 1254 138 21 reservation.
460 1254 29 22 Sä
512 1254 103 21 förhåller
638 1255 35 21 det
693 1255 32 26 sig
744 1255 65 21 också
824 1255 49 20 med
888 1255 14 21 5

80 1283 19 27 &,
115 1282 37 21 der
168 1284 162 19 reservanterne
345 1282 129 22 bortlemnat
489 1283 50 21 hela
554 1283 40 21 den
607 1289 76 16 senare
695 1283 61 22 delen
772 1283 39 21 och
827 1283 77 21 endast

80 1310 111 22 bibehållit
210 1311 41 20 den
269 1310 68 21 förra:
361 1311 92 26 ,fängar,
477 1317 45 15 som
542 1311 57 21 utstå
614 1311 159 27 fängelsestraff
786 1311 33 21 för
834 1311 68 25 böter,

80 1339 61 22 skola
155 1339 68 21 hållas
239 1338 93 21 afskilda
347 1339 47 21 från
410 1339 67 22 andra
493 1339 93 27 fångar".
616 1339 10 21 I
646 1340 159 27 propositionen
825 1341 24 19 är
864 1339 40 20 här

79 1367 95 27 tillagdt:
190 1367 53 28 ,kan
259 1367 36 20 det
310 1367 19 26 ej
345 1367 45 26 ske,
407 1368 53 21 böra
476 1368 26 21 de
518 1367 68 22 hållas
602 1367 140 22 tillsammans
758 1368 48 21 med
822 1367 81 21 sådana

80 1396 81 27 fångar,
180 1395 73 21 hvilka
271 1395 59 21 utstå
349 1396 124 27 ovilkorligt
491 1396 158 27 fängelsestraff
668 1397 6 20 i
695 1397 64 26 högre
775 1395 128 27 afdelning*.

80 1424 65 21 Detta
164 1425 23 20 är
207 1430 27 14 nu
253 1429 25 16 en
297 1423 117 27 antydning
432 1424 34 21 för
485 1424 278 27 fängelsemyndigheterna,
784 1425 31 20 att
834 1423 70 22 såvidt

81 1452 83 26 möjligt
181 1452 88 21 försöka
287 1451 86 27 vidtaga
392 1452 81 21 sådana
496 1452 107 27 åtgärder,
623 1458 45 16 som
688 1453 46 21 icke
757 1453 71 21 kunna
850 1453 54 20 mot-

81 1480 65 22 verka
161 1480 115 26 fångarnas
292 1479 159 23 fortskridande
467 1481 6 21 i
489 1481 136 26 förbättring.
657 1481 49 21 Men
722 1482 58 20 detta
795 1482 25 19 är
834 1480 24 21 af
871 1486 33 16 re-

81 1510 137 20 servanterne
236 1507 86 27 utryckt
340 1508 96 21 härifrån
455 1511 50 19 utan
529 1509 64 27 något
613 1509 81 27 rimligt
711 1510 52 25 skäl,
780 1508 76 22 endast
871 1508 33 21 för

82 1538 31 19 att
129 1536 243 27 fängelsedirektörerne
388 1536 61 22 skola
465 1538 71 20 kunna
552 1540 75 24 stoppa
644 1538 62 21 dessa
718 1537 74 27 fångar
802 1536 64 22 hvart
878 1536 26 22 de
