1089 1736
333 144 92 22 Borgarest.
437 143 46 20 1888,
506 143 21 19 24
540 143 39 24 Maj.
812 145 44 17 1301

52 213 34 21 för
109 212 301 27 Tammerfors-Björneborgs
437 212 70 21 banan
535 213 69 21 skulle
631 213 108 20 användas
767 213 113 26 1,600,000

52 241 68 21 mark.
150 241 69 20 Dessa
231 241 68 21 medel
315 240 68 21 mäste
399 241 85 21 säledes
500 241 7 20 i
518 241 89 21 främsta
619 243 91 19 rummet
725 241 68 21 finnas
809 242 71 26 dispo-

52 269 59 21 nibla
131 269 68 21 under
218 269 105 27 ingående
341 269 153 27 finansperiod.
529 269 108 22 Arbetena
657 269 13 21 å
689 269 100 22 karelska
811 270 69 21 banan

51 298 72 20 kunna
139 297 96 21 deremot
251 298 94 26 regleras
362 296 55 22 efter
433 297 170 26 förhållandena,
615 298 24 20 så
650 299 32 19 att
693 304 24 14 en
730 298 65 26 något
805 298 74 27 längre

53 326 54 21 eller
121 326 88 20 kortare
225 325 85 21 sträcka
329 326 103 26 belägges
452 326 47 20 med
520 326 74 21 arbete
618 326 40 21 och
678 326 72 21 derför
769 326 62 22 äfven
854 333 26 15 en

53 354 65 27 något
133 356 70 19 större
218 354 53 21 eller
288 354 81 21 mindre
385 360 83 14 summa
484 354 43 21 kan
542 354 27 27 på
585 354 69 21 banan
671 355 114 21 användas.

121 382 32 21 Hr
171 382 124 21 Neovius:
318 382 42 26 Jag
378 382 39 21 har
432 382 77 26 begärt
524 383 61 21 ordet
600 383 7 21 i
623 382 114 28 anledning
753 383 23 21 af
789 383 26 21 hr
830 383 50 21 Hei-

52 411 47 21 kels
119 412 42 20 sätt
180 413 31 19 att
229 410 106 22 deducera
355 410 108 22 medeltal.
493 411 44 21 Det
555 410 68 22 finnes
642 411 6 21 i
669 411 40 21 den
727 411 23 21 af
763 412 26 20 hr
803 411 77 21 Heikel

53 439 120 27 åberopade
193 439 39 21 och
251 439 62 21 äfven
332 439 23 21 af
373 439 43 27 mig
435 438 130 22 framhållna
583 440 86 26 bilagan
689 440 32 20 till
737 440 144 21 betänkandet

52 468 13 22 6
85 468 34 21 års
138 468 178 20 nettoinkomster
334 470 115 24 upptagna.
480 468 67 21 Bland
569 468 64 21 dessa
651 468 24 20 år
693 468 63 21 hafva
774 469 14 21 4
805 468 75 27 jemfö-

53 496 89 22 relsevis
161 496 35 26 låg
215 496 108 24 inkomst,'
335 496 38 21 och
392 496 14 21 2
426 496 49 26 hög.
505 496 33 21 De
556 496 56 27 höga
630 496 146 22 inkomsterna
795 497 42 21 alla
854 496 27 27 på

53 526 37 20 det
107 524 69 22 första
195 524 39 22 och
253 524 68 27 fjerde
341 524 52 21 året.
424 524 43 21 Vill
483 531 48 15 man
547 527 50 24 taga
612 527 31 19 ett
658 525 100 21 medeltal
774 525 23 21 af
811 525 69 25 dessa,

52 554 40 20 bör
110 559 48 15 man
173 552 95 22 beräkna
284 553 36 21 det
335 553 100 26 antingen
451 552 34 22 för
500 554 43 20 alla
559 559 38 15 sex
611 553 59 26 åren,
686 553 53 21 eller
753 553 34 22 för
802 556 33 18 tre
850 554 30 20 år.

53 581 70 28 Tager
138 587 48 15 man
202 581 124 21 medeltalet
341 581 34 21 för
389 584 40 22 tre,
446 581 24 21 så
485 581 50 27 ingå
550 581 7 21 i
574 581 63 21 dessa
652 583 32 20 tre
700 581 23 21 år
737 584 31 19 ett
780 581 48 22 med
839 581 42 27 hög

53 610 39 21 och
111 610 36 21 två
167 609 48 21 med
234 609 35 27 låg
287 609 100 21 inkomst.
417 609 71 27 Tager
506 616 49 15 man
571 610 42 21 alla
629 616 44 20 sex,
689 610 24 21 så
728 610 38 21 har
782 617 48 14 man
846 610 35 21 två

53 638 49 21 med
120 638 43 26 hög
182 638 39 21 och
240 637 47 28 fyra
305 638 48 21 med
373 637 35 27 låg
423 638 100 21 inkomst.
553 638 51 21 Men
623 640 37 24 att,
677 638 69 21 såsom
764 639 25 20 hr
805 637 75 22 Heikel

53 667 62 26 gjort,
132 669 50 24 taga
200 666 125 21 medeltalet
343 667 76 20 endast
439 666 23 21 af
479 666 43 22 fem
542 667 24 20 år
585 667 39 20 och
642 667 95 20 utesluta
755 667 36 21 det
806 667 74 26 första,

53 697 56 19 samt
128 695 91 20 sålunda
237 697 51 24 taga
305 697 30 18 ett
351 695 24 20 år
390 695 48 21 med
454 695 42 26 hög
512 695 39 21 och
567 695 46 27 fyra
629 695 49 21 med
693 695 48 27 låga
756 695 124 26 inkomster,

53 729 63 16 anser
129 723 37 27 jag
181 729 52 15 vara
248 723 63 26 högst
326 723 153 27 besynnerligt.
509 723 44 22 Vill
569 729 48 15 man
633 729 90 21 operera
739 724 47 21 med
802 723 78 22 medel-

53 752 37 26 tal,
106 751 25 22 så
145 752 39 21 bör
199 757 48 15 man
264 757 23 16 se
302 751 33 22 till
351 754 32 19 att
398 752 64 21 dessa
479 752 111 27 verkligen
605 752 100 26 uttrycka
720 752 124 21 medeltalet
859 752 23 21 af

53 780 27 21 de
96 780 70 21 skilda
181 780 64 21 talen.

122 809 31 20 Hr
172 808 105 21 Heikel:
300 809 41 26 Jag
356 809 80 20 förstår
451 809 48 21 icke
514 809 88 21 hvarför
617 809 25 20 hr
658 809 93 21 Neovius
767 815 63 15 anser
846 809 35 21 det

53 843 51 15 vara
122 837 101 26 riktigare
240 839 31 19 att
286 840 50 23 taga
351 837 126 21 medeltalet
492 837 34 21 för
541 843 38 15 sex
594 839 26 19 än
637 837 33 21 för
685 837 41 22 fem
743 838 29 20 år.
803 837 77 22 Månne

52 866 45 20 helt
120 865 72 21 enkelt
215 865 77 26 derför,
315 867 32 19 att
369 866 115 20 resultatet
506 865 42 21 blir
570 872 59 14 mera
650 865 231 22 öfverensstämmande

53 894 49 21 med
120 894 25 20 hr
164 894 99 20 Neovius'
284 893 142 27 uppfattning.
456 894 128 20 Emellertid
599 896 24 18 är
639 894 40 21 den
695 894 84 26 längsta
795 894 37 26 tid,
848 894 34 21 för

53 922 85 21 hvilken
158 922 20 20 vi
197 922 6 20 i
222 922 195 27 finanskalkylerna
436 922 103 26 nägonsin
559 922 69 21 bruka
647 924 51 25 taga
715 922 107 26 medeltal,
838 922 43 22 fem

54 951 31 26 år,
101 950 39 21 och
160 950 68 21 skulle
246 950 37 26 jag
302 956 51 16 anse
371 953 32 18 att
419 957 24 15 en
460 950 75 27 längre
551 951 74 26 period
640 951 47 21 icke
703 951 100 26 erbjuder
818 950 64 22 säkra

55 979 108 27 garantier
181 978 34 22 för
234 978 120 27 framtiden,
371 979 39 21 och
430 979 101 26 riktigast
549 980 62 20 torde
630 985 52 15 vara
701 981 31 19 att
747 980 6 20 i
769 980 59 20 detta
843 979 39 21 fall

54 1007 59 21 hälla
131 1008 32 26 sig
181 1007 33 21 till
234 1007 26 21 de
279 1007 54 21 allra
351 1009 86 19 senaste
453 1007 59 27 ären,
527 1007 57 21 helst
599 1008 118 26 väsentliga
732 1007 150 27 förändringar

54 1036 7 20 i
77 1035 123 22 frakttaxan
216 1038 36 24 egt
267 1042 53 14 rum.

123 1064 240 26 Hr.Schybergson:
386 1064 34 20 Då
435 1064 150 21 diskussionen
601 1070 28 15 nu
645 1070 63 21 synes
723 1070 50 16 vara
788 1064 93 21 afslutad

55 1093 55 21 hvad
129 1092 102 22 beträffar
249 1092 106 21 klämmen
375 1092 12 21 &
406 1092 61 21 sidan
487 1092 20 26 5,
523 1092 81 21 tillåter
617 1092 38 27 jag
671 1093 43 27 mig
729 1095 31 19 att
774 1095 51 24 taga
840 1099 42 21 upp

55 1121 33 21 till
108 1121 121 21 diskussion
249 1121 40 21 den
308 1120 130 27 föregäende
457 1120 24 22 af
498 1120 27 22 de
543 1120 37 22 tvä
598 1121 111 26 klämmar,
725 1127 45 15 som
789 1121 67 21 finnas
875 1122 7 20 i

55 1150 60 21 detta
130 1149 141 21 betänkande.
294 1149 42 20 Vid
351 1149 104 20 remissen
471 1149 24 20 af
509 1150 159 25 propositionen
684 1156 34 14 n:o
733 1150 28 21 35
775 1150 57 20 tillät
846 1149 36 27 jag

56 1177 43 27 mig
117 1177 132 26 ifrägasätta,
265 1177 105 21 huruvida
388 1177 37 21 det
439 1183 38 15 var
493 1177 114 27 anledning
623 1179 31 19 att
669 1178 65 20 redan
750 1184 28 15 nu
793 1177 89 22 konver-

55 1209 46 18 tera
125 1205 53 22 1881
203 1205 34 22 ärs
257 1205 42 26 län,
319 1205 39 22 och
375 1205 38 27 jag
431 1205 56 22 hade
506 1207 74 19 väntat
599 1206 48 26 mig,
667 1208 32 19 att
717 1205 165 26 statsutskottet,

56 1234 120 21 oberoende
197 1234 23 21 af
239 1233 59 22 detta
316 1234 48 21 mitt
381 1234 108 27 yttrande,
509 1233 54 22 hade
582 1234 33 21 till
635 1234 132 21 besvarande
785 1235 99 26 upptagit

56 1263 69 20 denna
144 1262 67 27 fräga,
231 1262 54 21 eller
303 1262 82 26 frägan,
401 1262 106 21 huruvida
523 1262 36 21 det
575 1262 200 27 öfverhufvudtaget
789 1263 48 20 med
852 1262 31 21 af-

56 1291 78 21 seende
157 1290 12 21 &
192 1291 84 20 landets
298 1290 71 21 kredit
393 1291 38 20 och
454 1291 69 20 andra
544 1290 270 27 lämplighetssynpunkter
832 1296 51 16 vore

56 1319 46 21 skäl
118 1320 32 20 att
164 1319 129 21 konvertera
307 1319 52 20 vära
374 1319 35 20 län
423 1319 78 20 endast
514 1319 67 26 nägra
593 1319 21 20 fä
626 1319 24 20 är
661 1319 55 21 efter
727 1319 36 22 det
774 1319 110 22 desamma

56 1347 115 27 upptagits.
201 1347 42 26 Jag
265 1347 56 21 hade
343 1347 74 21 vidare
439 1347 92 26 hoppats
553 1347 28 26 pä
599 1353 26 15 en
643 1347 114 27 utredning
775 1354 34 15 om
828 1347 56 20 huru

55 1379 46 18 stor
116 1375 79 27 ökning
209 1375 86 22 utöfver
310 1375 56 22 1874
381 1375 35 21 ärs
432 1375 157 22 läne-annuitet
599 1375 70 21 skulle
681 1375 114 27 erfordras,
808 1375 33 21 för
852 1377 32 18 att

56 1404 86 21 komma
157 1410 42 21 upp
215 1403 32 21 till
265 1406 31 19 ett
311 1403 134 27 länebelopp,
461 1403 26 21 sä
501 1405 61 24 stort,
575 1406 32 19 att
622 1404 27 21 14
660 1404 98 27 miljoner
769 1404 54 21 hade
835 1403 49 21 blif-

56 1433 31 20 vit
109 1432 120 26 disponibla
251 1431 34 21 för
305 1431 235 27 jernvägsbyggnader.
569 1432 42 26 Jag
633 1432 79 20 saknar
734 1439 27 14 nu
781 1432 45 21 helt
845 1431 39 21 och

56 1460 67 21 hället
139 1460 69 20 denna
222 1460 115 26 utredning
352 1460 7 20 i
374 1460 119 20 utskottets
508 1460 141 26 betänkande,
665 1460 39 21 och
720 1461 35 20 det
769 1462 24 19 är
803 1460 36 20 vid
850 1459 34 21 sä-

56 1488 51 21 dant
130 1488 148 21 förhällanden
299 1488 65 26 nägot
383 1488 100 21 tröstlöst
501 1490 32 19 att
551 1490 49 24 taga
619 1488 65 21 saken
703 1488 33 21 till
755 1488 130 26 diskussion,

56 1522 48 15 men
123 1516 46 21 icke
189 1517 49 21 dess
259 1516 83 21 mindre
361 1516 82 21 tilläter
459 1517 39 25 jag
516 1516 43 26 mig
577 1517 66 20 detta.
672 1516 41 26 Jag
728 1516 38 22 ber
781 1519 32 19 att
828 1518 56 19 ännu

56 1544 22 21 fä
97 1544 119 26 framhälla,
236 1547 32 19 att
286 1544 155 27 lämpligheten
460 1544 25 21 af
502 1546 32 19 att
553 1544 90 22 sälunda
660 1545 127 21 konvertera
803 1547 31 19 ett
848 1544 36 21 län

793 1584 22 17 83
