1086 1734
355 132 91 22 Borgarest.
458 132 47 20 1888.
527 132 10 18 5
549 132 40 23 Maj.
833 132 34 18 889

64 202 56 26 ligen
135 201 85 21 komma
235 203 32 19 att
281 203 49 25 taga
344 201 47 21 från
411 201 72 21 Saima
498 203 97 20 vattnen.
625 200 165 22 Turisttrafiken
805 204 24 19 är
843 201 48 22 icke

65 230 66 21 heller
154 230 7 20 i
183 230 66 21 behof
270 229 22 21 af
313 230 69 21 denna
400 232 79 24 stump,
499 230 88 21 emedan
608 232 68 25 vägen
695 230 76 20 endast
786 232 23 18 är
824 230 67 26 några

66 260 57 19 verst
141 258 49 27 lång
208 258 39 22 och
265 258 26 21 de
306 258 88 22 resande
410 258 68 26 alltid,
495 265 34 14 om
545 259 26 21 de
586 258 47 22 icke
649 258 51 27 vilja
715 258 32 27 gå,
764 258 70 21 såsom
849 259 42 21 hit-

65 287 44 21 tills
131 287 35 20 vid
188 286 79 22 Imatra
288 287 73 21 kunna
381 287 22 21 få
426 287 104 27 ekipagen
551 287 34 21 för
607 288 33 20 att
659 286 72 22 färdas
751 286 59 21 detta
828 287 64 21 korta

67 315 79 27 stycke.
177 316 63 20 Detta
255 316 38 20 bör
309 322 92 19 snarare,
420 317 26 19 än
466 310 35 36 en.
508 316 51 22 färd
574 316 27 26 pä
615 316 95 26 jernväg,
725 321 51 15 vara
791 314 34 22 för
840 315 47 21 dem

67 350 25 15 en
107 344 127 25 rekreation,
249 344 89 21 likasom
354 344 35 21 det
404 344 61 21 alltid
481 344 55 21 skall
551 344 68 21 blifva
633 344 64 26 högst
712 344 63 26 svärt,
787 345 32 19 att
829 343 58 21 kom-

67 373 73 21 binera
152 373 194 27 jernvägsrörelsen
362 373 89 21 emellan
467 373 80 21 Imatra
563 373 40 21 och
618 372 167 27 lastageplatsen
800 372 35 20 vid
845 372 44 20 Ha-

67 401 67 21 rakka
148 402 48 20 med
212 401 141 26 ängbätarnes
367 404 66 18 turer.

136 430 40 26 Jag
195 430 84 20 förenar
296 430 43 27 mig
357 430 7 21 i
380 430 41 21 allo
436 430 49 21 med
502 430 25 21 de
542 430 81 25 herrar,
640 435 45 15 som
701 429 106 21 försvarat
822 429 70 20 Wärt-

69 458 38 21 silä
122 458 75 25 banan,
214 458 38 21 och
268 458 81 27 hoppas
364 459 31 20 att
410 458 179 28 borgareständet
605 458 65 21 också
685 457 84 22 bifaller
780 458 31 21 till
823 458 70 21 denna

68 487 78 21 bibana
162 487 32 20 till
209 487 41 20 den
266 493 26 14 nu
308 487 98 21 beslutna
421 487 101 21 karelska
536 487 123 27 jernvägen.

136 515 31 21 Hr
183 515 144 21 Lindblom:
357 515 40 26 Jag
413 515 39 21 har
468 515 75 27 begärt
559 515 62 21 ordet
636 515 33 21 för
684 516 32 20 att
731 515 86 21 förorda
833 516 59 19 anta-

68 544 77 25 gandet
160 543 23 22 af
196 544 115 21 utskottets
327 543 78 27 förslag
428 544 93 21 rörande
541 544 40 21 den
601 543 99 22 karelska
720 544 75 25 banan,
812 543 81 21 beträf-

68 572 63 22 fande
146 573 58 21 säväl
220 572 73 28 sjelfva
312 572 158 26 hufvudbanan,
492 579 45 14 som
556 573 63 20 äfven
640 572 117 21 bibanorna
774 573 32 20 till
822 571 71 22 Wärt-

69 601 39 22 silä
124 601 39 22 och
178 601 85 21 Imatra.
287 601 135 26 Tillräckliga
438 601 48 21 skäl
497 601 33 21 för
541 601 113 26 förslagets
664 601 155 26 godkännande
829 600 65 21 hafva

69 631 65 20 redan
152 629 71 22 blifvit
242 630 126 21 framhälina
387 629 22 22 af
426 630 26 20 hr
472 630 104 21 Vasenius
596 629 40 22 och
652 629 22 21 af
687 630 26 20 hr
728 629 109 27 Tallgvist,
853 629 39 21 och

70 659 34 21 det
119 659 60 20 torde
195 658 72 21 derför
285 665 51 14 vara
355 659 92 26 onödigt,
464 660 33 19 att
512 658 125 28 ytterligare
652 658 87 27 tillägga
753 658 118 27 nägonting
886 657 7 21 i

70 687 71 21 saken.
171 687 75 21 Likväl
268 687 41 21 kan
330 687 36 27 jag
385 687 47 21 icke
447 687 115 21 underlåta
577 689 32 19 att
624 687 119 24 framhålla,
760 687 35 20 det
809 687 36 26 jag
860 686 33 21 för

69 716 44 21 min
131 715 34 22 del
183 716 46 21 icke
244 715 41 21 kan
301 715 73 26 förstä,
390 718 32 19 att
438 716 35 21 det
490 716 57 21 inom
563 715 178 27 borgareständet
755 715 54 21 skall
824 714 69 21 finnas

69 746 74 24 röster,
167 750 44 15 som
234 744 49 27 vilja
305 745 101 20 motsätta
428 745 32 26 sig
483 744 122 27 byggandet
628 743 23 22 af
673 744 101 21 Wärtsilä
792 743 101 21 bibanan.

70 773 75 20 Denna
167 773 78 21 bibana
267 779 60 21 synes
346 773 42 26 mig
407 779 51 15 vara
478 773 24 21 sä
521 773 117 27 sjelffallen,
654 772 27 21 dä
697 773 40 20 den
752 773 95 20 kommer
862 773 33 19 att

70 801 85 27 betjena
171 801 46 22 icke
232 801 74 22 endast
321 801 84 22 landets
420 803 81 20 största
517 801 61 26 bruk,
594 804 53 18 utan
663 801 60 21 äfven
740 807 25 15 en
776 800 119 21 vidsträckt

71 830 38 21 och
125 831 99 25 temligen
239 830 34 21 väl
288 830 99 21 befolkad
403 830 105 21 landsort.
532 830 44 21 Och
592 830 108 21 dessutom
711 830 66 27 gäller
785 829 24 27 ju
820 829 74 26 frägan

71 859 73 21 endast
166 859 92 26 300,000
280 859 65 21 mark.
376 858 114 22 Utskottet
512 858 119 28 uppgifver,
655 860 32 20 att
706 858 102 27 styrelsen
824 857 70 21 förbe-

70 887 61 21 hällit
149 888 32 26 sig
199 888 55 21 vissa
273 887 92 22 fördelar
380 887 24 21 af
417 888 90 21 brukets
523 894 70 20 egare.
623 888 41 27 Jag
679 888 81 26 hoppas
775 888 32 20 att
825 887 31 20 ett
871 886 23 21 sä

71 917 54 20 stort
139 916 75 27 bidrag
230 923 44 15 som
289 917 81 27 möjligt
385 916 66 21 mätte
468 916 24 21 af
505 916 89 22 brukets
609 922 64 20 egare
689 915 96 24 erhällas,
794 921 48 15 men
857 921 37 15 an-

71 950 33 16 ser
120 946 31 20 att
167 945 36 21 det
217 945 138 21 förevarande
370 945 103 27 förslaget
488 945 47 21 icke
550 945 6 21 i
571 945 70 27 nägon
657 944 100 22 händelse
773 944 40 21 bör
823 943 70 21 afsläs.

71 973 40 27 Jag
130 973 39 21 ber
187 976 31 19 att
237 974 27 26 pä
279 974 68 26 grund
363 974 23 21 af
399 974 63 20 dessa
478 974 40 20 och
534 974 66 20 andra
616 973 53 27 skäl,
685 979 44 15 som
744 972 66 22 redan
825 971 70 22 blifvit

71 1001 133 28 framhällna,
228 1002 21 21 få
275 1002 113 27 tillstyrka,
412 1002 35 21 det
479 1002 176 26 borgareständet
677 1002 66 21 måtte
765 1004 79 24 antaga
862 1002 33 19 ut-

72 1030 89 22 skottets
177 1030 84 27 förslag,
278 1031 100 21 särskildt
394 1030 62 22 äfven
472 1031 133 21 beträffande
621 1031 40 21 den
672 1030 119 26 föreslagna
802 1029 93 21 bibanan

71 1059 32 21 till
118 1059 100 21 Wärtsilä
233 1060 61 20 bruk.

140 1088 31 20 Hr
185 1088 102 27 Elving:
302 1088 33 21 Dä
346 1088 36 21 det
396 1088 36 21 vid
448 1089 87 20 senaste
549 1088 119 26 landtdag
661 1082 11 38 i
685 1088 58 20 detta
755 1086 62 22 ständ
832 1086 62 26 gälde

72 1118 31 20 att
117 1116 75 28 afgöra
206 1117 89 21 emellan
311 1123 26 15 en
350 1117 89 27 jernväg
458 1116 48 22 frän
525 1116 97 27 Kaipiais
637 1116 33 21 till
686 1115 165 22 Fredrikshamn
867 1115 28 21 el-

72 1145 29 21 ler
117 1152 26 14 en
155 1146 89 27 jernväg
259 1145 47 21 frän
321 1146 98 21 Kouvola
433 1146 34 21 till
484 1145 73 21 Kotka
572 1145 95 21 uttalade
681 1145 36 27 jag
732 1144 42 26 mig
789 1142 62 28 lifligt
862 1142 33 22 för

72 1174 40 21 den
127 1180 73 16 senare
216 1174 155 27 sträckningen.
400 1174 42 26 Jag
457 1174 75 28 gjorde
548 1174 36 21 det
599 1173 78 26 derför,
693 1175 32 19 att
738 1173 36 27 jag
789 1172 55 21 hade
855 1172 40 21 den

71 1202 168 28 uppfattningen,
255 1204 32 20 att
300 1209 49 15 man
364 1203 40 21 hos
424 1209 35 15 oss
479 1203 70 21 sävidt
571 1202 83 28 möjligt
672 1202 39 21 bör
730 1203 65 25 draga
811 1201 85 27 jernvä-

71 1237 64 21 garne
150 1232 60 26 längs
225 1231 51 21 vära
291 1233 59 20 stora
368 1230 73 27 floder,
458 1232 38 20 der
512 1232 62 20 dessa
589 1231 90 27 erbjuda
693 1230 105 21 industrin
813 1231 83 19 vatten-

71 1260 64 21 kraft.
166 1260 46 21 Den
227 1260 37 26 tid,
281 1266 44 15 som
341 1260 65 21 sedan
423 1260 49 21 dess
492 1260 40 21 har
551 1259 96 27 förflutit,
663 1259 39 21 har
718 1258 113 28 ingalunda
846 1258 50 20 rub-

72 1288 36 21 bat
127 1289 42 20 min
188 1288 135 27 uppfattning
341 1289 7 20 i
368 1288 59 21 detta
446 1288 107 21 afseende.
588 1288 27 21 Vi
635 1288 64 21 hafva
714 1288 63 20 sedan
793 1286 48 21 dess
856 1286 41 21 fått

72 1316 69 22 erfara
156 1317 36 20 det
207 1317 67 21 härda
289 1317 52 26 slag,
357 1323 45 15 som
419 1317 93 20 drabbat
530 1317 38 20 vär
586 1316 91 21 industri
695 1322 75 21 genom
788 1321 41 21 nya
847 1314 50 21 tull-

71 1345 157 27 bestämningar
244 1345 47 22 från
306 1345 117 27 Rysslands
439 1345 55 26 sida,
509 1345 72 21 hvilka
596 1345 47 21 haft
663 1345 41 20 den
719 1343 86 28 påföljd,
822 1343 33 20 att
871 1348 26 15 en

72 1375 43 20 stor
131 1374 34 21 del
180 1374 22 22 af
216 1374 37 21 vår
269 1374 91 21 industri
376 1374 102 26 antingen
493 1373 68 22 håller
576 1374 28 26 på
615 1375 31 20 att
656 1373 27 27 gå
693 1373 67 21 under
771 1372 52 21 eller
833 1370 64 21 också

72 1402 32 21 för
120 1404 31 19 ett
166 1403 92 27 tynande
273 1402 31 22 lif.
334 1401 29 22 Af
378 1402 26 21 de
419 1403 125 26 industrier,
564 1408 45 15 som
630 1401 33 22 för
682 1401 73 22 landet
773 1406 39 21 ega
826 1399 71 27 någon

71 1432 69 20 större
162 1432 50 25 vigt,
236 1431 67 21 finnes
321 1431 121 27 egentligen
462 1431 78 21 endast
557 1433 84 24 tvenne,
661 1436 46 15 som
724 1436 49 15 man
788 1429 43 20 kan
846 1429 52 25 säga

71 1459 64 22 hafva
149 1459 112 22 framtiden
277 1460 7 21 i
299 1461 54 20 stort
368 1459 33 21 för
417 1459 44 28 sig;
475 1460 38 27 jag
527 1465 74 15 menar
612 1459 38 21 vår
661 1456 182 30 sågverksrörelse
859 1456 38 21 och

72 1488 40 21 den
135 1488 96 26 industri,
255 1494 45 15 som
320 1487 56 22 afser
395 1487 110 28 förädling
524 1487 23 22 af
563 1489 98 20 trävaror
679 1487 34 22 till
731 1488 105 19 trämassa
859 1485 39 21 och

71 1523 87 20 papper.
188 1517 48 21 Men
255 1517 60 20 hvari
334 1517 67 26 ligger
424 1523 29 14 nu
477 1517 151 26 hemligheten,
651 1517 33 20 att
702 1515 62 21 dessa
781 1513 117 22 industrier

71 1545 46 21 icke
140 1551 22 15 se
185 1545 32 21 sin
238 1545 92 21 existens
349 1545 79 21 hotad?
451 1545 28 21 Jo
500 1545 50 26 deri,
570 1546 33 19 att
622 1545 26 20 de
667 1543 88 22 framför
775 1542 42 21 alla
833 1542 66 21 andra
