1084 1739
217 120 41 31 684
481 127 94 23 Borgarest.
586 128 47 20 1888.
657 129 18 18 19
687 129 50 23 April.

199 194 135 23 stadfästelse
350 196 12 21 å
376 196 76 28 högsta
467 199 39 24 ort,
522 204 48 15 men
585 198 101 27 lyckades
701 198 48 22 icke
763 198 64 21 vinna
837 198 58 21 Hans
906 198 111 27 Majestäts

198 223 160 27 godkännande.
388 226 10 20 I
413 226 70 21 stället
498 226 39 21 har
552 233 29 15 nu
597 233 26 14 en
638 227 133 27 proposition
781 226 102 28 förelagts
895 227 119 26 ständerna,

199 258 45 15 som
259 252 56 22 afser
333 254 135 21 uteslutande
486 255 167 26 protestantiska
672 256 121 25 dissenters,
809 255 72 21 hvilka
896 255 33 21 stå
943 256 27 26 på
984 255 33 21 bi-

199 280 59 22 belns
274 282 38 20 och
328 282 36 21 det
378 283 130 26 apostoliska
522 284 131 27 symbolums
668 284 75 28 grund.
772 284 66 21 Detta
853 286 24 19 är
891 290 28 15 nu
934 284 28 21 all
977 284 40 21 den

199 309 165 27 religionsfrihet
385 318 48 14 man
455 312 36 20 vill
513 312 132 27 förverkliga
664 313 6 21 i
687 313 58 21 detta
767 312 56 26 land,
847 312 39 22 och
901 312 32 21 till
949 312 68 22 denna

199 338 131 26 proposition
348 340 94 20 ansluter
460 341 32 26 sig
510 342 159 20 reservationen
688 348 34 14 n:o
741 342 20 25 2,
780 340 105 22 omfattad
899 340 24 22 af
935 344 82 24 preste-

199 366 95 22 ständets
317 368 38 20 och
379 368 164 22 bondeståndets
566 371 171 25 representanter
759 370 7 20 i
788 370 146 26 lagutskottet.
967 369 49 21 Men

199 394 69 22 denna
286 397 130 21 reservation
434 398 38 26 gär
490 404 33 14 om
542 399 96 26 omöjligt
656 398 7 21 i
681 398 123 22 reaktionär
822 398 195 27 reglementerings-

200 423 56 21 lusta
271 426 55 19 ännu
341 425 73 27 längre
429 428 26 18 än
470 426 40 21 den
526 426 78 28 nädiga
618 427 166 27 propositionen.

268 452 67 22 Söker
353 460 48 15 man
424 456 50 24 göra
493 455 31 27 sig
542 462 27 14 en
588 455 148 28 föreställning
755 462 33 14 om
807 455 85 21 hvilken
907 455 110 27 möjlighet

200 480 68 22 skulle
283 480 66 23 finnas
364 482 33 21 för
412 489 25 15 en
453 483 228 28 dissenterförsamling
697 486 32 19 att
743 484 59 21 bilda
817 485 30 19 ett
858 484 100 21 särskildt
968 484 49 27 kyr-

199 509 132 26 kosamfund,
348 510 45 22 ifall
408 518 48 14 man
471 514 75 25 antoge
562 514 33 20 att
609 513 158 21 reservationen
777 518 34 16 n:o
823 513 13 21 2
847 512 89 22 faktiskt
946 512 70 22 blefve

200 538 40 26 lag,
258 538 23 21 sä
295 538 42 22 kan
352 546 49 14 man
416 540 108 22 föreställa
540 541 32 27 sig
587 543 32 19 att
638 542 3 20 i
656 542 69 26 nägon
741 541 23 21 af
777 541 84 21 landets
876 541 140 21 kustsocknar

200 566 64 21 sedan
280 566 68 22 åratal
362 568 66 26 några
446 569 60 21 tiotal
525 570 106 26 baptister
645 570 65 22 hafva
729 570 106 21 existerat.
864 570 68 21 Dessa
947 569 69 27 hafva,

199 595 149 22 trakasserade
364 596 23 22 af
401 598 146 27 statskyrkans
563 598 136 27 presterskap
716 598 39 22 och
765 598 193 27 ordningsmakten,
969 598 47 21 med

200 624 112 27 anledning
328 624 22 22 af
364 626 32 20 att
411 632 25 15 en
452 626 138 28 dissenterlag
609 626 72 22 blifvit
695 627 24 21 af
735 628 74 26 regent
825 627 39 21 och
880 627 85 21 ständer
979 632 38 15 an-

198 654 64 24 tagen
280 653 88 21 beslutit
388 654 91 22 inlemna
497 656 94 21 ansökan
611 656 32 21 till
662 658 88 19 senaten
771 662 33 14 om
824 657 31 19 att
877 655 22 21 få
913 655 58 21 bilda
985 656 32 20 ett

200 681 101 21 särskildt
321 682 150 22 trossamfund.
500 684 10 21 I
526 684 69 21 denna
618 684 95 22 ansökan
731 685 94 26 upptaga
843 684 27 21 de
888 684 32 21 sin
935 684 82 21 trosbe-

198 709 107 27 kännelse,
329 711 38 21 och
387 713 86 20 senaten
492 712 68 22 finner
578 714 33 20 att
629 713 40 21 den
688 713 47 21 icke
755 715 22 19 är
797 712 108 22 stridande
923 714 45 20 mot
982 712 35 26 lag

199 738 38 20 och
258 738 104 28 sedlighet
381 742 55 19 samt
457 741 39 21 har
518 741 72 21 derför
612 742 47 20 icke
677 741 116 28 någonting
812 743 56 19 emot
886 742 31 20 att
939 741 78 27 bevilja

199 767 127 27 densamma,
341 768 55 21 helst
414 769 26 21 de
458 770 104 21 sökandes
585 770 58 21 antal
663 771 52 20 eller
733 770 120 28 personliga
871 769 146 22 beskaffenhet

198 795 47 21 icke
268 802 36 21 ger
327 797 112 28 anledning
463 800 31 19 att
512 798 89 22 betvifla
619 799 138 27 möjligheten
776 798 23 21 af
819 798 198 28 kyrkosamfundets

199 825 192 25 upprätthållande.
414 826 49 21 Men
478 827 44 21 förr
537 829 27 19 än
579 827 60 22 detta
655 827 98 22 samfund
768 827 91 27 lagligen
870 827 41 21 kan
921 827 96 27 fungera,

199 852 67 21 måste
282 853 116 22 detsamma
413 855 71 22 skrida
498 855 32 22 till
546 856 34 21 val
596 855 23 22 af
632 858 59 25 prest
707 856 52 21 eller
773 855 76 22 lärare.
879 856 74 21 Denna
963 855 54 22 skall

200 881 65 27 enligt
281 881 11 28 $
307 882 13 21 3
335 883 7 20 i
358 883 40 21 den
418 884 66 21 andra
502 885 158 20 reservationen
679 891 52 15 vara
750 884 118 27 välfrejdad
885 883 55 22 finsk
959 884 58 21 med-

199 909 89 27 borgare
304 911 39 20 och
358 911 112 22 innehafva
485 913 35 21 det
535 913 55 21 mått
605 913 23 21 af
642 913 101 27 bildning,
759 919 45 15 som
819 919 62 15 anses
896 913 32 20 för
938 912 79 21 befatt-

199 938 77 27 ningen
292 939 140 28 erforderligt.
461 941 34 21 Nu
509 947 57 22 yppa
581 942 32 27 sig
628 941 131 28 svårigheter
774 941 33 21 för
822 941 148 26 församlingen
985 942 33 20 att

200 965 57 23 finna
272 973 26 15 en
312 967 88 28 lämplig
414 975 81 20 person,
515 976 45 15 som
576 972 24 19 är
615 969 54 22 finsk
689 970 145 26 medborgare,
850 975 47 16 men
912 976 48 15 man
975 969 43 21 för-

200 1000 50 16 enar
265 995 33 27 sig
317 996 54 21 dock
390 1003 33 16 om
442 1004 25 15 en
486 998 66 21 sådan
568 998 234 28 församlingsmedlem,
819 998 33 21 till
867 998 86 21 hvilken
968 1004 49 15 man

199 1023 63 28 hyser
277 1024 128 23 förtroende.
434 1027 33 20 Då
481 1027 67 26 gäller
563 1027 37 21 det
615 1029 32 19 att
662 1027 80 27 afgöra,
758 1027 104 21 huruvida
876 1027 41 20 han
932 1027 39 20 har
981 1027 36 20 det

199 1052 54 21 mått
268 1053 22 20 af
305 1053 99 28 bildning,
420 1061 45 14 som
479 1057 38 24 gör
532 1057 32 20 att
574 1055 43 22 han
627 1055 42 22 kan
680 1062 61 15 anses
752 1055 33 22 för
795 1055 146 28 befattningen
951 1055 66 26 lämp-

200 1080 35 27 lig.
264 1081 49 21 Han
327 1082 42 21 kan
388 1083 27 20 då
434 1083 88 22 inkallas
541 1084 34 21 till
594 1084 147 27 kronofogden
760 1084 51 21 eller
826 1084 143 26 länsmannen,
983 1083 35 21 för

199 1110 33 20 att
246 1110 94 27 undergå
362 1110 72 22 förhör
452 1112 132 21 beträffande
602 1113 76 21 måttet
697 1113 23 21 af
737 1113 40 20 den
796 1113 95 26 bildning
907 1112 41 21 han
963 1112 54 21 skall

199 1137 120 28 innehafva,
334 1145 48 15 men
398 1146 62 15 anser
474 1142 86 20 senaten
576 1141 60 21 detta
651 1141 73 21 förhör
739 1141 47 21 icke
801 1147 51 15 vara
866 1140 111 28 tillfyllest,
993 1140 24 21 så

199 1165 42 22 kan
257 1167 41 21 han
313 1167 91 22 inkallas
419 1169 33 20 till
470 1169 285 27 ecklesiastikexpeditionen
774 1169 39 22 och
831 1169 42 21 kan
888 1169 37 21 der
940 1169 78 21 under-

199 1194 72 22 kastas
285 1195 56 22 inför
356 1197 212 22 ecklesiastikchefen
584 1198 51 21 eller
649 1199 70 26 någon
730 1197 23 22 af
762 1198 157 27 expeditionens
930 1197 88 27 tjenste-

199 1225 49 19 män
263 1225 31 20 ett
309 1224 78 27 förhör,
408 1232 44 15 som
470 1226 55 21 hvad
544 1227 248 26 kompetensfordringar
811 1226 100 21 beträffar
930 1228 23 19 är
968 1225 50 22 full-

199 1251 89 28 komligt
303 1253 137 28 godtyckligt.
470 1255 30 27 Ty
515 1255 67 27 några
597 1255 80 21 sådana
691 1255 69 21 finnas
775 1255 47 21 icke
837 1254 134 22 föreskrifna.
990 1254 27 21 Vi

200 1281 77 27 antaga
292 1283 32 20 att
339 1282 59 21 detta
412 1282 73 22 förhör
499 1283 39 21 har
553 1283 76 27 aflupit
644 1284 23 21 så
681 1283 95 28 lyckligt,
785 1285 32 20 att
827 1285 87 19 senaten
924 1283 93 27 godkän-

198 1314 39 15 ner
251 1309 77 22 honom
344 1310 69 21 såsom
428 1313 58 25 prest
500 1311 34 22 för
549 1312 265 27 dissenterförsamlingen.
837 1312 34 21 Då
885 1311 90 22 återstår
985 1311 32 21 för

199 1337 69 22 denna
283 1340 32 19 att
330 1339 56 27 välja
400 1339 153 22 föreståndare.
583 1341 74 21 Denne
673 1341 54 20 skall
744 1341 65 27 enligt
825 1346 80 15 samma
919 1340 33 27 $3
967 1345 51 16 vara

199 1365 118 28 välfrejdad
335 1367 55 22 finsk
409 1369 138 26 medborgare
566 1369 39 21 och
623 1369 114 21 innehafva
757 1369 40 21 den
814 1369 99 26 bildning,
929 1370 32 19 att
975 1369 43 20 han

199 1394 23 21 af
235 1395 69 22 länets
320 1398 104 25 guvernör
438 1397 42 21 kan
490 1397 131 28 godkännas.
641 1397 70 22 Sedan
722 1397 147 22 föreståndare
880 1397 70 21 blifvit
961 1396 56 27 vald,

198 1423 43 21 kan
256 1424 42 22 han
313 1425 7 21 i
335 1426 32 20 sin
382 1426 35 20 tur
432 1426 89 22 inkallas
536 1426 34 21 till
585 1426 142 22 kansliförhör
744 1426 33 21 till
792 1426 157 28 länsstyrelsen.
965 1426 52 20 For-

199 1452 113 27 dringarna
330 1454 8 20 i
356 1453 100 22 afseende
475 1455 13 21 å
505 1455 54 21 hans
577 1455 126 27 kompetens
721 1456 7 20 i
748 1455 60 21 detta
827 1454 99 22 afseende
941 1456 37 19 äro
995 1454 23 20 så

198 1480 138 28 vidsträckta,
352 1484 32 19 att
402 1482 41 22 han
458 1483 42 21 kan
518 1483 125 28 godkännas
661 1483 63 21 äfven
743 1483 48 21 med
811 1483 26 21 de
852 1482 109 27 simplaste
976 1482 42 21 ele-

198 1511 96 19 mentära
316 1510 128 28 kunskaper,
466 1518 47 15 men
531 1512 110 27 ingenting
659 1512 88 21 hindrar
764 1511 67 22 heller
851 1512 64 26 enligt
933 1511 34 27 lag
987 1512 31 20 att

198 1537 63 22 ställa
275 1538 28 27 på
317 1538 77 22 honom
409 1540 65 28 högre
488 1540 126 28 fordringar,
630 1540 70 22 såsom
715 1540 34 22 till
765 1540 94 27 exempel
872 1539 91 28 juridisk
975 1546 43 14 em-
