1086 1734
345 143 92 23 Borgarest.
449 142 48 19 1888.
521 142 13 18 11
547 142 39 23 Maj.
817 144 44 18 1011

59 212 87 19 Samma.
176 211 51 20 Deri
244 213 89 19 nämnes
349 211 47 21 icke
411 211 65 26 något
492 217 34 15 om
541 211 131 26 upplåtande
688 211 23 21 af
724 212 113 26 nyttjorätt
851 212 33 21 för

59 239 76 21 sådant
157 239 104 21 ändamål.
291 239 30 21 Af
336 239 50 21 hela
400 239 154 27 författningen
569 239 134 21 beträffande
717 240 112 28 värdering
845 241 39 21 och

60 268 65 20 annat
147 267 93 27 framgår
263 267 124 27 otvetydigt,
410 269 32 19 att
460 273 64 22 egare
540 267 23 22 af
573 267 49 27 jord
638 267 47 22 icke
700 269 23 20 är
737 268 76 27 pligtig
829 269 56 21 afstå

59 295 148 27 nyttjorätten,
230 297 53 20 utan
305 297 24 20 är
351 296 47 25 den,
418 301 46 16 som
480 296 79 21 önskar
574 296 166 26 expropriation,
756 297 83 26 skyldig
853 297 32 21 in-

60 323 45 22 lösa
121 324 150 26 eganderätten
286 324 34 21 till
335 324 39 21 den
390 323 163 27 ifrågavarande
567 324 95 21 marken.
685 325 38 20 Att
739 325 66 26 draga
815 331 69 15 annan

60 352 87 21 slutsats
163 351 23 22 af
198 352 99 26 gällande
311 352 303 27 expropriationsförfattning,
625 353 75 27 tyckes
710 353 41 27 mig
761 359 52 15 vara
823 353 61 21 orim-

60 381 48 26 ligt;
132 380 39 21 och
193 381 104 21 vidhåller
313 381 37 26 jag
366 381 70 21 derför
451 383 56 18 ännu
523 381 41 21 den
579 381 62 26 åsigt,
658 383 32 20 att
706 383 29 20 ett
750 381 77 22 sådant
842 383 43 20 sär-

60 409 66 20 skildt
147 409 124 26 stadgande,
293 415 46 15 som
361 409 69 21 skulle
453 409 68 21 ändra
543 410 41 21 den
603 409 107 22 allmänna
726 409 159 27 författningen,

61 437 38 21 här
121 437 47 21 icke
190 439 24 19 är
236 437 27 27 på
285 437 33 22 sin
335 437 63 27 plats,
414 439 52 20 utan
482 439 32 20 att
530 438 51 21 sista
595 438 113 26 meningen
723 438 23 21 af
758 438 68 21 första
841 444 43 15 mo-

61 467 80 20 mentet
155 465 39 22 bör
208 466 57 26 utgå.

130 494 31 21 Hr
184 494 140 27 Tallqvist:
347 494 42 21 För
407 494 44 21 min
466 494 35 21 del
516 494 49 21 ville
577 495 38 26 jag
630 494 85 27 föreslå,
731 496 31 20 att
777 495 41 21 den
834 495 52 21 sista

61 522 112 28 meningen
190 523 7 20 i
212 522 67 22 första
293 524 116 19 momentet
424 522 23 21 af
460 523 102 27 paragraf
575 523 12 20 7
603 522 70 21 skulle
687 523 22 21 fä
723 523 92 26 gvarstä.
845 523 40 26 Jag

61 550 42 22 kan
125 551 46 21 icke
193 550 58 22 finna
269 553 71 24 annat,
357 553 26 19 än
398 552 33 19 att
445 551 164 22 bestämmelsen
626 551 44 21 deri
686 553 24 19 är
724 551 33 21 till
772 551 113 27 ömsesidig

61 579 82 21 förmän
166 579 58 22 säväl
239 579 34 21 for
287 579 186 27 koncessionären,
490 585 46 16 som
551 579 54 22 skall
620 579 70 28 bygga
702 579 122 28 jernvägen,
840 586 45 15 som

61 607 32 21 för
115 607 268 28 lägenhetsinnehafvaren.
413 607 121 28 Berättigas
556 608 179 21 koncessionären
756 610 33 20 att
811 609 22 20 fä
851 614 34 15 ex-

60 637 111 25 propriera
194 636 75 21 endast
287 637 138 26 nyttjorätten
444 636 7 20 i
466 636 57 21 vissa
538 636 165 26 undantagsfall,
719 637 27 26 pä
760 637 57 21 vissa
831 637 54 27 plat-

62 670 39 20 ser,
118 664 70 21 säsom
204 664 37 21 der
257 666 69 19 större
340 664 49 21 hus-
405 664 51 21 eller
471 664 164 28 brobyggnader
650 664 132 22 förekomma
797 665 39 21 och
848 665 37 21 der

61 692 42 21 han
121 694 23 19 är
163 692 7 21 i
189 692 66 22 behof
268 692 23 22 af
304 694 31 20 att
350 692 135 27 tillfälligtvis
500 694 101 25 uppsätta
616 693 104 26 material,
736 693 23 21 sä
773 694 39 20 har
827 693 58 21 såväl

61 720 48 26 han,
126 726 45 16 som
186 720 263 27 lägenhetsinnehafvaren
464 720 70 22 fördel
549 720 66 22 deraf.
639 721 47 21 Den
701 727 72 16 senare
784 721 101 22 behöfver

61 748 47 22 icke
131 748 55 22 afstä
208 755 59 15 mera
287 749 66 27 mark,
376 751 27 19 än
426 756 46 14 som
494 749 34 21 för
540 749 225 27 jernvägsbyggnaden
781 752 23 19 är
819 750 67 21 ound-

61 777 112 27 gängligen
192 778 137 26 nödvändigt,
344 784 47 14 men
408 778 54 20 skall
478 778 136 26 naturligtvis
629 777 49 21 fullt
694 780 97 24 ersättas,
805 778 34 21 för
854 779 32 19 att

61 806 42 20 han
122 805 68 22 afstär
209 806 32 21 sin
258 806 119 27 nyttjorätt.
407 806 73 26 Enligt
494 806 45 21 min
555 806 55 26 äsigt
626 808 67 19 sätter
708 806 178 27 expropriations-

61 834 152 26 författningen
228 834 47 21 icke
289 834 66 27 nägot
368 834 77 21 hinder
459 835 7 20 i
481 836 68 25 vägen
564 834 33 21 för
614 840 25 16 en
654 835 111 26 värdering
781 835 23 21 af
817 834 69 21 denna

61 862 119 28 nyttjorätt.
201 862 330 28 Expropriationsförfattningen
546 862 63 22 berör
624 862 48 22 icke
687 863 74 22 endast
775 862 111 22 afstäende

63 891 22 20 af
106 891 61 21 mark
188 891 34 21 för
243 892 56 21 vissa
321 891 105 26 ändamäl,
450 893 52 20 utan
524 891 46 21 deri
584 891 50 27 ingä
649 891 65 22 ocksä
728 891 107 27 ätskilliga
849 891 37 21 be-

62 919 131 22 stämmelser
216 925 33 16 om
272 920 142 27 olägenheter,
438 926 46 15 som
506 926 49 15 man
576 920 35 21 vid
634 920 113 21 utförande
761 919 24 22 af
799 919 88 22 allmänt

63 948 74 21 arbete
158 948 43 21 kan
223 948 110 21 förorsaka
348 948 271 27 lägenhetsinnehafvaren,
634 948 86 21 hvilken
735 948 54 21 skall
804 948 82 21 tillbör-

63 976 56 27 ligen
135 978 96 19 ersättas.
249 977 42 26 Jag
305 977 80 27 tycker,
401 978 32 19 att
446 977 163 26 ifrägavarande
620 977 111 26 nyttjorätt
741 983 65 20 gerna
816 976 70 21 kunde

63 1004 100 21 hänföras
185 1005 34 21 till
240 1005 101 21 rubriken
363 1005 23 22 af
404 1005 62 21 dessa
481 1005 145 27 olägenheter.
656 1005 39 21 Att
710 1005 177 26 expropriations-

63 1032 153 27 författningen
239 1035 23 19 är
281 1033 114 27 bristfällig
411 1033 39 22 och
466 1033 107 22 sannolikt
589 1035 59 20 snart
663 1033 100 22 behöfver
777 1039 25 15 en
818 1039 69 14 omar-

63 1061 94 26 betning,
180 1062 72 20 derom
274 1064 24 18 är
319 1062 35 26 jag
371 1062 133 27 öfvertygad.
534 1062 41 26 Jag
589 1063 46 19 tror
648 1062 44 26 mig
707 1061 62 21 ocksä
783 1063 56 23 veta,
855 1061 32 20 att

63 1089 124 27 regeringen
211 1092 23 18 är
256 1090 88 21 betänkt
366 1090 33 26 pä,
422 1092 33 19 att
476 1090 23 21 fä
520 1090 41 21 den
578 1090 88 25 ändrad,
684 1090 37 21 och
738 1090 26 20 dä
778 1089 71 21 kunde
862 1088 24 27 ju

65 1118 64 20 också
144 1118 69 21 denna
226 1118 60 27 fråga
301 1124 34 15 om
350 1118 114 28 nyttjorätt
478 1120 62 25 tagas
554 1118 7 21 i
575 1118 148 26 betraktande,
738 1124 47 15 men
801 1117 33 22 för
845 1117 42 21 till-

55 1146 69 24 .fället
146 1146 69 22 skulle
234 1147 37 27 jag
293 1153 65 20 gerna
380 1153 30 18 se,
434 1148 31 20 att
488 1146 164 22 bestämmelsen
674 1146 68 22 skulle
757 1146 22 21 få
795 1145 91 27 gvarstä.

64 1174 32 21 En
119 1174 66 22 sådan
207 1175 68 21 skulle
297 1181 51 15 vara
369 1175 33 21 till
425 1177 62 25 nytta
504 1175 48 21 icke
567 1175 77 21 endast
658 1175 36 21 vid
709 1174 142 27 anläggandet
866 1173 23 21 af

64 1203 83 26 privata
167 1204 120 27 jernvägar,
309 1205 51 19 utan
378 1204 73 20 kunde
466 1204 107 20 mähända
587 1203 62 21 äfven
664 1203 106 27 tillämpas
785 1202 36 21 vid
836 1202 51 27 byg-

63 1231 79 26 gandet
157 1232 23 20 af
194 1233 80 20 statens
286 1232 120 27 jernvägar.

133 1259 31 21 Hr
188 1260 135 21 Stenbäck:
347 1260 42 22 För
411 1260 43 22 min
477 1260 35 20 del
535 1260 35 20 vill
583 1260 37 26 jag
634 1260 130 21 understöda
778 1260 26 20 hr
820 1259 67 21 Sulin.

65 1287 39 21 Om
119 1288 133 22 arrenderätt
266 1288 71 22 kunde
352 1288 118 22 förvärfvas
486 1294 75 21 genom
576 1288 164 26 expropriation,
752 1288 68 21 skulle
829 1287 58 27 jord-

64 1322 78 20 egaren
164 1316 40 21 lätt
227 1317 52 21 räka
301 1318 6 20 i
327 1317 40 21 den
382 1317 108 27 ställning,
506 1318 32 20 att
552 1316 43 22 han
610 1316 54 22 efter
680 1316 158 21 arrendetidens
854 1317 34 19 ut-

63 1344 55 27 gång
141 1344 68 22 blefve
228 1347 92 25 tvungen
335 1347 31 19 att
381 1346 62 26 börja
457 1345 120 27 rättegång,
593 1345 39 21 och
648 1345 58 21 detta
721 1344 55 22 afser
791 1344 47 21 icke
853 1349 34 15 ex-

64 1373 212 27 propriationslagen.
305 1374 43 21 Det
363 1374 71 21 kunde
449 1374 33 20 till
500 1374 95 26 exempel
610 1373 78 25 hända,
704 1375 31 19 att
750 1372 87 22 marken
853 1377 35 15 ex-

64 1401 148 27 proprierades
234 1401 33 21 för
289 1404 31 19 ett
341 1402 53 21 visst
414 1402 106 25 ändamäl,
535 1408 48 14 men
599 1401 107 21 användes
721 1401 32 21 för
769 1402 31 20 ett
815 1400 72 25 annat,

64 1430 135 26 hvarigenom
215 1430 40 21 den
271 1430 69 21 skulle
355 1430 112 22 förstöras.

133 1458 154 22 Diskussionen
302 1458 134 22 förklarades
450 1458 89 21 härmed
555 1458 98 26 afslutad,
669 1458 40 21 och
723 1456 125 22 framstälde
863 1456 25 20 hr

64 1486 122 21 talmannen
201 1486 33 22 till
246 1487 95 21 ständets
352 1487 133 21 besvarande
496 1486 94 27 följande
601 1484 286 28 omröstningsproposition
880 1480 10 38 :

132 1514 41 26 De,
198 1514 70 21 hvilka
292 1514 113 27 godkänna
427 1514 107 27 paragraf
559 1516 13 18 7
595 1514 63 27 enligt
679 1513 107 22 utskottets
808 1512 81 26 förslag

64 1541 139 27 oförändrad,
219 1544 57 19 rösta
287 1544 39 26 ja;
342 1543 30 26 de,
389 1543 33 20 det
437 1542 44 21 icke
495 1544 58 25 göra,
569 1544 56 19 rösta
640 1543 48 26 nej;
