1084 1734
350 115 93 22 Borgarest.
456 114 46 19 1888.
526 114 17 19 21
555 114 50 23 April.
836 114 32 18 731

66 184 82 28 ganska
164 184 65 27 ringa.
259 184 41 27 Jag
315 186 45 19 tror
376 184 35 21 det
427 184 101 22 särskildt
546 184 68 21 under
629 184 133 20 närvarande
777 184 115 21 förhållan-

69 214 40 20 den
124 219 51 15 vore
189 212 111 28 högeligen
315 212 125 28 betänkligt,
460 212 46 22 ifall
526 213 115 21 ständerna
659 212 68 22 skulle
746 212 50 28 ingå
811 213 33 21 till
859 218 33 16 re-

68 242 101 27 geringen
187 242 48 20 med
255 248 26 14 en
299 241 100 21 anhållan
419 247 33 15 om
472 248 26 15 en
514 241 67 21 sådan
599 241 130 27 förbättring
744 241 7 21 i
766 241 126 21 löneförmå-

69 276 66 15 nerna
150 270 33 20 för
198 276 26 14 en
239 271 44 20 stor
303 270 79 27 mängd
400 270 128 27 tjenstemän
547 272 32 19 att
594 269 26 22 de
636 270 69 21 skulle
720 269 64 21 hafva
800 275 26 15 en
840 268 51 22 aflö-

69 298 51 28 ning
135 298 114 27 tillräcklig
264 298 33 22 för
313 298 62 22 deras
390 298 121 27 uppehälle,
526 305 49 15 men
590 300 52 20 utan
659 300 32 19 att
707 298 81 21 erhålla
803 304 26 15 en
845 298 47 20 der-

70 329 57 19 emot
142 327 103 21 svarande
260 327 143 25 verksamhet,
420 334 45 14 som
480 328 93 26 upptoge
588 327 49 21 hela
652 327 62 21 deras
729 327 38 21 tid.
785 326 31 22 På
831 326 61 21 dessa

70 356 46 21 skäl
132 355 32 22 får
177 356 38 27 jag
230 355 93 27 förorda,
339 358 32 19 att
386 356 177 27 borgareståndet
578 356 55 26 ville,
653 356 49 20 med
717 355 137 21 förkastande
871 354 23 22 af

70 384 98 27 samtliga
186 384 117 22 utskottets
322 384 104 21 klämmar
445 384 13 21 å
476 384 79 27 pagina
574 384 12 22 8
603 384 39 22 och
657 384 42 21 den
717 384 126 26 motivering
858 384 34 20 ut-

69 413 81 21 skottet
168 412 33 22 för
220 414 108 20 desamma
346 413 39 21 har
407 412 121 27 framställt,
549 415 79 25 antaga
647 412 75 22 endast
740 412 106 22 klämmen
865 412 27 27 på

69 442 77 27 pagina
165 443 18 25 6,
203 448 48 15 men
269 442 8 21 i
295 442 66 27 något
378 441 126 22 modifierad
523 441 61 22 form.
615 442 41 27 Jag
671 441 90 22 föreslår
777 443 30 20 att
823 441 69 21 denna

69 471 57 21 kläm
142 470 67 21 skulle
225 471 80 21 erhålla
319 470 93 27 följande
429 471 88 27 lydelse:
534 472 43 25 ,att
587 470 84 22 landets
682 469 114 28 höglofliga
807 469 85 22 ständer

70 499 65 22 måtte
151 500 6 20 i
173 499 37 21 sitt
224 499 145 27 underdåniga
384 505 48 15 svar
448 499 12 21 å
476 500 42 21 den
532 499 79 27 nådiga
625 499 161 26 propositionen
802 498 89 26 anmäla,

70 529 32 20 att
117 528 120 26 ständerna,
252 528 68 21 under
335 528 137 21 erkännande
483 527 23 22 af
516 528 41 21 den
568 528 78 27 nådiga
657 528 168 26 propositionens
836 526 56 29 syfte

68 558 34 20 att
116 558 51 26 göra
183 557 40 21 den
233 557 72 21 lokala
315 557 134 26 polisvården
460 557 34 21 till
504 563 27 14 en
541 556 284 27 kommunalangelägenhet,
838 555 54 22 dock

70 585 18 28 ej
105 585 80 21 kunnat
200 585 113 27 godkänna
331 585 161 27 propositionen
511 585 6 21 i
534 585 49 21 dess
598 585 132 21 närvarande
745 585 76 21 form".
850 583 42 22 Ge-

69 620 50 15 nom
134 614 58 21 detta
206 614 111 21 uttalande
332 614 67 21 skulle
414 614 127 27 regeringen
557 613 22 22 få
595 613 113 27 anledning
719 615 31 20 att
762 620 26 14 en
799 613 93 27 följande

70 643 101 26 landtdag
186 643 109 27 förelägga
309 643 60 21 detta
384 643 78 20 ärende
478 643 31 21 till
529 642 126 21 ständernas
671 641 100 28 förnyade
786 641 105 28 pröfning,

69 677 49 15 men
136 671 27 21 då
181 672 7 20 i
207 678 26 14 en
252 671 66 21 sådan
337 671 61 26 form,
418 671 48 21 med
482 671 150 22 bibehållande
648 670 23 22 af
689 671 35 21 det
739 671 7 21 i
761 671 40 21 den
817 672 75 19 närva-

69 700 66 21 rande
150 700 158 26 propositionen
323 699 97 22 uttalade
435 699 72 28 syftet,
527 701 32 20 att
575 700 123 21 densamma
713 699 69 22 kunde
798 699 23 21 af
835 700 57 20 stän-

70 728 65 21 derna
149 729 130 26 godkännas.
305 728 33 21 Då
353 729 125 26 regeringen
493 735 30 14 nu
537 729 58 20 velat
605 727 130 22 öfverlemna
745 728 23 21 åt
778 727 114 22 ständerna

70 758 32 19 att
117 757 7 20 i
139 757 68 21 denna
229 757 60 27 fråga
307 757 102 26 lagstifta,
430 757 23 21 så
472 763 63 22 synes
555 757 36 21 det
609 757 43 27 mig
667 757 47 21 icke
729 763 51 15 vara
794 755 98 28 politiskt

69 785 62 22 klokt
149 785 102 22 handladt
270 785 23 22 af
311 786 121 26 ständerna,
448 787 31 20 att
498 785 46 22 helt
563 785 71 22 enkelt
653 785 54 22 afslå
725 785 48 22 hela
791 785 102 26 förslaget

70 814 40 21 och
124 816 92 19 tvärtom
230 814 87 21 förorda
332 815 31 20 att
382 815 125 26 regeringen
527 814 56 21 blott
597 814 55 21 skall
667 814 85 27 vidtaga
767 813 78 28 nödiga
860 813 32 21 åt-

69 842 77 28 gärder
161 842 33 21 för
208 843 162 27 kronopolisens
385 843 157 21 förstärkande.

139 872 31 20 Hr
192 872 101 26 Elving:
323 872 32 21 De
377 874 76 19 tvenne
476 871 129 27 föregående
628 872 64 20 ärade
714 872 95 20 talarene
828 870 65 22 hafva

70 900 104 21 hvardera
192 900 117 22 framhållit
327 900 170 22 önskvärdheten
518 900 22 21 af
559 901 31 20 att
609 900 134 27 polisvården
758 900 8 21 i
780 900 48 21 vårt
842 899 50 21 land

70 928 67 21 skulle
146 928 85 22 komma
241 930 32 20 att
283 928 141 22 öfverlemnas
435 929 22 21 åt
468 928 239 28 sjelfstyrelseorganen,
719 929 39 21 och
768 931 45 19 mot
824 928 69 21 denna

70 956 135 28 uppfattning
219 957 39 21 har
271 957 37 27 jag
323 956 32 22 för
371 958 42 20 min
429 958 35 20 del
483 958 110 27 ingenting
607 959 32 19 att
655 957 107 21 anmärka.
792 956 50 22 Men
858 962 34 16 om

69 992 48 15 man
135 986 102 27 granskar
256 986 37 20 det
309 986 86 26 förslag,
415 992 46 15 som
480 987 8 20 i
507 986 78 22 sådant
599 986 101 21 afseende
718 986 39 21 här
772 986 120 26 föreligger,

68 1014 69 22 måste
153 1014 36 27 jag
209 1014 32 21 för
259 1014 43 21 min
321 1015 34 21 del
374 1015 117 27 upprigtigt
510 1015 105 25 bekänna,
635 1016 32 20 att
684 1015 37 27 jag
738 1014 47 22 icke
804 1016 24 19 är
843 1013 49 22 fullt

70 1042 62 22 säker
147 1049 34 15 om
196 1043 105 21 huruvida
316 1049 25 15 en
357 1043 65 21 sådan
438 1043 66 27 afsigt
519 1044 40 20 har
574 1043 57 27 legat
645 1043 33 21 till
693 1042 69 28 grund
772 1042 33 22 för
815 1048 77 21 propo-

68 1071 98 22 sitionen.
189 1072 31 20 Hr
235 1072 99 26 Eneberg
348 1072 39 20 har
402 1074 53 25 sagt,
473 1074 33 20 att
521 1072 60 21 detta
595 1072 80 27 förslag
682 1072 25 27 ju
717 1078 49 15 vore
776 1070 116 28 någonting

68 1100 85 27 mycket
168 1100 112 27 oskyldigt,
299 1100 7 21 i
321 1100 75 27 sjelfva
414 1100 76 22 verket
505 1100 69 22 skulle
593 1101 36 21 det
642 1101 24 27 ju
681 1100 47 22 icke
742 1100 76 27 ålägga
832 1100 60 20 kom-

68 1128 187 22 munalnämderna
273 1131 55 19 stort
347 1131 71 25 annat,
438 1131 27 19 än
485 1130 57 20 hvad
562 1135 45 15 som
625 1129 66 21 redan
710 1129 66 27 enligt
790 1128 100 28 gällande

68 1156 247 28 kommunalförfattning
330 1157 80 27 åligger
426 1158 54 26 dem,
498 1158 39 21 och
553 1158 66 21 delvis
630 1157 102 22 förhåller
743 1158 36 21 det
789 1158 32 27 sig
831 1156 61 22 verk-

69 1185 57 27 ligen
145 1186 29 21 så.
204 1186 44 21 Allt
267 1192 52 20 som,
339 1186 65 27 enligt
422 1186 57 22 hvad
498 1187 25 21 hr
542 1186 78 21 Heikel
637 1186 40 21 här
692 1186 65 22 redan
772 1186 40 21 har
828 1185 64 22 fram-

69 1214 66 26 hållit,
151 1214 115 28 lämpligen
281 1214 40 22 och
336 1214 96 28 skäligen
447 1215 41 21 bör
507 1215 119 21 tillkomma
642 1215 54 26 dem,
712 1215 35 21 det
762 1214 130 22 tillkommer

69 1242 48 21 dem
135 1242 66 22 redan
219 1243 28 26 på
265 1243 68 27 grund
352 1243 23 21 af
392 1243 286 28 kommunalförfattningen.
708 1244 50 20 Men
773 1243 56 21 hvad
844 1248 48 21 pro-

68 1271 119 27 positionen
201 1271 104 28 tillägger,
322 1272 26 21 de
367 1271 155 27 befogenheter
540 1272 59 26 eller,
615 1273 80 21 rättare
711 1272 67 27 sagdt,
794 1272 26 21 de
836 1271 56 27 skyl-

68 1299 103 28 digheter,
190 1300 159 27 propositionen
364 1300 37 22 vill
417 1300 76 27 påföra
511 1300 245 27 kommunalnämderna,
779 1302 43 25 äro,
839 1299 55 22 efter

69 1329 43 20 min
131 1329 140 27 uppfattning,
291 1329 96 22 minsann
406 1329 46 22 icke
473 1329 82 28 egnade
574 1330 31 20 att
620 1330 98 21 utveckla
732 1329 161 28 sjelfstyrelsen,

69 1357 19 27 ej
106 1357 67 22 heller
191 1359 32 20 att
240 1358 50 27 höja
309 1358 115 26 aktningen
443 1357 35 22 för
502 1359 25 20 de
547 1364 72 21 organ,
638 1364 45 15 som
703 1358 27 27 på
748 1357 146 27 landsbygden

66 1385 63 22 skola
143 1385 74 22 utöfva
232 1386 129 21 densamma.
385 1387 32 20 En
432 1387 70 21 talare
518 1387 6 21 i
540 1388 31 19 ett
587 1388 64 20 annat
667 1387 62 21 stånd
743 1387 39 21 har
798 1387 53 25 sagt,
862 1386 32 20 att

67 1414 43 21 den
130 1414 107 22 detektiva
256 1415 220 26 polisverksamheten
495 1415 48 22 icke
561 1421 76 21 genom
657 1415 59 22 detta
730 1415 79 26 förslag
824 1413 70 22 skulle

68 1442 86 21 komma
176 1444 31 20 att
229 1443 110 22 åhvälfvas
362 1443 248 22 kommunalnämderna.
644 1445 41 26 Jag
706 1444 42 21 kan
770 1443 48 21 icke
836 1441 59 22 finna

68 1472 32 20 att
119 1471 60 21 detta
196 1471 116 27 påstående
331 1471 50 22 fullt
399 1472 69 21 håller
488 1472 79 21 streck.
597 1472 43 21 Det
659 1473 61 20 heter
738 1473 7 20 i
761 1472 39 21 den
817 1471 79 27 nådiga

67 1499 159 28 propositionen
241 1500 66 21 bland
323 1502 74 20 annat:
430 1517 4 10 ,
437 1501 167 26 Kronobetjent
622 1501 35 21 må
677 1501 39 21 ock
730 1500 48 21 med
794 1499 102 22 anhållan

67 1533 36 16 om
119 1528 82 21 biträde
217 1529 70 20 vända
302 1529 32 26 sig
349 1529 33 21 till
401 1529 161 28 ordningsman,
579 1529 27 20 då
621 1531 68 20 större
704 1528 152 28 skyndsamhet
872 1529 24 20 är

255 1587 6 9 ,
