<?xml version="1.0" encoding="UTF-8"?>
<alto xmlns="http://www.loc.gov/standards/alto/ns-v3#" xmlns:xlink="http://www.w3.org/1999/xlink" xmlns:xsi="http://www.w3.org/2001/XMLSchema-instance" xsi:schemaLocation="http://www.loc.gov/standards/alto/ns-v3# http://www.loc.gov/alto/v3/alto-3-0.xsd">
	<Description>
		<MeasurementUnit>pixel</MeasurementUnit>
		<sourceImageInformation>
			<fileName>/tmp/tess_fou913r__input.PNG</fileName>
		</sourceImageInformation>
		<OCRProcessing ID="OCR_0">
			<ocrProcessingStep>
				<processingSoftware>
					<softwareName>tesseract 5.3.4</softwareName>
				</processingSoftware>
			</ocrProcessingStep>
		</OCRProcessing>
	</Description>
	<Layout>
		<Page WIDTH="1086" HEIGHT="1739" PHYSICAL_IMG_NR="0" ID="page_0">
			<PrintSpace HPOS="0" VPOS="0" WIDTH="1086" HEIGHT="1739">
				<ComposedBlock ID="cblock_0" HPOS="355" VPOS="129" WIDTH="516" HEIGHT="31">
					<TextBlock ID="block_0" HPOS="355" VPOS="129" WIDTH="516" HEIGHT="31">
						<TextLine ID="line_0" HPOS="355" VPOS="129" WIDTH="516" HEIGHT="31">
							<String ID="string_0" HPOS="355" VPOS="134" WIDTH="94" HEIGHT="22" WC="0.89" CONTENT="Borgarest."/><SP WIDTH="13" VPOS="134" HPOS="449"/>
							<String ID="string_1" HPOS="462" VPOS="133" WIDTH="51" HEIGHT="19" WC="0.96" CONTENT="1888."/><SP WIDTH="53" VPOS="133" HPOS="513"/>
							<String ID="string_2" HPOS="566" VPOS="129" WIDTH="46" HEIGHT="31" WC="0.94" CONTENT="Maj."/><SP WIDTH="214" VPOS="129" HPOS="612"/>
							<String ID="string_3" HPOS="826" VPOS="134" WIDTH="45" HEIGHT="18" WC="0.95" CONTENT="1269"/>
						</TextLine>
					</TextBlock>
				</ComposedBlock>
				<ComposedBlock ID="cblock_1" HPOS="67" VPOS="202" WIDTH="828" HEIGHT="1363">
					<TextBlock ID="block_1" HPOS="67" VPOS="202" WIDTH="826" HEIGHT="453">
						<TextLine ID="line_1" HPOS="68" VPOS="202" WIDTH="825" HEIGHT="28">
							<String ID="string_4" HPOS="68" VPOS="204" WIDTH="35" HEIGHT="19" WC="0.96" CONTENT="ten"/><SP WIDTH="17" VPOS="204" HPOS="103"/>
							<String ID="string_5" HPOS="120" VPOS="202" WIDTH="31" HEIGHT="21" WC="0.96" CONTENT="till"/><SP WIDTH="17" VPOS="202" HPOS="151"/>
							<String ID="string_6" HPOS="168" VPOS="202" WIDTH="114" HEIGHT="21" WC="0.93" CONTENT="ständerna"/><SP WIDTH="16" VPOS="202" HPOS="282"/>
							<String ID="string_7" HPOS="298" VPOS="202" WIDTH="81" HEIGHT="26" WC="0.92" CONTENT="afgifna"/><SP WIDTH="15" VPOS="202" HPOS="379"/>
							<String ID="string_8" HPOS="394" VPOS="202" WIDTH="116" HEIGHT="22" WC="0.96" CONTENT="berättelse"/><SP WIDTH="19" VPOS="202" HPOS="510"/>
							<String ID="string_9" HPOS="529" VPOS="208" WIDTH="34" HEIGHT="16" WC="0.93" CONTENT="om"/><SP WIDTH="19" VPOS="208" HPOS="563"/>
							<String ID="string_10" HPOS="582" VPOS="202" WIDTH="163" HEIGHT="27" WC="0.92" CONTENT="lagskipningen"/><SP WIDTH="20" VPOS="202" HPOS="745"/>
							<String ID="string_11" HPOS="765" VPOS="202" WIDTH="40" HEIGHT="22" WC="0.93" CONTENT="och"/><SP WIDTH="18" VPOS="202" HPOS="805"/>
							<String ID="string_12" HPOS="823" VPOS="203" WIDTH="70" HEIGHT="27" WC="0.92" CONTENT="lagar-"/>
						</TextLine>
						<TextLine ID="line_2" HPOS="69" VPOS="230" WIDTH="822" HEIGHT="28">
							<String ID="string_13" HPOS="69" VPOS="236" WIDTH="38" HEIGHT="15" WC="0.93" CONTENT="nas"/><SP WIDTH="15" VPOS="236" HPOS="107"/>
							<String ID="string_14" HPOS="122" VPOS="230" WIDTH="163" HEIGHT="21" WC="0.91" CONTENT="handhafvande"/><SP WIDTH="15" VPOS="230" HPOS="285"/>
							<String ID="string_15" HPOS="300" VPOS="230" WIDTH="7" HEIGHT="21" WC="0.96" CONTENT="i"/><SP WIDTH="16" VPOS="230" HPOS="307"/>
							<String ID="string_16" HPOS="323" VPOS="230" WIDTH="65" HEIGHT="27" WC="0.96" CONTENT="öfrigt"/><SP WIDTH="15" VPOS="230" HPOS="388"/>
							<String ID="string_17" HPOS="403" VPOS="231" WIDTH="39" HEIGHT="21" WC="0.96" CONTENT="och"/><SP WIDTH="16" VPOS="231" HPOS="442"/>
							<String ID="string_18" HPOS="458" VPOS="232" WIDTH="31" HEIGHT="20" WC="0.96" CONTENT="ett"/><SP WIDTH="15" VPOS="232" HPOS="489"/>
							<String ID="string_19" HPOS="504" VPOS="230" WIDTH="23" HEIGHT="22" WC="0.96" CONTENT="af"/><SP WIDTH="17" VPOS="230" HPOS="527"/>
							<String ID="string_20" HPOS="544" VPOS="231" WIDTH="76" HEIGHT="27" WC="0.96" CONTENT="biskop"/><SP WIDTH="15" VPOS="231" HPOS="620"/>
							<String ID="string_21" HPOS="635" VPOS="231" WIDTH="122" HEIGHT="21" WC="0.96" CONTENT="Johansson"/><SP WIDTH="17" VPOS="231" HPOS="757"/>
							<String ID="string_22" HPOS="774" VPOS="232" WIDTH="62" HEIGHT="21" WC="0.96" CONTENT="väckt"/><SP WIDTH="15" VPOS="232" HPOS="836"/>
							<String ID="string_23" HPOS="851" VPOS="231" WIDTH="40" HEIGHT="22" WC="0.96" CONTENT="och"/>
						</TextLine>
						<TextLine ID="line_3" HPOS="68" VPOS="258" WIDTH="823" HEIGHT="27">
							<String ID="string_24" HPOS="68" VPOS="259" WIDTH="7" HEIGHT="20" WC="0.93" CONTENT="i"/><SP WIDTH="16" VPOS="259" HPOS="75"/>
							<String ID="string_25" HPOS="91" VPOS="258" WIDTH="225" HEIGHT="27" WC="0.91" CONTENT="strafflagsutskottets"/><SP WIDTH="16" VPOS="258" HPOS="316"/>
							<String ID="string_26" HPOS="332" VPOS="258" WIDTH="135" HEIGHT="22" WC="0.96" CONTENT="betänkande"/><SP WIDTH="18" VPOS="258" HPOS="467"/>
							<String ID="string_27" HPOS="485" VPOS="265" WIDTH="35" HEIGHT="15" WC="0.95" CONTENT="n:o"/><SP WIDTH="21" VPOS="265" HPOS="520"/>
							<String ID="string_28" HPOS="541" VPOS="260" WIDTH="9" HEIGHT="20" WC="0.92" CONTENT="1"/><SP WIDTH="21" VPOS="260" HPOS="550"/>
							<String ID="string_29" HPOS="571" VPOS="260" WIDTH="177" HEIGHT="20" WC="0.91" CONTENT="reservationsvis"/><SP WIDTH="19" VPOS="260" HPOS="748"/>
							<String ID="string_30" HPOS="767" VPOS="259" WIDTH="124" HEIGHT="23" WC="0.91" CONTENT="framstäldt"/>
						</TextLine>
						<TextLine ID="line_4" HPOS="68" VPOS="286" WIDTH="823" HEIGHT="28">
							<String ID="string_31" HPOS="68" VPOS="286" WIDTH="82" HEIGHT="27" WC="0.96" CONTENT="förslag"/><SP WIDTH="19" VPOS="286" HPOS="150"/>
							<String ID="string_32" HPOS="169" VPOS="288" WIDTH="80" HEIGHT="25" WC="0.96" CONTENT="derom,"/><SP WIDTH="20" VPOS="288" HPOS="249"/>
							<String ID="string_33" HPOS="269" VPOS="289" WIDTH="31" HEIGHT="19" WC="0.96" CONTENT="att"/><SP WIDTH="19" VPOS="289" HPOS="300"/>
							<String ID="string_34" HPOS="319" VPOS="293" WIDTH="55" HEIGHT="21" WC="0.96" CONTENT="unga"/><SP WIDTH="17" VPOS="293" HPOS="374"/>
							<String ID="string_35" HPOS="391" VPOS="288" WIDTH="90" HEIGHT="26" WC="0.96" CONTENT="jurister"/><SP WIDTH="19" VPOS="288" HPOS="481"/>
							<String ID="string_36" HPOS="500" VPOS="288" WIDTH="69" HEIGHT="20" WC="0.93" CONTENT="skulle"/><SP WIDTH="20" VPOS="288" HPOS="569"/>
							<String ID="string_37" HPOS="589" VPOS="288" WIDTH="167" HEIGHT="26" WC="0.92" CONTENT="skyldigkännas"/><SP WIDTH="22" VPOS="288" HPOS="756"/>
							<String ID="string_38" HPOS="778" VPOS="290" WIDTH="31" HEIGHT="19" WC="0.96" CONTENT="att"/><SP WIDTH="14" VPOS="290" HPOS="809"/>
							<String ID="string_39" HPOS="823" VPOS="289" WIDTH="68" HEIGHT="21" WC="0.96" CONTENT="under"/>
						</TextLine>
						<TextLine ID="line_5" HPOS="69" VPOS="315" WIDTH="823" HEIGHT="27">
							<String ID="string_40" HPOS="69" VPOS="315" WIDTH="36" HEIGHT="21" WC="0.96" CONTENT="två"/><SP WIDTH="16" VPOS="315" HPOS="105"/>
							<String ID="string_41" HPOS="121" VPOS="316" WIDTH="23" HEIGHT="20" WC="0.96" CONTENT="år"/><SP WIDTH="15" VPOS="316" HPOS="144"/>
							<String ID="string_42" HPOS="159" VPOS="316" WIDTH="52" HEIGHT="26" WC="0.96" CONTENT="följa"/><SP WIDTH="15" VPOS="316" HPOS="211"/>
							<String ID="string_43" HPOS="226" VPOS="316" WIDTH="48" HEIGHT="20" WC="0.93" CONTENT="med"/><SP WIDTH="15" VPOS="316" HPOS="274"/>
							<String ID="string_44" HPOS="289" VPOS="316" WIDTH="163" HEIGHT="25" WC="0.91" CONTENT="underdomare,"/><SP WIDTH="15" VPOS="316" HPOS="452"/>
							<String ID="string_45" HPOS="467" VPOS="316" WIDTH="65" HEIGHT="21" WC="0.96" CONTENT="innan"/><SP WIDTH="15" VPOS="316" HPOS="532"/>
							<String ID="string_46" HPOS="547" VPOS="316" WIDTH="26" HEIGHT="21" WC="0.96" CONTENT="de"/><SP WIDTH="16" VPOS="316" HPOS="573"/>
							<String ID="string_47" HPOS="589" VPOS="316" WIDTH="72" HEIGHT="21" WC="0.96" CONTENT="kunde"/><SP WIDTH="15" VPOS="316" HPOS="661"/>
							<String ID="string_48" HPOS="676" VPOS="316" WIDTH="112" HEIGHT="22" WC="0.96" CONTENT="förordnas"/><SP WIDTH="11" VPOS="316" HPOS="788"/>
							<String ID="string_49" HPOS="799" VPOS="316" WIDTH="32" HEIGHT="21" WC="0.93" CONTENT="till"/><SP WIDTH="12" VPOS="316" HPOS="831"/>
							<String ID="string_50" HPOS="843" VPOS="317" WIDTH="49" HEIGHT="21" WC="0.89" CONTENT="ord-"/>
						</TextLine>
						<TextLine ID="line_6" HPOS="68" VPOS="344" WIDTH="824" HEIGHT="26">
							<String ID="string_51" HPOS="68" VPOS="344" WIDTH="89" HEIGHT="20" WC="0.96" CONTENT="förande"/><SP WIDTH="16" VPOS="344" HPOS="157"/>
							<String ID="string_52" HPOS="173" VPOS="344" WIDTH="5" HEIGHT="20" WC="0.93" CONTENT="i"/><SP WIDTH="16" VPOS="344" HPOS="178"/>
							<String ID="string_53" HPOS="194" VPOS="344" WIDTH="88" HEIGHT="21" WC="0.92" CONTENT="härads-"/><SP WIDTH="15" VPOS="344" HPOS="282"/>
							<String ID="string_54" HPOS="297" VPOS="344" WIDTH="53" HEIGHT="21" WC="0.93" CONTENT="eller"/><SP WIDTH="14" VPOS="344" HPOS="350"/>
							<String ID="string_55" HPOS="364" VPOS="344" WIDTH="164" HEIGHT="26" WC="0.91" CONTENT="rädstufvurätt,"/><SP WIDTH="15" VPOS="344" HPOS="528"/>
							<String ID="string_56" HPOS="543" VPOS="344" WIDTH="89" HEIGHT="22" WC="0.91" CONTENT="beslutit"/><SP WIDTH="15" VPOS="344" HPOS="632"/>
							<String ID="string_57" HPOS="647" VPOS="346" WIDTH="32" HEIGHT="20" WC="0.96" CONTENT="att"/><SP WIDTH="19" VPOS="346" HPOS="679"/>
							<String ID="string_58" HPOS="698" VPOS="344" WIDTH="131" HEIGHT="22" WC="0.92" CONTENT="beträffande"/><SP WIDTH="14" VPOS="344" HPOS="829"/>
							<String ID="string_59" HPOS="843" VPOS="346" WIDTH="49" HEIGHT="20" WC="0.92" CONTENT="sist-"/>
						</TextLine>
						<TextLine ID="line_7" HPOS="70" VPOS="372" WIDTH="822" HEIGHT="28">
							<String ID="string_60" HPOS="70" VPOS="373" WIDTH="92" HEIGHT="20" WC="0.96" CONTENT="nämnda"/><SP WIDTH="18" VPOS="373" HPOS="162"/>
							<String ID="string_61" HPOS="180" VPOS="372" WIDTH="81" HEIGHT="26" WC="0.96" CONTENT="förslag"/><SP WIDTH="19" VPOS="372" HPOS="261"/>
							<String ID="string_62" HPOS="280" VPOS="372" WIDTH="67" HEIGHT="21" WC="0.96" CONTENT="uttala"/><SP WIDTH="19" VPOS="372" HPOS="347"/>
							<String ID="string_63" HPOS="366" VPOS="372" WIDTH="33" HEIGHT="26" WC="0.93" CONTENT="sig"/><SP WIDTH="21" VPOS="372" HPOS="399"/>
							<String ID="string_64" HPOS="420" VPOS="372" WIDTH="87" HEIGHT="26" WC="0.92" CONTENT="derhän,"/><SP WIDTH="19" VPOS="372" HPOS="507"/>
							<String ID="string_65" HPOS="526" VPOS="375" WIDTH="32" HEIGHT="19" WC="0.96" CONTENT="att"/><SP WIDTH="19" VPOS="375" HPOS="558"/>
							<String ID="string_66" HPOS="577" VPOS="373" WIDTH="85" HEIGHT="21" WC="0.96" CONTENT="ståndet"/><SP WIDTH="18" VPOS="373" HPOS="662"/>
							<String ID="string_67" HPOS="680" VPOS="373" WIDTH="95" HEIGHT="27" WC="0.93" CONTENT="godkänt"/><SP WIDTH="14" VPOS="373" HPOS="775"/>
							<String ID="string_68" HPOS="789" VPOS="373" WIDTH="103" HEIGHT="27" WC="0.92" CONTENT="prokura-"/>
						</TextLine>
						<TextLine ID="line_8" HPOS="69" VPOS="400" WIDTH="823" HEIGHT="28">
							<String ID="string_69" HPOS="69" VPOS="403" WIDTH="60" HEIGHT="19" WC="0.93" CONTENT="torns"/><SP WIDTH="20" VPOS="403" HPOS="129"/>
							<String ID="string_70" HPOS="149" VPOS="401" WIDTH="6" HEIGHT="21" WC="0.96" CONTENT="i"/><SP WIDTH="19" VPOS="401" HPOS="155"/>
							<String ID="string_71" HPOS="174" VPOS="400" WIDTH="163" HEIGHT="27" WC="0.96" CONTENT="ifrågavarande"/><SP WIDTH="18" VPOS="400" HPOS="337"/>
							<String ID="string_72" HPOS="355" VPOS="401" WIDTH="116" HEIGHT="21" WC="0.96" CONTENT="berättelse"/><SP WIDTH="19" VPOS="401" HPOS="471"/>
							<String ID="string_73" HPOS="490" VPOS="401" WIDTH="84" HEIGHT="27" WC="0.96" CONTENT="yttrade"/><SP WIDTH="23" VPOS="401" HPOS="574"/>
							<String ID="string_74" HPOS="597" VPOS="402" WIDTH="87" HEIGHT="26" WC="0.96" CONTENT="mening"/><SP WIDTH="22" VPOS="402" HPOS="684"/>
							<String ID="string_75" HPOS="706" VPOS="408" WIDTH="33" HEIGHT="14" WC="0.93" CONTENT="om"/><SP WIDTH="22" VPOS="408" HPOS="739"/>
							<String ID="string_76" HPOS="761" VPOS="402" WIDTH="72" HEIGHT="26" WC="0.92" CONTENT="vigten"/><SP WIDTH="20" VPOS="402" HPOS="833"/>
							<String ID="string_77" HPOS="853" VPOS="401" WIDTH="39" HEIGHT="21" WC="0.96" CONTENT="och"/>
						</TextLine>
						<TextLine ID="line_9" HPOS="71" VPOS="429" WIDTH="821" HEIGHT="27">
							<String ID="string_78" HPOS="71" VPOS="429" WIDTH="184" HEIGHT="27" WC="0.96" CONTENT="nödvändigheten"/><SP WIDTH="16" VPOS="429" HPOS="255"/>
							<String ID="string_79" HPOS="271" VPOS="429" WIDTH="66" HEIGHT="26" WC="0.96" CONTENT="deraf,"/><SP WIDTH="17" VPOS="429" HPOS="337"/>
							<String ID="string_80" HPOS="354" VPOS="431" WIDTH="32" HEIGHT="19" WC="0.96" CONTENT="att"/><SP WIDTH="14" VPOS="431" HPOS="386"/>
							<String ID="string_81" HPOS="400" VPOS="436" WIDTH="57" HEIGHT="20" WC="0.96" CONTENT="unga"/><SP WIDTH="9" VPOS="436" HPOS="457"/>
							<String ID="string_82" HPOS="466" VPOS="430" WIDTH="89" HEIGHT="26" WC="0.93" CONTENT="jurister"/><SP WIDTH="15" VPOS="430" HPOS="555"/>
							<String ID="string_83" HPOS="570" VPOS="430" WIDTH="116" HEIGHT="21" WC="0.91" CONTENT="framdeles"/><SP WIDTH="15" VPOS="430" HPOS="686"/>
							<String ID="string_84" HPOS="701" VPOS="430" WIDTH="48" HEIGHT="21" WC="0.96" CONTENT="icke"/><SP WIDTH="11" VPOS="430" HPOS="749"/>
							<String ID="string_85" HPOS="760" VPOS="430" WIDTH="35" HEIGHT="20" WC="0.96" CONTENT="må"/><SP WIDTH="10" VPOS="430" HPOS="795"/>
							<String ID="string_86" HPOS="805" VPOS="432" WIDTH="51" HEIGHT="19" WC="0.96" CONTENT="utan"/><SP WIDTH="11" VPOS="432" HPOS="856"/>
							<String ID="string_87" HPOS="867" VPOS="436" WIDTH="25" HEIGHT="15" WC="0.97" CONTENT="en"/>
						</TextLine>
						<TextLine ID="line_10" HPOS="70" VPOS="457" WIDTH="822" HEIGHT="27">
							<String ID="string_88" HPOS="70" VPOS="458" WIDTH="74" HEIGHT="26" WC="0.96" CONTENT="längre"/><SP WIDTH="18" VPOS="458" HPOS="144"/>
							<String ID="string_89" HPOS="162" VPOS="458" WIDTH="97" HEIGHT="26" WC="0.96" CONTENT="praktisk"/><SP WIDTH="15" VPOS="458" HPOS="259"/>
							<String ID="string_90" HPOS="274" VPOS="457" WIDTH="144" HEIGHT="22" WC="0.96" CONTENT="förberedelse"/><SP WIDTH="20" VPOS="457" HPOS="418"/>
							<String ID="string_91" HPOS="438" VPOS="458" WIDTH="33" HEIGHT="21" WC="0.93" CONTENT="för"/><SP WIDTH="19" VPOS="458" HPOS="471"/>
							<String ID="string_92" HPOS="490" VPOS="458" WIDTH="156" HEIGHT="21" WC="0.91" CONTENT="domarekallet"/><SP WIDTH="18" VPOS="458" HPOS="646"/>
							<String ID="string_93" HPOS="664" VPOS="458" WIDTH="83" HEIGHT="21" WC="0.93" CONTENT="erhålla"/><SP WIDTH="15" VPOS="458" HPOS="747"/>
							<String ID="string_94" HPOS="762" VPOS="458" WIDTH="130" HEIGHT="21" WC="0.92" CONTENT="domareför-"/>
						</TextLine>
						<TextLine ID="line_11" HPOS="70" VPOS="486" WIDTH="823" HEIGHT="26">
							<String ID="string_95" HPOS="70" VPOS="486" WIDTH="119" HEIGHT="26" WC="0.93" CONTENT="ordnande;"/><SP WIDTH="24" VPOS="486" HPOS="189"/>
							<String ID="string_96" HPOS="213" VPOS="486" WIDTH="92" HEIGHT="21" WC="0.91" CONTENT="hvarhos"/><SP WIDTH="23" VPOS="486" HPOS="305"/>
							<String ID="string_97" HPOS="328" VPOS="486" WIDTH="86" HEIGHT="21" WC="0.96" CONTENT="ståndet"/><SP WIDTH="18" VPOS="486" HPOS="414"/>
							<String ID="string_98" HPOS="432" VPOS="486" WIDTH="133" HEIGHT="22" WC="0.96" CONTENT="beträffande"/><SP WIDTH="18" VPOS="486" HPOS="565"/>
							<String ID="string_99" HPOS="583" VPOS="487" WIDTH="41" HEIGHT="21" WC="0.96" CONTENT="den"/><SP WIDTH="20" VPOS="487" HPOS="624"/>
							<String ID="string_100" HPOS="644" VPOS="486" WIDTH="6" HEIGHT="21" WC="0.96" CONTENT="i"/><SP WIDTH="20" VPOS="486" HPOS="650"/>
							<String ID="string_101" HPOS="670" VPOS="486" WIDTH="91" HEIGHT="22" WC="0.96" CONTENT="berörda"/><SP WIDTH="15" VPOS="486" HPOS="761"/>
							<String ID="string_102" HPOS="776" VPOS="486" WIDTH="117" HEIGHT="22" WC="0.96" CONTENT="berättelse"/>
						</TextLine>
						<TextLine ID="line_12" HPOS="67" VPOS="514" WIDTH="826" HEIGHT="28">
							<String ID="string_103" HPOS="67" VPOS="515" WIDTH="79" HEIGHT="26" WC="0.91" CONTENT="jemväl"/><SP WIDTH="17" VPOS="515" HPOS="146"/>
							<String ID="string_104" HPOS="163" VPOS="514" WIDTH="129" HEIGHT="22" WC="0.92" CONTENT="afhandlade"/><SP WIDTH="15" VPOS="514" HPOS="292"/>
							<String ID="string_105" HPOS="307" VPOS="514" WIDTH="75" HEIGHT="27" WC="0.96" CONTENT="frågan"/><SP WIDTH="17" VPOS="514" HPOS="382"/>
							<String ID="string_106" HPOS="399" VPOS="521" WIDTH="34" HEIGHT="15" WC="0.91" CONTENT="om"/><SP WIDTH="15" VPOS="521" HPOS="433"/>
							<String ID="string_107" HPOS="448" VPOS="515" WIDTH="218" HEIGHT="27" WC="0.91" CONTENT="äktenskapsskilnad"/><SP WIDTH="18" VPOS="515" HPOS="666"/>
							<String ID="string_108" HPOS="684" VPOS="521" WIDTH="75" HEIGHT="21" WC="0.96" CONTENT="genom"/><SP WIDTH="16" VPOS="521" HPOS="759"/>
							<String ID="string_109" HPOS="775" VPOS="514" WIDTH="24" HEIGHT="22" WC="0.93" CONTENT="af"/><SP WIDTH="14" VPOS="514" HPOS="799"/>
							<String ID="string_110" HPOS="813" VPOS="514" WIDTH="80" HEIGHT="28" WC="0.91" CONTENT="kejser-"/>
						</TextLine>
						<TextLine ID="line_13" HPOS="71" VPOS="543" WIDTH="822" HEIGHT="27">
							<String ID="string_111" HPOS="71" VPOS="544" WIDTH="43" HEIGHT="26" WC="0.96" CONTENT="liga"/><SP WIDTH="15" VPOS="544" HPOS="114"/>
							<String ID="string_112" HPOS="129" VPOS="545" WIDTH="89" HEIGHT="19" WC="0.96" CONTENT="senaten"/><SP WIDTH="15" VPOS="545" HPOS="218"/>
							<String ID="string_113" HPOS="233" VPOS="544" WIDTH="112" HEIGHT="20" WC="0.95" CONTENT="meddelad"/><SP WIDTH="17" VPOS="544" HPOS="345"/>
							<String ID="string_114" HPOS="362" VPOS="543" WIDTH="86" HEIGHT="27" WC="0.93" CONTENT="dispens"/><SP WIDTH="16" VPOS="543" HPOS="448"/>
							<String ID="string_115" HPOS="464" VPOS="544" WIDTH="95" HEIGHT="26" WC="0.92" CONTENT="beslutit,"/><SP WIDTH="11" VPOS="544" HPOS="559"/>
							<String ID="string_116" HPOS="570" VPOS="545" WIDTH="32" HEIGHT="19" WC="0.97" CONTENT="att"/><SP WIDTH="9" VPOS="545" HPOS="602"/>
							<String ID="string_117" HPOS="611" VPOS="544" WIDTH="86" HEIGHT="20" WC="0.96" CONTENT="ansluta"/><SP WIDTH="16" VPOS="544" HPOS="697"/>
							<String ID="string_118" HPOS="713" VPOS="544" WIDTH="32" HEIGHT="26" WC="0.96" CONTENT="sig"/><SP WIDTH="14" VPOS="544" HPOS="745"/>
							<String ID="string_119" HPOS="759" VPOS="544" WIDTH="34" HEIGHT="20" WC="0.96" CONTENT="till"/><SP WIDTH="16" VPOS="544" HPOS="793"/>
							<String ID="string_120" HPOS="809" VPOS="544" WIDTH="36" HEIGHT="20" WC="0.93" CONTENT="det"/><SP WIDTH="14" VPOS="544" HPOS="845"/>
							<String ID="string_121" HPOS="859" VPOS="550" WIDTH="34" HEIGHT="20" WC="0.93" CONTENT="yr-"/>
						</TextLine>
						<TextLine ID="line_14" HPOS="71" VPOS="572" WIDTH="822" HEIGHT="26">
							<String ID="string_122" HPOS="71" VPOS="572" WIDTH="76" HEIGHT="26" WC="0.96" CONTENT="kande,"/><SP WIDTH="23" VPOS="572" HPOS="147"/>
							<String ID="string_123" HPOS="170" VPOS="578" WIDTH="45" HEIGHT="14" WC="0.96" CONTENT="som"/><SP WIDTH="24" VPOS="578" HPOS="215"/>
							<String ID="string_124" HPOS="239" VPOS="572" WIDTH="40" HEIGHT="20" WC="0.96" CONTENT="den"/><SP WIDTH="22" VPOS="572" HPOS="279"/>
							<String ID="string_125" HPOS="301" VPOS="572" WIDTH="34" HEIGHT="20" WC="0.95" CONTENT="till"/><SP WIDTH="23" VPOS="572" HPOS="335"/>
							<String ID="string_126" HPOS="358" VPOS="572" WIDTH="145" HEIGHT="21" WC="0.95" CONTENT="betänkandet"/><SP WIDTH="25" VPOS="572" HPOS="503"/>
							<String ID="string_127" HPOS="528" VPOS="572" WIDTH="77" HEIGHT="26" WC="0.95" CONTENT="fogade"/><SP WIDTH="26" VPOS="572" HPOS="605"/>
							<String ID="string_128" HPOS="631" VPOS="572" WIDTH="158" HEIGHT="21" WC="0.96" CONTENT="reservationen"/><SP WIDTH="24" VPOS="572" HPOS="789"/>
							<String ID="string_129" HPOS="813" VPOS="572" WIDTH="7" HEIGHT="20" WC="0.96" CONTENT="i"/><SP WIDTH="24" VPOS="572" HPOS="820"/>
							<String ID="string_130" HPOS="844" VPOS="572" WIDTH="49" HEIGHT="21" WC="0.96" CONTENT="dess"/>
						</TextLine>
						<TextLine ID="line_15" HPOS="71" VPOS="600" WIDTH="822" HEIGHT="27">
							<String ID="string_131" HPOS="71" VPOS="601" WIDTH="67" HEIGHT="20" WC="0.96" CONTENT="andra"/><SP WIDTH="15" VPOS="601" HPOS="138"/>
							<String ID="string_132" HPOS="153" VPOS="602" WIDTH="94" HEIGHT="19" WC="0.96" CONTENT="moment"/><SP WIDTH="15" VPOS="602" HPOS="247"/>
							<String ID="string_133" HPOS="262" VPOS="600" WIDTH="125" HEIGHT="26" WC="0.67" CONTENT="innehåller,"/><SP WIDTH="14" VPOS="600" HPOS="387"/>
							<String ID="string_134" HPOS="401" VPOS="600" WIDTH="67" HEIGHT="27" WC="0.96" CONTENT="jemte"/><SP WIDTH="15" VPOS="600" HPOS="468"/>
							<String ID="string_135" HPOS="483" VPOS="600" WIDTH="37" HEIGHT="22" WC="0.90" CONTENT="det"/><SP WIDTH="15" VPOS="600" HPOS="520"/>
							<String ID="string_136" HPOS="535" VPOS="600" WIDTH="85" HEIGHT="21" WC="0.78" CONTENT="ståndet"/><SP WIDTH="10" VPOS="600" HPOS="620"/>
							<String ID="string_137" HPOS="630" VPOS="600" WIDTH="6" HEIGHT="21" WC="0.96" CONTENT="i"/><SP WIDTH="12" VPOS="600" HPOS="636"/>
							<String ID="string_138" HPOS="648" VPOS="600" WIDTH="66" HEIGHT="27" WC="0.96" CONTENT="öfrigt"/><SP WIDTH="14" VPOS="600" HPOS="714"/>
							<String ID="string_139" HPOS="728" VPOS="600" WIDTH="94" HEIGHT="26" WC="0.96" CONTENT="godkänt"/><SP WIDTH="15" VPOS="600" HPOS="822"/>
							<String ID="string_140" HPOS="837" VPOS="600" WIDTH="56" HEIGHT="21" WC="0.96" CONTENT="hvad"/>
						</TextLine>
						<TextLine ID="line_16" HPOS="70" VPOS="628" WIDTH="725" HEIGHT="27">
							<String ID="string_141" HPOS="70" VPOS="629" WIDTH="142" HEIGHT="26" WC="0.96" CONTENT="lagutskottet"/><SP WIDTH="15" VPOS="629" HPOS="212"/>
							<String ID="string_142" HPOS="227" VPOS="628" WIDTH="6" HEIGHT="21" WC="0.96" CONTENT="i"/><SP WIDTH="16" VPOS="628" HPOS="233"/>
							<String ID="string_143" HPOS="249" VPOS="628" WIDTH="114" HEIGHT="27" WC="0.96" CONTENT="anledning"/><SP WIDTH="15" VPOS="628" HPOS="363"/>
							<String ID="string_144" HPOS="378" VPOS="628" WIDTH="24" HEIGHT="21" WC="0.93" CONTENT="af"/><SP WIDTH="13" VPOS="628" HPOS="402"/>
							<String ID="string_145" HPOS="415" VPOS="629" WIDTH="154" HEIGHT="26" WC="0.91" CONTENT="prokuratorns"/><SP WIDTH="16" VPOS="629" HPOS="569"/>
							<String ID="string_146" HPOS="585" VPOS="629" WIDTH="115" HEIGHT="21" WC="0.96" CONTENT="berättelse"/><SP WIDTH="16" VPOS="629" HPOS="700"/>
							<String ID="string_147" HPOS="716" VPOS="628" WIDTH="79" HEIGHT="27" WC="0.96" CONTENT="anfört;"/>
						</TextLine>
					</TextBlock>
					<TextBlock ID="block_2" HPOS="71" VPOS="656" WIDTH="824" HEIGHT="142">
						<TextLine ID="line_17" HPOS="140" VPOS="656" WIDTH="753" HEIGHT="27">
							<String ID="string_148" HPOS="140" VPOS="658" WIDTH="32" HEIGHT="20" WC="0.96" CONTENT="att"/><SP WIDTH="15" VPOS="658" HPOS="172"/>
							<String ID="string_149" HPOS="187" VPOS="657" WIDTH="84" HEIGHT="21" WC="0.96" CONTENT="ståndet"/><SP WIDTH="15" VPOS="657" HPOS="271"/>
							<String ID="string_150" HPOS="286" VPOS="657" WIDTH="95" HEIGHT="26" WC="0.93" CONTENT="godkänt"/><SP WIDTH="21" VPOS="657" HPOS="381"/>
							<String ID="string_151" HPOS="402" VPOS="657" WIDTH="216" HEIGHT="21" WC="0.92" CONTENT="ekonomiutskottets"/><SP WIDTH="19" VPOS="657" HPOS="618"/>
							<String ID="string_152" HPOS="637" VPOS="657" WIDTH="135" HEIGHT="21" WC="0.96" CONTENT="betänkande"/><SP WIDTH="18" VPOS="657" HPOS="772"/>
							<String ID="string_153" HPOS="790" VPOS="663" WIDTH="34" HEIGHT="15" WC="0.96" CONTENT="n:o"/><SP WIDTH="21" VPOS="663" HPOS="824"/>
							<String ID="string_154" HPOS="845" VPOS="656" WIDTH="26" HEIGHT="22" WC="0.79" CONTENT="15"/><SP WIDTH="15" VPOS="656" HPOS="871"/>
							<String ID="string_155" HPOS="886" VPOS="657" WIDTH="7" HEIGHT="21" WC="0.79" CONTENT="i"/>
						</TextLine>
						<TextLine ID="line_18" HPOS="71" VPOS="685" WIDTH="823" HEIGHT="27">
							<String ID="string_156" HPOS="71" VPOS="686" WIDTH="114" HEIGHT="25" WC="0.96" CONTENT="anledning"/><SP WIDTH="15" VPOS="686" HPOS="185"/>
							<String ID="string_157" HPOS="200" VPOS="685" WIDTH="23" HEIGHT="21" WC="0.96" CONTENT="af"/><SP WIDTH="14" VPOS="685" HPOS="223"/>
							<String ID="string_158" HPOS="237" VPOS="687" WIDTH="34" HEIGHT="19" WC="0.96" CONTENT="tre"/><SP WIDTH="15" VPOS="687" HPOS="271"/>
							<String ID="string_159" HPOS="286" VPOS="686" WIDTH="6" HEIGHT="20" WC="0.93" CONTENT="i"/><SP WIDTH="16" VPOS="686" HPOS="292"/>
							<String ID="string_160" HPOS="308" VPOS="687" WIDTH="88" HEIGHT="25" WC="0.91" CONTENT="preste-,"/><SP WIDTH="20" VPOS="687" HPOS="396"/>
							<String ID="string_161" HPOS="416" VPOS="686" WIDTH="101" HEIGHT="26" WC="0.91" CONTENT="borgare-"/><SP WIDTH="19" VPOS="686" HPOS="517"/>
							<String ID="string_162" HPOS="536" VPOS="686" WIDTH="40" HEIGHT="20" WC="0.93" CONTENT="och"/><SP WIDTH="15" VPOS="686" HPOS="576"/>
							<String ID="string_163" HPOS="591" VPOS="685" WIDTH="162" HEIGHT="21" WC="0.88" CONTENT="bondestånden"/><SP WIDTH="14" VPOS="685" HPOS="753"/>
							<String ID="string_164" HPOS="767" VPOS="685" WIDTH="127" HEIGHT="21" WC="0.91" CONTENT="framstälda"/>
						</TextLine>
						<TextLine ID="line_19" HPOS="71" VPOS="713" WIDTH="821" HEIGHT="28">
							<String ID="string_165" HPOS="71" VPOS="713" WIDTH="183" HEIGHT="27" WC="0.92" CONTENT="petitionsförslag"/><SP WIDTH="15" VPOS="713" HPOS="254"/>
							<String ID="string_166" HPOS="269" VPOS="720" WIDTH="34" HEIGHT="14" WC="0.96" CONTENT="om"/><SP WIDTH="16" VPOS="720" HPOS="303"/>
							<String ID="string_167" HPOS="319" VPOS="714" WIDTH="91" HEIGHT="26" WC="0.96" CONTENT="ändring"/><SP WIDTH="16" VPOS="714" HPOS="410"/>
							<String ID="string_168" HPOS="426" VPOS="714" WIDTH="22" HEIGHT="21" WC="0.96" CONTENT="af"/><SP WIDTH="15" VPOS="714" HPOS="448"/>
							<String ID="string_169" HPOS="463" VPOS="714" WIDTH="11" HEIGHT="27" WC="0.81" CONTENT="$"/><SP WIDTH="16" VPOS="714" HPOS="474"/>
							<String ID="string_170" HPOS="490" VPOS="714" WIDTH="26" HEIGHT="22" WC="0.96" CONTENT="51"/><SP WIDTH="18" VPOS="714" HPOS="516"/>
							<String ID="string_171" HPOS="534" VPOS="714" WIDTH="6" HEIGHT="21" WC="0.96" CONTENT="i"/><SP WIDTH="16" VPOS="714" HPOS="540"/>
							<String ID="string_172" HPOS="556" VPOS="714" WIDTH="154" HEIGHT="26" WC="0.96" CONTENT="förordningen"/><SP WIDTH="14" VPOS="714" HPOS="710"/>
							<String ID="string_173" HPOS="724" VPOS="714" WIDTH="23" HEIGHT="20" WC="0.96" CONTENT="af"/><SP WIDTH="14" VPOS="714" HPOS="747"/>
							<String ID="string_174" HPOS="761" VPOS="714" WIDTH="40" HEIGHT="21" WC="0.96" CONTENT="den"/><SP WIDTH="17" VPOS="714" HPOS="801"/>
							<String ID="string_175" HPOS="818" VPOS="714" WIDTH="27" HEIGHT="21" WC="0.96" CONTENT="16"/><SP WIDTH="8" VPOS="714" HPOS="845"/>
							<String ID="string_176" HPOS="853" VPOS="714" WIDTH="39" HEIGHT="26" WC="0.96" CONTENT="juli"/>
						</TextLine>
						<TextLine ID="line_20" HPOS="74" VPOS="742" WIDTH="821" HEIGHT="27">
							<String ID="string_177" HPOS="74" VPOS="742" WIDTH="61" HEIGHT="27" WC="0.93" CONTENT="1886,"/><SP WIDTH="17" VPOS="742" HPOS="135"/>
							<String ID="string_178" HPOS="152" VPOS="742" WIDTH="110" HEIGHT="27" WC="0.92" CONTENT="angäende"/><SP WIDTH="15" VPOS="742" HPOS="262"/>
							<String ID="string_179" HPOS="277" VPOS="742" WIDTH="95" HEIGHT="22" WC="0.93" CONTENT="vilkoren"/><SP WIDTH="16" VPOS="742" HPOS="372"/>
							<String ID="string_180" HPOS="388" VPOS="742" WIDTH="34" HEIGHT="22" WC="0.96" CONTENT="för"/><SP WIDTH="15" VPOS="742" HPOS="422"/>
							<String ID="string_181" HPOS="437" VPOS="742" WIDTH="133" HEIGHT="27" WC="0.93" CONTENT="försäljning,"/><SP WIDTH="19" VPOS="742" HPOS="570"/>
							<String ID="string_182" HPOS="589" VPOS="742" WIDTH="91" HEIGHT="27" WC="0.93" CONTENT="forsling"/><SP WIDTH="19" VPOS="742" HPOS="680"/>
							<String ID="string_183" HPOS="699" VPOS="744" WIDTH="55" HEIGHT="19" WC="0.93" CONTENT="samt"/><SP WIDTH="17" VPOS="744" HPOS="754"/>
							<String ID="string_184" HPOS="771" VPOS="742" WIDTH="79" HEIGHT="27" WC="0.93" CONTENT="upplag"/><SP WIDTH="23" VPOS="742" HPOS="850"/>
							<String ID="string_185" HPOS="873" VPOS="742" WIDTH="22" HEIGHT="21" WC="0.97" CONTENT="af"/>
						</TextLine>
						<TextLine ID="line_21" HPOS="71" VPOS="771" WIDTH="716" HEIGHT="27">
							<String ID="string_186" HPOS="71" VPOS="771" WIDTH="89" HEIGHT="21" WC="0.96" CONTENT="bränvin"/><SP WIDTH="16" VPOS="771" HPOS="160"/>
							<String ID="string_187" HPOS="176" VPOS="771" WIDTH="39" HEIGHT="21" WC="0.96" CONTENT="och"/><SP WIDTH="16" VPOS="771" HPOS="215"/>
							<String ID="string_188" HPOS="231" VPOS="771" WIDTH="66" HEIGHT="21" WC="0.93" CONTENT="andra"/><SP WIDTH="16" VPOS="771" HPOS="297"/>
							<String ID="string_189" HPOS="313" VPOS="771" WIDTH="81" HEIGHT="21" WC="0.96" CONTENT="brända"/><SP WIDTH="16" VPOS="771" HPOS="394"/>
							<String ID="string_190" HPOS="410" VPOS="771" WIDTH="52" HEIGHT="21" WC="0.93" CONTENT="eller"/><SP WIDTH="16" VPOS="771" HPOS="462"/>
							<String ID="string_191" HPOS="478" VPOS="771" WIDTH="138" HEIGHT="21" WC="0.91" CONTENT="destillerade"/><SP WIDTH="16" VPOS="771" HPOS="616"/>
							<String ID="string_192" HPOS="632" VPOS="771" WIDTH="155" HEIGHT="27" WC="0.96" CONTENT="spritdrycker;"/>
						</TextLine>
					</TextBlock>
					<TextBlock ID="block_3" HPOS="70" VPOS="799" WIDTH="824" HEIGHT="135">
						<TextLine ID="line_22" HPOS="139" VPOS="799" WIDTH="755" HEIGHT="27">
							<String ID="string_193" HPOS="139" VPOS="801" WIDTH="33" HEIGHT="19" WC="0.93" CONTENT="att"/><SP WIDTH="18" VPOS="801" HPOS="172"/>
							<String ID="string_194" HPOS="190" VPOS="799" WIDTH="86" HEIGHT="22" WC="0.91" CONTENT="ständet"/><SP WIDTH="18" VPOS="799" HPOS="276"/>
							<String ID="string_195" HPOS="294" VPOS="799" WIDTH="96" HEIGHT="27" WC="0.92" CONTENT="godkänt"/><SP WIDTH="19" VPOS="799" HPOS="390"/>
							<String ID="string_196" HPOS="409" VPOS="800" WIDTH="108" HEIGHT="21" WC="0.93" CONTENT="allmänna"/><SP WIDTH="19" VPOS="800" HPOS="517"/>
							<String ID="string_197" HPOS="536" VPOS="799" WIDTH="205" HEIGHT="22" WC="0.92" CONTENT="besvärsutskottets"/><SP WIDTH="20" VPOS="799" HPOS="741"/>
							<String ID="string_198" HPOS="761" VPOS="799" WIDTH="82" HEIGHT="26" WC="0.96" CONTENT="förslag"/><SP WIDTH="18" VPOS="799" HPOS="843"/>
							<String ID="string_199" HPOS="861" VPOS="799" WIDTH="33" HEIGHT="21" WC="0.94" CONTENT="till"/>
						</TextLine>
						<TextLine ID="line_23" HPOS="72" VPOS="827" WIDTH="822" HEIGHT="28">
							<String ID="string_200" HPOS="72" VPOS="827" WIDTH="206" HEIGHT="27" WC="0.91" CONTENT="sammanjemkning"/><SP WIDTH="15" VPOS="827" HPOS="278"/>
							<String ID="string_201" HPOS="293" VPOS="827" WIDTH="23" HEIGHT="22" WC="0.93" CONTENT="af"/><SP WIDTH="14" VPOS="827" HPOS="316"/>
							<String ID="string_202" HPOS="330" VPOS="828" WIDTH="101" HEIGHT="21" WC="0.92" CONTENT="ständens"/><SP WIDTH="16" VPOS="828" HPOS="431"/>
							<String ID="string_203" HPOS="447" VPOS="828" WIDTH="125" HEIGHT="27" WC="0.93" CONTENT="skiljaktiga"/><SP WIDTH="14" VPOS="828" HPOS="572"/>
							<String ID="string_204" HPOS="586" VPOS="828" WIDTH="72" HEIGHT="21" WC="0.92" CONTENT="beslut"/><SP WIDTH="10" VPOS="828" HPOS="658"/>
							<String ID="string_205" HPOS="668" VPOS="828" WIDTH="7" HEIGHT="21" WC="0.92" CONTENT="i"/><SP WIDTH="11" VPOS="828" HPOS="675"/>
							<String ID="string_206" HPOS="686" VPOS="827" WIDTH="61" HEIGHT="27" WC="0.92" CONTENT="fräga"/><SP WIDTH="15" VPOS="827" HPOS="747"/>
							<String ID="string_207" HPOS="762" VPOS="833" WIDTH="33" HEIGHT="15" WC="0.93" CONTENT="om"/><SP WIDTH="16" VPOS="833" HPOS="795"/>
							<String ID="string_208" HPOS="811" VPOS="827" WIDTH="83" HEIGHT="21" WC="0.92" CONTENT="utskot-"/>
						</TextLine>
						<TextLine ID="line_24" HPOS="70" VPOS="855" WIDTH="824" HEIGHT="28">
							<String ID="string_209" HPOS="70" VPOS="857" WIDTH="43" HEIGHT="20" WC="0.92" CONTENT="tets"/><SP WIDTH="11" VPOS="857" HPOS="113"/>
							<String ID="string_210" HPOS="124" VPOS="856" WIDTH="134" HEIGHT="21" WC="0.92" CONTENT="betänkande"/><SP WIDTH="11" VPOS="856" HPOS="258"/>
							<String ID="string_211" HPOS="269" VPOS="862" WIDTH="34" HEIGHT="15" WC="0.96" CONTENT="n:o"/><SP WIDTH="16" VPOS="862" HPOS="303"/>
							<String ID="string_212" HPOS="319" VPOS="857" WIDTH="33" HEIGHT="25" WC="0.93" CONTENT="19,"/><SP WIDTH="16" VPOS="857" HPOS="352"/>
							<String ID="string_213" HPOS="368" VPOS="856" WIDTH="111" HEIGHT="27" WC="0.92" CONTENT="angäende"/><SP WIDTH="16" VPOS="856" HPOS="479"/>
							<String ID="string_214" HPOS="495" VPOS="857" WIDTH="106" HEIGHT="20" WC="0.93" CONTENT="särskilda"/><SP WIDTH="15" VPOS="857" HPOS="601"/>
							<String ID="string_215" HPOS="616" VPOS="856" WIDTH="182" HEIGHT="27" WC="0.92" CONTENT="petitionsförslag"/><SP WIDTH="16" VPOS="856" HPOS="798"/>
							<String ID="string_216" HPOS="814" VPOS="862" WIDTH="34" HEIGHT="15" WC="0.93" CONTENT="om"/><SP WIDTH="15" VPOS="862" HPOS="848"/>
							<String ID="string_217" HPOS="863" VPOS="855" WIDTH="31" HEIGHT="22" WC="0.92" CONTENT="af-"/>
						</TextLine>
						<TextLine ID="line_25" HPOS="73" VPOS="883" WIDTH="821" HEIGHT="29">
							<String ID="string_218" HPOS="73" VPOS="884" WIDTH="109" HEIGHT="21" WC="0.88" CONTENT="skaffande"/><SP WIDTH="16" VPOS="884" HPOS="182"/>
							<String ID="string_219" HPOS="198" VPOS="884" WIDTH="23" HEIGHT="21" WC="0.93" CONTENT="af"/><SP WIDTH="12" VPOS="884" HPOS="221"/>
							<String ID="string_220" HPOS="233" VPOS="884" WIDTH="178" HEIGHT="27" WC="0.91" CONTENT="postförvaltares"/><SP WIDTH="15" VPOS="884" HPOS="411"/>
							<String ID="string_221" HPOS="426" VPOS="885" WIDTH="80" HEIGHT="21" WC="0.92" CONTENT="arvode"/><SP WIDTH="16" VPOS="885" HPOS="506"/>
							<String ID="string_222" HPOS="522" VPOS="885" WIDTH="33" HEIGHT="21" WC="0.93" CONTENT="för"/><SP WIDTH="14" VPOS="885" HPOS="555"/>
							<String ID="string_223" HPOS="569" VPOS="884" WIDTH="278" HEIGHT="28" WC="0.90" CONTENT="tidningsprenumeration;"/><SP WIDTH="16" VPOS="884" HPOS="847"/>
							<String ID="string_224" HPOS="863" VPOS="883" WIDTH="31" HEIGHT="22" WC="0.93" CONTENT="äf-"/>
						</TextLine>
						<TextLine ID="line_26" HPOS="70" VPOS="919" WIDTH="87" HEIGHT="15">
							<String ID="string_225" HPOS="70" VPOS="919" WIDTH="87" HEIGHT="15" WC="0.91" CONTENT="vensom"/>
						</TextLine>
					</TextBlock>
					<TextBlock ID="block_4" HPOS="139" VPOS="941" WIDTH="442" HEIGHT="27">
						<TextLine ID="line_27" HPOS="139" VPOS="941" WIDTH="442" HEIGHT="27">
							<String ID="string_226" HPOS="139" VPOS="942" WIDTH="34" HEIGHT="21" WC="0.63" CONTENT="3:o"/><SP WIDTH="16" VPOS="942" HPOS="173"/>
							<String ID="string_227" HPOS="189" VPOS="941" WIDTH="47" HEIGHT="21" WC="0.96" CONTENT="från"/><SP WIDTH="16" VPOS="941" HPOS="236"/>
							<String ID="string_228" HPOS="252" VPOS="941" WIDTH="162" HEIGHT="27" WC="0.96" CONTENT="bondeståndet,"/><SP WIDTH="17" VPOS="941" HPOS="414"/>
							<String ID="string_229" HPOS="431" VPOS="941" WIDTH="150" HEIGHT="22" WC="0.95" CONTENT="meddelande:"/>
						</TextLine>
					</TextBlock>
					<TextBlock ID="block_5" HPOS="71" VPOS="969" WIDTH="824" HEIGHT="596">
						<TextLine ID="line_28" HPOS="141" VPOS="969" WIDTH="752" HEIGHT="28">
							<String ID="string_230" HPOS="141" VPOS="971" WIDTH="32" HEIGHT="19" WC="0.96" CONTENT="att"/><SP WIDTH="22" VPOS="971" HPOS="173"/>
							<String ID="string_231" HPOS="195" VPOS="970" WIDTH="85" HEIGHT="21" WC="0.96" CONTENT="ståndet"/><SP WIDTH="21" VPOS="970" HPOS="280"/>
							<String ID="string_232" HPOS="301" VPOS="970" WIDTH="35" HEIGHT="21" WC="0.96" CONTENT="vid"/><SP WIDTH="23" VPOS="970" HPOS="336"/>
							<String ID="string_233" HPOS="359" VPOS="970" WIDTH="159" HEIGHT="27" WC="0.96" CONTENT="behandlingen"/><SP WIDTH="19" VPOS="970" HPOS="518"/>
							<String ID="string_234" HPOS="537" VPOS="970" WIDTH="22" HEIGHT="21" WC="0.93" CONTENT="af"/><SP WIDTH="17" VPOS="970" HPOS="559"/>
							<String ID="string_235" HPOS="576" VPOS="969" WIDTH="225" HEIGHT="28" WC="0.91" CONTENT="strafflagsutskottets"/><SP WIDTH="20" VPOS="969" HPOS="801"/>
							<String ID="string_236" HPOS="821" VPOS="969" WIDTH="72" HEIGHT="22" WC="0.92" CONTENT="betän-"/>
						</TextLine>
						<TextLine ID="line_29" HPOS="71" VPOS="998" WIDTH="824" HEIGHT="27">
							<String ID="string_237" HPOS="71" VPOS="998" WIDTH="69" HEIGHT="21" WC="0.96" CONTENT="kande"/><SP WIDTH="15" VPOS="998" HPOS="140"/>
							<String ID="string_238" HPOS="155" VPOS="1004" WIDTH="35" HEIGHT="15" WC="0.95" CONTENT="n:o"/><SP WIDTH="18" VPOS="1004" HPOS="190"/>
							<String ID="string_239" HPOS="208" VPOS="999" WIDTH="10" HEIGHT="20" WC="0.95" CONTENT="1"/><SP WIDTH="16" VPOS="999" HPOS="218"/>
							<String ID="string_240" HPOS="234" VPOS="998" WIDTH="7" HEIGHT="21" WC="0.95" CONTENT="i"/><SP WIDTH="16" VPOS="998" HPOS="241"/>
							<String ID="string_241" HPOS="257" VPOS="999" WIDTH="113" HEIGHT="26" WC="0.95" CONTENT="anledning"/><SP WIDTH="19" VPOS="999" HPOS="370"/>
							<String ID="string_242" HPOS="389" VPOS="999" WIDTH="23" HEIGHT="20" WC="0.95" CONTENT="af"/><SP WIDTH="18" VPOS="999" HPOS="412"/>
							<String ID="string_243" HPOS="430" VPOS="999" WIDTH="78" HEIGHT="26" WC="0.96" CONTENT="nådiga"/><SP WIDTH="18" VPOS="999" HPOS="508"/>
							<String ID="string_244" HPOS="526" VPOS="999" WIDTH="159" HEIGHT="26" WC="0.96" CONTENT="propositionen"/><SP WIDTH="19" VPOS="999" HPOS="685"/>
							<String ID="string_245" HPOS="704" VPOS="1005" WIDTH="34" HEIGHT="14" WC="0.96" CONTENT="n:o"/><SP WIDTH="20" VPOS="1005" HPOS="738"/>
							<String ID="string_246" HPOS="758" VPOS="999" WIDTH="10" HEIGHT="20" WC="0.96" CONTENT="1"/><SP WIDTH="18" VPOS="999" HPOS="768"/>
							<String ID="string_247" HPOS="786" VPOS="1003" WIDTH="33" HEIGHT="16" WC="0.93" CONTENT="om"/><SP WIDTH="17" VPOS="1003" HPOS="819"/>
							<String ID="string_248" HPOS="836" VPOS="1001" WIDTH="59" HEIGHT="18" WC="0.92" CONTENT="anta-"/>
						</TextLine>
						<TextLine ID="line_30" HPOS="71" VPOS="1026" WIDTH="822" HEIGHT="27">
							<String ID="string_249" HPOS="71" VPOS="1027" WIDTH="69" HEIGHT="26" WC="0.96" CONTENT="gande"/><SP WIDTH="20" VPOS="1027" HPOS="140"/>
							<String ID="string_250" HPOS="160" VPOS="1026" WIDTH="22" HEIGHT="21" WC="0.93" CONTENT="af"/><SP WIDTH="19" VPOS="1026" HPOS="182"/>
							<String ID="string_251" HPOS="201" VPOS="1027" WIDTH="32" HEIGHT="20" WC="0.75" CONTENT="1:o"/><SP WIDTH="20" VPOS="1027" HPOS="233"/>
							<String ID="string_252" HPOS="253" VPOS="1027" WIDTH="77" HEIGHT="21" WC="0.96" CONTENT="allmän"/><SP WIDTH="21" VPOS="1027" HPOS="330"/>
							<String ID="string_253" HPOS="351" VPOS="1027" WIDTH="97" HEIGHT="26" WC="0.96" CONTENT="strafflag"/><SP WIDTH="18" VPOS="1027" HPOS="448"/>
							<String ID="string_254" HPOS="466" VPOS="1027" WIDTH="34" HEIGHT="21" WC="0.93" CONTENT="för"/><SP WIDTH="19" VPOS="1027" HPOS="500"/>
							<String ID="string_255" HPOS="519" VPOS="1027" WIDTH="203" HEIGHT="21" WC="0.92" CONTENT="storfurstendömet"/><SP WIDTH="17" VPOS="1027" HPOS="722"/>
							<String ID="string_256" HPOS="739" VPOS="1026" WIDTH="97" HEIGHT="26" WC="0.93" CONTENT="Finland,"/><SP WIDTH="23" VPOS="1026" HPOS="836"/>
							<String ID="string_257" HPOS="859" VPOS="1027" WIDTH="34" HEIGHT="21" WC="0.70" CONTENT="2:o"/>
						</TextLine>
						<TextLine ID="line_31" HPOS="72" VPOS="1055" WIDTH="823" HEIGHT="27">
							<String ID="string_258" HPOS="72" VPOS="1055" WIDTH="124" HEIGHT="26" WC="0.96" CONTENT="förordning"/><SP WIDTH="16" VPOS="1055" HPOS="196"/>
							<String ID="string_259" HPOS="212" VPOS="1061" WIDTH="33" HEIGHT="15" WC="0.93" CONTENT="om"/><SP WIDTH="16" VPOS="1061" HPOS="245"/>
							<String ID="string_260" HPOS="261" VPOS="1055" WIDTH="163" HEIGHT="27" WC="0.96" CONTENT="verkställighet"/><SP WIDTH="15" VPOS="1055" HPOS="424"/>
							<String ID="string_261" HPOS="439" VPOS="1055" WIDTH="23" HEIGHT="22" WC="0.97" CONTENT="af"/><SP WIDTH="14" VPOS="1055" HPOS="462"/>
							<String ID="string_262" HPOS="476" VPOS="1055" WIDTH="67" HEIGHT="26" WC="0.96" CONTENT="straff,"/><SP WIDTH="16" VPOS="1055" HPOS="543"/>
							<String ID="string_263" HPOS="559" VPOS="1057" WIDTH="55" HEIGHT="19" WC="0.93" CONTENT="samt"/><SP WIDTH="11" VPOS="1057" HPOS="614"/>
							<String ID="string_264" HPOS="625" VPOS="1056" WIDTH="34" HEIGHT="21" WC="0.83" CONTENT="3:o"/><SP WIDTH="16" VPOS="1056" HPOS="659"/>
							<String ID="string_265" HPOS="675" VPOS="1055" WIDTH="123" HEIGHT="26" WC="0.96" CONTENT="förordning"/><SP WIDTH="15" VPOS="1055" HPOS="798"/>
							<String ID="string_266" HPOS="813" VPOS="1060" WIDTH="34" HEIGHT="15" WC="0.93" CONTENT="om"/><SP WIDTH="16" VPOS="1060" HPOS="847"/>
							<String ID="string_267" HPOS="863" VPOS="1055" WIDTH="32" HEIGHT="21" WC="0.91" CONTENT="in-"/>
						</TextLine>
						<TextLine ID="line_32" HPOS="72" VPOS="1083" WIDTH="823" HEIGHT="27">
							<String ID="string_268" HPOS="72" VPOS="1083" WIDTH="88" HEIGHT="21" WC="0.92" CONTENT="förande"/><SP WIDTH="16" VPOS="1083" HPOS="160"/>
							<String ID="string_269" HPOS="176" VPOS="1083" WIDTH="22" HEIGHT="21" WC="0.96" CONTENT="af"/><SP WIDTH="15" VPOS="1083" HPOS="198"/>
							<String ID="string_270" HPOS="213" VPOS="1083" WIDTH="124" HEIGHT="27" WC="0.96" CONTENT="strafflagen"/><SP WIDTH="18" VPOS="1083" HPOS="337"/>
							<String ID="string_271" HPOS="355" VPOS="1084" WIDTH="39" HEIGHT="21" WC="0.93" CONTENT="och"/><SP WIDTH="14" VPOS="1084" HPOS="394"/>
							<String ID="string_272" HPOS="408" VPOS="1084" WIDTH="57" HEIGHT="21" WC="0.92" CONTENT="hvad"/><SP WIDTH="15" VPOS="1084" HPOS="465"/>
							<String ID="string_273" HPOS="480" VPOS="1084" WIDTH="7" HEIGHT="21" WC="0.93" CONTENT="i"/><SP WIDTH="17" VPOS="1084" HPOS="487"/>
							<String ID="string_274" HPOS="504" VPOS="1083" WIDTH="99" HEIGHT="22" WC="0.92" CONTENT="afseende"/><SP WIDTH="17" VPOS="1083" HPOS="603"/>
							<String ID="string_275" HPOS="620" VPOS="1084" WIDTH="52" HEIGHT="21" WC="0.91" CONTENT="derä"/><SP WIDTH="15" VPOS="1084" HPOS="672"/>
							<String ID="string_276" HPOS="687" VPOS="1083" WIDTH="55" HEIGHT="22" WC="0.93" CONTENT="skall"/><SP WIDTH="15" VPOS="1083" HPOS="742"/>
							<String ID="string_277" HPOS="757" VPOS="1083" WIDTH="114" HEIGHT="27" WC="0.91" CONTENT="iakttagas,"/><SP WIDTH="16" VPOS="1083" HPOS="871"/>
							<String ID="string_278" HPOS="887" VPOS="1084" WIDTH="8" HEIGHT="21" WC="0.96" CONTENT="i"/>
						</TextLine>
						<TextLine ID="line_33" HPOS="71" VPOS="1111" WIDTH="823" HEIGHT="28">
							<String ID="string_279" HPOS="71" VPOS="1111" WIDTH="66" HEIGHT="26" WC="0.96" CONTENT="öfrigt"/><SP WIDTH="14" VPOS="1111" HPOS="137"/>
							<String ID="string_280" HPOS="151" VPOS="1111" WIDTH="95" HEIGHT="27" WC="0.96" CONTENT="godkänt"/><SP WIDTH="14" VPOS="1111" HPOS="246"/>
							<String ID="string_281" HPOS="260" VPOS="1111" WIDTH="104" HEIGHT="28" WC="0.96" CONTENT="förslaget"/><SP WIDTH="18" VPOS="1111" HPOS="364"/>
							<String ID="string_282" HPOS="382" VPOS="1112" WIDTH="34" HEIGHT="21" WC="0.96" CONTENT="till"/><SP WIDTH="19" VPOS="1112" HPOS="416"/>
							<String ID="string_283" HPOS="435" VPOS="1113" WIDTH="79" HEIGHT="20" WC="0.93" CONTENT="allmän"/><SP WIDTH="20" VPOS="1113" HPOS="514"/>
							<String ID="string_284" HPOS="534" VPOS="1112" WIDTH="102" HEIGHT="27" WC="0.95" CONTENT="strafflag,"/><SP WIDTH="20" VPOS="1112" HPOS="636"/>
							<String ID="string_285" HPOS="656" VPOS="1114" WIDTH="58" HEIGHT="19" WC="0.96" CONTENT="utom"/><SP WIDTH="19" VPOS="1114" HPOS="714"/>
							<String ID="string_286" HPOS="733" VPOS="1114" WIDTH="32" HEIGHT="19" WC="0.96" CONTENT="att"/><SP WIDTH="18" VPOS="1114" HPOS="765"/>
							<String ID="string_287" HPOS="783" VPOS="1111" WIDTH="13" HEIGHT="22" WC="0.92" CONTENT="9"/><SP WIDTH="20" VPOS="1111" HPOS="796"/>
							<String ID="string_288" HPOS="816" VPOS="1111" WIDTH="11" HEIGHT="27" WC="0.91" CONTENT="$"/><SP WIDTH="16" VPOS="1111" HPOS="827"/>
							<String ID="string_289" HPOS="843" VPOS="1111" WIDTH="7" HEIGHT="21" WC="0.91" CONTENT="i"/><SP WIDTH="18" VPOS="1111" HPOS="850"/>
							<String ID="string_290" HPOS="868" VPOS="1113" WIDTH="26" HEIGHT="20" WC="0.92" CONTENT="16"/>
						</TextLine>
						<TextLine ID="line_34" HPOS="71" VPOS="1139" WIDTH="824" HEIGHT="28">
							<String ID="string_291" HPOS="71" VPOS="1139" WIDTH="91" HEIGHT="27" WC="0.93" CONTENT="kapitlet"/><SP WIDTH="15" VPOS="1139" HPOS="162"/>
							<String ID="string_292" HPOS="177" VPOS="1140" WIDTH="116" HEIGHT="21" WC="0.91" CONTENT="förkastats"/><SP WIDTH="16" VPOS="1140" HPOS="293"/>
							<String ID="string_293" HPOS="309" VPOS="1141" WIDTH="38" HEIGHT="20" WC="0.96" CONTENT="och"/><SP WIDTH="15" VPOS="1141" HPOS="347"/>
							<String ID="string_294" HPOS="362" VPOS="1141" WIDTH="6" HEIGHT="20" WC="0.93" CONTENT="i"/><SP WIDTH="17" VPOS="1141" HPOS="368"/>
							<String ID="string_295" HPOS="385" VPOS="1141" WIDTH="74" HEIGHT="20" WC="0.93" CONTENT="stället"/><SP WIDTH="15" VPOS="1141" HPOS="459"/>
							<String ID="string_296" HPOS="474" VPOS="1141" WIDTH="93" HEIGHT="26" WC="0.93" CONTENT="antagits"/><SP WIDTH="16" VPOS="1141" HPOS="567"/>
							<String ID="string_297" HPOS="583" VPOS="1141" WIDTH="37" HEIGHT="20" WC="0.96" CONTENT="det"/><SP WIDTH="18" VPOS="1141" HPOS="620"/>
							<String ID="string_298" HPOS="638" VPOS="1140" WIDTH="82" HEIGHT="27" WC="0.96" CONTENT="förslag"/><SP WIDTH="17" VPOS="1140" HPOS="720"/>
							<String ID="string_299" HPOS="737" VPOS="1141" WIDTH="7" HEIGHT="20" WC="0.93" CONTENT="i"/><SP WIDTH="20" VPOS="1141" HPOS="744"/>
							<String ID="string_300" HPOS="764" VPOS="1139" WIDTH="103" HEIGHT="22" WC="0.92" CONTENT="afseende"/><SP WIDTH="14" VPOS="1139" HPOS="867"/>
							<String ID="string_301" HPOS="881" VPOS="1141" WIDTH="14" HEIGHT="20" WC="0.92" CONTENT="&amp;"/>
						</TextLine>
						<TextLine ID="line_35" HPOS="72" VPOS="1168" WIDTH="822" HEIGHT="27">
							<String ID="string_302" HPOS="72" VPOS="1169" WIDTH="69" HEIGHT="20" WC="0.93" CONTENT="denna"/><SP WIDTH="14" VPOS="1169" HPOS="141"/>
							<String ID="string_303" HPOS="155" VPOS="1169" WIDTH="107" HEIGHT="26" WC="0.96" CONTENT="paragraf,"/><SP WIDTH="16" VPOS="1169" HPOS="262"/>
							<String ID="string_304" HPOS="278" VPOS="1175" WIDTH="45" HEIGHT="14" WC="0.93" CONTENT="som"/><SP WIDTH="16" VPOS="1175" HPOS="323"/>
							<String ID="string_305" HPOS="339" VPOS="1169" WIDTH="61" HEIGHT="26" WC="0.96" CONTENT="ingår"/><SP WIDTH="15" VPOS="1169" HPOS="400"/>
							<String ID="string_306" HPOS="415" VPOS="1169" WIDTH="7" HEIGHT="20" WC="0.93" CONTENT="i"/><SP WIDTH="16" VPOS="1169" HPOS="422"/>
							<String ID="string_307" HPOS="438" VPOS="1169" WIDTH="208" HEIGHT="26" WC="0.91" CONTENT="landtdagsmannen"/><SP WIDTH="16" VPOS="1169" HPOS="646"/>
							<String ID="string_308" HPOS="662" VPOS="1169" WIDTH="100" HEIGHT="21" WC="0.86" CONTENT="Castrens"/><SP WIDTH="17" VPOS="1169" HPOS="762"/>
							<String ID="string_309" HPOS="779" VPOS="1168" WIDTH="115" HEIGHT="22" WC="0.92" CONTENT="betänkan-"/>
						</TextLine>
						<TextLine ID="line_36" HPOS="72" VPOS="1197" WIDTH="823" HEIGHT="28">
							<String ID="string_310" HPOS="72" VPOS="1197" WIDTH="36" HEIGHT="20" WC="0.93" CONTENT="det"/><SP WIDTH="15" VPOS="1197" HPOS="108"/>
							<String ID="string_311" HPOS="123" VPOS="1197" WIDTH="114" HEIGHT="26" WC="0.92" CONTENT="vidfogade"/><SP WIDTH="16" VPOS="1197" HPOS="237"/>
							<String ID="string_312" HPOS="253" VPOS="1197" WIDTH="141" HEIGHT="27" WC="0.96" CONTENT="reservation;"/><SP WIDTH="20" VPOS="1197" HPOS="394"/>
							<String ID="string_313" HPOS="414" VPOS="1199" WIDTH="32" HEIGHT="19" WC="0.96" CONTENT="att"/><SP WIDTH="21" VPOS="1199" HPOS="446"/>
							<String ID="string_314" HPOS="467" VPOS="1198" WIDTH="7" HEIGHT="21" WC="0.96" CONTENT="6"/><SP WIDTH="16" VPOS="1198" HPOS="474"/>
							<String ID="string_315" HPOS="490" VPOS="1197" WIDTH="40" HEIGHT="22" WC="0.96" CONTENT="och"/><SP WIDTH="16" VPOS="1197" HPOS="530"/>
							<String ID="string_316" HPOS="546" VPOS="1198" WIDTH="12" HEIGHT="21" WC="0.93" CONTENT="7"/><SP WIDTH="17" VPOS="1198" HPOS="558"/>
							<String ID="string_317" HPOS="575" VPOS="1197" WIDTH="24" HEIGHT="28" WC="0.78" CONTENT="$$"/><SP WIDTH="16" VPOS="1197" HPOS="599"/>
							<String ID="string_318" HPOS="615" VPOS="1197" WIDTH="7" HEIGHT="21" WC="0.96" CONTENT="i"/><SP WIDTH="14" VPOS="1197" HPOS="622"/>
							<String ID="string_319" HPOS="636" VPOS="1198" WIDTH="27" HEIGHT="21" WC="0.93" CONTENT="41"/><SP WIDTH="21" VPOS="1198" HPOS="663"/>
							<String ID="string_320" HPOS="684" VPOS="1197" WIDTH="91" HEIGHT="27" WC="0.96" CONTENT="kapitlet"/><SP WIDTH="14" VPOS="1197" HPOS="775"/>
							<String ID="string_321" HPOS="789" VPOS="1197" WIDTH="106" HEIGHT="22" WC="0.96" CONTENT="likaledes"/>
						</TextLine>
						<TextLine ID="line_37" HPOS="71" VPOS="1225" WIDTH="823" HEIGHT="28">
							<String ID="string_322" HPOS="71" VPOS="1225" WIDTH="117" HEIGHT="21" WC="0.92" CONTENT="förkastats"/><SP WIDTH="21" VPOS="1225" HPOS="188"/>
							<String ID="string_323" HPOS="209" VPOS="1225" WIDTH="38" HEIGHT="21" WC="0.95" CONTENT="och"/><SP WIDTH="20" VPOS="1225" HPOS="247"/>
							<String ID="string_324" HPOS="267" VPOS="1225" WIDTH="7" HEIGHT="21" WC="0.93" CONTENT="i"/><SP WIDTH="15" VPOS="1225" HPOS="274"/>
							<String ID="string_325" HPOS="289" VPOS="1226" WIDTH="73" HEIGHT="21" WC="0.90" CONTENT="stället"/><SP WIDTH="15" VPOS="1226" HPOS="362"/>
							<String ID="string_326" HPOS="377" VPOS="1225" WIDTH="87" HEIGHT="22" WC="0.92" CONTENT="erhällit"/><SP WIDTH="15" VPOS="1225" HPOS="464"/>
							<String ID="string_327" HPOS="479" VPOS="1226" WIDTH="41" HEIGHT="21" WC="0.93" CONTENT="den"/><SP WIDTH="16" VPOS="1226" HPOS="520"/>
							<String ID="string_328" HPOS="536" VPOS="1226" WIDTH="88" HEIGHT="27" WC="0.92" CONTENT="lydelse,"/><SP WIDTH="16" VPOS="1226" HPOS="624"/>
							<String ID="string_329" HPOS="640" VPOS="1232" WIDTH="46" HEIGHT="15" WC="0.93" CONTENT="som"/><SP WIDTH="16" VPOS="1232" HPOS="686"/>
							<String ID="string_330" HPOS="702" VPOS="1225" WIDTH="122" HEIGHT="27" WC="0.92" CONTENT="föreslagits"/><SP WIDTH="11" VPOS="1225" HPOS="824"/>
							<String ID="string_331" HPOS="835" VPOS="1225" WIDTH="7" HEIGHT="21" WC="0.96" CONTENT="i"/><SP WIDTH="12" VPOS="1225" HPOS="842"/>
							<String ID="string_332" HPOS="854" VPOS="1225" WIDTH="40" HEIGHT="22" WC="0.96" CONTENT="den"/>
						</TextLine>
						<TextLine ID="line_38" HPOS="73" VPOS="1253" WIDTH="822" HEIGHT="28">
							<String ID="string_333" HPOS="73" VPOS="1253" WIDTH="33" HEIGHT="21" WC="0.93" CONTENT="till"/><SP WIDTH="17" VPOS="1253" HPOS="106"/>
							<String ID="string_334" HPOS="123" VPOS="1253" WIDTH="144" HEIGHT="22" WC="0.92" CONTENT="betänkandet"/><SP WIDTH="15" VPOS="1253" HPOS="267"/>
							<String ID="string_335" HPOS="282" VPOS="1253" WIDTH="77" HEIGHT="27" WC="0.92" CONTENT="fogade"/><SP WIDTH="16" VPOS="1253" HPOS="359"/>
							<String ID="string_336" HPOS="375" VPOS="1254" WIDTH="64" HEIGHT="27" WC="0.92" CONTENT="sjette"/><SP WIDTH="16" VPOS="1254" HPOS="439"/>
							<String ID="string_337" HPOS="455" VPOS="1255" WIDTH="170" HEIGHT="25" WC="0.92" CONTENT="reservationen;"/><SP WIDTH="19" VPOS="1255" HPOS="625"/>
							<String ID="string_338" HPOS="644" VPOS="1256" WIDTH="32" HEIGHT="19" WC="0.96" CONTENT="att"/><SP WIDTH="17" VPOS="1256" HPOS="676"/>
							<String ID="string_339" HPOS="693" VPOS="1255" WIDTH="26" HEIGHT="21" WC="0.92" CONTENT="12"/><SP WIDTH="15" VPOS="1255" HPOS="719"/>
							<String ID="string_340" HPOS="734" VPOS="1254" WIDTH="11" HEIGHT="27" WC="0.87" CONTENT="$"/><SP WIDTH="15" VPOS="1254" HPOS="745"/>
							<String ID="string_341" HPOS="760" VPOS="1255" WIDTH="7" HEIGHT="20" WC="0.96" CONTENT="i"/><SP WIDTH="15" VPOS="1255" HPOS="767"/>
							<String ID="string_342" HPOS="782" VPOS="1254" WIDTH="29" HEIGHT="21" WC="0.93" CONTENT="44"/><SP WIDTH="15" VPOS="1254" HPOS="811"/>
							<String ID="string_343" HPOS="826" VPOS="1253" WIDTH="69" HEIGHT="27" WC="0.91" CONTENT="kapit-"/>
						</TextLine>
						<TextLine ID="line_39" HPOS="72" VPOS="1281" WIDTH="822" HEIGHT="23">
							<String ID="string_344" HPOS="72" VPOS="1282" WIDTH="29" HEIGHT="20" WC="0.92" CONTENT="let"/><SP WIDTH="15" VPOS="1282" HPOS="101"/>
							<String ID="string_345" HPOS="116" VPOS="1281" WIDTH="117" HEIGHT="22" WC="0.92" CONTENT="förkastats"/><SP WIDTH="15" VPOS="1281" HPOS="233"/>
							<String ID="string_346" HPOS="248" VPOS="1282" WIDTH="40" HEIGHT="21" WC="0.93" CONTENT="och"/><SP WIDTH="16" VPOS="1282" HPOS="288"/>
							<String ID="string_347" HPOS="304" VPOS="1283" WIDTH="179" HEIGHT="21" WC="0.92" CONTENT="äterremitterats"/><SP WIDTH="16" VPOS="1283" HPOS="483"/>
							<String ID="string_348" HPOS="499" VPOS="1283" WIDTH="32" HEIGHT="20" WC="0.93" CONTENT="till"/><SP WIDTH="11" VPOS="1283" HPOS="531"/>
							<String ID="string_349" HPOS="542" VPOS="1283" WIDTH="106" HEIGHT="21" WC="0.93" CONTENT="utskottet"/><SP WIDTH="14" VPOS="1283" HPOS="648"/>
							<String ID="string_350" HPOS="662" VPOS="1283" WIDTH="34" HEIGHT="21" WC="0.96" CONTENT="för"/><SP WIDTH="16" VPOS="1283" HPOS="696"/>
							<String ID="string_351" HPOS="712" VPOS="1285" WIDTH="31" HEIGHT="18" WC="0.93" CONTENT="att"/><SP WIDTH="15" VPOS="1285" HPOS="743"/>
							<String ID="string_352" HPOS="758" VPOS="1282" WIDTH="136" HEIGHT="22" WC="0.92" CONTENT="omformule-"/>
						</TextLine>
						<TextLine ID="line_40" HPOS="71" VPOS="1310" WIDTH="824" HEIGHT="28">
							<String ID="string_353" HPOS="71" VPOS="1316" WIDTH="36" HEIGHT="15" WC="0.95" CONTENT="ras"/><SP WIDTH="15" VPOS="1316" HPOS="107"/>
							<String ID="string_354" HPOS="122" VPOS="1311" WIDTH="7" HEIGHT="20" WC="0.95" CONTENT="i"/><SP WIDTH="16" VPOS="1311" HPOS="129"/>
							<String ID="string_355" HPOS="145" VPOS="1310" WIDTH="41" HEIGHT="21" WC="0.93" CONTENT="den"/><SP WIDTH="17" VPOS="1310" HPOS="186"/>
							<String ID="string_356" HPOS="203" VPOS="1310" WIDTH="99" HEIGHT="27" WC="0.92" CONTENT="rigtning,"/><SP WIDTH="16" VPOS="1310" HPOS="302"/>
							<String ID="string_357" HPOS="318" VPOS="1311" WIDTH="59" HEIGHT="20" WC="0.92" CONTENT="hvari"/><SP WIDTH="17" VPOS="1311" HPOS="377"/>
							<String ID="string_358" HPOS="394" VPOS="1317" WIDTH="28" HEIGHT="14" WC="0.96" CONTENT="nu"/><SP WIDTH="15" VPOS="1317" HPOS="422"/>
							<String ID="string_359" HPOS="437" VPOS="1311" WIDTH="101" HEIGHT="27" WC="0.93" CONTENT="gällande"/><SP WIDTH="15" VPOS="1311" HPOS="538"/>
							<String ID="string_360" HPOS="553" VPOS="1311" WIDTH="119" HEIGHT="26" WC="0.95" CONTENT="stadgande"/><SP WIDTH="15" VPOS="1311" HPOS="672"/>
							<String ID="string_361" HPOS="687" VPOS="1313" WIDTH="24" HEIGHT="19" WC="0.93" CONTENT="är"/><SP WIDTH="11" VPOS="1313" HPOS="711"/>
							<String ID="string_362" HPOS="722" VPOS="1311" WIDTH="103" HEIGHT="25" WC="0.0" CONTENT="aftattadt,"/><SP WIDTH="16" VPOS="1311" HPOS="825"/>
							<String ID="string_363" HPOS="841" VPOS="1311" WIDTH="54" HEIGHT="21" WC="0.96" CONTENT="eller"/>
						</TextLine>
						<TextLine ID="line_41" HPOS="71" VPOS="1338" WIDTH="824" HEIGHT="27">
							<String ID="string_364" HPOS="71" VPOS="1340" WIDTH="32" HEIGHT="19" WC="0.96" CONTENT="att"/><SP WIDTH="16" VPOS="1340" HPOS="103"/>
							<String ID="string_365" HPOS="119" VPOS="1338" WIDTH="26" HEIGHT="21" WC="0.96" CONTENT="de"/><SP WIDTH="17" VPOS="1338" HPOS="145"/>
							<String ID="string_366" HPOS="162" VPOS="1339" WIDTH="6" HEIGHT="20" WC="0.93" CONTENT="i"/><SP WIDTH="15" VPOS="1339" HPOS="168"/>
							<String ID="string_367" HPOS="183" VPOS="1339" WIDTH="126" HEIGHT="26" WC="0.92" CONTENT="paragrafen"/><SP WIDTH="17" VPOS="1339" HPOS="309"/>
							<String ID="string_368" HPOS="326" VPOS="1339" WIDTH="104" HEIGHT="26" WC="0.92" CONTENT="stadgade"/><SP WIDTH="16" VPOS="1339" HPOS="430"/>
							<String ID="string_369" HPOS="446" VPOS="1340" WIDTH="62" HEIGHT="21" WC="0.93" CONTENT="böter"/><SP WIDTH="15" VPOS="1340" HPOS="508"/>
							<String ID="string_370" HPOS="523" VPOS="1339" WIDTH="46" HEIGHT="22" WC="0.92" CONTENT="icke"/><SP WIDTH="16" VPOS="1339" HPOS="569"/>
							<String ID="string_371" HPOS="585" VPOS="1339" WIDTH="35" HEIGHT="21" WC="0.93" CONTENT="mä"/><SP WIDTH="14" VPOS="1339" HPOS="620"/>
							<String ID="string_372" HPOS="634" VPOS="1339" WIDTH="87" HEIGHT="22" WC="0.91" CONTENT="ädömas"/><SP WIDTH="16" VPOS="1339" HPOS="721"/>
							<String ID="string_373" HPOS="737" VPOS="1340" WIDTH="6" HEIGHT="20" WC="0.96" CONTENT="i"/><SP WIDTH="15" VPOS="1340" HPOS="743"/>
							<String ID="string_374" HPOS="758" VPOS="1345" WIDTH="69" HEIGHT="15" WC="0.93" CONTENT="annan"/><SP WIDTH="16" VPOS="1345" HPOS="827"/>
							<String ID="string_375" HPOS="843" VPOS="1338" WIDTH="52" HEIGHT="22" WC="0.90" CONTENT="hän-"/>
						</TextLine>
						<TextLine ID="line_42" HPOS="72" VPOS="1366" WIDTH="823" HEIGHT="29">
							<String ID="string_376" HPOS="72" VPOS="1366" WIDTH="66" HEIGHT="27" WC="0.92" CONTENT="delse,"/><SP WIDTH="16" VPOS="1366" HPOS="138"/>
							<String ID="string_377" HPOS="154" VPOS="1368" WIDTH="26" HEIGHT="19" WC="0.96" CONTENT="än"/><SP WIDTH="16" VPOS="1368" HPOS="180"/>
							<String ID="string_378" HPOS="196" VPOS="1367" WIDTH="27" HEIGHT="20" WC="0.96" CONTENT="dä"/><SP WIDTH="16" VPOS="1367" HPOS="223"/>
							<String ID="string_379" HPOS="239" VPOS="1367" WIDTH="46" HEIGHT="26" WC="0.96" CONTENT="den,"/><SP WIDTH="17" VPOS="1367" HPOS="285"/>
							<String ID="string_380" HPOS="302" VPOS="1373" WIDTH="44" HEIGHT="15" WC="0.93" CONTENT="som"/><SP WIDTH="16" VPOS="1373" HPOS="346"/>
							<String ID="string_381" HPOS="362" VPOS="1368" WIDTH="137" HEIGHT="21" WC="0.92" CONTENT="underhället"/><SP WIDTH="15" VPOS="1368" HPOS="499"/>
							<String ID="string_382" HPOS="514" VPOS="1368" WIDTH="23" HEIGHT="21" WC="0.96" CONTENT="af"/><SP WIDTH="17" VPOS="1368" HPOS="537"/>
							<String ID="string_383" HPOS="554" VPOS="1370" WIDTH="67" HEIGHT="25" WC="0.93" CONTENT="vägen"/><SP WIDTH="16" VPOS="1370" HPOS="621"/>
							<String ID="string_384" HPOS="637" VPOS="1368" WIDTH="89" HEIGHT="27" WC="0.92" CONTENT="äligger,"/><SP WIDTH="16" VPOS="1368" HPOS="726"/>
							<String ID="string_385" HPOS="742" VPOS="1367" WIDTH="86" HEIGHT="22" WC="0.92" CONTENT="erhällit"/><SP WIDTH="15" VPOS="1367" HPOS="828"/>
							<String ID="string_386" HPOS="843" VPOS="1366" WIDTH="52" HEIGHT="22" WC="0.93" CONTENT="kän-"/>
						</TextLine>
						<TextLine ID="line_43" HPOS="73" VPOS="1395" WIDTH="822" HEIGHT="27">
							<String ID="string_387" HPOS="73" VPOS="1395" WIDTH="76" HEIGHT="20" WC="0.92" CONTENT="nedom"/><SP WIDTH="17" VPOS="1395" HPOS="149"/>
							<String ID="string_388" HPOS="166" VPOS="1401" WIDTH="33" HEIGHT="15" WC="0.96" CONTENT="om"/><SP WIDTH="17" VPOS="1401" HPOS="199"/>
							<String ID="string_389" HPOS="216" VPOS="1395" WIDTH="39" HEIGHT="21" WC="0.93" CONTENT="den"/><SP WIDTH="16" VPOS="1395" HPOS="255"/>
							<String ID="string_390" HPOS="271" VPOS="1395" WIDTH="164" HEIGHT="27" WC="0.91" CONTENT="ifrägavarande"/><SP WIDTH="19" VPOS="1395" HPOS="435"/>
							<String ID="string_391" HPOS="454" VPOS="1396" WIDTH="81" HEIGHT="22" WC="0.92" CONTENT="bristen"/><SP WIDTH="19" VPOS="1396" HPOS="535"/>
							<String ID="string_392" HPOS="554" VPOS="1397" WIDTH="38" HEIGHT="21" WC="0.96" CONTENT="och"/><SP WIDTH="20" VPOS="1397" HPOS="592"/>
							<String ID="string_393" HPOS="612" VPOS="1397" WIDTH="36" HEIGHT="21" WC="0.93" CONTENT="det"/><SP WIDTH="16" VPOS="1397" HPOS="648"/>
							<String ID="string_394" HPOS="664" VPOS="1396" WIDTH="87" HEIGHT="22" WC="0.91" CONTENT="oaktadt"/><SP WIDTH="18" VPOS="1396" HPOS="751"/>
							<String ID="string_395" HPOS="769" VPOS="1396" WIDTH="48" HEIGHT="21" WC="0.92" CONTENT="icke"/><SP WIDTH="18" VPOS="1396" HPOS="817"/>
							<String ID="string_396" HPOS="835" VPOS="1397" WIDTH="60" HEIGHT="20" WC="0.93" CONTENT="strax"/>
						</TextLine>
						<TextLine ID="line_44" HPOS="71" VPOS="1423" WIDTH="824" HEIGHT="28">
							<String ID="string_397" HPOS="71" VPOS="1423" WIDTH="80" HEIGHT="26" WC="0.96" CONTENT="fullgör"/><SP WIDTH="19" VPOS="1423" HPOS="151"/>
							<String ID="string_398" HPOS="170" VPOS="1424" WIDTH="37" HEIGHT="20" WC="0.93" CONTENT="sitt"/><SP WIDTH="19" VPOS="1424" HPOS="207"/>
							<String ID="string_399" HPOS="226" VPOS="1424" WIDTH="123" HEIGHT="26" WC="0.91" CONTENT="äliggande;"/><SP WIDTH="23" VPOS="1424" HPOS="349"/>
							<String ID="string_400" HPOS="372" VPOS="1426" WIDTH="32" HEIGHT="19" WC="0.93" CONTENT="att"/><SP WIDTH="19" VPOS="1426" HPOS="404"/>
							<String ID="string_401" HPOS="423" VPOS="1424" WIDTH="87" HEIGHT="22" WC="0.92" CONTENT="ständet"/><SP WIDTH="18" VPOS="1424" HPOS="510"/>
							<String ID="string_402" HPOS="528" VPOS="1425" WIDTH="96" HEIGHT="21" WC="0.92" CONTENT="deremot"/><SP WIDTH="22" VPOS="1425" HPOS="624"/>
							<String ID="string_403" HPOS="646" VPOS="1427" WIDTH="52" HEIGHT="19" WC="0.93" CONTENT="utan"/><SP WIDTH="19" VPOS="1427" HPOS="698"/>
							<String ID="string_404" HPOS="717" VPOS="1425" WIDTH="68" HEIGHT="26" WC="0.93" CONTENT="nägon"/><SP WIDTH="20" VPOS="1425" HPOS="785"/>
							<String ID="string_405" HPOS="805" VPOS="1424" WIDTH="90" HEIGHT="27" WC="0.96" CONTENT="ändring"/>
						</TextLine>
						<TextLine ID="line_45" HPOS="71" VPOS="1452" WIDTH="824" HEIGHT="27">
							<String ID="string_406" HPOS="71" VPOS="1452" WIDTH="96" HEIGHT="25" WC="0.92" CONTENT="godkänt"/><SP WIDTH="15" VPOS="1452" HPOS="167"/>
							<String ID="string_407" HPOS="182" VPOS="1452" WIDTH="176" HEIGHT="27" WC="0.50" CONTENT="förordningarne"/><SP WIDTH="16" VPOS="1452" HPOS="358"/>
							<String ID="string_408" HPOS="374" VPOS="1458" WIDTH="34" HEIGHT="16" WC="0.93" CONTENT="om"/><SP WIDTH="20" VPOS="1458" HPOS="408"/>
							<String ID="string_409" HPOS="428" VPOS="1453" WIDTH="164" HEIGHT="26" WC="0.95" CONTENT="verkställighet"/><SP WIDTH="18" VPOS="1453" HPOS="592"/>
							<String ID="string_410" HPOS="610" VPOS="1453" WIDTH="24" HEIGHT="21" WC="0.96" CONTENT="af"/><SP WIDTH="17" VPOS="1453" HPOS="634"/>
							<String ID="string_411" HPOS="651" VPOS="1453" WIDTH="63" HEIGHT="21" WC="0.96" CONTENT="straff"/><SP WIDTH="15" VPOS="1453" HPOS="714"/>
							<String ID="string_412" HPOS="729" VPOS="1453" WIDTH="40" HEIGHT="21" WC="0.96" CONTENT="och"/><SP WIDTH="18" VPOS="1453" HPOS="769"/>
							<String ID="string_413" HPOS="787" VPOS="1458" WIDTH="34" HEIGHT="16" WC="0.90" CONTENT="om"/><SP WIDTH="20" VPOS="1458" HPOS="821"/>
							<String ID="string_414" HPOS="841" VPOS="1452" WIDTH="54" HEIGHT="22" WC="0.90" CONTENT="infö-"/>
						</TextLine>
						<TextLine ID="line_46" HPOS="73" VPOS="1480" WIDTH="822" HEIGHT="27">
							<String ID="string_415" HPOS="73" VPOS="1480" WIDTH="68" HEIGHT="20" WC="0.96" CONTENT="rande"/><SP WIDTH="15" VPOS="1480" HPOS="141"/>
							<String ID="string_416" HPOS="156" VPOS="1480" WIDTH="24" HEIGHT="21" WC="0.96" CONTENT="af"/><SP WIDTH="14" VPOS="1480" HPOS="180"/>
							<String ID="string_417" HPOS="194" VPOS="1481" WIDTH="39" HEIGHT="20" WC="0.96" CONTENT="den"/><SP WIDTH="17" VPOS="1481" HPOS="233"/>
							<String ID="string_418" HPOS="250" VPOS="1481" WIDTH="107" HEIGHT="21" WC="0.92" CONTENT="allmänna"/><SP WIDTH="15" VPOS="1481" HPOS="357"/>
							<String ID="string_419" HPOS="372" VPOS="1481" WIDTH="124" HEIGHT="26" WC="0.78" CONTENT="strafflagen"/><SP WIDTH="18" VPOS="1481" HPOS="496"/>
							<String ID="string_420" HPOS="514" VPOS="1481" WIDTH="38" HEIGHT="21" WC="0.92" CONTENT="och"/><SP WIDTH="15" VPOS="1481" HPOS="552"/>
							<String ID="string_421" HPOS="567" VPOS="1482" WIDTH="56" HEIGHT="20" WC="0.96" CONTENT="hvad"/><SP WIDTH="16" VPOS="1482" HPOS="623"/>
							<String ID="string_422" HPOS="639" VPOS="1482" WIDTH="6" HEIGHT="20" WC="0.93" CONTENT="i"/><SP WIDTH="16" VPOS="1482" HPOS="645"/>
							<String ID="string_423" HPOS="661" VPOS="1482" WIDTH="101" HEIGHT="20" WC="0.93" CONTENT="afseende"/><SP WIDTH="11" VPOS="1482" HPOS="762"/>
							<String ID="string_424" HPOS="773" VPOS="1480" WIDTH="52" HEIGHT="22" WC="0.93" CONTENT="derä"/><SP WIDTH="15" VPOS="1480" HPOS="825"/>
							<String ID="string_425" HPOS="840" VPOS="1480" WIDTH="55" HEIGHT="23" WC="0.96" CONTENT="skall"/>
						</TextLine>
						<TextLine ID="line_47" HPOS="71" VPOS="1508" WIDTH="824" HEIGHT="28">
							<String ID="string_426" HPOS="71" VPOS="1508" WIDTH="113" HEIGHT="26" WC="0.56" CONTENT="iakttagas,"/><SP WIDTH="20" VPOS="1508" HPOS="184"/>
							<String ID="string_427" HPOS="204" VPOS="1508" WIDTH="91" HEIGHT="22" WC="0.96" CONTENT="likasom"/><SP WIDTH="19" VPOS="1508" HPOS="295"/>
							<String ID="string_428" HPOS="314" VPOS="1509" WIDTH="65" HEIGHT="21" WC="0.96" CONTENT="också"/><SP WIDTH="19" VPOS="1509" HPOS="379"/>
							<String ID="string_429" HPOS="398" VPOS="1510" WIDTH="41" HEIGHT="20" WC="0.96" CONTENT="den"/><SP WIDTH="20" VPOS="1510" HPOS="439"/>
							<String ID="string_430" HPOS="459" VPOS="1510" WIDTH="23" HEIGHT="20" WC="0.91" CONTENT="af"/><SP WIDTH="19" VPOS="1510" HPOS="482"/>
							<String ID="string_431" HPOS="501" VPOS="1510" WIDTH="104" HEIGHT="21" WC="0.95" CONTENT="utskottet"/><SP WIDTH="16" VPOS="1510" HPOS="605"/>
							<String ID="string_432" HPOS="621" VPOS="1510" WIDTH="122" HEIGHT="26" WC="0.93" CONTENT="föreslagna"/><SP WIDTH="15" VPOS="1510" HPOS="743"/>
							<String ID="string_433" HPOS="758" VPOS="1510" WIDTH="137" HEIGHT="26" WC="0.96" CONTENT="inledningen"/>
						</TextLine>
						<TextLine ID="line_48" HPOS="71" VPOS="1536" WIDTH="824" HEIGHT="29">
							<String ID="string_434" HPOS="71" VPOS="1536" WIDTH="40" HEIGHT="20" WC="0.92" CONTENT="och"/><SP WIDTH="16" VPOS="1536" HPOS="111"/>
							<String ID="string_435" HPOS="127" VPOS="1536" WIDTH="157" HEIGHT="27" WC="0.91" CONTENT="slutklämmen,"/><SP WIDTH="13" VPOS="1536" HPOS="284"/>
							<String ID="string_436" HPOS="297" VPOS="1538" WIDTH="66" HEIGHT="26" WC="0.96" CONTENT="jemte"/><SP WIDTH="16" VPOS="1538" HPOS="363"/>
							<String ID="string_437" HPOS="379" VPOS="1538" WIDTH="37" HEIGHT="20" WC="0.96" CONTENT="det"/><SP WIDTH="15" VPOS="1538" HPOS="416"/>
							<String ID="string_438" HPOS="431" VPOS="1538" WIDTH="57" HEIGHT="21" WC="0.96" CONTENT="inom"/><SP WIDTH="20" VPOS="1538" HPOS="488"/>
							<String ID="string_439" HPOS="508" VPOS="1538" WIDTH="85" HEIGHT="21" WC="0.96" CONTENT="ståndet"/><SP WIDTH="15" VPOS="1538" HPOS="593"/>
							<String ID="string_440" HPOS="608" VPOS="1538" WIDTH="70" HEIGHT="27" WC="0.96" CONTENT="gjorts"/><SP WIDTH="15" VPOS="1538" HPOS="678"/>
							<String ID="string_441" HPOS="693" VPOS="1538" WIDTH="40" HEIGHT="21" WC="0.96" CONTENT="den"/><SP WIDTH="16" VPOS="1538" HPOS="733"/>
							<String ID="string_442" HPOS="749" VPOS="1538" WIDTH="146" HEIGHT="26" WC="0.96" CONTENT="anmärkning,"/>
						</TextLine>
					</TextBlock>
				</ComposedBlock>
				<ComposedBlock ID="cblock_2" HPOS="805" VPOS="1588" WIDTH="21" HEIGHT="19">
					<TextBlock ID="block_6" HPOS="805" VPOS="1588" WIDTH="21" HEIGHT="19">
						<TextLine ID="line_49" HPOS="805" VPOS="1588" WIDTH="21" HEIGHT="19">
							<String ID="string_443" HPOS="805" VPOS="1588" WIDTH="21" HEIGHT="19" WC="0.96" CONTENT="81"/>
						</TextLine>
					</TextBlock>
				</ComposedBlock>
			</PrintSpace>
		</Page>
	</Layout>
</alto>
