<?xml version="1.0" encoding="UTF-8"?>
<alto xmlns="http://www.loc.gov/standards/alto/ns-v3#" xmlns:xlink="http://www.w3.org/1999/xlink" xmlns:xsi="http://www.w3.org/2001/XMLSchema-instance" xsi:schemaLocation="http://www.loc.gov/standards/alto/ns-v3# http://www.loc.gov/alto/v3/alto-3-0.xsd">
	<Description>
		<MeasurementUnit>pixel</MeasurementUnit>
		<sourceImageInformation>
			<fileName>/tmp/tess_cul2wlc2_input.PNG</fileName>
		</sourceImageInformation>
		<OCRProcessing ID="OCR_0">
			<ocrProcessingStep>
				<processingSoftware>
					<softwareName>tesseract 5.3.4</softwareName>
				</processingSoftware>
			</ocrProcessingStep>
		</OCRProcessing>
	</Description>
	<Layout>
		<Page WIDTH="1084" HEIGHT="1734" PHYSICAL_IMG_NR="0" ID="page_0">
			<PrintSpace HPOS="0" VPOS="0" WIDTH="1084" HEIGHT="1734">
				<ComposedBlock ID="cblock_0" HPOS="359" VPOS="134" WIDTH="508" HEIGHT="24">
					<TextBlock ID="block_0" HPOS="359" VPOS="134" WIDTH="508" HEIGHT="24">
						<TextLine ID="line_0" HPOS="359" VPOS="134" WIDTH="508" HEIGHT="24">
							<String ID="string_0" HPOS="359" VPOS="135" WIDTH="93" HEIGHT="23" WC="0.91" CONTENT="Borgarest."/><SP WIDTH="12" VPOS="135" HPOS="452"/>
							<String ID="string_1" HPOS="464" VPOS="134" WIDTH="47" HEIGHT="20" WC="0.92" CONTENT="1888."/><SP WIDTH="23" VPOS="134" HPOS="511"/>
							<String ID="string_2" HPOS="534" VPOS="134" WIDTH="11" HEIGHT="19" WC="0.95" CONTENT="3"/><SP WIDTH="13" VPOS="134" HPOS="545"/>
							<String ID="string_3" HPOS="558" VPOS="134" WIDTH="39" HEIGHT="24" WC="0.95" CONTENT="Maj."/><SP WIDTH="236" VPOS="134" HPOS="597"/>
							<String ID="string_4" HPOS="833" VPOS="134" WIDTH="34" HEIGHT="18" WC="0.95" CONTENT="855"/>
						</TextLine>
					</TextBlock>
				</ComposedBlock>
				<ComposedBlock ID="cblock_1" HPOS="66" VPOS="203" WIDTH="826" HEIGHT="314">
					<TextBlock ID="block_1" HPOS="66" VPOS="203" WIDTH="826" HEIGHT="314">
						<TextLine ID="line_1" HPOS="66" VPOS="203" WIDTH="824" HEIGHT="28">
							<String ID="string_5" HPOS="66" VPOS="205" WIDTH="32" HEIGHT="26" WC="0.96" CONTENT="att"/><SP WIDTH="16" VPOS="205" HPOS="98"/>
							<String ID="string_6" HPOS="114" VPOS="204" WIDTH="40" HEIGHT="20" WC="0.96" CONTENT="den"/><SP WIDTH="16" VPOS="204" HPOS="154"/>
							<String ID="string_7" HPOS="170" VPOS="204" WIDTH="93" HEIGHT="20" WC="0.96" CONTENT="saknade"/><SP WIDTH="16" VPOS="204" HPOS="263"/>
							<String ID="string_8" HPOS="279" VPOS="204" WIDTH="75" HEIGHT="26" WC="0.96" CONTENT="grund."/><SP WIDTH="25" VPOS="204" HPOS="354"/>
							<String ID="string_9" HPOS="379" VPOS="204" WIDTH="41" HEIGHT="26" WC="0.96" CONTENT="Jag"/><SP WIDTH="16" VPOS="204" HPOS="420"/>
							<String ID="string_10" HPOS="436" VPOS="204" WIDTH="38" HEIGHT="20" WC="0.96" CONTENT="ber"/><SP WIDTH="15" VPOS="204" HPOS="474"/>
							<String ID="string_11" HPOS="489" VPOS="206" WIDTH="32" HEIGHT="19" WC="0.96" CONTENT="att"/><SP WIDTH="15" VPOS="206" HPOS="521"/>
							<String ID="string_12" HPOS="536" VPOS="204" WIDTH="7" HEIGHT="21" WC="0.96" CONTENT="i"/><SP WIDTH="16" VPOS="204" HPOS="543"/>
							<String ID="string_13" HPOS="559" VPOS="204" WIDTH="76" HEIGHT="21" WC="0.95" CONTENT="sådant"/><SP WIDTH="15" VPOS="204" HPOS="635"/>
							<String ID="string_14" HPOS="650" VPOS="203" WIDTH="99" HEIGHT="21" WC="0.96" CONTENT="afseende"/><SP WIDTH="15" VPOS="203" HPOS="749"/>
							<String ID="string_15" HPOS="764" VPOS="203" WIDTH="22" HEIGHT="22" WC="0.96" CONTENT="få"/><SP WIDTH="15" VPOS="203" HPOS="786"/>
							<String ID="string_16" HPOS="801" VPOS="204" WIDTH="89" HEIGHT="21" WC="0.96" CONTENT="besvära"/>
						</TextLine>
						<TextLine ID="line_2" HPOS="66" VPOS="231" WIDTH="823" HEIGHT="28">
							<String ID="string_17" HPOS="66" VPOS="232" WIDTH="85" HEIGHT="21" WC="0.96" CONTENT="ståndet"/><SP WIDTH="22" VPOS="232" HPOS="151"/>
							<String ID="string_18" HPOS="173" VPOS="232" WIDTH="48" HEIGHT="21" WC="0.96" CONTENT="med"/><SP WIDTH="21" VPOS="232" HPOS="221"/>
							<String ID="string_19" HPOS="242" VPOS="232" WIDTH="66" HEIGHT="26" WC="0.90" CONTENT="några"/><SP WIDTH="22" VPOS="232" HPOS="308"/>
							<String ID="string_20" HPOS="330" VPOS="231" WIDTH="75" HEIGHT="22" WC="0.92" CONTENT="siffror."/><SP WIDTH="30" VPOS="231" HPOS="405"/>
							<String ID="string_21" HPOS="435" VPOS="232" WIDTH="104" HEIGHT="27" WC="0.96" CONTENT="Beloppet"/><SP WIDTH="23" VPOS="232" HPOS="539"/>
							<String ID="string_22" HPOS="562" VPOS="232" WIDTH="23" HEIGHT="22" WC="0.96" CONTENT="af"/><SP WIDTH="20" VPOS="232" HPOS="585"/>
							<String ID="string_23" HPOS="605" VPOS="233" WIDTH="37" HEIGHT="20" WC="0.93" CONTENT="det"/><SP WIDTH="23" VPOS="233" HPOS="642"/>
							<String ID="string_24" HPOS="665" VPOS="231" WIDTH="137" HEIGHT="28" WC="0.91" CONTENT="silfvermynt,"/><SP WIDTH="20" VPOS="231" HPOS="802"/>
							<String ID="string_25" HPOS="822" VPOS="232" WIDTH="67" HEIGHT="21" WC="0.96" CONTENT="som"/><SP WIDTH="-13" VPOS="232" HPOS="889"/>
							<String ID="string_26" HPOS="876" VPOS="227" WIDTH="17" HEIGHT="37" WC="0.95" CONTENT="i"/>
						</TextLine>
						<TextLine ID="line_3" HPOS="66" VPOS="260" WIDTH="823" HEIGHT="27">
							<String ID="string_27" HPOS="66" VPOS="260" WIDTH="73" HEIGHT="21" WC="0.96" CONTENT="landet"/><SP WIDTH="14" VPOS="260" HPOS="139"/>
							<String ID="string_28" HPOS="153" VPOS="261" WIDTH="100" HEIGHT="26" WC="0.95" CONTENT="präglats,"/><SP WIDTH="15" VPOS="261" HPOS="253"/>
							<String ID="string_29" HPOS="268" VPOS="262" WIDTH="63" HEIGHT="25" WC="0.93" CONTENT="utgör"/><SP WIDTH="17" VPOS="262" HPOS="331"/>
							<String ID="string_30" HPOS="348" VPOS="261" WIDTH="128" HEIGHT="26" WC="0.91" CONTENT="13,183,500"/><SP WIDTH="14" VPOS="261" HPOS="476"/>
							<String ID="string_31" HPOS="490" VPOS="261" WIDTH="68" HEIGHT="26" WC="0.96" CONTENT="mark,"/><SP WIDTH="9" VPOS="261" HPOS="558"/>
							<String ID="string_32" HPOS="567" VPOS="261" WIDTH="82" HEIGHT="21" WC="0.96" CONTENT="hvilket"/><SP WIDTH="15" VPOS="261" HPOS="649"/>
							<String ID="string_33" HPOS="664" VPOS="261" WIDTH="38" HEIGHT="20" WC="0.96" CONTENT="allt"/><SP WIDTH="11" VPOS="261" HPOS="702"/>
							<String ID="string_34" HPOS="713" VPOS="260" WIDTH="121" HEIGHT="21" WC="0.96" CONTENT="tillkommit"/><SP WIDTH="10" VPOS="260" HPOS="834"/>
							<String ID="string_35" HPOS="844" VPOS="261" WIDTH="45" HEIGHT="20" WC="0.96" CONTENT="före"/>
						</TextLine>
						<TextLine ID="line_4" HPOS="66" VPOS="289" WIDTH="824" HEIGHT="28">
							<String ID="string_36" HPOS="66" VPOS="289" WIDTH="179" HEIGHT="27" WC="0.90" CONTENT="guldmyntfotens"/><SP WIDTH="22" VPOS="289" HPOS="245"/>
							<String ID="string_37" HPOS="267" VPOS="289" WIDTH="116" HEIGHT="21" WC="0.96" CONTENT="införande."/><SP WIDTH="31" VPOS="289" HPOS="383"/>
							<String ID="string_38" HPOS="414" VPOS="289" WIDTH="28" HEIGHT="21" WC="0.96" CONTENT="Af"/><SP WIDTH="18" VPOS="289" HPOS="442"/>
							<String ID="string_39" HPOS="460" VPOS="289" WIDTH="60" HEIGHT="22" WC="0.96" CONTENT="detta"/><SP WIDTH="18" VPOS="289" HPOS="520"/>
							<String ID="string_40" HPOS="538" VPOS="290" WIDTH="78" HEIGHT="27" WC="0.96" CONTENT="belopp"/><SP WIDTH="20" VPOS="290" HPOS="616"/>
							<String ID="string_41" HPOS="636" VPOS="289" WIDTH="39" HEIGHT="21" WC="0.96" CONTENT="har"/><SP WIDTH="16" VPOS="289" HPOS="675"/>
							<String ID="string_42" HPOS="691" VPOS="295" WIDTH="26" HEIGHT="15" WC="0.95" CONTENT="en"/><SP WIDTH="15" VPOS="295" HPOS="717"/>
							<String ID="string_43" HPOS="732" VPOS="289" WIDTH="73" HEIGHT="27" WC="0.96" CONTENT="miljon"/><SP WIDTH="15" VPOS="289" HPOS="805"/>
							<String ID="string_44" HPOS="820" VPOS="289" WIDTH="70" HEIGHT="21" WC="0.96" CONTENT="blifvit"/>
						</TextLine>
						<TextLine ID="line_5" HPOS="66" VPOS="317" WIDTH="822" HEIGHT="28">
							<String ID="string_45" HPOS="66" VPOS="317" WIDTH="114" HEIGHT="26" WC="0.91" CONTENT="nedsmält;"/><SP WIDTH="16" VPOS="317" HPOS="180"/>
							<String ID="string_46" HPOS="196" VPOS="317" WIDTH="90" HEIGHT="22" WC="0.96" CONTENT="sålunda"/><SP WIDTH="15" VPOS="317" HPOS="286"/>
							<String ID="string_47" HPOS="301" VPOS="317" WIDTH="95" HEIGHT="22" WC="0.96" CONTENT="återstod"/><SP WIDTH="15" VPOS="317" HPOS="396"/>
							<String ID="string_48" HPOS="411" VPOS="317" WIDTH="7" HEIGHT="21" WC="0.93" CONTENT="i"/><SP WIDTH="15" VPOS="317" HPOS="418"/>
							<String ID="string_49" HPOS="433" VPOS="318" WIDTH="99" HEIGHT="27" WC="0.92" CONTENT="prägladt"/><SP WIDTH="8" VPOS="318" HPOS="532"/>
							<String ID="string_50" HPOS="540" VPOS="318" WIDTH="133" HEIGHT="27" WC="0.92" CONTENT="silfvermynt"/><SP WIDTH="12" VPOS="318" HPOS="673"/>
							<String ID="string_51" HPOS="685" VPOS="318" WIDTH="126" HEIGHT="26" WC="0.92" CONTENT="12,183,500"/><SP WIDTH="11" VPOS="318" HPOS="811"/>
							<String ID="string_52" HPOS="822" VPOS="317" WIDTH="66" HEIGHT="21" WC="0.96" CONTENT="mark."/>
						</TextLine>
						<TextLine ID="line_6" HPOS="66" VPOS="345" WIDTH="824" HEIGHT="29">
							<String ID="string_53" HPOS="66" VPOS="345" WIDTH="42" HEIGHT="27" WC="0.96" CONTENT="Jag"/><SP WIDTH="18" VPOS="345" HPOS="108"/>
							<String ID="string_54" HPOS="126" VPOS="346" WIDTH="38" HEIGHT="21" WC="0.92" CONTENT="har"/><SP WIDTH="20" VPOS="346" HPOS="164"/>
							<String ID="string_55" HPOS="184" VPOS="347" WIDTH="93" HEIGHT="26" WC="0.91" CONTENT="uppstält"/><SP WIDTH="15" VPOS="347" HPOS="277"/>
							<String ID="string_56" HPOS="292" VPOS="352" WIDTH="26" HEIGHT="15" WC="0.96" CONTENT="en"/><SP WIDTH="15" VPOS="352" HPOS="318"/>
							<String ID="string_57" HPOS="333" VPOS="346" WIDTH="60" HEIGHT="21" WC="0.96" CONTENT="tablå"/><SP WIDTH="15" VPOS="346" HPOS="393"/>
							<String ID="string_58" HPOS="408" VPOS="346" WIDTH="59" HEIGHT="21" WC="0.96" CONTENT="öfver"/><SP WIDTH="15" VPOS="346" HPOS="467"/>
							<String ID="string_59" HPOS="482" VPOS="347" WIDTH="149" HEIGHT="27" WC="0.96" CONTENT="inneliggande"/><SP WIDTH="17" VPOS="347" HPOS="631"/>
							<String ID="string_60" HPOS="648" VPOS="346" WIDTH="40" HEIGHT="21" WC="0.92" CONTENT="och"/><SP WIDTH="14" VPOS="346" HPOS="688"/>
							<String ID="string_61" HPOS="702" VPOS="346" WIDTH="128" HEIGHT="27" WC="0.91" CONTENT="utelöpande"/><SP WIDTH="15" VPOS="346" HPOS="830"/>
							<String ID="string_62" HPOS="845" VPOS="345" WIDTH="45" HEIGHT="21" WC="0.91" CONTENT="silf-"/>
						</TextLine>
						<TextLine ID="line_7" HPOS="66" VPOS="374" WIDTH="824" HEIGHT="28">
							<String ID="string_63" HPOS="66" VPOS="376" WIDTH="97" HEIGHT="26" WC="0.92" CONTENT="vermynt"/><SP WIDTH="18" VPOS="376" HPOS="163"/>
							<String ID="string_64" HPOS="181" VPOS="375" WIDTH="67" HEIGHT="20" WC="0.96" CONTENT="under"/><SP WIDTH="16" VPOS="375" HPOS="248"/>
							<String ID="string_65" HPOS="264" VPOS="375" WIDTH="25" HEIGHT="20" WC="0.96" CONTENT="de"/><SP WIDTH="17" VPOS="375" HPOS="289"/>
							<String ID="string_66" HPOS="306" VPOS="375" WIDTH="26" HEIGHT="21" WC="0.96" CONTENT="10"/><SP WIDTH="15" VPOS="375" HPOS="332"/>
							<String ID="string_67" HPOS="347" VPOS="375" WIDTH="30" HEIGHT="26" WC="0.96" CONTENT="år,"/><SP WIDTH="16" VPOS="375" HPOS="377"/>
							<String ID="string_68" HPOS="393" VPOS="381" WIDTH="45" HEIGHT="14" WC="0.96" CONTENT="som"/><SP WIDTH="15" VPOS="381" HPOS="438"/>
							<String ID="string_69" HPOS="453" VPOS="377" WIDTH="96" HEIGHT="20" WC="0.96" CONTENT="närmast"/><SP WIDTH="15" VPOS="377" HPOS="549"/>
							<String ID="string_70" HPOS="564" VPOS="374" WIDTH="97" HEIGHT="27" WC="0.96" CONTENT="förflutit,"/><SP WIDTH="16" VPOS="374" HPOS="661"/>
							<String ID="string_71" HPOS="677" VPOS="375" WIDTH="65" HEIGHT="21" WC="0.93" CONTENT="sedan"/><SP WIDTH="16" VPOS="375" HPOS="742"/>
							<String ID="string_72" HPOS="758" VPOS="375" WIDTH="132" HEIGHT="26" WC="0.92" CONTENT="guldmyntet"/>
						</TextLine>
						<TextLine ID="line_8" HPOS="66" VPOS="403" WIDTH="823" HEIGHT="28">
							<String ID="string_73" HPOS="66" VPOS="403" WIDTH="101" HEIGHT="22" WC="0.92" CONTENT="infördes."/><SP WIDTH="29" VPOS="403" HPOS="167"/>
							<String ID="string_74" HPOS="196" VPOS="403" WIDTH="43" HEIGHT="21" WC="0.96" CONTENT="För"/><SP WIDTH="19" VPOS="403" HPOS="239"/>
							<String ID="string_75" HPOS="258" VPOS="403" WIDTH="105" HEIGHT="21" WC="0.96" CONTENT="vinnande"/><SP WIDTH="19" VPOS="403" HPOS="363"/>
							<String ID="string_76" HPOS="382" VPOS="403" WIDTH="23" HEIGHT="21" WC="0.93" CONTENT="af"/><SP WIDTH="11" VPOS="403" HPOS="405"/>
							<String ID="string_77" HPOS="416" VPOS="403" WIDTH="147" HEIGHT="27" WC="0.92" CONTENT="likformighet"/><SP WIDTH="16" VPOS="403" HPOS="563"/>
							<String ID="string_78" HPOS="579" VPOS="406" WIDTH="22" HEIGHT="19" WC="0.96" CONTENT="är"/><SP WIDTH="17" VPOS="406" HPOS="601"/>
							<String ID="string_79" HPOS="618" VPOS="404" WIDTH="41" HEIGHT="21" WC="0.96" CONTENT="den"/><SP WIDTH="14" VPOS="404" HPOS="659"/>
							<String ID="string_80" HPOS="673" VPOS="403" WIDTH="73" HEIGHT="28" WC="0.96" CONTENT="miljon"/><SP WIDTH="14" VPOS="403" HPOS="746"/>
							<String ID="string_81" HPOS="760" VPOS="403" WIDTH="68" HEIGHT="26" WC="0.96" CONTENT="mark,"/><SP WIDTH="16" VPOS="403" HPOS="828"/>
							<String ID="string_82" HPOS="844" VPOS="409" WIDTH="45" HEIGHT="15" WC="0.96" CONTENT="som"/>
						</TextLine>
						<TextLine ID="line_9" HPOS="66" VPOS="431" WIDTH="826" HEIGHT="28">
							<String ID="string_83" HPOS="66" VPOS="431" WIDTH="24" HEIGHT="22" WC="0.96" CONTENT="år"/><SP WIDTH="24" VPOS="431" HPOS="90"/>
							<String ID="string_84" HPOS="114" VPOS="432" WIDTH="54" HEIGHT="21" WC="0.95" CONTENT="1882"/><SP WIDTH="23" VPOS="432" HPOS="168"/>
							<String ID="string_85" HPOS="191" VPOS="432" WIDTH="44" HEIGHT="21" WC="0.93" CONTENT="blef"/><SP WIDTH="20" VPOS="432" HPOS="235"/>
							<String ID="string_86" HPOS="255" VPOS="432" WIDTH="110" HEIGHT="24" WC="0.92" CONTENT="nedsmält,"/><SP WIDTH="21" VPOS="432" HPOS="365"/>
							<String ID="string_87" HPOS="386" VPOS="432" WIDTH="7" HEIGHT="21" WC="0.96" CONTENT="i"/><SP WIDTH="15" VPOS="432" HPOS="393"/>
							<String ID="string_88" HPOS="408" VPOS="432" WIDTH="73" HEIGHT="21" WC="0.96" CONTENT="tablån"/><SP WIDTH="15" VPOS="432" HPOS="481"/>
							<String ID="string_89" HPOS="496" VPOS="433" WIDTH="48" HEIGHT="21" WC="0.93" CONTENT="icke"/><SP WIDTH="16" VPOS="433" HPOS="544"/>
							<String ID="string_90" HPOS="560" VPOS="432" WIDTH="135" HEIGHT="22" WC="0.92" CONTENT="observerad."/><SP WIDTH="30" VPOS="432" HPOS="695"/>
							<String ID="string_91" HPOS="725" VPOS="432" WIDTH="42" HEIGHT="21" WC="0.96" CONTENT="För"/><SP WIDTH="14" VPOS="432" HPOS="767"/>
							<String ID="string_92" HPOS="781" VPOS="432" WIDTH="73" HEIGHT="27" WC="0.96" CONTENT="hvarje"/><SP WIDTH="15" VPOS="432" HPOS="854"/>
							<String ID="string_93" HPOS="869" VPOS="431" WIDTH="23" HEIGHT="21" WC="0.96" CONTENT="af"/>
						</TextLine>
						<TextLine ID="line_10" HPOS="66" VPOS="459" WIDTH="824" HEIGHT="30">
							<String ID="string_94" HPOS="66" VPOS="460" WIDTH="51" HEIGHT="21" WC="0.93" CONTENT="åren"/><SP WIDTH="17" VPOS="460" HPOS="117"/>
							<String ID="string_95" HPOS="134" VPOS="461" WIDTH="137" HEIGHT="21" WC="0.91" CONTENT="1876—1881"/><SP WIDTH="17" VPOS="461" HPOS="271"/>
							<String ID="string_96" HPOS="288" VPOS="461" WIDTH="97" HEIGHT="26" WC="0.96" CONTENT="utgjorde"/><SP WIDTH="16" VPOS="461" HPOS="385"/>
							<String ID="string_97" HPOS="401" VPOS="461" WIDTH="35" HEIGHT="21" WC="0.96" CONTENT="det"/><SP WIDTH="15" VPOS="461" HPOS="436"/>
							<String ID="string_98" HPOS="451" VPOS="461" WIDTH="151" HEIGHT="28" WC="0.93" CONTENT="inneliggande"/><SP WIDTH="15" VPOS="461" HPOS="602"/>
							<String ID="string_99" HPOS="617" VPOS="461" WIDTH="69" HEIGHT="21" WC="0.91" CONTENT="silfret"/><SP WIDTH="15" VPOS="461" HPOS="686"/>
							<String ID="string_100" HPOS="701" VPOS="461" WIDTH="83" HEIGHT="21" WC="0.96" CONTENT="således"/><SP WIDTH="15" VPOS="461" HPOS="784"/>
							<String ID="string_101" HPOS="799" VPOS="459" WIDTH="91" HEIGHT="22" WC="0.96" CONTENT="faktiskt"/>
						</TextLine>
						<TextLine ID="line_11" HPOS="67" VPOS="489" WIDTH="526" HEIGHT="28">
							<String ID="string_102" HPOS="67" VPOS="495" WIDTH="25" HEIGHT="14" WC="0.96" CONTENT="en"/><SP WIDTH="16" VPOS="495" HPOS="92"/>
							<String ID="string_103" HPOS="108" VPOS="489" WIDTH="72" HEIGHT="27" WC="0.96" CONTENT="miljon"/><SP WIDTH="16" VPOS="489" HPOS="180"/>
							<String ID="string_104" HPOS="196" VPOS="489" WIDTH="61" HEIGHT="22" WC="0.96" CONTENT="mark"/><SP WIDTH="14" VPOS="489" HPOS="257"/>
							<String ID="string_105" HPOS="271" VPOS="495" WIDTH="50" HEIGHT="20" WC="0.96" CONTENT="mer,"/><SP WIDTH="17" VPOS="495" HPOS="321"/>
							<String ID="string_106" HPOS="338" VPOS="491" WIDTH="26" HEIGHT="19" WC="0.96" CONTENT="än"/><SP WIDTH="16" VPOS="491" HPOS="364"/>
							<String ID="string_107" HPOS="380" VPOS="489" WIDTH="7" HEIGHT="21" WC="0.96" CONTENT="i"/><SP WIDTH="15" VPOS="489" HPOS="387"/>
							<String ID="string_108" HPOS="402" VPOS="489" WIDTH="73" HEIGHT="22" WC="0.93" CONTENT="tablån"/><SP WIDTH="17" VPOS="489" HPOS="475"/>
							<String ID="string_109" HPOS="492" VPOS="489" WIDTH="101" HEIGHT="28" WC="0.92" CONTENT="angifves."/>
						</TextLine>
					</TextBlock>
				</ComposedBlock>
				<GraphicalElement ID="cblock_2" HPOS="189" VPOS="548" WIDTH="578" HEIGHT="4"></GraphicalElement >
				<ComposedBlock ID="cblock_3" HPOS="235" VPOS="575" WIDTH="288" HEIGHT="91">
					<TextBlock ID="block_2" HPOS="235" VPOS="575" WIDTH="288" HEIGHT="91">
						<TextLine ID="line_12" HPOS="326" VPOS="575" WIDTH="197" HEIGHT="18">
							<String ID="string_110" HPOS="326" VPOS="575" WIDTH="70" HEIGHT="18" WC="0.92" CONTENT="Ultimo"/><SP WIDTH="12" VPOS="575" HPOS="396"/>
							<String ID="string_111" HPOS="408" VPOS="575" WIDTH="99" HEIGHT="18" WC="0.96" CONTENT="december"/><SP WIDTH="8" VPOS="575" HPOS="507"/>
							<String ID="string_112" HPOS="515" VPOS="576" WIDTH="8" HEIGHT="17" WC="0.96" CONTENT="i"/>
						</TextLine>
						<TextLine ID="line_13" HPOS="235" VPOS="597" WIDTH="288" HEIGHT="30">
							<String ID="string_113" HPOS="235" VPOS="606" WIDTH="34" HEIGHT="21" WC="0.28" CONTENT="Åre"/><SP WIDTH="58" VPOS="606" HPOS="269"/>
							<String ID="string_114" HPOS="327" VPOS="597" WIDTH="137" HEIGHT="18" WC="0.95" CONTENT="Statskontoret"/><SP WIDTH="10" VPOS="597" HPOS="464"/>
							<String ID="string_115" HPOS="474" VPOS="599" WIDTH="35" HEIGHT="17" WC="0.94" CONTENT="och"/><SP WIDTH="6" VPOS="599" HPOS="509"/>
							<String ID="string_116" HPOS="515" VPOS="599" WIDTH="8" HEIGHT="16" WC="0.94" CONTENT="i"/>
						</TextLine>
						<TextLine ID="line_14" HPOS="265" VPOS="620" WIDTH="243" HEIGHT="24">
							<String ID="string_117" HPOS="265" VPOS="622" WIDTH="3" HEIGHT="3" WC="0.30" CONTENT=":"/><SP WIDTH="72" VPOS="622" HPOS="268"/>
							<String ID="string_118" HPOS="340" VPOS="620" WIDTH="74" HEIGHT="19" WC="0.92" CONTENT="banken"/><SP WIDTH="13" VPOS="620" HPOS="414"/>
							<String ID="string_119" HPOS="427" VPOS="621" WIDTH="81" HEIGHT="23" WC="0.91" CONTENT="innelig-"/>
						</TextLine>
						<TextLine ID="line_15" HPOS="389" VPOS="643" WIDTH="70" HEIGHT="23">
							<String ID="string_120" HPOS="389" VPOS="643" WIDTH="70" HEIGHT="23" WC="0.96" CONTENT="gande:"/>
						</TextLine>
					</TextBlock>
				</ComposedBlock>
				<ComposedBlock ID="cblock_4" HPOS="590" VPOS="609" WIDTH="124" HEIGHT="24">
					<TextBlock ID="block_3" HPOS="590" VPOS="609" WIDTH="124" HEIGHT="24">
						<TextLine ID="line_16" HPOS="590" VPOS="609" WIDTH="124" HEIGHT="24">
							<String ID="string_121" HPOS="590" VPOS="609" WIDTH="124" HEIGHT="24" WC="0.91" CONTENT="Utelöpande:"/>
						</TextLine>
					</TextBlock>
				</ComposedBlock>
				<GraphicalElement ID="cblock_5" HPOS="194" VPOS="683" WIDTH="567" HEIGHT="6"></GraphicalElement >
				<ComposedBlock ID="cblock_6" HPOS="225" VPOS="718" WIDTH="507" HEIGHT="33">
					<TextBlock ID="block_4" HPOS="225" VPOS="718" WIDTH="507" HEIGHT="33">
						<TextLine ID="line_17" HPOS="225" VPOS="718" WIDTH="507" HEIGHT="33">
							<String ID="string_122" HPOS="225" VPOS="718" WIDTH="53" HEIGHT="22" WC="0.89" CONTENT="1877"/><SP WIDTH="32" VPOS="718" HPOS="278"/>
							<String ID="string_123" HPOS="310" VPOS="731" WIDTH="2" HEIGHT="20" WC="0.85" CONTENT="|"/><SP WIDTH="17" VPOS="731" HPOS="312"/>
							<String ID="string_124" HPOS="329" VPOS="718" WIDTH="47" HEIGHT="28" WC="0.55" CONTENT="Frye"/><SP WIDTH="15" VPOS="718" HPOS="376"/>
							<String ID="string_125" HPOS="391" VPOS="719" WIDTH="115" HEIGHT="26" WC="0.86" CONTENT="5,334,104"/><SP WIDTH="22" VPOS="719" HPOS="506"/>
							<String ID="string_126" HPOS="528" VPOS="714" WIDTH="15" HEIGHT="41" WC="0.92" CONTENT="|"/><SP WIDTH="13" VPOS="714" HPOS="543"/>
							<String ID="string_127" HPOS="556" VPOS="719" WIDTH="48" HEIGHT="27" WC="0.20" CONTENT="Iz"/><SP WIDTH="15" VPOS="719" HPOS="604"/>
							<String ID="string_128" HPOS="619" VPOS="718" WIDTH="113" HEIGHT="27" WC="0.92" CONTENT="6,849,396"/>
						</TextLine>
					</TextBlock>
				</ComposedBlock>
				<GraphicalElement ID="cblock_7" HPOS="190" VPOS="554" WIDTH="4" HEIGHT="449"></GraphicalElement >
				<GraphicalElement ID="cblock_8" HPOS="310" VPOS="555" WIDTH="4" HEIGHT="449"></GraphicalElement >
				<GraphicalElement ID="cblock_9" HPOS="536" VPOS="557" WIDTH="4" HEIGHT="447"></GraphicalElement >
				<GraphicalElement ID="cblock_10" HPOS="762" VPOS="570" WIDTH="5" HEIGHT="433"></GraphicalElement >
				<ComposedBlock ID="cblock_11" HPOS="190" VPOS="747" WIDTH="542" HEIGHT="256">
					<TextBlock ID="block_5" HPOS="225" VPOS="747" WIDTH="507" HEIGHT="85">
						<TextLine ID="line_18" HPOS="225" VPOS="747" WIDTH="507" HEIGHT="29">
							<String ID="string_129" HPOS="225" VPOS="747" WIDTH="54" HEIGHT="21" WC="0.91" CONTENT="1878"/><SP WIDTH="31" VPOS="747" HPOS="279"/>
							<String ID="string_130" HPOS="310" VPOS="752" WIDTH="2" HEIGHT="24" WC="0.87" CONTENT="|"/><SP WIDTH="35" VPOS="752" HPOS="312"/>
							<String ID="string_131" HPOS="347" VPOS="764" WIDTH="9" HEIGHT="10" WC="0.87" CONTENT=","/><SP WIDTH="35" VPOS="764" HPOS="356"/>
							<String ID="string_132" HPOS="391" VPOS="748" WIDTH="115" HEIGHT="26" WC="0.0" CONTENT="6143246"/><SP WIDTH="28" VPOS="748" HPOS="506"/>
							<String ID="string_133" HPOS="534" VPOS="733" WIDTH="16" HEIGHT="47" WC="0.93" CONTENT="|"/><SP WIDTH="24" VPOS="733" HPOS="550"/>
							<String ID="string_134" HPOS="574" VPOS="763" WIDTH="10" HEIGHT="12" WC="0.86" CONTENT=","/><SP WIDTH="34" VPOS="763" HPOS="584"/>
							<String ID="string_135" HPOS="618" VPOS="748" WIDTH="114" HEIGHT="26" WC="0.47" CONTENT="6,040.204"/>
						</TextLine>
						<TextLine ID="line_19" HPOS="225" VPOS="775" WIDTH="507" HEIGHT="28">
							<String ID="string_136" HPOS="225" VPOS="775" WIDTH="54" HEIGHT="22" WC="0.95" CONTENT="1879"/><SP WIDTH="28" VPOS="775" HPOS="279"/>
							<String ID="string_137" HPOS="307" VPOS="762" WIDTH="19" HEIGHT="45" WC="0.94" CONTENT="|"/><SP WIDTH="21" VPOS="762" HPOS="326"/>
							<String ID="string_138" HPOS="347" VPOS="792" WIDTH="9" HEIGHT="11" WC="0.82" CONTENT="»"/><SP WIDTH="35" VPOS="792" HPOS="356"/>
							<String ID="string_139" HPOS="391" VPOS="776" WIDTH="115" HEIGHT="26" WC="0.57" CONTENT="6,333498"/><SP WIDTH="26" VPOS="776" HPOS="506"/>
							<String ID="string_140" HPOS="532" VPOS="762" WIDTH="19" HEIGHT="45" WC="0.90" CONTENT="|"/><SP WIDTH="23" VPOS="762" HPOS="551"/>
							<String ID="string_141" HPOS="574" VPOS="792" WIDTH="9" HEIGHT="11" WC="0.85" CONTENT="»"/><SP WIDTH="34" VPOS="792" HPOS="583"/>
							<String ID="string_142" HPOS="617" VPOS="776" WIDTH="115" HEIGHT="26" WC="0.57" CONTENT="5,850,002"/>
						</TextLine>
						<TextLine ID="line_20" HPOS="225" VPOS="804" WIDTH="507" HEIGHT="28">
							<String ID="string_143" HPOS="225" VPOS="804" WIDTH="55" HEIGHT="21" WC="0.93" CONTENT="1880"/><SP WIDTH="25" VPOS="804" HPOS="280"/>
							<String ID="string_144" HPOS="305" VPOS="790" WIDTH="20" HEIGHT="46" WC="0.96" CONTENT="|"/><SP WIDTH="22" VPOS="790" HPOS="325"/>
							<String ID="string_145" HPOS="347" VPOS="821" WIDTH="10" HEIGHT="10" WC="0.64" CONTENT="7"/><SP WIDTH="34" VPOS="821" HPOS="357"/>
							<String ID="string_146" HPOS="391" VPOS="804" WIDTH="115" HEIGHT="27" WC="0.36" CONTENT="5,891002"/><SP WIDTH="25" VPOS="804" HPOS="506"/>
							<String ID="string_147" HPOS="531" VPOS="790" WIDTH="20" HEIGHT="46" WC="0.91" CONTENT="|"/><SP WIDTH="24" VPOS="790" HPOS="551"/>
							<String ID="string_148" HPOS="575" VPOS="822" WIDTH="9" HEIGHT="10" WC="0.66" CONTENT=","/><SP WIDTH="34" VPOS="822" HPOS="584"/>
							<String ID="string_149" HPOS="618" VPOS="804" WIDTH="114" HEIGHT="26" WC="0.89" CONTENT="6,292,498"/>
						</TextLine>
					</TextBlock>
					<TextBlock ID="block_6" HPOS="190" VPOS="832" WIDTH="542" HEIGHT="28">
						<TextLine ID="line_21" HPOS="190" VPOS="832" WIDTH="542" HEIGHT="28">
							<String ID="string_150" HPOS="190" VPOS="832" WIDTH="2" HEIGHT="26" WC="0.82" CONTENT="|"/><SP WIDTH="33" VPOS="832" HPOS="192"/>
							<String ID="string_151" HPOS="225" VPOS="832" WIDTH="53" HEIGHT="22" WC="0.82" CONTENT="1881"/><SP WIDTH="28" VPOS="832" HPOS="278"/>
							<String ID="string_152" HPOS="306" VPOS="819" WIDTH="19" HEIGHT="45" WC="0.87" CONTENT="|"/><SP WIDTH="22" VPOS="819" HPOS="325"/>
							<String ID="string_153" HPOS="347" VPOS="849" WIDTH="10" HEIGHT="11" WC="0.85" CONTENT="»"/><SP WIDTH="34" VPOS="849" HPOS="357"/>
							<String ID="string_154" HPOS="391" VPOS="833" WIDTH="114" HEIGHT="27" WC="0.0" CONTENT="56441988"/><SP WIDTH="26" VPOS="833" HPOS="505"/>
							<String ID="string_155" HPOS="531" VPOS="819" WIDTH="19" HEIGHT="45" WC="0.96" CONTENT="|"/><SP WIDTH="25" VPOS="819" HPOS="550"/>
							<String ID="string_156" HPOS="575" VPOS="850" WIDTH="9" HEIGHT="10" WC="0.26" CONTENT="&gt;»"/><SP WIDTH="35" VPOS="850" HPOS="584"/>
							<String ID="string_157" HPOS="619" VPOS="833" WIDTH="113" HEIGHT="26" WC="0.87" CONTENT="6,539,302"/>
						</TextLine>
					</TextBlock>
					<TextBlock ID="block_7" HPOS="190" VPOS="861" WIDTH="542" HEIGHT="28">
						<TextLine ID="line_22" HPOS="190" VPOS="861" WIDTH="542" HEIGHT="28">
							<String ID="string_158" HPOS="190" VPOS="862" WIDTH="2" HEIGHT="23" WC="0.94" CONTENT="|"/><SP WIDTH="32" VPOS="862" HPOS="192"/>
							<String ID="string_159" HPOS="224" VPOS="861" WIDTH="55" HEIGHT="21" WC="0.94" CONTENT="1882"/><SP WIDTH="25" VPOS="861" HPOS="279"/>
							<String ID="string_160" HPOS="304" VPOS="847" WIDTH="20" HEIGHT="46" WC="0.89" CONTENT="|"/><SP WIDTH="24" VPOS="847" HPOS="324"/>
							<String ID="string_161" HPOS="348" VPOS="879" WIDTH="9" HEIGHT="10" WC="0.87" CONTENT="&gt;"/><SP WIDTH="34" VPOS="879" HPOS="357"/>
							<String ID="string_162" HPOS="391" VPOS="862" WIDTH="115" HEIGHT="26" WC="0.69" CONTENT="5,700026"/><SP WIDTH="25" VPOS="862" HPOS="506"/>
							<String ID="string_163" HPOS="531" VPOS="847" WIDTH="20" HEIGHT="46" WC="0.93" CONTENT="|"/><SP WIDTH="24" VPOS="847" HPOS="551"/>
							<String ID="string_164" HPOS="575" VPOS="879" WIDTH="9" HEIGHT="10" WC="0.88" CONTENT="&gt;"/><SP WIDTH="34" VPOS="879" HPOS="584"/>
							<String ID="string_165" HPOS="618" VPOS="862" WIDTH="114" HEIGHT="26" WC="0.74" CONTENT="6,488474"/>
						</TextLine>
					</TextBlock>
					<TextBlock ID="block_8" HPOS="191" VPOS="890" WIDTH="541" HEIGHT="113">
						<TextLine ID="line_23" HPOS="191" VPOS="890" WIDTH="541" HEIGHT="28">
							<String ID="string_166" HPOS="191" VPOS="891" WIDTH="1" HEIGHT="8" WC="0.94" CONTENT="|"/><SP WIDTH="32" VPOS="891" HPOS="192"/>
							<String ID="string_167" HPOS="224" VPOS="890" WIDTH="55" HEIGHT="21" WC="0.93" CONTENT="1883"/><SP WIDTH="26" VPOS="890" HPOS="279"/>
							<String ID="string_168" HPOS="305" VPOS="876" WIDTH="20" HEIGHT="46" WC="0.96" CONTENT="|"/><SP WIDTH="21" VPOS="876" HPOS="325"/>
							<String ID="string_169" HPOS="346" VPOS="907" WIDTH="9" HEIGHT="10" WC="0.82" CONTENT="»"/><SP WIDTH="35" VPOS="907" HPOS="355"/>
							<String ID="string_170" HPOS="390" VPOS="891" WIDTH="116" HEIGHT="26" WC="0.81" CONTENT="5,170060"/><SP WIDTH="29" VPOS="891" HPOS="506"/>
							<String ID="string_171" HPOS="535" VPOS="876" WIDTH="17" HEIGHT="46" WC="0.89" CONTENT="|"/><SP WIDTH="23" VPOS="876" HPOS="552"/>
							<String ID="string_172" HPOS="575" VPOS="908" WIDTH="9" HEIGHT="10" WC="0.80" CONTENT=","/><SP WIDTH="34" VPOS="908" HPOS="584"/>
							<String ID="string_173" HPOS="618" VPOS="891" WIDTH="114" HEIGHT="26" WC="0.58" CONTENT="6,413.440"/>
						</TextLine>
						<TextLine ID="line_24" HPOS="224" VPOS="918" WIDTH="507" HEIGHT="29">
							<String ID="string_174" HPOS="224" VPOS="918" WIDTH="56" HEIGHT="22" WC="0.96" CONTENT="1884"/><SP WIDTH="28" VPOS="918" HPOS="280"/>
							<String ID="string_175" HPOS="308" VPOS="905" WIDTH="16" HEIGHT="46" WC="0.95" CONTENT="|"/><SP WIDTH="23" VPOS="905" HPOS="324"/>
							<String ID="string_176" HPOS="347" VPOS="936" WIDTH="10" HEIGHT="11" WC="0.91" CONTENT="&gt;"/><SP WIDTH="34" VPOS="936" HPOS="357"/>
							<String ID="string_177" HPOS="391" VPOS="919" WIDTH="115" HEIGHT="26" WC="0.40" CONTENT="6,012,333"/><SP WIDTH="28" VPOS="919" HPOS="506"/>
							<String ID="string_178" HPOS="534" VPOS="905" WIDTH="16" HEIGHT="46" WC="0.92" CONTENT="|"/><SP WIDTH="25" VPOS="905" HPOS="550"/>
							<String ID="string_179" HPOS="575" VPOS="936" WIDTH="9" HEIGHT="10" WC="0.45" CONTENT=","/><SP WIDTH="34" VPOS="936" HPOS="584"/>
							<String ID="string_180" HPOS="618" VPOS="919" WIDTH="113" HEIGHT="26" WC="0.0" CONTENT="6171167"/>
						</TextLine>
						<TextLine ID="line_25" HPOS="225" VPOS="947" WIDTH="507" HEIGHT="28">
							<String ID="string_181" HPOS="225" VPOS="947" WIDTH="54" HEIGHT="22" WC="0.93" CONTENT="1885"/><SP WIDTH="26" VPOS="947" HPOS="279"/>
							<String ID="string_182" HPOS="305" VPOS="933" WIDTH="20" HEIGHT="46" WC="0.93" CONTENT="|"/><SP WIDTH="23" VPOS="933" HPOS="325"/>
							<String ID="string_183" HPOS="348" VPOS="965" WIDTH="9" HEIGHT="10" WC="0.87" CONTENT="&gt;"/><SP WIDTH="34" VPOS="965" HPOS="357"/>
							<String ID="string_184" HPOS="391" VPOS="948" WIDTH="115" HEIGHT="26" WC="0.17" CONTENT="6,.131560"/><SP WIDTH="25" VPOS="948" HPOS="506"/>
							<String ID="string_185" HPOS="531" VPOS="933" WIDTH="20" HEIGHT="46" WC="0.90" CONTENT="|"/><SP WIDTH="23" VPOS="933" HPOS="551"/>
							<String ID="string_186" HPOS="574" VPOS="965" WIDTH="9" HEIGHT="9" WC="0.64" CONTENT=","/><SP WIDTH="34" VPOS="965" HPOS="583"/>
							<String ID="string_187" HPOS="617" VPOS="947" WIDTH="115" HEIGHT="27" WC="0.0" CONTENT="6051940"/>
						</TextLine>
						<TextLine ID="line_26" HPOS="225" VPOS="975" WIDTH="506" HEIGHT="28">
							<String ID="string_188" HPOS="225" VPOS="975" WIDTH="54" HEIGHT="22" WC="0.95" CONTENT="1886"/><SP WIDTH="28" VPOS="975" HPOS="279"/>
							<String ID="string_189" HPOS="307" VPOS="962" WIDTH="19" HEIGHT="45" WC="0.95" CONTENT="|"/><SP WIDTH="21" VPOS="962" HPOS="326"/>
							<String ID="string_190" HPOS="347" VPOS="993" WIDTH="10" HEIGHT="9" WC="0.67" CONTENT="7"/><SP WIDTH="33" VPOS="993" HPOS="357"/>
							<String ID="string_191" HPOS="390" VPOS="976" WIDTH="115" HEIGHT="26" WC="0.31" CONTENT="6,313;807"/><SP WIDTH="31" VPOS="976" HPOS="505"/>
							<String ID="string_192" HPOS="536" VPOS="962" WIDTH="15" HEIGHT="45" WC="0.96" CONTENT="|"/><SP WIDTH="23" VPOS="962" HPOS="551"/>
							<String ID="string_193" HPOS="574" VPOS="993" WIDTH="10" HEIGHT="10" WC="0.79" CONTENT="7"/><SP WIDTH="33" VPOS="993" HPOS="584"/>
							<String ID="string_194" HPOS="617" VPOS="976" WIDTH="114" HEIGHT="27" WC="0.58" CONTENT="5,869;693"/>
						</TextLine>
					</TextBlock>
				</ComposedBlock>
				<ComposedBlock ID="cblock_12" HPOS="64" VPOS="1032" WIDTH="831" HEIGHT="541">
					<TextBlock ID="block_9" HPOS="64" VPOS="1032" WIDTH="831" HEIGHT="541">
						<TextLine ID="line_27" HPOS="135" VPOS="1032" WIDTH="756" HEIGHT="29">
							<String ID="string_195" HPOS="135" VPOS="1032" WIDTH="37" HEIGHT="22" WC="0.87" CONTENT="Uti"/><SP WIDTH="15" VPOS="1032" HPOS="172"/>
							<String ID="string_196" HPOS="187" VPOS="1033" WIDTH="99" HEIGHT="26" WC="0.96" CONTENT="beloppet"/><SP WIDTH="15" VPOS="1033" HPOS="286"/>
							<String ID="string_197" HPOS="301" VPOS="1033" WIDTH="23" HEIGHT="22" WC="0.93" CONTENT="af"/><SP WIDTH="12" VPOS="1033" HPOS="324"/>
							<String ID="string_198" HPOS="336" VPOS="1033" WIDTH="150" HEIGHT="28" WC="0.90" CONTENT="inneliggande"/><SP WIDTH="15" VPOS="1033" HPOS="486"/>
							<String ID="string_199" HPOS="501" VPOS="1033" WIDTH="78" HEIGHT="27" WC="0.92" CONTENT="silfver,"/><SP WIDTH="17" VPOS="1033" HPOS="579"/>
							<String ID="string_200" HPOS="596" VPOS="1033" WIDTH="76" HEIGHT="22" WC="0.93" CONTENT="sädant"/><SP WIDTH="11" VPOS="1033" HPOS="672"/>
							<String ID="string_201" HPOS="683" VPOS="1033" WIDTH="37" HEIGHT="27" WC="0.93" CONTENT="jag"/><SP WIDTH="9" VPOS="1033" HPOS="720"/>
							<String ID="string_202" HPOS="729" VPOS="1032" WIDTH="106" HEIGHT="28" WC="0.92" CONTENT="uppgifvit"/><SP WIDTH="10" VPOS="1032" HPOS="835"/>
							<String ID="string_203" HPOS="845" VPOS="1033" WIDTH="46" HEIGHT="20" WC="0.92" CONTENT="det-"/>
						</TextLine>
						<TextLine ID="line_28" HPOS="68" VPOS="1061" WIDTH="822" HEIGHT="27">
							<String ID="string_204" HPOS="68" VPOS="1067" WIDTH="87" HEIGHT="20" WC="0.93" CONTENT="samma,"/><SP WIDTH="16" VPOS="1067" HPOS="155"/>
							<String ID="string_205" HPOS="171" VPOS="1061" WIDTH="60" HEIGHT="27" WC="0.92" CONTENT="ingär"/><SP WIDTH="16" VPOS="1061" HPOS="231"/>
							<String ID="string_206" HPOS="247" VPOS="1061" WIDTH="60" HEIGHT="21" WC="0.90" CONTENT="äfven"/><SP WIDTH="15" VPOS="1061" HPOS="307"/>
							<String ID="string_207" HPOS="322" VPOS="1061" WIDTH="95" HEIGHT="22" WC="0.92" CONTENT="förrädet"/><SP WIDTH="15" VPOS="1061" HPOS="417"/>
							<String ID="string_208" HPOS="432" VPOS="1063" WIDTH="7" HEIGHT="20" WC="0.93" CONTENT="i"/><SP WIDTH="15" VPOS="1063" HPOS="439"/>
							<String ID="string_209" HPOS="454" VPOS="1062" WIDTH="166" HEIGHT="21" WC="0.92" CONTENT="statskontorets"/><SP WIDTH="19" VPOS="1062" HPOS="620"/>
							<String ID="string_210" HPOS="639" VPOS="1061" WIDTH="64" HEIGHT="26" WC="0.91" CONTENT="hvalf,"/><SP WIDTH="15" VPOS="1061" HPOS="703"/>
							<String ID="string_211" HPOS="718" VPOS="1062" WIDTH="80" HEIGHT="20" WC="0.93" CONTENT="hvilket"/><SP WIDTH="14" VPOS="1062" HPOS="798"/>
							<String ID="string_212" HPOS="812" VPOS="1061" WIDTH="57" HEIGHT="21" WC="0.96" CONTENT="varit"/><SP WIDTH="13" VPOS="1061" HPOS="869"/>
							<String ID="string_213" HPOS="882" VPOS="1061" WIDTH="8" HEIGHT="21" WC="0.96" CONTENT="i"/>
						</TextLine>
						<TextLine ID="line_29" HPOS="64" VPOS="1089" WIDTH="826" HEIGHT="28">
							<String ID="string_214" HPOS="64" VPOS="1090" WIDTH="68" HEIGHT="27" WC="0.88" CONTENT="jemnt"/><SP WIDTH="23" VPOS="1090" HPOS="132"/>
							<String ID="string_215" HPOS="155" VPOS="1090" WIDTH="96" HEIGHT="26" WC="0.88" CONTENT="stigande"/><SP WIDTH="20" VPOS="1090" HPOS="251"/>
							<String ID="string_216" HPOS="271" VPOS="1090" WIDTH="54" HEIGHT="21" WC="0.96" CONTENT="efter"/><SP WIDTH="18" VPOS="1090" HPOS="325"/>
							<String ID="string_217" HPOS="343" VPOS="1090" WIDTH="24" HEIGHT="21" WC="0.96" CONTENT="är"/><SP WIDTH="21" VPOS="1090" HPOS="367"/>
							<String ID="string_218" HPOS="388" VPOS="1090" WIDTH="62" HEIGHT="26" WC="0.96" CONTENT="1879,"/><SP WIDTH="17" VPOS="1090" HPOS="450"/>
							<String ID="string_219" HPOS="467" VPOS="1090" WIDTH="27" HEIGHT="22" WC="0.96" CONTENT="dä"/><SP WIDTH="16" VPOS="1090" HPOS="494"/>
							<String ID="string_220" HPOS="510" VPOS="1090" WIDTH="41" HEIGHT="27" WC="0.96" CONTENT="det,"/><SP WIDTH="17" VPOS="1090" HPOS="551"/>
							<String ID="string_221" HPOS="568" VPOS="1090" WIDTH="54" HEIGHT="22" WC="0.96" CONTENT="efter"/><SP WIDTH="15" VPOS="1090" HPOS="622"/>
							<String ID="string_222" HPOS="637" VPOS="1091" WIDTH="32" HEIGHT="20" WC="0.96" CONTENT="att"/><SP WIDTH="15" VPOS="1091" HPOS="669"/>
							<String ID="string_223" HPOS="684" VPOS="1090" WIDTH="22" HEIGHT="21" WC="0.96" CONTENT="af"/><SP WIDTH="14" VPOS="1090" HPOS="706"/>
							<String ID="string_224" HPOS="720" VPOS="1096" WIDTH="26" HEIGHT="15" WC="0.93" CONTENT="en"/><SP WIDTH="16" VPOS="1096" HPOS="746"/>
							<String ID="string_225" HPOS="762" VPOS="1089" WIDTH="128" HEIGHT="27" WC="0.92" CONTENT="tillfällighet"/>
						</TextLine>
						<TextLine ID="line_30" HPOS="67" VPOS="1118" WIDTH="825" HEIGHT="28">
							<String ID="string_226" HPOS="67" VPOS="1118" WIDTH="65" HEIGHT="22" WC="0.92" CONTENT="hafva"/><SP WIDTH="14" VPOS="1118" HPOS="132"/>
							<String ID="string_227" HPOS="146" VPOS="1118" WIDTH="95" HEIGHT="27" WC="0.93" CONTENT="nedgätt,"/><SP WIDTH="18" VPOS="1118" HPOS="241"/>
							<String ID="string_228" HPOS="259" VPOS="1118" WIDTH="98" HEIGHT="28" WC="0.91" CONTENT="utgjorde"/><SP WIDTH="16" VPOS="1118" HPOS="357"/>
							<String ID="string_229" HPOS="373" VPOS="1120" WIDTH="93" HEIGHT="25" WC="0.92" CONTENT="124,642"/><SP WIDTH="15" VPOS="1120" HPOS="466"/>
							<String ID="string_230" HPOS="481" VPOS="1119" WIDTH="68" HEIGHT="26" WC="0.96" CONTENT="mark,"/><SP WIDTH="16" VPOS="1119" HPOS="549"/>
							<String ID="string_231" HPOS="565" VPOS="1119" WIDTH="32" HEIGHT="21" WC="0.96" CONTENT="till"/><SP WIDTH="17" VPOS="1119" HPOS="597"/>
							<String ID="string_232" HPOS="614" VPOS="1119" WIDTH="130" HEIGHT="21" WC="0.96" CONTENT="närvarande"/><SP WIDTH="15" VPOS="1119" HPOS="744"/>
							<String ID="string_233" HPOS="759" VPOS="1118" WIDTH="38" HEIGHT="27" WC="0.96" CONTENT="tid,"/><SP WIDTH="17" VPOS="1118" HPOS="797"/>
							<String ID="string_234" HPOS="814" VPOS="1118" WIDTH="26" HEIGHT="21" WC="0.96" CONTENT="dä"/><SP WIDTH="16" VPOS="1118" HPOS="840"/>
							<String ID="string_235" HPOS="856" VPOS="1118" WIDTH="36" HEIGHT="21" WC="0.96" CONTENT="det"/>
						</TextLine>
						<TextLine ID="line_31" HPOS="66" VPOS="1146" WIDTH="824" HEIGHT="28">
							<String ID="string_236" HPOS="66" VPOS="1148" WIDTH="82" HEIGHT="26" WC="0.92" CONTENT="uppgär"/><SP WIDTH="21" VPOS="1148" HPOS="148"/>
							<String ID="string_237" HPOS="169" VPOS="1147" WIDTH="34" HEIGHT="21" WC="0.93" CONTENT="till"/><SP WIDTH="22" VPOS="1147" HPOS="203"/>
							<String ID="string_238" HPOS="225" VPOS="1148" WIDTH="92" HEIGHT="26" WC="0.92" CONTENT="533,900"/><SP WIDTH="21" VPOS="1148" HPOS="317"/>
							<String ID="string_239" HPOS="338" VPOS="1148" WIDTH="68" HEIGHT="20" WC="0.96" CONTENT="mark."/><SP WIDTH="30" VPOS="1148" HPOS="406"/>
							<String ID="string_240" HPOS="436" VPOS="1147" WIDTH="52" HEIGHT="21" WC="0.96" CONTENT="Man"/><SP WIDTH="22" VPOS="1147" HPOS="488"/>
							<String ID="string_241" HPOS="510" VPOS="1154" WIDTH="35" HEIGHT="15" WC="0.96" CONTENT="ser"/><SP WIDTH="19" VPOS="1154" HPOS="545"/>
							<String ID="string_242" HPOS="564" VPOS="1147" WIDTH="22" HEIGHT="22" WC="0.96" CONTENT="af"/><SP WIDTH="18" VPOS="1147" HPOS="586"/>
							<String ID="string_243" HPOS="604" VPOS="1148" WIDTH="69" HEIGHT="20" WC="0.93" CONTENT="denna"/><SP WIDTH="15" VPOS="1148" HPOS="673"/>
							<String ID="string_244" HPOS="688" VPOS="1146" WIDTH="202" HEIGHT="28" WC="0.92" CONTENT="sammanställning,"/>
						</TextLine>
						<TextLine ID="line_32" HPOS="67" VPOS="1175" WIDTH="827" HEIGHT="28">
							<String ID="string_245" HPOS="67" VPOS="1177" WIDTH="32" HEIGHT="19" WC="0.96" CONTENT="att"/><SP WIDTH="15" VPOS="1177" HPOS="99"/>
							<String ID="string_246" HPOS="114" VPOS="1176" WIDTH="7" HEIGHT="20" WC="0.93" CONTENT="i"/><SP WIDTH="16" VPOS="1176" HPOS="121"/>
							<String ID="string_247" HPOS="137" VPOS="1176" WIDTH="115" HEIGHT="21" WC="0.93" CONTENT="allmänhet"/><SP WIDTH="19" VPOS="1176" HPOS="252"/>
							<String ID="string_248" HPOS="271" VPOS="1176" WIDTH="75" HEIGHT="21" WC="0.96" CONTENT="endast"/><SP WIDTH="18" VPOS="1176" HPOS="346"/>
							<String ID="string_249" HPOS="364" VPOS="1176" WIDTH="82" HEIGHT="21" WC="0.96" CONTENT="hälften"/><SP WIDTH="20" VPOS="1176" HPOS="446"/>
							<String ID="string_250" HPOS="466" VPOS="1176" WIDTH="24" HEIGHT="21" WC="0.96" CONTENT="af"/><SP WIDTH="17" VPOS="1176" HPOS="490"/>
							<String ID="string_251" HPOS="507" VPOS="1176" WIDTH="36" HEIGHT="21" WC="0.93" CONTENT="det"/><SP WIDTH="14" VPOS="1176" HPOS="543"/>
							<String ID="string_252" HPOS="557" VPOS="1176" WIDTH="130" HEIGHT="26" WC="0.92" CONTENT="förefintliga"/><SP WIDTH="14" VPOS="1176" HPOS="687"/>
							<String ID="string_253" HPOS="701" VPOS="1176" WIDTH="155" HEIGHT="27" WC="0.91" CONTENT="silfvermyntet"/><SP WIDTH="15" VPOS="1176" HPOS="856"/>
							<String ID="string_254" HPOS="871" VPOS="1175" WIDTH="23" HEIGHT="21" WC="0.97" CONTENT="af"/>
						</TextLine>
						<TextLine ID="line_33" HPOS="67" VPOS="1204" WIDTH="825" HEIGHT="28">
							<String ID="string_255" HPOS="67" VPOS="1204" WIDTH="41" HEIGHT="21" WC="0.96" CONTENT="den"/><SP WIDTH="15" VPOS="1204" HPOS="108"/>
							<String ID="string_256" HPOS="123" VPOS="1204" WIDTH="106" HEIGHT="21" WC="0.90" CONTENT="allmänna"/><SP WIDTH="14" VPOS="1204" HPOS="229"/>
							<String ID="string_257" HPOS="243" VPOS="1204" WIDTH="93" HEIGHT="22" WC="0.93" CONTENT="rörelsen"/><SP WIDTH="16" VPOS="1204" HPOS="336"/>
							<String ID="string_258" HPOS="352" VPOS="1204" WIDTH="144" HEIGHT="28" WC="0.90" CONTENT="absorberats,"/><SP WIDTH="15" VPOS="1204" HPOS="496"/>
							<String ID="string_259" HPOS="511" VPOS="1205" WIDTH="76" HEIGHT="21" WC="0.96" CONTENT="medan"/><SP WIDTH="16" VPOS="1205" HPOS="587"/>
							<String ID="string_260" HPOS="603" VPOS="1205" WIDTH="40" HEIGHT="21" WC="0.96" CONTENT="den"/><SP WIDTH="16" VPOS="1205" HPOS="643"/>
							<String ID="string_261" HPOS="659" VPOS="1204" WIDTH="65" HEIGHT="22" WC="0.96" CONTENT="andra"/><SP WIDTH="14" VPOS="1204" HPOS="724"/>
							<String ID="string_262" HPOS="738" VPOS="1204" WIDTH="82" HEIGHT="22" WC="0.93" CONTENT="hälften"/><SP WIDTH="15" VPOS="1204" HPOS="820"/>
							<String ID="string_263" HPOS="835" VPOS="1204" WIDTH="57" HEIGHT="26" WC="0.93" CONTENT="legat"/>
						</TextLine>
						<TextLine ID="line_34" HPOS="68" VPOS="1232" WIDTH="825" HEIGHT="27">
							<String ID="string_264" HPOS="68" VPOS="1232" WIDTH="111" HEIGHT="22" WC="0.91" CONTENT="overksam"/><SP WIDTH="15" VPOS="1232" HPOS="179"/>
							<String ID="string_265" HPOS="194" VPOS="1233" WIDTH="7" HEIGHT="21" WC="0.93" CONTENT="i"/><SP WIDTH="15" VPOS="1233" HPOS="201"/>
							<String ID="string_266" HPOS="216" VPOS="1233" WIDTH="95" HEIGHT="21" WC="0.92" CONTENT="bankens"/><SP WIDTH="16" VPOS="1233" HPOS="311"/>
							<String ID="string_267" HPOS="327" VPOS="1233" WIDTH="39" HEIGHT="21" WC="0.93" CONTENT="ock"/><SP WIDTH="16" VPOS="1233" HPOS="366"/>
							<String ID="string_268" HPOS="382" VPOS="1233" WIDTH="167" HEIGHT="22" WC="0.91" CONTENT="statskontorets"/><SP WIDTH="15" VPOS="1233" HPOS="549"/>
							<String ID="string_269" HPOS="564" VPOS="1233" WIDTH="68" HEIGHT="26" WC="0.92" CONTENT="hvalf;"/><SP WIDTH="16" VPOS="1233" HPOS="632"/>
							<String ID="string_270" HPOS="648" VPOS="1233" WIDTH="40" HEIGHT="21" WC="0.96" CONTENT="och"/><SP WIDTH="15" VPOS="1233" HPOS="688"/>
							<String ID="string_271" HPOS="703" VPOS="1235" WIDTH="55" HEIGHT="19" WC="0.96" CONTENT="ännu"/><SP WIDTH="16" VPOS="1235" HPOS="758"/>
							<String ID="string_272" HPOS="774" VPOS="1234" WIDTH="6" HEIGHT="20" WC="0.96" CONTENT="i"/><SP WIDTH="16" VPOS="1234" HPOS="780"/>
							<String ID="string_273" HPOS="796" VPOS="1233" WIDTH="41" HEIGHT="21" WC="0.96" CONTENT="den"/><SP WIDTH="14" VPOS="1233" HPOS="837"/>
							<String ID="string_274" HPOS="851" VPOS="1232" WIDTH="42" HEIGHT="26" WC="0.96" CONTENT="dag"/>
						</TextLine>
						<TextLine ID="line_35" HPOS="67" VPOS="1261" WIDTH="826" HEIGHT="29">
							<String ID="string_275" HPOS="67" VPOS="1267" WIDTH="45" HEIGHT="15" WC="0.96" CONTENT="som"/><SP WIDTH="16" VPOS="1267" HPOS="112"/>
							<String ID="string_276" HPOS="128" VPOS="1263" WIDTH="23" HEIGHT="19" WC="0.93" CONTENT="är"/><SP WIDTH="15" VPOS="1263" HPOS="151"/>
							<String ID="string_277" HPOS="166" VPOS="1261" WIDTH="117" HEIGHT="27" WC="0.92" CONTENT="inneligger"/><SP WIDTH="16" VPOS="1261" HPOS="283"/>
							<String ID="string_278" HPOS="299" VPOS="1262" WIDTH="97" HEIGHT="26" WC="0.93" CONTENT="omkring"/><SP WIDTH="14" VPOS="1262" HPOS="396"/>
							<String ID="string_279" HPOS="410" VPOS="1262" WIDTH="48" HEIGHT="28" WC="0.57" CONTENT="4!/2"/><SP WIDTH="16" VPOS="1262" HPOS="458"/>
							<String ID="string_280" HPOS="474" VPOS="1262" WIDTH="98" HEIGHT="27" WC="0.96" CONTENT="miljoner"/><SP WIDTH="13" VPOS="1262" HPOS="572"/>
							<String ID="string_281" HPOS="585" VPOS="1262" WIDTH="67" HEIGHT="25" WC="0.93" CONTENT="mark,"/><SP WIDTH="16" VPOS="1262" HPOS="652"/>
							<String ID="string_282" HPOS="668" VPOS="1262" WIDTH="88" HEIGHT="21" WC="0.92" CONTENT="oaktadt"/><SP WIDTH="13" VPOS="1262" HPOS="756"/>
							<String ID="string_283" HPOS="769" VPOS="1261" WIDTH="124" HEIGHT="28" WC="0.96" CONTENT="ytterligare"/>
						</TextLine>
						<TextLine ID="line_36" HPOS="67" VPOS="1289" WIDTH="825" HEIGHT="27">
							<String ID="string_284" HPOS="67" VPOS="1290" WIDTH="13" HEIGHT="22" WC="0.96" CONTENT="2"/><SP WIDTH="22" VPOS="1290" HPOS="80"/>
							<String ID="string_285" HPOS="102" VPOS="1289" WIDTH="98" HEIGHT="26" WC="0.93" CONTENT="miljoner"/><SP WIDTH="22" VPOS="1289" HPOS="200"/>
							<String ID="string_286" HPOS="222" VPOS="1290" WIDTH="71" HEIGHT="21" WC="0.92" CONTENT="blifvit"/><SP WIDTH="22" VPOS="1290" HPOS="293"/>
							<String ID="string_287" HPOS="315" VPOS="1290" WIDTH="125" HEIGHT="22" WC="0.91" CONTENT="nedsmälta."/><SP WIDTH="31" VPOS="1290" HPOS="440"/>
							<String ID="string_288" HPOS="471" VPOS="1291" WIDTH="44" HEIGHT="21" WC="0.96" CONTENT="Det"/><SP WIDTH="17" VPOS="1291" HPOS="515"/>
							<String ID="string_289" HPOS="532" VPOS="1290" WIDTH="67" HEIGHT="22" WC="0.92" CONTENT="borde"/><SP WIDTH="21" VPOS="1290" HPOS="599"/>
							<String ID="string_290" HPOS="620" VPOS="1290" WIDTH="83" HEIGHT="22" WC="0.96" CONTENT="således"/><SP WIDTH="18" VPOS="1290" HPOS="703"/>
							<String ID="string_291" HPOS="721" VPOS="1297" WIDTH="51" HEIGHT="15" WC="0.93" CONTENT="vara"/><SP WIDTH="18" VPOS="1297" HPOS="772"/>
							<String ID="string_292" HPOS="790" VPOS="1289" WIDTH="102" HEIGHT="27" WC="0.93" CONTENT="temligen"/>
						</TextLine>
						<TextLine ID="line_37" HPOS="66" VPOS="1317" WIDTH="827" HEIGHT="29">
							<String ID="string_293" HPOS="66" VPOS="1318" WIDTH="65" HEIGHT="25" WC="0.96" CONTENT="klart,"/><SP WIDTH="20" VPOS="1318" HPOS="131"/>
							<String ID="string_294" HPOS="151" VPOS="1320" WIDTH="32" HEIGHT="20" WC="0.96" CONTENT="att"/><SP WIDTH="18" VPOS="1320" HPOS="183"/>
							<String ID="string_295" HPOS="201" VPOS="1318" WIDTH="36" HEIGHT="22" WC="0.96" CONTENT="det"/><SP WIDTH="19" VPOS="1318" HPOS="237"/>
							<String ID="string_296" HPOS="256" VPOS="1319" WIDTH="33" HEIGHT="21" WC="0.96" CONTENT="till"/><SP WIDTH="16" VPOS="1319" HPOS="289"/>
							<String ID="string_297" HPOS="305" VPOS="1319" WIDTH="38" HEIGHT="21" WC="0.95" CONTENT="och"/><SP WIDTH="16" VPOS="1319" HPOS="343"/>
							<String ID="string_298" HPOS="359" VPOS="1319" WIDTH="49" HEIGHT="21" WC="0.96" CONTENT="med"/><SP WIDTH="16" VPOS="1319" HPOS="408"/>
							<String ID="string_299" HPOS="424" VPOS="1321" WIDTH="58" HEIGHT="19" WC="0.93" CONTENT="ännu"/><SP WIDTH="15" VPOS="1321" HPOS="482"/>
							<String ID="string_300" HPOS="497" VPOS="1319" WIDTH="68" HEIGHT="21" WC="0.92" CONTENT="finnes"/><SP WIDTH="15" VPOS="1319" HPOS="565"/>
							<String ID="string_301" HPOS="580" VPOS="1325" WIDTH="47" HEIGHT="15" WC="0.93" CONTENT="mer"/><SP WIDTH="14" VPOS="1325" HPOS="627"/>
							<String ID="string_302" HPOS="641" VPOS="1318" WIDTH="138" HEIGHT="28" WC="0.90" CONTENT="silfvermynt,"/><SP WIDTH="16" VPOS="1318" HPOS="779"/>
							<String ID="string_303" HPOS="795" VPOS="1321" WIDTH="26" HEIGHT="19" WC="0.93" CONTENT="än"/><SP WIDTH="15" VPOS="1321" HPOS="821"/>
							<String ID="string_304" HPOS="836" VPOS="1317" WIDTH="57" HEIGHT="21" WC="0.91" CONTENT="hvad"/>
						</TextLine>
						<TextLine ID="line_38" HPOS="66" VPOS="1345" WIDTH="828" HEIGHT="29">
							<String ID="string_305" HPOS="66" VPOS="1346" WIDTH="95" HEIGHT="22" WC="0.88" CONTENT="rörelsen"/><SP WIDTH="22" VPOS="1346" HPOS="161"/>
							<String ID="string_306" HPOS="183" VPOS="1347" WIDTH="106" HEIGHT="21" WC="0.91" CONTENT="behöfver."/><SP WIDTH="30" VPOS="1347" HPOS="289"/>
							<String ID="string_307" HPOS="319" VPOS="1348" WIDTH="42" HEIGHT="26" WC="0.96" CONTENT="Jag"/><SP WIDTH="21" VPOS="1348" HPOS="361"/>
							<String ID="string_308" HPOS="382" VPOS="1348" WIDTH="42" HEIGHT="20" WC="0.93" CONTENT="kan"/><SP WIDTH="20" VPOS="1348" HPOS="424"/>
							<String ID="string_309" HPOS="444" VPOS="1348" WIDTH="84" HEIGHT="21" WC="0.92" CONTENT="säledes"/><SP WIDTH="19" VPOS="1348" HPOS="528"/>
							<String ID="string_310" HPOS="547" VPOS="1345" WIDTH="48" HEIGHT="24" WC="0.93" CONTENT="icke"/><SP WIDTH="15" VPOS="1345" HPOS="595"/>
							<String ID="string_311" HPOS="610" VPOS="1349" WIDTH="65" HEIGHT="19" WC="0.97" CONTENT="annat"/><SP WIDTH="13" VPOS="1349" HPOS="675"/>
							<String ID="string_312" HPOS="688" VPOS="1347" WIDTH="63" HEIGHT="27" WC="0.96" CONTENT="finna,"/><SP WIDTH="17" VPOS="1347" HPOS="751"/>
							<String ID="string_313" HPOS="768" VPOS="1350" WIDTH="26" HEIGHT="18" WC="0.96" CONTENT="än"/><SP WIDTH="16" VPOS="1350" HPOS="794"/>
							<String ID="string_314" HPOS="810" VPOS="1347" WIDTH="32" HEIGHT="20" WC="0.96" CONTENT="att"/><SP WIDTH="15" VPOS="1347" HPOS="842"/>
							<String ID="string_315" HPOS="857" VPOS="1345" WIDTH="37" HEIGHT="21" WC="0.96" CONTENT="det"/>
						</TextLine>
						<TextLine ID="line_39" HPOS="67" VPOS="1374" WIDTH="825" HEIGHT="32">
							<String ID="string_316" HPOS="67" VPOS="1381" WIDTH="37" HEIGHT="15" WC="0.93" CONTENT="var"/><SP WIDTH="23" VPOS="1381" HPOS="104"/>
							<String ID="string_317" HPOS="127" VPOS="1376" WIDTH="87" HEIGHT="21" WC="0.93" CONTENT="alldeles"/><SP WIDTH="22" VPOS="1376" HPOS="214"/>
							<String ID="string_318" HPOS="236" VPOS="1376" WIDTH="81" HEIGHT="26" WC="0.92" CONTENT="riktigt,"/><SP WIDTH="24" VPOS="1376" HPOS="317"/>
							<String ID="string_319" HPOS="341" VPOS="1377" WIDTH="32" HEIGHT="20" WC="0.96" CONTENT="att"/><SP WIDTH="21" VPOS="1377" HPOS="373"/>
							<String ID="string_320" HPOS="394" VPOS="1376" WIDTH="126" HEIGHT="27" WC="0.93" CONTENT="regeringen"/><SP WIDTH="22" VPOS="1376" HPOS="520"/>
							<String ID="string_321" HPOS="542" VPOS="1376" WIDTH="82" HEIGHT="21" WC="0.93" CONTENT="vidhöll"/><SP WIDTH="19" VPOS="1376" HPOS="624"/>
							<String ID="string_322" HPOS="643" VPOS="1376" WIDTH="69" HEIGHT="21" WC="0.93" CONTENT="denna"/><SP WIDTH="17" VPOS="1376" HPOS="712"/>
							<String ID="string_323" HPOS="729" VPOS="1374" WIDTH="163" HEIGHT="32" WC="0.92" CONTENT="nedsmältning."/>
						</TextLine>
						<TextLine ID="line_40" HPOS="68" VPOS="1404" WIDTH="825" HEIGHT="28">
							<String ID="string_324" HPOS="68" VPOS="1404" WIDTH="45" HEIGHT="21" WC="0.93" CONTENT="Och"/><SP WIDTH="19" VPOS="1404" HPOS="113"/>
							<String ID="string_325" HPOS="132" VPOS="1404" WIDTH="56" HEIGHT="21" WC="0.90" CONTENT="hvad"/><SP WIDTH="18" VPOS="1404" HPOS="188"/>
							<String ID="string_326" HPOS="206" VPOS="1404" WIDTH="54" HEIGHT="22" WC="0.96" CONTENT="hade"/><SP WIDTH="19" VPOS="1404" HPOS="260"/>
							<String ID="string_327" HPOS="279" VPOS="1404" WIDTH="34" HEIGHT="22" WC="0.93" CONTENT="väl"/><SP WIDTH="18" VPOS="1404" HPOS="313"/>
							<String ID="string_328" HPOS="331" VPOS="1404" WIDTH="81" HEIGHT="28" WC="0.91" CONTENT="följden"/><SP WIDTH="18" VPOS="1404" HPOS="412"/>
							<String ID="string_329" HPOS="430" VPOS="1404" WIDTH="80" HEIGHT="27" WC="0.89" CONTENT="blifvit,"/><SP WIDTH="16" VPOS="1404" HPOS="510"/>
							<String ID="string_330" HPOS="526" VPOS="1411" WIDTH="35" HEIGHT="15" WC="0.93" CONTENT="om"/><SP WIDTH="16" VPOS="1411" HPOS="561"/>
							<String ID="string_331" HPOS="577" VPOS="1405" WIDTH="123" HEIGHT="21" WC="0.92" CONTENT="densamma"/><SP WIDTH="14" VPOS="1405" HPOS="700"/>
							<String ID="string_332" HPOS="714" VPOS="1404" WIDTH="46" HEIGHT="22" WC="0.93" CONTENT="icke"/><SP WIDTH="15" VPOS="1404" HPOS="760"/>
							<String ID="string_333" HPOS="775" VPOS="1404" WIDTH="118" HEIGHT="25" WC="0.92" CONTENT="företagits."/>
						</TextLine>
						<TextLine ID="line_41" HPOS="67" VPOS="1431" WIDTH="827" HEIGHT="29">
							<String ID="string_334" HPOS="67" VPOS="1433" WIDTH="94" HEIGHT="26" WC="0.95" CONTENT="Antaget"/><SP WIDTH="18" VPOS="1433" HPOS="161"/>
							<String ID="string_335" HPOS="179" VPOS="1434" WIDTH="33" HEIGHT="20" WC="0.96" CONTENT="att"/><SP WIDTH="16" VPOS="1434" HPOS="212"/>
							<String ID="string_336" HPOS="228" VPOS="1434" WIDTH="26" HEIGHT="21" WC="0.88" CONTENT="19"/><SP WIDTH="16" VPOS="1434" HPOS="254"/>
							<String ID="string_337" HPOS="270" VPOS="1433" WIDTH="11" HEIGHT="27" WC="0.89" CONTENT="$"/><SP WIDTH="16" VPOS="1433" HPOS="281"/>
							<String ID="string_338" HPOS="297" VPOS="1433" WIDTH="22" HEIGHT="21" WC="0.93" CONTENT="af"/><SP WIDTH="13" VPOS="1433" HPOS="319"/>
							<String ID="string_339" HPOS="332" VPOS="1434" WIDTH="121" HEIGHT="26" WC="0.92" CONTENT="myntlagen"/><SP WIDTH="17" VPOS="1434" HPOS="453"/>
							<String ID="string_340" HPOS="470" VPOS="1434" WIDTH="69" HEIGHT="20" WC="0.93" CONTENT="skulle"/><SP WIDTH="15" VPOS="1434" HPOS="539"/>
							<String ID="string_341" HPOS="554" VPOS="1434" WIDTH="59" HEIGHT="20" WC="0.93" CONTENT="trädt"/><SP WIDTH="14" VPOS="1434" HPOS="613"/>
							<String ID="string_342" HPOS="627" VPOS="1434" WIDTH="7" HEIGHT="20" WC="0.96" CONTENT="i"/><SP WIDTH="15" VPOS="1434" HPOS="634"/>
							<String ID="string_343" HPOS="649" VPOS="1433" WIDTH="97" HEIGHT="27" WC="0.96" CONTENT="gällande"/><SP WIDTH="16" VPOS="1433" HPOS="746"/>
							<String ID="string_344" HPOS="762" VPOS="1431" WIDTH="64" HEIGHT="26" WC="0.96" CONTENT="kraft,"/><SP WIDTH="15" VPOS="1431" HPOS="826"/>
							<String ID="string_345" HPOS="841" VPOS="1432" WIDTH="53" HEIGHT="20" WC="0.96" CONTENT="utan"/>
						</TextLine>
						<TextLine ID="line_42" HPOS="68" VPOS="1459" WIDTH="826" HEIGHT="30">
							<String ID="string_346" HPOS="68" VPOS="1462" WIDTH="32" HEIGHT="20" WC="0.92" CONTENT="att"/><SP WIDTH="14" VPOS="1462" HPOS="100"/>
							<String ID="string_347" HPOS="114" VPOS="1461" WIDTH="155" HEIGHT="27" WC="0.92" CONTENT="nedsmältning"/><SP WIDTH="16" VPOS="1461" HPOS="269"/>
							<String ID="string_348" HPOS="285" VPOS="1461" WIDTH="62" HEIGHT="22" WC="0.94" CONTENT="skett."/><SP WIDTH="23" VPOS="1461" HPOS="347"/>
							<String ID="string_349" HPOS="370" VPOS="1462" WIDTH="46" HEIGHT="20" WC="0.93" CONTENT="Min"/><SP WIDTH="15" VPOS="1462" HPOS="416"/>
							<String ID="string_350" HPOS="431" VPOS="1462" WIDTH="135" HEIGHT="26" WC="0.92" CONTENT="fullkomliga"/><SP WIDTH="10" VPOS="1462" HPOS="566"/>
							<String ID="string_351" HPOS="576" VPOS="1462" WIDTH="140" HEIGHT="27" WC="0.92" CONTENT="öfvertygelse"/><SP WIDTH="10" VPOS="1462" HPOS="716"/>
							<String ID="string_352" HPOS="726" VPOS="1463" WIDTH="29" HEIGHT="23" WC="0.95" CONTENT="är,"/><SP WIDTH="13" VPOS="1463" HPOS="755"/>
							<String ID="string_353" HPOS="768" VPOS="1462" WIDTH="31" HEIGHT="20" WC="0.93" CONTENT="att"/><SP WIDTH="9" VPOS="1462" HPOS="799"/>
							<String ID="string_354" HPOS="808" VPOS="1459" WIDTH="86" HEIGHT="22" WC="0.92" CONTENT="banken"/>
						</TextLine>
						<TextLine ID="line_43" HPOS="68" VPOS="1488" WIDTH="826" HEIGHT="29">
							<String ID="string_355" HPOS="68" VPOS="1490" WIDTH="132" HEIGHT="21" WC="0.91" CONTENT="omedelbart"/><SP WIDTH="11" VPOS="1490" HPOS="200"/>
							<String ID="string_356" HPOS="211" VPOS="1490" WIDTH="8" HEIGHT="20" WC="0.92" CONTENT="i"/><SP WIDTH="12" VPOS="1490" HPOS="219"/>
							<String ID="string_357" HPOS="231" VPOS="1490" WIDTH="154" HEIGHT="21" WC="0.92" CONTENT="statskontoret"/><SP WIDTH="10" VPOS="1490" HPOS="385"/>
							<String ID="string_358" HPOS="395" VPOS="1490" WIDTH="89" HEIGHT="21" WC="0.91" CONTENT="företett"/><SP WIDTH="10" VPOS="1490" HPOS="484"/>
							<String ID="string_359" HPOS="494" VPOS="1491" WIDTH="13" HEIGHT="21" WC="0.96" CONTENT="2"/><SP WIDTH="11" VPOS="1491" HPOS="507"/>
							<String ID="string_360" HPOS="518" VPOS="1490" WIDTH="52" HEIGHT="21" WC="0.95" CONTENT="eller"/><SP WIDTH="10" VPOS="1490" HPOS="570"/>
							<String ID="string_361" HPOS="580" VPOS="1491" WIDTH="20" HEIGHT="25" WC="0.93" CONTENT="3,"/><SP WIDTH="11" VPOS="1491" HPOS="600"/>
							<String ID="string_362" HPOS="611" VPOS="1490" WIDTH="81" HEIGHT="22" WC="0.91" CONTENT="kanske"/><SP WIDTH="10" VPOS="1490" HPOS="692"/>
							<String ID="string_363" HPOS="702" VPOS="1490" WIDTH="14" HEIGHT="21" WC="0.96" CONTENT="4"/><SP WIDTH="10" VPOS="1490" HPOS="716"/>
							<String ID="string_364" HPOS="726" VPOS="1490" WIDTH="97" HEIGHT="27" WC="0.96" CONTENT="miljoner"/><SP WIDTH="9" VPOS="1490" HPOS="823"/>
							<String ID="string_365" HPOS="832" VPOS="1488" WIDTH="62" HEIGHT="21" WC="0.96" CONTENT="mark"/>
						</TextLine>
						<TextLine ID="line_44" HPOS="68" VPOS="1513" WIDTH="826" HEIGHT="32">
							<String ID="string_366" HPOS="68" VPOS="1517" WIDTH="133" HEIGHT="28" WC="0.62" CONTENT="silfvermynt"/><SP WIDTH="15" VPOS="1517" HPOS="201"/>
							<String ID="string_367" HPOS="216" VPOS="1518" WIDTH="32" HEIGHT="21" WC="0.93" CONTENT="till"/><SP WIDTH="16" VPOS="1518" HPOS="248"/>
							<String ID="string_368" HPOS="264" VPOS="1518" WIDTH="81" HEIGHT="21" WC="0.96" CONTENT="inlösen"/><SP WIDTH="16" VPOS="1518" HPOS="345"/>
							<String ID="string_369" HPOS="361" VPOS="1520" WIDTH="57" HEIGHT="19" WC="0.96" CONTENT="emot"/><SP WIDTH="15" VPOS="1520" HPOS="418"/>
							<String ID="string_370" HPOS="433" VPOS="1519" WIDTH="59" HEIGHT="26" WC="0.93" CONTENT="guld."/><SP WIDTH="23" VPOS="1519" HPOS="492"/>
							<String ID="string_371" HPOS="515" VPOS="1513" WIDTH="98" HEIGHT="27" WC="0.96" CONTENT="Återstår"/><SP WIDTH="11" VPOS="1513" HPOS="613"/>
							<String ID="string_372" HPOS="624" VPOS="1520" WIDTH="32" HEIGHT="19" WC="0.92" CONTENT="att"/><SP WIDTH="11" VPOS="1520" HPOS="656"/>
							<String ID="string_373" HPOS="667" VPOS="1525" WIDTH="28" HEIGHT="19" WC="0.96" CONTENT="se,"/><SP WIDTH="13" VPOS="1525" HPOS="695"/>
							<String ID="string_374" HPOS="708" VPOS="1524" WIDTH="32" HEIGHT="15" WC="0.93" CONTENT="om"/><SP WIDTH="10" VPOS="1524" HPOS="740"/>
							<String ID="string_375" HPOS="750" VPOS="1517" WIDTH="48" HEIGHT="22" WC="0.96" CONTENT="icke"/><SP WIDTH="11" VPOS="1517" HPOS="798"/>
							<String ID="string_376" HPOS="809" VPOS="1517" WIDTH="85" HEIGHT="21" WC="0.96" CONTENT="banken"/>
						</TextLine>
						<TextLine ID="line_45" HPOS="67" VPOS="1545" WIDTH="828" HEIGHT="28">
							<String ID="string_377" HPOS="67" VPOS="1546" WIDTH="33" HEIGHT="21" WC="0.96" CONTENT="till"/><SP WIDTH="16" VPOS="1546" HPOS="100"/>
							<String ID="string_378" HPOS="116" VPOS="1546" WIDTH="39" HEIGHT="21" WC="0.96" CONTENT="och"/><SP WIDTH="18" VPOS="1546" HPOS="155"/>
							<String ID="string_379" HPOS="173" VPOS="1547" WIDTH="48" HEIGHT="20" WC="0.96" CONTENT="med"/><SP WIDTH="19" VPOS="1547" HPOS="221"/>
							<String ID="string_380" HPOS="240" VPOS="1549" WIDTH="57" HEIGHT="18" WC="0.96" CONTENT="ännu"/><SP WIDTH="19" VPOS="1549" HPOS="297"/>
							<String ID="string_381" HPOS="316" VPOS="1547" WIDTH="56" HEIGHT="21" WC="0.96" CONTENT="skall"/><SP WIDTH="15" VPOS="1547" HPOS="372"/>
							<String ID="string_382" HPOS="387" VPOS="1547" WIDTH="7" HEIGHT="20" WC="0.93" CONTENT="i"/><SP WIDTH="16" VPOS="1547" HPOS="394"/>
							<String ID="string_383" HPOS="410" VPOS="1547" WIDTH="78" HEIGHT="21" WC="0.91" CONTENT="sädant"/><SP WIDTH="16" VPOS="1547" HPOS="488"/>
							<String ID="string_384" HPOS="504" VPOS="1547" WIDTH="99" HEIGHT="22" WC="0.92" CONTENT="afseende"/><SP WIDTH="14" VPOS="1547" HPOS="603"/>
							<String ID="string_385" HPOS="617" VPOS="1547" WIDTH="8" HEIGHT="21" WC="0.93" CONTENT="i"/><SP WIDTH="15" VPOS="1547" HPOS="625"/>
							<String ID="string_386" HPOS="640" VPOS="1547" WIDTH="153" HEIGHT="21" WC="0.92" CONTENT="statskontoret"/><SP WIDTH="15" VPOS="1547" HPOS="793"/>
							<String ID="string_387" HPOS="808" VPOS="1545" WIDTH="87" HEIGHT="28" WC="0.93" CONTENT="placera"/>
						</TextLine>
					</TextBlock>
				</ComposedBlock>
			</PrintSpace>
		</Page>
	</Layout>
</alto>
