1086 1736
349 131 96 23 Borgarest.
456 131 47 19 1888.
523 130 25 19 22
560 130 39 24 Maj.
820 131 46 18 1253

131 200 69 21 Sedan
223 202 175 25 representanten
414 199 33 21 för
465 200 72 21 Kotka
552 200 55 26 stad,
624 199 24 21 hr
664 199 110 27 Tallqvist,
791 200 32 21 till
840 200 48 20 bor-

61 228 138 27 gareståndet
214 228 103 21 inlemnat
332 230 30 19 ett
376 228 79 26 utdrag
470 234 25 15 ur
505 228 139 27 protokollet,
656 228 60 21 fördt
726 228 34 20 vid
772 228 115 22 förstärkte

63 256 204 27 stadsfullmäktiges
286 257 3 20 i
304 256 72 22 Kotka
391 256 157 22 sammanträde
564 257 41 21 den
622 257 11 21 7
650 256 113 22 december
780 257 52 22 1887
847 256 39 22 och

62 284 226 27 vidhandengifvande,
316 287 31 18 att
366 285 74 20 Kotka
461 285 47 20 stad
524 285 68 20 under
607 285 63 25 vissa,
687 285 5 20 i
709 284 92 21 berörda
816 288 73 24 proto-

63 313 135 26 kollsutdrag
213 315 98 19 närmare
326 313 87 26 angifna
428 313 69 21 vilkor
513 313 109 21 förbundit
638 313 34 26 sig
682 315 38 23 att,
732 313 70 20 såsom
814 314 74 26 bidrag

62 341 35 22 till
123 341 110 27 byggande
259 341 23 21 af
303 347 25 16 en
349 341 90 27 jernväg
461 341 46 21 från
531 341 97 22 Kouvola
650 341 180 27 jernvägsstation
854 342 32 21 till

64 370 91 21 nämnda
179 370 54 26 stad,
257 370 96 21 utbetala
375 372 31 19 ett
425 370 77 27 belopp
518 370 24 21 af
555 370 55 21 ända
626 369 32 21 till
675 370 93 25 500,000
784 370 64 25 mark,
865 370 24 21 så

65 398 71 21 beslöt
156 398 181 27 borgareståndet,
358 399 48 20 med
426 399 115 26 anledning
560 398 62 21 deraf
636 400 32 19 att
683 398 157 21 ständerbeslut
855 404 32 15 om

64 426 114 22 utförande
197 427 22 21 af
237 426 191 27 ifrågavavarande
445 427 91 26 jernväg
551 433 88 14 numera
655 426 89 27 förelåg,
760 427 36 20 det
812 427 77 20 omför-

66 455 70 21 mälda
163 455 195 27 protokollsutdrag
383 455 70 21 skulle
477 456 123 20 remitteras
622 455 32 21 tili
676 455 213 26 jernvägsutskottet,

65 489 45 16 som
130 484 53 27 egde
202 484 71 21 vidare
293 483 100 22 befordra
409 484 118 21 detsamma
542 483 33 22 till
592 483 244 27 expeditionsutskottet,
854 483 34 22 för

67 514 33 19 att
115 512 96 27 biläggas
227 512 126 21 ständernas
369 512 147 27 underdåniga
532 511 176 22 svarsskrifvelse
722 512 7 20 i
744 512 114 27 anledning
868 511 23 22 af

67 541 59 21 Hans
149 541 120 26 Kejserliga
291 540 113 27 Majestäts
428 540 77 27 nådiga
528 541 138 26 proposition,
689 541 109 25 angående
818 541 71 20 vidare

63 568 226 28 jernvägsbyggnader
303 569 6 20 i
327 569 79 20 landet.

136 655 104 26 Företogs
259 654 33 21 till
312 653 129 28 behandling
460 654 155 27 lagutskottets
634 654 103 27 borlagda
756 654 134 22 betänkande

73 689 34 15 n:o
127 683 27 21 22
173 683 6 20 i
195 682 114 27 anledning
325 682 22 21 af
361 682 154 27 prokuratorns
531 683 6 20 i
553 683 115 27 kejserliga
684 685 85 19 senaten
785 683 33 21 till
834 685 56 19 stän-

70 712 67 21 derna
155 711 79 26 afgifna
254 711 115 21 berättelse
389 717 34 14 om
443 711 161 27 lagskipningen
621 711 39 21 och
675 711 98 26 lagarnes
789 711 101 22 handhaf-

68 741 69 20 vande
152 740 7 21 i
174 739 71 27 öfrigt.
275 739 80 21 Härvid
371 739 72 22 anhöll

137 768 25 21 hr
181 767 123 22 Valentin
323 767 155 22 Gummerus
499 775 32 14 om
548 768 62 21 ordet
625 768 38 21 och
679 768 93 27 yttrade:
796 768 32 21 Då
843 774 48 21 pro-

69 797 114 21 kuratorns
201 796 121 26 berättelse,
341 797 110 26 angående
472 796 159 28 lagskipningen
652 797 39 21 och
710 797 98 26 lagarnas
826 797 66 21 hand-

68 825 107 22 hafvande
190 825 6 20 i
213 825 72 26 öfrigt,
302 824 110 27 föredrogs
430 825 5 20 i
451 825 59 21 detta
525 825 69 26 stånd,
610 827 36 24 tog
659 825 38 27 jag
708 825 41 26 mig
760 825 90 21 friheten
862 827 30 19 att

71 854 47 21 med
135 853 114 26 anledning
265 853 22 21 af
301 853 40 20 den
357 853 45 21 deri
419 853 91 21 berörda
525 853 75 27 frågan
611 853 110 27 angående
731 859 54 20 unge
793 853 99 27 juristers

69 882 119 26 utbildning
211 881 38 21 och
266 881 35 21 det
316 881 7 21 i
339 881 152 27 sammanhang
505 882 86 21 dermed
602 882 89 20 stående
702 882 192 26 vikariatsystemet

69 910 69 22 uttala
158 910 39 21 den
218 910 148 26 förhoppning,
387 912 31 18 att
437 909 143 27 lagutskottet
598 910 46 21 icke
661 910 69 20 skulle
745 910 48 20 med
808 910 86 26 tystnad

69 938 85 27 förbigå
176 938 69 21 denna
266 938 81 26 vigtiga
362 938 67 26 fråga,
445 941 50 18 utan
516 944 54 20 egna
589 939 123 20 densamma
731 944 25 15 en
776 938 116 27 pröfvande

70 967 194 27 uppmärksamhet.
294 966 34 21 Då
344 966 37 27 jag
401 967 75 27 gjorde
497 966 65 26 detta,
583 966 87 22 tviflade
689 967 36 26 jag
740 966 46 21 icke
802 968 31 20 att
849 967 43 27 lag-

70 996 106 20 utskottet
191 995 70 21 skulle
276 994 126 22 konstatera
417 995 120 27 betydande
552 995 199 21 missförhållanden
762 995 131 21 beträftande

70 1023 60 22 detta
148 1025 85 25 system.
264 1023 49 21 Men
330 1023 36 26 jag
386 1023 81 27 vågade
489 1023 63 21 likväl
570 1023 122 26 förutsätta,
708 1025 30 19 att
753 1019 140 41 lagutskottet

70 1052 69 21 skulle
159 1052 97 26 företaga
275 1051 33 21 till
327 1051 99 33 pröfning
445 1051 40 22 och
500 1052 69 21 uttala
584 1052 39 26 sig,
640 1040 104 33 huruvida
759 1051 39 32 den
815 1052 77 25 praxis,

71 1087 46 15 som
133 1081 129 20 härutinnan
282 1080 109 21 utvecklat
406 1081 40 26 sig,
462 1081 49 20 stod
528 1080 26 27 på
570 1080 170 26 lagstiftningens
756 1075 75 31 grund,
848 1080 45 27 och,

71 1109 7 21 i
98 1111 87 19 motsatt
201 1109 46 25 fall,
263 1108 125 21 allvarsamt
404 1109 31 20 till
453 1109 137 26 iakttagande
602 1108 87 21 förorda
700 1108 54 21 hvad
770 1108 34 26 lag
820 1097 73 33 härom

72 1137 115 26 innehölle,
203 1140 56 18 samt
275 1137 70 26 ocksä,
361 1137 73 21 derest
449 1137 160 26 lagstiftningen
627 1137 102 21 befunnes
740 1143 50 14 vara
801 1137 93 21 bristfäl-

71 1166 38 26 lig,
131 1166 27 26 pä
181 1171 82 16 samma
285 1167 44 19 sätt
350 1171 45 15 som
415 1165 106 21 utskottet
539 1165 117 21 behandlat
674 1164 74 27 frägan
768 1170 33 15 om
821 1164 73 22 äkten-

72 1194 157 27 skapsskilnad,
251 1194 68 21 uttala
342 1194 32 26 sig
397 1194 6 20 i
426 1193 85 21 hvilken
535 1194 93 26 rigtning
648 1193 160 27 lagstiftningen
829 1193 65 23 borde

72 1222 96 27 undergä
186 1223 96 25 ändring,
298 1222 33 20 för
347 1225 31 17 att
393 1222 163 26 ifrägavarande
571 1222 148 21 förhällanden
735 1221 67 21 skulle
818 1222 27 26 pä
859 1224 37 19 än-

72 1251 151 26 damälsenligt
242 1250 40 22 och
300 1250 200 22 tillfredsställande
520 1252 43 19 sätt
578 1250 85 21 ordnas.
694 1250 106 20 Måhända
816 1256 36 15 var
868 1257 27 15 nu

73 1280 71 21 denna
166 1279 152 26 förutsättning
341 1279 38 21 och
402 1278 144 28 förhoppning
561 1278 73 22 alltför
653 1278 62 27 djerf,
736 1278 103 21 måhända
858 1285 38 16 var

73 1308 71 21 denna
165 1307 158 26 undersökning
345 1306 23 22 af
385 1307 25 21 sä
428 1309 56 19 stort
503 1307 92 27 omfäng,
616 1309 31 19 att
662 1308 37 20 det
713 1313 37 15 var
765 1306 33 21 för
814 1308 82 26 mycket

73 1336 99 27 begärdt,
191 1338 32 19 att
240 1335 142 27 lagutskottet
403 1335 70 21 skulle
493 1336 97 26 företaga
608 1335 129 21 densamma.
766 1334 50 22 Men
818 1330 16 37 i
854 1336 43 21 alla

73 1364 39 22 fall
135 1366 24 20 är
181 1364 74 27 frågan
278 1364 23 21 af
321 1370 25 15 en
366 1364 109 26 synnerlig
494 1364 45 26 vigt
558 1364 33 20 för
610 1363 170 27 rättskipningen
796 1364 6 20 i
818 1364 78 22 landet.

74 1393 113 21 Erkänner
206 1399 47 15 man
273 1398 28 15 nu
321 1392 59 21 detta
400 1392 39 21 och
459 1392 110 27 derjemte,
585 1394 31 19 att
632 1392 119 26 betydande
766 1391 131 23 missförhäl-

75 1422 78 20 landen
173 1421 136 25 förekomma,
329 1420 41 21 blir
388 1420 38 21 det
444 1421 98 21 tröstlöst
561 1422 32 19 att
608 1420 56 26 gäng
679 1420 27 27 pä
721 1420 55 26 gäng
792 1420 21 21 fä
828 1420 70 22 erfara

75 1449 60 21 detta
157 1449 39 21 och
214 1449 76 26 tillika,
309 1448 73 27 hvarje
402 1448 56 27 gäng
477 1449 28 20 dä
523 1448 75 27 frägan
614 1449 95 20 kommer
724 1448 52 25 före,
792 1448 58 26 höra,
866 1451 32 20 att

75 1477 110 27 ingenting
200 1477 32 21 till
249 1477 77 21 sakens
342 1476 148 21 förbättrande
505 1477 41 20 kan
562 1479 70 24 göras.
662 1477 38 20 Att
714 1476 101 26 äterigen,
827 1477 70 21 säsom

75 1505 105 21 utskottet
198 1505 62 27 gjort,
280 1505 48 21 med
350 1504 67 27 nägra
439 1505 64 21 rader
522 1504 23 22 af
562 1505 107 21 allmänna
688 1504 68 21 fraser
771 1504 58 26 gifva
844 1507 54 20 tröst

74 1535 110 25 gentemot
206 1534 62 21 dessa
291 1532 138 27 olägenheter
447 1533 40 21 och
503 1532 207 26 missförhällanden,
726 1534 24 18 är
764 1538 88 16 snarare
868 1536 31 19 att

75 1561 97 27 skymma
188 1562 47 20 bort
250 1561 81 27 frägan,
347 1562 26 20 än
390 1563 32 19 att
437 1561 89 27 bidraga
541 1562 32 20 till
590 1562 48 20 dess
655 1561 88 26 lösning.

808 1605 22 17 80
