1086 1739
220 136 38 31 868
494 143 94 22 Borgarest.
601 143 47 19 1888.
672 143 10 19 3
695 143 40 23 Maj.

272 210 31 21 Hr
308 211 95 28 Valle:
427 212 73 21 Fhuru
518 212 36 28 jag
573 219 42 22 nog
634 214 96 20 senterar
744 212 33 22 till
793 212 35 21 det
845 212 179 25 betraktelsesätt,

202 245 46 14 som
264 239 25 20 hr
304 239 86 28 Öhberg
405 241 113 26 framstält,
534 244 31 19 att
581 241 177 28 undervisningen
771 241 6 21 i
793 241 151 21 bottenskolan
959 240 65 22 borde

202 273 52 15 vara
268 267 34 27 fri,
318 269 40 21 och
373 269 6 21 i
395 269 40 21 den
450 269 67 28 högre
532 270 73 21 skolan
622 270 96 21 deremot
733 270 100 27 beläggas
845 269 48 22 med
905 269 67 28 afgift,
985 269 39 22 och

203 295 33 22 för
250 296 82 23 hvilket
346 297 94 28 yrkande
456 298 98 21 anfördes
570 299 36 21 det
622 299 52 26 skäl,
690 300 32 20 att
737 298 109 27 friplatser
859 298 24 27 ju
899 297 65 22 finnas
980 298 6 21 i
999 298 25 21 de

203 325 61 21 lärda
279 326 106 26 skolorna,
401 327 24 20 så
439 327 37 21 vill
489 333 38 21 Jag
538 327 56 22 blott
604 328 99 26 påminna
714 327 79 25 derom,
806 328 33 20 att
849 326 175 28 borgareståndet

203 353 115 22 behandlat
338 361 25 14 en
382 356 89 25 petition
491 361 34 15 om
544 356 72 27 dylika
634 356 114 27 friplatser,
769 355 88 21 hvarvid
875 355 65 21 bland
960 357 64 19 annat

202 382 116 27 framhölls,
338 385 32 19 att
387 383 147 28 friplatsernas
552 385 59 21 antal
630 391 37 15 var
686 385 33 20 för
737 384 54 21 litet.
822 384 50 21 Man
891 384 80 27 yrkade
989 384 35 20 väl

202 411 34 27 på,
252 413 32 20 att
300 418 25 15 en
340 412 42 21 viss
401 414 88 25 procent
504 413 23 20 af
544 413 126 22 elevantalet
690 413 55 28 finge
764 413 117 26 friplatser,
897 419 48 14 men
965 413 59 20 detta

202 446 55 15 vann
276 440 47 22 icke
338 441 187 27 borgareståndets
539 441 66 23 bifall.

272 469 32 21 Hr
318 470 128 22 Nissinen:
469 470 56 22 Tätä
539 471 79 27 yleisen
633 470 222 22 valitusvaliokunnan
871 470 111 21 mietintöä
997 476 26 14 en

202 497 34 21 voi
255 498 108 27 hyväksyä
381 498 48 22 siitä
448 501 79 25 syystä,
549 500 45 20 kun
613 500 54 21 siinä
686 501 103 20 sanotaan
809 500 43 20 että
871 498 152 22 koulumaksut

202 528 50 19 ovat
267 527 65 27 väljät
344 527 23 27 ja
383 528 150 27 edellytetään,
549 530 44 19 että
608 528 102 28 lyseoissa
726 528 47 21 olisi
788 528 144 20 koroitettava
947 527 75 21 koulu-

202 554 84 22 maksut
300 555 22 27 ja
341 556 50 21 ettei
409 556 49 22 siitä
477 559 71 25 syystä
566 557 64 21 muka
648 557 45 21 sovi
712 556 165 28 tyttökouluissa
899 556 123 21 lukukausi-

201 583 90 22 maksua
305 584 110 22 vähentää.
446 585 67 21 Tämä
527 592 25 14 on
567 592 54 15 vaan
632 585 167 27 edellyttämistä
809 585 119 21 semmoisia
939 584 82 26 asioita,

199 611 62 27 jotka
269 612 57 22 eivät
334 613 145 22 toivottavasti
487 614 45 21 tule
539 614 215 27 tapahtumaankaan,
764 614 24 27 ja
799 614 44 20 kun
851 612 171 28 poikakouluista

200 640 189 23 koulumaksuasia
403 642 57 21 tulee
475 642 160 28 kysymykseen,
656 643 44 21 niin
719 642 90 22 voidaan
829 642 41 21 sitä
885 642 57 27 kyllä
957 642 64 20 sitten

201 669 83 21 miettiä
300 670 23 27 ja
341 670 86 22 väitellä
445 671 55 26 siitä,
521 671 41 21 kun
579 672 75 26 joskus
673 678 22 15 se
714 672 45 21 asia
781 671 58 21 tulee
861 670 159 28 kysymykseen.

201 698 53 20 Mitä
265 698 57 22 tulee
332 699 87 21 makson
435 700 179 27 koroittamiseen,
629 701 43 20 niin
689 706 26 15 en
730 700 63 21 katso
806 699 173 27 poikakouluissa
990 699 31 21 lu-

200 726 195 28 kukausmaksujen
410 728 129 28 ylennyksen
556 729 73 21 olevan
645 729 99 21 lainkaan
763 730 89 25 tarpeen
869 728 113 26 vaatiman,
998 728 24 26 ja

201 761 23 15 se
239 755 46 21 asia
300 756 20 21 ei
334 756 123 22 kuulukaan
473 757 73 26 tähän;
562 760 69 18 mutta
646 758 81 21 tahdon
747 758 125 20 ainoastaan
888 762 65 16 sanoa
968 756 53 21 mitä

200 784 65 20 tähän
281 785 74 21 asiaan
370 785 86 21 koskee.
487 786 58 21 Minä
560 792 26 15 en
601 786 62 21 katso
683 786 115 27 sopivaksi,
815 787 44 19 että
877 785 84 27 tytöiltä
976 787 44 19 ote-

198 814 52 19 taan
266 814 105 26 suurempi
386 814 190 22 lukukausimakso
591 815 51 21 kuin
660 815 81 27 pojilta,
761 815 23 26 ja
807 814 77 21 katson
906 814 62 20 aivan
988 820 32 14 so-

200 841 158 27 pimattomaksi
373 844 44 20 että
431 843 52 21 tällä
498 844 63 26 tapaa
576 844 131 21 veroitetaan
723 844 110 20 enemmän
851 842 52 22 niitä
921 842 99 21 vanhem-

199 870 43 26 pia,
255 870 61 26 joilla
332 877 26 15 on
373 872 83 26 tyttöjä,
473 871 51 21 kuin
539 872 57 26 niitä,
610 872 61 27 joilla
684 879 26 15 on
722 872 79 27 poikia,
813 871 44 21 kun
869 872 86 20 otetaan
971 877 48 15 suu-

199 898 67 27 rempi
288 898 141 23 koulumaksu
456 900 60 21 ensin
540 900 136 26 mainituilta;
705 901 49 21 siitä
779 902 72 25 syystä
873 906 26 15 en
925 900 34 20 voi
981 899 38 27 hy-

199 926 80 28 väksyä
300 928 153 22 valiokunnane
465 929 115 27 mietintöä,
603 936 54 14 vaan
676 930 72 26 yhdyn
769 929 72 21 niiden
861 928 157 27 mielipiteisiin,

195 954 65 27 jotka
275 958 49 19 ovat
339 956 152 22 kannattaneet
507 958 221 21 anomusehdotuksen
744 957 103 27 tekijöitä.

268 984 32 21 Hr
318 985 112 28 Nyberg:
451 986 42 27 Jag
512 986 47 21 ville
578 986 64 22 ocksä
657 987 7 20 i
679 986 69 22 likhet
763 986 49 21 med
827 986 37 20 hrr
879 985 85 27 Öhberg
980 984 39 22 och

200 1012 146 28 Schybergson
361 1014 57 26 gifva
433 1014 110 27 tillkänna,
560 1017 36 24 att,
613 1015 67 21 ehuru
692 1015 38 27 jag
749 1015 56 22 varit
824 1014 49 22 med
888 1020 34 15 om
937 1013 82 22 utskot-

198 1042 42 20 tets
255 1041 71 22 beslut
340 1043 39 21 och
394 1043 95 27 godkänt
506 1043 46 21 dess
566 1044 64 25 kläm,
646 1044 62 20 äfven
725 1044 37 26 jag
781 1043 78 21 saknar
877 1043 7 20 i
901 1043 118 21 motiverna

198 1069 43 27 det,
258 1076 45 15 som
318 1071 26 21 de
359 1071 128 28 föregäende
507 1072 81 21 talarne
606 1072 65 21 hafva
690 1072 73 21 anfört
782 1072 40 20 och
838 1071 27 27 pä
880 1071 80 21 hvilket
976 1071 43 21 min

198 1098 56 26 äsigt
272 1099 7 21 i
298 1100 65 20 saken
381 1100 93 27 grundar
493 1100 38 27 sig.
561 1100 177 28 Oegentligheten
758 1100 51 26 deri,
829 1101 32 20 att
879 1100 141 27 gosskolorna

197 1132 29 15 nu
242 1129 37 19 äro
295 1128 97 28 billigare
408 1130 26 20 än
450 1129 250 27 fruntimmersskolorna,
718 1135 62 15 anser
796 1128 65 22 ocksä
874 1128 36 27 jag
925 1128 49 21 bäst
989 1128 30 20 af-

197 1154 83 28 hjelpas
295 1156 94 26 sälunda,
406 1159 32 19 att
453 1157 135 27 elevafgiften
602 1158 7 20 i
624 1158 143 27 gosskolorna
781 1157 66 27 höjes.
870 1157 10 20 1
896 1157 25 21 de
936 1156 83 27 privata

196 1183 253 29 fruntimmersskolorna,
469 1186 127 21 ätminstone
614 1187 40 21 här
673 1187 7 20 i
698 1186 143 27 Helsingfors,
861 1187 23 19 är
899 1184 120 22 terminsaf-

196 1212 69 27 giften
282 1213 41 21 120
338 1214 39 21 och
393 1215 42 21 150
449 1214 68 26 mark,
533 1215 39 21 och
588 1215 26 21 dä
628 1217 24 19 är
668 1215 36 21 det
718 1215 35 21 väl
769 1214 47 21 icke
831 1214 33 21 för
878 1213 90 28 mycket,
986 1219 33 15 om

195 1247 51 15 man
261 1241 6 21 i
284 1243 80 20 statens
380 1242 73 22 skolor
468 1243 82 21 betalar
564 1244 28 20 40
606 1244 67 20 mark.

265 1270 32 21 Hr
312 1270 157 28 Chydenius:
495 1271 30 21 Hr
542 1272 88 21 talman!
654 1272 40 27 Jag
714 1271 95 22 önskade
827 1272 58 26 yttra
900 1270 65 27 nägra
981 1270 38 21 ord

195 1297 49 22 med
259 1299 113 27 anledning
387 1300 23 21 af
423 1300 26 21 de
464 1300 73 26 motiv,
552 1306 45 15 som
612 1300 70 22 blifvit
690 1300 103 28 anförda
807 1299 24 21 af
845 1300 173 26 representanten

194 1326 35 21 för
244 1327 139 28 Helsingfors,
399 1328 229 28 folkskoleinspektorn
644 1330 25 20 V.
685 1329 95 26 Öhberg.
807 1328 100 21 Likasom
919 1328 48 25 han,
984 1328 36 20 de-

194 1354 33 22 lar
240 1356 37 27 jag
292 1356 130 28 fullkomligt
437 1357 40 21 den
493 1357 89 28 äsigten,
598 1359 32 19 att
648 1359 70 20 staten
734 1357 37 21 vid
787 1357 47 21 värt
848 1356 171 27 undervisnings-

195 1385 93 21 väsende
307 1386 71 20 kostat
397 1385 34 21 för
450 1385 85 28 mycket
552 1386 27 27 pä
598 1386 39 21 den
658 1386 60 21 lärda
733 1385 77 21 skolan
826 1385 40 21 och
882 1384 33 22 för
930 1384 48 21 litet
992 1384 28 27 pä

194 1412 159 23 bottenskolan.
375 1414 156 22 Bottenskolan
546 1415 38 21 bör
598 1421 52 15 vara
665 1415 47 25 den,
725 1420 46 16 som
784 1414 55 21 skall
849 1413 117 26 omhuldas,
980 1413 40 21 den

194 1440 40 22 bör
246 1448 50 16 vara
308 1443 47 26 den,
367 1442 22 21 ät
402 1442 87 22 hvilken
505 1445 68 19 staten
588 1443 80 21 lemnar
684 1444 26 20 de
726 1444 81 20 största
823 1442 108 27 bidragen,
947 1442 7 20 i
970 1441 51 21 stäl-

194 1468 30 22 let
242 1470 33 21 för
295 1473 37 24 att,
352 1477 45 15 som
417 1478 35 20 nu,
471 1472 97 20 använda
586 1472 48 20 dem
654 1472 27 27 pä
700 1472 42 21 den
761 1471 61 21 lärda
837 1470 81 26 skolan,
934 1470 86 21 hvilken

194 1497 56 21 dock
266 1499 47 21 icke
330 1502 23 18 är
367 1501 65 19 annat
449 1502 26 19 än
491 1506 26 15 en
533 1500 65 26 skola,
614 1500 32 21 dit
660 1507 50 15 man
722 1501 69 20 sätter
803 1500 46 20 sina
864 1498 60 27 barn,
940 1498 34 21 för
990 1500 30 19 att

192 1526 28 20 de
236 1526 61 22 skola
312 1528 71 20 kunna
402 1528 63 22 hafva
483 1529 33 21 sin
535 1529 93 21 utkomst
646 1529 28 27 pä
693 1528 154 27 förnämligare
867 1527 94 21 ansedda
981 1527 39 21 och

193 1554 71 22 bättre
281 1556 99 21 betalade
395 1558 71 26 vägar.
490 1558 67 20 Dessa
573 1557 71 21 skolor
659 1558 71 20 kunde
747 1556 116 28 lämpligen
879 1556 141 21 öfverlemnas
