1089 1714
219 130 45 32 1296
484 135 94 23 Borgarest.
590 135 46 20 1888.
659 135 22 19 24
692 135 41 23 Maj.

195 203 200 26 religionssamfund
411 204 6 20 i
432 203 92 22 Finland
540 203 24 21 af
577 210 70 15 annan
662 203 156 28 protestantisk
832 203 94 22 troslära
941 204 26 20 än
979 203 40 22 den

195 231 247 27 evangelisk-lutherska
464 235 55 18 samt
538 232 33 21 till
592 232 125 27 förordning
733 238 33 15 om
786 233 44 20 rätt
845 231 33 22 för
893 231 55 22 finsk
963 232 57 21 med-

195 259 91 28 borgare
301 260 24 21 af
341 260 131 21 främmande
491 260 82 22 kristen
594 261 92 21 troslära
706 263 32 19 att
757 260 92 21 bekläda
868 260 97 21 embeten
980 261 39 21 och

194 288 91 27 tjenster
303 288 8 21 i
328 288 79 27 landet,
425 289 96 27 godkänt
541 289 37 22 det
596 289 57 22 förra
667 289 20 22 i.
695 288 325 28 sammanjemkningsförslaget

194 316 106 27 ingående
316 316 249 28 författningsförslaget,
582 319 58 20 utom
656 317 6 22 i
678 317 103 22 afseende
797 317 13 21 å
825 317 42 21 den
882 316 24 22 af
914 317 105 22 utskottet

194 344 127 22 framstälda
337 346 151 26 motiveringen
504 345 34 22 för
554 346 36 21 det
605 352 41 21 nya
656 347 116 20 momentet
782 352 34 15 n:o
828 346 12 21 6
852 346 5 21 i
869 345 150 27 betänkandet,

195 379 45 15 som
261 373 69 22 skulle
349 373 61 28 fogas
428 375 32 20 till
483 374 5 27 $
504 375 20 25 3,
540 374 86 21 hvilken
643 375 126 26 motivering
786 374 86 21 ståndet
887 374 47 21 icke
950 374 68 27 gillat,

194 402 6 20 i
217 402 37 21 det
273 402 85 21 ståndet
377 402 32 21 för
429 403 33 21 sin
480 403 34 21 del
534 403 58 21 velat
611 403 63 21 hafva
689 403 99 25 uttaladt,
805 404 32 19 att
852 404 115 19 momentet
982 409 37 15 an-

195 432 48 25 togs
259 431 24 20 af
297 433 30 18 ett
343 431 44 21 helt
402 433 64 19 annat
481 431 53 27 skäl,
546 431 108 27 nemligen
670 431 88 22 emedan
775 431 37 21 det
826 431 6 21 i
848 431 101 21 afseende
962 427 9 36 &
990 432 28 21 ci-

194 459 149 26 vilregistrens
359 459 101 28 behöriga
475 459 89 22 förande
580 465 51 16 vore
646 460 30 21 uti
692 459 108 22 särskilda
816 459 37 22 fall
870 459 33 22 för
913 460 104 27 styrelsen

195 487 74 27 nödigt
289 489 32 20 att
338 488 86 27 vidtaga
445 489 26 21 de
487 489 6 20 i
510 490 116 19 momentet
642 488 142 21 omförmälda
799 488 111 27 åtgärder;
926 488 91 21 hvarhos

195 515 86 22 ståndet
304 516 130 23 beträffande
450 516 11 27 $
479 517 24 22 17
523 517 69 26 afböjt
615 517 115 21 utskottets
754 517 81 26 förslag
853 517 39 21 och
912 516 105 22 vidblifvit

194 544 37 21 sitt
251 544 58 22 förra
329 545 77 26 beslut,
424 548 32 19 att
474 545 70 22 denna
559 545 102 27 paragraf
675 545 71 22 skulle
761 551 25 15 ur
802 545 214 27 författningsförsla-

193 575 37 24 get
245 573 112 26 uteslutas,
373 573 86 22 hvarom
474 574 86 21 ständet
575 574 89 21 beslutit
679 576 33 19 att
727 573 88 27 inbjuda
830 573 140 22 medständen
985 576 31 19 att

193 601 74 21 förena
291 602 42 26 sig;
355 602 65 26 jemte
442 603 37 20 det
498 602 85 21 ständet
598 603 6 20 i
621 602 76 27 frägan
717 608 35 15 om
772 602 56 21 hvad
848 602 113 26 rätteligen
977 602 39 21 bör

193 629 79 21 förstäs
295 630 48 21 med
362 630 98 27 personel
479 630 63 27 afgift
562 630 34 22 till
614 630 139 28 presterskap
773 630 39 22 och
831 630 184 27 kyrkobetjening,

193 658 86 21 hvilken
301 658 61 27 fråga
380 658 62 22 stälts
462 659 2 21 i
479 659 153 27 sammanhang
648 659 48 21 med
712 658 12 28 $
741 659 33 25 19,
790 659 104 21 likaledes
910 658 106 22 vidblifvit

193 686 39 21 sitt
255 687 92 26 tidigare
367 687 6 21 i
389 689 71 19 ämnet
482 687 82 22 fattade
585 688 77 25 beslut,
681 688 67 26 enligt
766 687 82 21 hvilket
866 687 6 21 i
889 687 126 21 ständernas

193 715 148 27 underdäniga
364 716 162 21 svarsskifvelse
548 716 67 21 borde
638 716 33 21 till
694 716 79 21 sakens
792 716 158 27 förtydligande
965 716 50 26 ingä

192 745 31 19 ett
238 744 111 21 uttalande
365 744 47 21 med
428 744 39 22 den
482 744 24 22 af
520 744 86 22 ständet
621 744 122 27 föreslagna
759 744 160 27 ordalydelsen;
936 744 78 22 beträf-

192 771 64 22 fande
275 772 47 21 äter
337 772 115 22 utskottets
467 773 205 27 sammanjemkning
688 773 92 21 rörande
796 773 37 21 det
848 772 67 22 andra
930 772 84 22 författ-

193 800 175 28 ningsförslaget,
384 801 104 27 nemligen
504 802 116 26 ,förslaget
634 802 32 20 till
681 801 126 27 förordning
818 807 33 15 om
863 802 43 20 rätt
916 800 33 22 för
959 801 55 21 finsk

191 828 144 28 medborgare
354 829 23 21 af
393 829 131 22 främmande
543 830 81 21 kristen
645 830 92 21 troslära
756 832 33 19 att
806 830 93 21 bekläda
917 829 97 22 embeten

191 857 38 21 och
253 857 90 26 tjenster
358 858 6 20 i
380 858 84 21 landet*
484 858 54 22 hade
559 858 159 27 presteständet
735 858 95 26 beslutit,
846 860 38 24 att,
905 858 47 21 med
971 857 43 22 för-

189 885 106 22 kastande
315 886 6 21 i
338 886 49 21 dess
405 886 72 22 helhet
495 887 23 21 af
537 887 55 21 hvad
612 886 105 22 utskottet
732 887 7 21 i
755 887 69 21 denna
842 886 35 22 del
896 886 118 27 föreslagit,

189 914 104 21 vidblifva
313 914 46 22 sina
384 914 56 22 förra
460 915 70 21 beslut
545 915 110 27 angäende
670 914 164 27 ifrägavarande
851 914 123 27 lagförslag,
990 914 25 22 li-

189 942 74 21 kasom
284 943 85 21 ständet
384 943 64 21 ocksä
462 943 106 21 förkastat
583 944 118 21 utskottets
716 943 82 27 förslag
814 944 80 25 derom,
910 945 31 19 att
956 943 58 21 stän-

189 970 37 21 det
249 970 70 22 skulle
339 971 75 27 frängä
432 972 36 21 det
488 972 22 21 af
528 972 86 22 ständet
632 972 77 26 gjorda
728 972 92 21 vilkoret
839 972 33 21 för
888 972 36 20 det
939 977 75 16 senare

189 998 252 28 författningsförslagets
457 1000 126 27 antagande.

257 1113 122 27 Föredrogs
395 1115 169 21 statsutskottets
580 1115 135 21 betänkande
735 1121 35 15 n:o
791 1115 25 21 16
835 1115 7 21 i
861 1114 115 27 anledning
991 1114 23 22 af

188 1141 78 27 nädiga
285 1142 158 27 propositionen
462 1150 33 14 n:o
514 1144 34 24 35,
568 1143 109 27 angäende
696 1142 122 27 beviljande
842 1142 24 22 af
886 1143 75 27 anslag
979 1143 33 21 till

187 1176 42 20 nya
242 1170 236 28 jernvägsbyggnader;
498 1172 40 21 och
553 1172 85 26 yttrade
653 1172 33 26 sig
701 1172 75 21 dervid
792 1172 32 20 till
840 1171 56 21 först

256 1198 27 21 hr
298 1199 122 21 Neovius:
443 1199 36 22 Uti
499 1200 117 21 utskottets
635 1200 135 21 betänkande
788 1199 68 22 finnes
875 1200 29 26 pä
921 1200 15 21 5
950 1200 61 21 sidan

187 1228 103 25 upptaget
299 1229 30 19 ett
337 1228 74 26 anslag
419 1228 23 21 af
450 1229 24 20 11
483 1228 99 26 miljoner
590 1228 33 21 för
630 1228 317 27 Viborg-Sordavala-Joensuu
952 1228 58 27 jern-

186 1256 75 25 vägen.
285 1255 55 21 Hela
356 1256 202 27 kostnadsbeloppet
573 1257 39 21 har
623 1256 70 22 blifvit
705 1256 120 22 beräknadt
836 1256 32 21 till
881 1257 130 25 22,570,000

186 1284 67 20 mark.
277 1284 42 21 Det
334 1284 161 27 ifrägavarande
510 1285 99 27 anslaget
624 1287 64 25 utgör
702 1285 86 21 säledes
803 1285 47 21 icke
865 1284 50 22 fullt
929 1285 81 21 hälften

185 1311 24 21 af
231 1312 38 21 det
292 1312 105 27 behöfliga
420 1313 104 27 beloppet.
555 1314 43 20 Det
620 1316 25 18 är
666 1314 127 26 visserligen
810 1313 68 27 fallet,
894 1315 32 19 att
941 1314 70 20 denna

183 1340 203 27 jernvägsbyggnad
402 1341 96 21 kommer
512 1344 33 18 att
559 1342 71 26 fortgå
644 1342 70 21 under
726 1343 15 20 4
756 1342 14 21 &
784 1342 14 21 5
813 1342 30 20 år.
873 1342 47 21 Den
937 1342 73 20 defini-

184 1368 45 21 tiva
244 1369 185 27 undersökningen
444 1369 97 27 vidtager
557 1369 55 22 dock
629 1370 66 21 redan
712 1369 66 26 1889;
798 1370 73 21 arbets
887 1370 51 21 &ren
955 1369 56 22 1890

185 1396 39 21 och
241 1397 55 22 1891
313 1397 87 21 tillhöra
414 1399 61 20 nästa
490 1398 152 27 finansperiod,
658 1398 125 21 derutöfver
801 1398 110 21 erfordras
930 1397 33 21 för
978 1401 32 18 ut-

184 1424 103 23 förandet
302 1425 23 22 af
339 1426 70 21 denna
422 1426 89 27 jernväg
526 1428 117 25 yttermera
658 1427 36 20 två
709 1426 13 21 å
737 1429 33 18 tre
790 1426 30 21 år.
855 1427 49 20 Man
920 1426 41 21 kan
977 1426 33 21 sä-

184 1452 61 21 ledes
264 1456 85 24 antaga,
369 1456 32 19 att
416 1455 22 20 af
452 1455 48 20 hela
520 1455 200 26 anläggningstiden
739 1455 92 26 ungefär
850 1454 82 21 hälften
947 1454 63 22 faller

183 1480 28 27 pä
227 1481 40 21 den
284 1482 142 21 instundande
444 1483 178 27 finansperioden.
653 1483 29 21 Af
701 1484 40 20 den
762 1483 130 25 erfarenhet,
910 1483 21 20 vi
947 1483 63 21 hafva

183 1508 47 21 frän
253 1509 93 27 tidigare
367 1511 232 27 jernvägsbyggnader,
615 1511 101 27 framgär,
732 1513 33 19 att
787 1511 68 21 under
879 1511 40 20 den
942 1511 68 22 första

183 1537 82 22 hälften
282 1538 23 21 af
319 1539 199 27 anläggningstiden
535 1539 61 21 alltid
612 1539 70 27 ätgätt
697 1542 31 19 ett
747 1541 69 20 större
836 1539 78 27 belopp
930 1541 26 19 än
972 1546 38 15 un-
