1086 1734
355 131 92 23 Borgarest.
460 130 50 20 1888.
534 131 11 19 8
558 131 39 23 Maj.
825 132 33 18 967

59 203 50 26 taga
123 201 22 21 in
160 202 75 20 natura
250 201 7 20 i
272 201 69 21 denna
356 200 128 26 skjutsning.
514 200 42 22 Det
575 202 23 19 är
616 200 64 24 klart,
696 201 31 20 att
742 201 69 22 denna
826 202 56 28 skyl-

60 230 71 26 dighet
146 229 47 21 icke
207 229 42 21 kan
265 229 22 21 af
304 229 27 21 de
347 234 60 16 mera
422 228 88 27 aflägset
524 229 83 21 boende
623 228 104 27 fullgöras
743 230 138 26 annorlunda,

60 260 26 19 än
101 264 75 20 genom
191 259 32 20 att
237 258 26 20 de
277 257 81 21 vidtala
372 257 40 21 och
426 257 74 21 betala
514 263 102 21 personer
631 256 84 22 boende
729 258 7 20 i
747 258 103 22 närheten
861 259 23 21 af

59 286 151 28 gästgifveriet,
225 292 46 15 som
286 286 90 26 fullgöra
392 286 62 20 deras
471 285 217 27 skjutsningsbesvär.
718 286 49 21 Men
783 286 23 22 af
821 288 62 20 dessa

60 315 179 27 omständigheter
253 314 42 22 blir
309 314 36 21 det
361 314 64 21 ocksä
440 314 64 26 klart,
520 316 32 20 att
569 314 74 27 hvarje
662 315 219 26 entreprenadanbud,

60 344 54 21 huru
129 343 151 27 ofördelaktigt
295 343 36 21 det
346 344 26 20 än
387 342 78 22 månde
479 349 58 20 vara,
555 343 85 21 komme
656 344 32 20 att
703 342 68 22 måsta
787 345 95 26 antagas,

61 372 87 22 emedan
163 372 157 27 svärigheterna
334 371 35 21 vid
379 371 270 28 hällskjutsningstungans
659 371 134 27 fullgörande
809 372 20 21 in
845 378 37 16 na-

60 403 48 19 tura
126 401 69 21 blefve
214 400 72 22 alltför
305 402 50 20 stor.
385 394 135 27 Ätminstone
540 400 68 21 skulle
626 400 46 21 helt
686 400 53 22 visst
754 401 43 21 alla
811 407 72 21 repre-

61 431 107 19 sentanter
186 429 33 21 för
238 435 44 15 mer
301 428 94 27 aflägsna
412 428 128 21 kommuner
558 430 60 20 rösta
635 428 33 21 för
690 429 154 26 godkännande
862 430 23 21 af

60 457 73 28 hvarje
149 457 76 26 anbud,
241 459 50 19 enär
306 457 144 27 fullgörandet
471 456 23 22 af
511 457 279 28 skjutsningsskyldigheten
809 458 22 21 in
845 464 38 15 na-

60 488 49 19 tura
124 486 60 21 alltid
200 486 67 21 skulle
286 485 78 27 ädraga
383 485 47 21 dem
449 486 69 20 större
536 485 123 26 kostnader,
680 487 28 20 än
725 486 40 21 den
784 487 62 21 andel
861 487 23 21 af

61 515 242 27 entreprenadsumman,
326 513 62 22 äfven
412 520 35 15 om
466 514 69 21 denna
553 520 52 15 vore
624 514 49 27 hög,
693 520 44 15 som
751 515 84 22 komme
851 517 32 20 att

61 543 76 28 belöpa
152 544 31 26 sig
198 543 28 28 pä
239 543 52 21 hvar
307 543 39 21 och
362 549 25 15 en
404 542 22 21 af
441 542 54 21 dem.
516 543 93 21 Sälunda
619 543 45 25 har,
676 543 65 28 enligt
751 543 36 22 det
802 544 23 21 af
834 545 49 20 bor-

61 572 136 27 gareständet
207 571 81 22 fattade
300 571 100 27 beslutet,
409 577 25 15 en
446 571 81 22 faktisk
537 571 216 27 tvängsentreprenad
761 572 34 22 för
805 573 78 27 skjuts-

61 601 120 26 hällningen
195 601 100 26 antagits,
311 600 89 21 oaktadt
414 599 67 22 saken
496 600 28 27 pä
538 602 91 25 pappret
648 600 47 21 icke
714 601 67 22 kallas
801 601 23 22 sä
843 601 40 22 och

61 635 26 16 en
109 629 152 28 pröfningsrätt
282 629 33 21 till
337 630 87 19 namnet
441 627 75 22 finnes.
546 629 10 20 I
575 629 60 21 detta
654 628 99 23 afseende
771 636 62 15 anser
845 631 38 27 jag

61 658 89 26 säledes,
165 659 31 20 att
211 657 155 22 bondeständet
380 656 48 22 haft
446 657 48 21 skäl
513 658 31 20 att
562 657 90 28 inbjuda
670 657 27 21 de
712 658 67 27 öfriga
793 659 89 22 ständen

61 688 32 19 att
107 686 73 21 förena
194 687 32 26 sig
241 692 34 15 om
290 686 37 21 sitt
343 686 75 21 beslut.

129 715 34 21 En
177 721 68 15 annan
259 715 60 27 fräga
335 716 23 19 är
373 714 41 21 den
424 720 35 15 om
474 714 252 27 gästgifverihällningen.
755 717 42 20 Det
812 718 24 19 är
846 717 37 21 be-

62 744 158 27 stämningarna
234 743 72 21 derom
321 743 7 21 i
343 749 29 15 nu
386 743 100 26 gällande
496 743 41 26 lag,
549 749 45 15 som
604 743 76 21 främst
690 743 121 23 framkallat
821 745 61 22 miss-

61 772 48 27 nöje
125 772 39 21 och
179 778 45 15 som
238 772 61 27 gifvit
313 771 114 28 anledning
442 771 34 21 till
491 771 37 22 det
542 771 220 28 förändringsförslag,
779 780 45 15 som
834 773 50 22 blif-

61 801 31 20 vit
107 802 85 25 antaget
207 801 24 21 af
243 800 181 27 borgareständet.
454 800 74 27 Enligt
542 806 30 15 nu
587 800 98 28 gällande
704 801 34 28 lag
757 801 54 22 skall
826 804 57 25 gäst-

61 829 197 28 gifverihällningen
274 829 61 21 alltid
350 828 115 22 öfverlätas
483 829 27 26 pä
525 829 141 26 entreprenad
685 830 38 21 och
741 830 93 22 fördelas
853 831 30 21 ef-

62 859 33 20 ter
113 858 79 22 antalet
211 858 98 27 skjutsar,
329 857 24 22 sä
370 859 32 19 att
422 857 41 21 den
481 857 110 26 kommun,
610 863 46 16 som
675 858 39 22 har
732 860 31 21 att
783 859 44 22 helt
843 859 41 22 och

61 886 67 22 hället
146 888 75 25 utgöra
239 886 192 27 hällskjutsningen
450 886 28 27 pä
497 888 31 20 ett
546 886 131 28 gästgifveri,
700 887 60 22 äfven
782 888 103 22 bekostar

62 915 65 27 detta,
142 922 48 14 men
204 916 38 20 der
257 915 58 21 olika
328 915 126 21 kommuner
470 917 36 19 äro
522 914 33 22 till
566 915 113 27 hällskjuts
690 916 28 26 pä
731 922 80 16 samma
825 918 59 26 gäst-

62 943 75 27 gifveri
152 943 114 27 fördelade,
281 944 105 21 bestridas
405 943 146 22 kostnaderna
565 943 34 21 för
614 944 247 28 gästgifverihällningen
875 946 8 20 i

63 972 132 22 förhällande
210 972 33 22 till
262 972 35 21 det
313 972 57 21 antal
385 972 101 27 skjutsar,
501 972 73 27 hvarje
589 972 100 22 kommun
706 973 79 27 äligger
799 976 32 20 att
845 974 39 22 der

62 1002 82 26 utgöra.
173 1001 72 27 Enligt
267 1000 36 22 det
322 1000 23 22 af
362 1000 177 27 botgareständet
557 1000 83 22 fattade
655 1002 98 26 beslutet,
769 1002 115 22 öfverlätes

63 1030 27 20 all
97 1029 218 28 gästgifverihällning
329 1030 8 20 i
352 1029 49 21 hela
416 1029 92 21 häradet
522 1029 28 27 pä
560 1030 147 26 entreprenad,
723 1031 39 21 och
777 1032 40 20 den
828 1038 57 15 sam-

62 1058 113 26 manlagda
188 1058 119 22 kostnaden
322 1058 94 21 fördelas
432 1058 66 21 sedan
512 1058 28 26 pä
550 1058 160 22 kommunerna.
732 1060 42 21 Det
788 1062 24 19 är
822 1060 63 21 häraf

62 1086 63 26 klart,
140 1088 31 19 att
181 1086 146 27 fördelningen
342 1086 40 22 blir
395 1086 103 27 jemnare,
514 1092 34 15 om
563 1093 48 15 man
627 1086 67 22 förfar
709 1088 65 28 enligt
789 1088 36 22 det
836 1088 49 22 sist-

63 1115 91 21 nämnda
172 1115 98 26 beslutet,
290 1115 88 21 emedan
394 1115 66 27 enligt
474 1121 29 15 nu
521 1114 99 27 gällande
638 1116 155 28 förfaringssätt
812 1117 36 21 det
860 1117 24 27 ju

62 1144 42 20 kan
119 1143 76 27 hända,
211 1146 32 19 att
257 1144 36 21 vid
311 1145 32 20 ett
360 1142 23 22 af
400 1143 26 21 de
444 1143 155 27 gästgifverier,
618 1150 46 15 som
683 1151 25 15 en
726 1146 42 21 viss
783 1146 102 21 kommun

63 1172 38 21 har
115 1174 32 19 att
162 1178 71 16 ensam
248 1172 131 26 underhälla,
390 1172 248 28 gästgifverihällningen
648 1173 84 22 komme
743 1176 30 19 att
789 1174 97 22 erfordra

63 1202 68 20 större
144 1200 121 27 kostnader,
276 1203 27 19 än
317 1200 36 22 vid
363 1200 66 28 nägot
439 1202 65 20 annat
514 1200 124 27 gästgifveri
648 1202 7 20 i
666 1202 48 21 hela
723 1203 96 21 häradet.
834 1203 51 21 Men

63 1235 48 15 man
126 1229 40 21 bör
180 1229 63 21 äfven
257 1231 50 25 taga
322 1230 7 20 i
344 1229 149 26 betraktande,
510 1230 31 20 att
556 1230 37 20 der
607 1230 29 26 pä
651 1231 75 27 antydt
741 1233 42 20 sätt
797 1231 89 28 gästeif-

63 1258 166 27 verihällningen
243 1258 100 27 utbjudes
359 1258 141 26 kommunvis,
516 1258 69 21 säsom
596 1258 155 23 bondeständet
767 1260 83 26 önskar,
862 1260 24 21 sä

63 1286 41 21 kan
120 1286 35 21 det
170 1286 30 21 bli
214 1287 77 20 lättare
306 1286 33 21 för
353 1286 157 21 kommunerna
525 1287 32 20 att
570 1293 76 20 genom
662 1288 169 27 underhandling
846 1288 40 21 och

63 1315 212 21 Ofverenskommelse
290 1315 63 21 ställa
368 1315 32 20 sin
416 1314 222 28 gästgifverihällning
648 1315 28 27 pä
690 1317 107 26 möjligast
811 1317 76 26 billiga

63 1343 38 21 fot.
119 1343 112 27 Ojemnhet
241 1343 8 21 i
259 1343 26 22 de
300 1343 105 21 särskilda
415 1343 166 21 kommunernas
591 1344 296 28 gästgifverihällningstunga

62 1371 43 22 kan
120 1371 55 22 dock
189 1372 48 21 icke
251 1372 36 21 vid
302 1371 51 22 slikt
367 1371 124 22 förfarande
507 1371 111 28 undvikas,
631 1373 39 21 och
680 1373 36 27 jag
723 1373 123 28 medgifver,
855 1374 32 20 att

63 1400 46 21 häri
120 1400 66 27 ligger
198 1400 141 27 svärigheten.
360 1399 34 22 Dä
409 1400 119 21 emellertid
543 1400 167 23 bondeständets
725 1402 110 27 pluralitet
850 1407 37 15 an-

63 1430 43 20 sett
117 1429 68 21 denna
200 1428 61 27 fräga
275 1428 24 22 sä
314 1428 73 27 vigtig,
399 1429 32 20 att
442 1429 41 20 den
494 1430 71 20 ansett
576 1429 31 27 sig
617 1429 54 22 böra
680 1430 87 27 inbjuda
777 1431 26 20 de
818 1429 69 28 öfriga

63 1457 89 21 ständen
167 1459 32 20 att
213 1457 74 22 förena
302 1457 31 26 sig
349 1463 34 15 om
399 1457 48 21 dess
462 1457 77 26 beslut,
555 1457 23 21 sä
596 1464 63 15 anser
674 1459 43 26 jag,
736 1461 32 20 att
786 1459 101 26 borgare-

63 1485 84 22 ständet
169 1486 66 21 borde
255 1485 75 22 bifalla
348 1485 32 21 till
400 1485 71 22 denna
489 1485 131 28 inbjudning.
651 1487 43 21 Det
712 1493 44 16 som
774 1489 64 25 utgör
861 1494 26 15 en

63 1514 107 27 svärighet
184 1515 35 20 vid
234 1514 130 27 antagandet
379 1513 24 22 af
417 1513 153 28 inbjudningen
585 1516 31 25 är,
627 1517 32 20 att
669 1515 156 22 bondeständet
840 1516 47 21 icke

63 1542 111 21 inskränkt
188 1543 32 26 sig
235 1543 33 20 till
283 1544 32 19 att
330 1542 89 27 inbjuda
434 1542 26 21 de
477 1541 69 28 öfriga
565 1543 90 22 ständen
670 1545 32 20 att
717 1543 74 24 förena
805 1545 32 27 sig
853 1551 34 15 om
