1089 1734
348 144 92 22 Borgarest.
454 143 47 19 1888.
525 144 17 18 15
555 144 40 22 Maj.
812 146 46 19 1075

56 214 58 21 brott
129 214 84 21 fordras
229 213 70 21 dertill
315 213 117 26 Kejsarens
447 212 69 21 bifall.
539 214 10 20 I
565 213 108 21 särskilda
688 214 144 25 reglementen
848 215 34 22 för

56 241 69 22 finska
140 241 136 27 tjenstemän,
292 247 45 15 som
352 242 38 19 äro
406 241 101 20 anstälda
522 243 15 19 t.
553 247 32 16 ex.
601 241 7 21 i
624 241 32 21 S:t
671 241 137 28 Petersburg,
824 244 58 21 stad-

56 276 38 21 gas
113 269 125 27 visserligen
258 269 55 21 huru
328 269 7 20 i
351 269 81 21 sådana
450 269 39 21 fall
509 269 55 22 skall
584 269 99 26 förfaras,
699 275 47 16 men
763 276 33 15 om
812 271 70 22 denna

56 298 101 27 paragraf
177 298 47 21 icke
243 297 70 21 skulle
331 296 75 26 finnas,
425 297 25 21 så
469 297 70 22 skulle
559 298 64 21 dessa
641 297 146 27 reglementen
805 305 76 20 genom

57 326 137 27 strafflagens
209 325 111 22 införande
336 325 81 21 förlora
433 325 33 21 sin
481 325 58 22 kraft
554 326 41 21 och
609 326 7 21 i
628 332 25 15 en
665 328 45 19 stor
721 327 33 20 del
765 326 38 22 fall
813 326 69 22 finska

56 355 129 26 tjenstemän
201 355 7 20 i
224 353 32 22 S:t
270 353 132 27 Petersburg
418 353 66 22 blifva
499 354 116 21 ostraffade
631 354 34 21 för
680 354 114 27 tjenstefel,
806 357 21 24 ty
842 355 40 21 här

57 385 24 19 är
95 383 47 21 icke
161 383 62 26 fråga
242 388 33 15 om
291 381 183 27 förolämpningar
489 382 39 21 och
544 382 159 22 våldsamheter
719 385 44 19 mot
778 383 102 26 enskilda,

56 413 51 19 utan
128 417 33 15 om
180 411 116 21 förseelser
311 410 7 21 i
333 410 101 27 tjensten.
464 411 70 21 Dessa
553 411 70 21 skulle
643 411 67 26 enligt
728 411 99 21 utländsk
846 411 36 27 lag

57 439 66 22 blifva
139 439 113 22 ostraffade
269 439 39 21 och
319 439 6 20 i
337 438 107 21 särskilda
459 439 38 21 fall
513 439 48 21 icke
576 439 69 21 heller
660 439 72 21 kunna
746 439 84 22 straffas
845 446 36 15 en-

56 468 40 27 ligt
111 467 55 22 finsk
181 469 35 25 lag
232 469 50 20 utan
297 467 117 27 Kejsarens
430 467 115 27 samtycke.
569 467 44 22 För
628 469 33 20 att
675 467 132 22 förekomma
822 468 60 21 detta

56 497 39 20 har
112 497 69 20 denna
196 495 101 28 paragraf
310 495 56 21 varit
381 495 90 22 alldeles
486 495 130 27 berättigad.

125 525 32 21 Hr
177 524 83 22 Sulin:
289 523 71 22 Jemte
376 524 36 21 det
424 523 38 27 jag
478 524 7 21 i
500 524 69 21 likhet
584 524 48 21 med
648 524 25 21 hr
688 524 99 27 Eneberg
802 524 79 22 beträf-

56 553 63 22 fande
134 553 111 27 betydelse
260 552 24 21 af
296 552 129 27 tjensteman
440 552 7 21 i
463 552 70 21 denna
549 553 35 26 lag
599 552 34 21 får
647 552 88 21 hänvisa
745 553 33 21 till
789 553 92 21 bestäm-

56 582 81 21 melsen
152 582 7 21 i
175 582 27 21 12
218 581 12 27 8
246 581 13 21 2
274 580 56 27 kap.,
346 580 37 21 vill
396 580 38 27 jag
445 581 6 20 i
463 581 115 26 anledning
593 581 24 21 af
630 581 25 20 hr
665 581 108 21 Fellmans
783 581 98 22 anmärk-

56 610 56 27 ning,
131 612 31 19 att
178 616 26 15 en
222 609 118 26 utländing,
356 615 45 14 som
418 610 24 19 är
457 609 7 20 i
480 609 84 21 landets
581 609 72 26 tjenst,
670 609 46 22 icke
733 609 41 22 kan
789 609 91 26 straffas,

57 639 70 20 erinra
142 640 32 25 att
188 638 42 20 han
245 637 45 21 helt
305 637 73 21 enkelt
392 637 70 21 kallas
477 637 33 21 till
526 637 56 21 finsk
597 637 92 21 domstol
706 637 38 21 och
760 639 72 20 dömes
847 638 33 21 till

56 666 66 21 straff.
137 666 31 21 Är
179 665 83 22 straffet
275 667 15 19 t.
301 672 32 14 ex.
344 665 68 26 böter,
424 665 129 21 verkställes
565 666 37 20 det
613 665 52 21 eller
677 666 147 22 motsvarande
834 666 47 21 fän-

56 694 126 27 gelsestraff,
194 700 34 15 om
244 694 41 21 han
300 694 96 20 kommer
409 693 39 21 hit.
472 693 50 22 Med
533 694 118 26 utländing,
663 700 45 15 som
719 696 24 18 är
753 694 127 27 tjensteman

56 723 39 21 och
105 724 39 25 gör
155 723 32 26 sig
198 722 84 27 skyldig
292 722 32 20 till
335 722 210 27 tjensteförbrytelse
556 724 59 19 utom
626 722 79 26 landet,
717 722 40 21 kan
768 722 112 27 naturligt-

56 751 31 21 vis
98 751 107 27 iakttagas
217 750 111 22 enahanda
338 750 131 26 förfarande,
480 756 46 15 som
537 750 48 21 med
597 750 74 27 hvarje
682 757 68 15 annan
761 751 119 26 utländing,

57 785 44 15 som
118 780 55 20 skall
188 778 85 22 straffas
288 778 33 22 för
336 778 23 21 af
373 778 78 21 honom
462 780 59 20 utom
533 778 73 22 landet
617 781 44 19 mot
671 778 90 22 Finland
773 778 107 22 föröfvadt

56 808 64 21 brott.
143 808 32 20 Hr
189 807 109 21 Fellmans
313 807 140 26 anmärkning
469 808 24 20 är
505 807 85 21 således
601 807 90 21 alldeles
702 810 50 18 utan
763 807 115 27 betydelse.

126 836 69 22 Sedan
218 836 150 20 diskussionen
390 834 117 22 förklarats
531 835 100 27 afslutad,
654 835 124 21 framstälde
796 836 25 20 hr
839 836 41 20 tal-

57 871 89 15 mannen
162 871 25 15 en
204 864 90 21 sålunda
308 863 132 22 formulerad
455 864 288 27 omröstningsproposition:

125 892 39 27 De,
184 892 68 21 hvilka
269 891 113 28 godkänna
396 891 16 28 $
427 892 15 20 3
456 892 9 20 i
480 893 13 19 1
507 891 47 27 kap.
571 892 141 27 oförändrad,
727 894 56 19 rösta
793 893 38 27 ja;
848 892 31 27 de,

57 921 33 22 det
103 921 44 21 icke
160 922 59 26 göra,
234 922 58 20 rösta
306 921 47 27 nej;

123 949 74 22 vinner
218 950 43 27 nej,
284 949 39 21 har
345 948 172 27 borgareständet
535 949 88 26 beslutit,
643 950 30 20 att
691 949 67 21 denna
776 949 104 26 paragraf

56 977 53 22 skall
123 977 53 27 frän
191 977 136 27 lagförslaget
340 977 57 27 utgä.

125 1006 76 22 Denna
216 1006 131 27 proposition
363 1006 130 21 besvarades
509 1006 48 21 med
568 1005 157 28 öfvervägande
734 1006 29 26 ja,
775 1006 40 21 och
825 1005 55 22 hade

57 1035 85 21 ständet
157 1034 85 22 säledes
261 1035 89 20 beslutit
369 1036 31 19 att
419 1036 80 25 antaga
517 1035 129 26 paragrafen
665 1034 129 21 oförändrad
813 1034 68 26 enligt

56 1063 116 27 utskottets
188 1063 141 21 betänkande.

125 1090 75 28 Ofriga
222 1090 24 28 $$
264 1091 7 20 i
292 1091 54 21 1:sta
368 1090 48 27 kap.
440 1090 72 22 blefvo
535 1090 22 21 af
579 1091 86 21 ståndet
687 1092 50 20 utan
759 1090 121 21 diskussion

55 1119 120 27 godkända.

422 1154 16 19 2
457 1152 59 27 Kap.

390 1192 40 22 Om
450 1192 93 22 straffen.

125 1232 31 21 Hr
175 1232 125 21 Calonius
320 1232 72 22 anhöll
412 1238 34 15 om
466 1232 63 22 ordet
544 1232 39 22 och
598 1232 96 27 yttrade:
724 1232 8 21 I
749 1232 58 21 detta
821 1231 61 27 kapi-

56 1260 30 22 tel
101 1260 23 22 af
138 1260 36 21 det
188 1260 148 27 föreliggande
351 1260 142 27 lagförslaget
503 1262 106 25 upptages
619 1260 65 22 bland
695 1260 107 22 allmänna
812 1259 70 21 strafi-

55 1290 58 20 arter
128 1288 76 22 främst
220 1288 143 22 dödsstraffet.
393 1288 43 22 Det
451 1290 25 20 är
495 1289 133 21 beträffande
644 1289 59 21 detta
718 1288 61 21 straff
790 1288 38 27 jag
843 1288 39 20 ber

55 1318 33 20 att
103 1317 7 21 i
125 1316 87 22 korthet
230 1316 22 22 fä
269 1319 57 25 yttra
344 1317 68 26 nägra
431 1317 46 21 ord.
507 1317 85 27 Frägan
612 1323 34 15 om
666 1316 147 22 dödsstraffets
828 1322 54 15 vara

56 1345 53 21 eller
127 1344 47 22 icke
192 1351 52 15 vara
259 1345 39 21 har
312 1345 67 21 redan
395 1345 57 21 varit
466 1346 29 26 pä
510 1346 161 26 dagordningen
687 1346 65 20 sedan
769 1343 113 23 1863—64

55 1373 36 21 års
107 1373 109 27 landtdag,
236 1373 27 21 dä
278 1373 126 27 regeringen
424 1373 39 21 och
484 1374 116 21 ständerna
618 1379 52 16 voro
687 1379 50 15 ense
752 1373 80 25 derom,
849 1373 32 19 att

56 1401 138 21 dödsstraffet
209 1402 70 21 säsom
295 1402 80 20 allmän
390 1402 97 21 straffart
503 1402 70 21 skulle
588 1403 131 20 utmönstras
735 1401 39 21 och
789 1400 46 21 icke
851 1399 31 21 vi-

55 1430 52 21 dare
126 1429 132 22 förekomma
272 1430 8 20 i
294 1429 56 22 finsk
368 1430 44 26 lag.
442 1430 154 26 Lagutskottet
614 1430 36 21 vid
669 1430 92 20 nämnda
779 1428 103 26 landtdag

55 1458 85 26 yttrade
159 1458 33 26 sig
210 1458 6 21 i
232 1458 38 21 sitt
288 1458 135 21 betänkande
442 1458 111 26 angäende
572 1458 79 27 nädiga
669 1458 158 26 propositionen
848 1457 34 20 rö-

55 1486 66 21 rande
137 1486 141 22 afskaffandet
293 1486 23 21 af
330 1486 58 21 vissa
402 1486 123 22 straffarter
540 1486 39 22 och
595 1486 63 22 deras
673 1485 122 23 ersättande
806 1490 77 21 genom

55 1514 68 21 andra
151 1520 44 15 mer
217 1514 116 26 tidsenliga
353 1514 128 26 straffarter,
501 1516 32 19 att
551 1514 143 27 lagutskottet
713 1514 69 21 skulle
800 1512 83 21 kunnat

56 1541 119 27 ytillstyrka
197 1541 147 22 dödsstraffets
367 1541 152 22 bibehällande
542 1542 7 21 i
567 1542 102 21 Finlands
692 1541 95 26 strafflag
807 1541 77 21 endast
