1089 1739
221 140 50 32 1044
495 145 93 22 Borgarest.
600 145 46 20 1888.
670 146 17 19 132
700 145 39 24 Maj.

200 213 47 21 dem
267 213 145 28 konstrueras,
432 214 38 22 och
489 220 47 15 man
556 214 39 21 har
610 215 124 21 välbetänkt
749 220 42 21 nog
807 214 118 27 föreslagit,
941 217 37 25 att,
995 215 27 22 dä

199 242 64 21 dessa
279 248 26 15 en
320 243 56 27 gång
391 243 84 22 komma
490 245 32 19 att
536 242 90 27 utföras,
643 243 26 22 de
685 243 53 22 böra
752 249 52 15 vara
819 243 89 22 afsedda
918 243 34 22 för
963 244 59 21 såväl

200 270 123 28 landsvägs-
339 277 44 16 som
397 271 171 28 jernvägstrafik.
599 271 40 22 Om
658 272 20 21 vi
694 278 28 15 nu
738 271 65 22 också
818 272 36 21 vid
869 272 69 21 denna
953 273 69 21 landt-

201 299 42 27 dag
261 299 70 22 skulle
349 300 83 22 besluta
450 306 36 15 oss
504 300 33 21 för
553 306 25 15 en
595 301 160 26 undersökning
777 299 24 22 af
815 300 69 22 denna
899 301 123 22 bansträck-

201 328 57 27 ning,
274 328 25 21 sä
313 329 41 21 kan
369 329 123 21 densamma
507 329 54 21 dock
577 329 47 21 icke
639 329 69 22 under
723 329 41 22 den
776 329 54 22 allra
841 331 108 20 närmaste
959 329 63 22 fram-

201 357 58 21 tiden
275 357 87 27 byggas,
378 357 37 22 och
430 357 36 22 vid
482 357 75 22 sädant
572 357 134 22 förhällande
722 363 64 22 synes
802 358 36 21 det
852 358 51 27 mig,
918 360 33 19 att
965 360 58 19 stän-

202 385 66 22 derna
287 386 48 21 med
354 386 39 21 allt
410 386 46 21 skäl
476 386 71 21 kunna
566 386 32 21 för
618 387 70 20 denna
702 386 57 27 gäng
775 386 117 27 uppskjuta
906 386 62 22 äfven
985 393 37 15 un-

201 414 157 27 dersökningen
377 415 22 21 af
416 415 40 21 den
475 415 7 20 i
501 415 61 26 fräga
581 416 56 19 satta
656 415 99 21 sträckan
775 414 39 22 och
830 415 44 21 läta
888 415 71 21 utföra
974 415 47 26 den,

201 442 28 21 dä
243 443 68 27 utsigt
325 442 113 22 förefinnes
454 445 32 19 att
501 443 102 21 realisera
618 443 60 21 detta
690 443 195 27 jernvägsprojekt.

270 471 31 21 Hr
319 472 125 21 Hedman:
474 472 32 21 Dä
523 472 37 26 jag
575 472 7 20 i
598 472 42 20 allo
660 472 64 27 hyser
744 472 26 21 de
786 471 86 27 äsigter,
888 478 46 15 som
950 472 23 21 af
986 472 37 21 hrr

202 499 121 27 Chydenius
343 500 38 21 och
397 500 103 22 Sanmark
516 506 49 21 nyss
580 500 64 22 hafva
659 500 70 22 blifvit
744 500 136 26 framhällna,
896 500 24 22 sä
935 500 38 22 ber
985 501 37 27 jag

201 528 76 21 endast
293 530 31 20 att
339 531 68 19 varmt
422 529 22 21 fä
459 529 87 21 förorda
561 529 40 21 den
618 529 23 21 af
655 529 37 21 hrr
707 529 96 21 Neovius
820 529 38 21 och
874 529 102 21 Törnudd
991 529 31 21 fö-

201 557 100 27 reslagna
315 557 113 22 klämmen.

270 586 32 20 Hr
316 586 27 21 H.
358 586 25 21 E.
399 586 161 22 Gummerus:
584 586 75 22 Såsom
676 593 26 15 en
718 586 23 21 af
755 586 184 22 undertecknarne
954 586 24 21 af
986 592 36 21 pe-

201 614 90 21 titionen
307 620 33 15 om
355 614 112 27 ätgärders
482 615 128 27 vidtagande
626 615 33 21 för
675 615 41 21 den
731 614 150 27 Uleäborgska
894 614 128 28 jernvägens

201 645 86 19 snarast
308 643 88 27 möjliga
417 644 151 21 utsträckande
590 644 33 20 till
642 644 90 26 Torneå,
752 643 38 21 vill
809 643 63 21 äfven
888 644 38 26 jag
944 644 27 26 pä
986 644 37 21 det

202 673 106 19 varmaste
327 672 129 22 understöda
476 672 158 22 reservationen
653 672 24 22 af
693 672 37 21 hrr
749 672 95 21 Neovius
860 672 39 22 och
914 672 108 21 Törnudd.

200 700 42 26 Jag
257 702 39 24 gör
311 700 36 22 det
364 700 184 28 hufvudsakligast
568 701 27 27 pä
614 701 40 21 den
673 702 76 26 grund,
770 702 33 20 att
820 700 36 27 jag
872 707 62 15 anser
950 701 72 27 hvarje

201 728 31 26 år,
249 734 46 16 som
314 728 95 28 förflyter
424 730 72 20 förrän
511 730 36 20 det
562 730 69 20 finska
644 730 164 26 jernvägsnätet
823 730 25 19 är
863 731 43 19 satt
920 730 7 20 i
943 729 79 21 förbin-

201 757 60 21 delse
277 758 48 20 med
341 758 40 21 den
396 758 32 21 till
444 758 77 22 Ofoten
537 758 91 27 löpande
642 758 125 27 jernvägen,
784 763 52 15 vara
850 758 32 20 till
898 760 44 19 stor
956 758 67 21 skada

201 785 33 21 för
249 786 84 21 landets
349 787 109 21 materiela
478 787 38 21 och
533 787 149 21 intellektuela
696 786 134 26 utveckling;
847 786 73 27 hvarje
935 786 30 26 år,
977 792 45 16 som

201 814 45 26 gär,
262 816 25 19 är
305 821 26 15 en
349 814 77 22 förlust
443 815 34 21 för
494 816 97 20 Finland.
621 816 34 20 Dä
671 816 37 26 jag
728 816 12 20 &
760 814 68 22 andra
844 815 60 21 sidan
919 817 52 24 tror,
991 817 32 19 att

201 842 37 22 det
253 844 24 19 är
293 843 97 27 lämpligt
405 846 32 19 att
451 844 89 21 Finland
551 846 61 24 tager
622 844 68 21 första
702 846 78 24 steget,
796 843 25 21 sä
831 849 63 15 anser
902 844 38 26 jag
950 844 73 26 hvarje

201 871 83 26 ätgärd,
296 878 44 14 som
356 872 121 27 päskyndar
489 872 123 27 jernvägen,
629 872 127 22 berömvärd
773 871 39 22 och
828 872 126 26 nödvändig.
981 872 43 21 Det

202 901 25 19 är
242 899 34 22 för
292 906 35 15 oss
343 901 97 26 omöjligt
454 903 32 19 att
500 901 79 27 afgöra,
596 908 33 14 om
645 903 61 19 nästa
722 900 150 22 ständermöte
888 900 54 22 skall
953 901 71 21 kunna

201 928 74 21 anvisa
298 929 68 21 medel
386 929 33 21 för
438 936 25 14 en
482 930 66 20 sädan
564 930 102 26 jernvägs
685 929 121 27 byggande,
825 935 47 15 men
888 929 7 21 i
910 929 43 21 alla
972 929 52 21 hän-

202 956 71 21 delser
295 957 39 21 har
352 957 62 27 ingen
434 958 74 27 olycka
526 958 63 25 skett,
608 964 33 15 om
660 957 136 28 proposition
815 957 136 27 framlägges.
981 958 43 21 Det

201 990 58 21 vore,
276 991 62 21 synes
353 986 37 21 det
405 987 48 26 mig,
470 986 82 27 mycket
567 987 43 26 illa,
628 993 32 14 om
677 985 181 28 borgareständet
868 985 69 22 skulle
951 985 73 27 afböja

202 1019 25 15 en
251 1014 100 21 anhällan
371 1021 34 14 om
425 1021 25 15 en
467 1015 64 21 sädan
550 1015 139 27 proposition.
720 1015 42 26 Jag
783 1013 33 22 fär
836 1014 84 21 säledes
939 1014 85 21 biträda

202 1042 41 21 den
258 1049 50 20 nyss
325 1043 91 21 nämnda
431 1044 164 21 reservationen.

270 1071 32 21 Hr
320 1071 104 22 Heikel:
453 1072 41 27 Jag
513 1072 37 21 ber
569 1072 61 21 äfven
646 1074 34 19 att
694 1072 27 27 pä
737 1072 38 21 det
791 1073 106 19 varmaste
912 1071 22 21 fä
948 1071 76 21 under-

201 1099 62 21 stöda
283 1100 55 26 dem,
357 1100 72 21 hvilka
444 1101 62 20 hafva
521 1100 96 21 förordat
632 1100 132 27 antagandet
780 1099 24 21 af
818 1100 40 21 den
873 1099 67 22 första
956 1105 67 16 reser-

201 1128 106 21 vationen.
336 1128 42 27 Jag
397 1129 38 21 har
453 1129 88 22 alldeles
560 1129 47 21 icke
626 1129 70 21 funnit
716 1129 43 26 mig
776 1127 124 28 öfvertygad
915 1128 24 21 af
952 1128 26 21 de
993 1128 30 21 in-

201 1156 138 27 vändningar,
356 1157 25 21 hr
396 1157 62 22 Valle
474 1158 83 26 nyligen
572 1157 108 27 framlagt.
701 1157 32 21 Hr
749 1157 64 21 Valle
829 1157 58 25 sade,
903 1159 32 18 att
950 1157 36 21 det
1000 1158 24 19 är

201 1184 34 21 för
250 1185 63 26 tidigt
334 1187 31 19 att
385 1192 29 15 nu
429 1186 61 27 börja
504 1187 87 26 vidtaga
606 1186 65 27 nägra
688 1185 87 22 direkta
792 1185 99 26 ätgärder
906 1185 34 21 för
955 1185 69 21 denna

201 1213 67 21 banas
287 1213 119 27 utförande,
426 1215 27 20 dä
471 1214 156 22 Ofoten-banan
646 1215 46 21 icke
708 1220 38 15 ens
762 1213 36 22 till
813 1213 80 22 hälften
909 1215 24 19 är
948 1213 76 27 färdig.

200 1241 172 22 Reservanterna
391 1243 89 27 upplysa
498 1243 126 26 emellertid,
644 1245 32 19 att
694 1243 94 26 utsigter
807 1241 68 22 finnas
890 1243 32 20 att
938 1241 87 22 Ofoten-

201 1270 69 21 banen
286 1271 56 20 inom
357 1271 15 21 4
387 1271 23 21 är
426 1273 24 19 är
464 1271 74 27 färdig.
564 1271 74 22 Skulle
654 1272 59 21 detta
728 1270 94 27 inträffa,
838 1271 25 20 sä
878 1272 23 19 är
917 1270 37 22 det
964 1270 61 22 verk-

200 1298 57 27 ligen
277 1299 43 27 hög
336 1299 31 21 tid
382 1299 33 22 för
431 1306 35 15 oss
482 1302 30 19 att
526 1300 36 21 vid
578 1302 61 19 nästa
654 1300 104 25 landtdag
775 1305 52 15 vara
842 1299 95 22 beredda
951 1299 28 27 pä
994 1300 32 20 att

200 1327 85 22 besluta
304 1334 34 15 om
354 1334 25 15 en
395 1328 66 21 banas
477 1329 110 26 byggande
602 1329 32 20 till
650 1328 92 22 Torneå.
773 1327 33 22 Hr
821 1327 62 22 Valle
898 1327 39 22 har
951 1327 74 22 vidare

199 1355 126 28 framhäliit,
341 1358 32 19 att
388 1357 62 21 äfven
470 1363 32 15 om
521 1357 21 21 vi
560 1357 70 27 bygga
644 1357 38 22 vär
697 1357 57 21 bana
770 1356 35 21 till
821 1356 83 21 Torneä
919 1356 39 21 och
975 1355 51 22 Sve-

200 1385 46 26 rige
269 1385 33 21 får
326 1385 67 22 banan
413 1385 47 22 från
478 1385 66 22 Luleå
562 1385 32 22 till
614 1385 78 22 Ofoten
709 1385 81 27 färdig,
809 1385 25 21 sä
854 1385 92 20 återstår
960 1383 66 22 likväl

200 1413 41 21 den
261 1415 28 20 12
307 1414 36 21 mil
362 1413 64 27 långa
445 1414 97 21 sträckan
560 1414 80 21 mellan
658 1414 68 21 Luleå
745 1414 41 21 och
803 1413 143 27 Haaparanta.
975 1412 51 21 Men

200 1447 35 15 om
251 1442 22 21 vi
288 1442 72 21 kunna
375 1442 69 27 bygga
460 1449 24 15 en
500 1443 55 21 bana
570 1443 22 20 af
607 1443 27 22 15
649 1443 37 21 mil
703 1443 82 20 mellan
801 1441 108 26 Uleåborg
925 1441 39 21 och
974 1441 52 20 Tor-

200 1469 46 26 neå,
263 1471 25 20 så
303 1471 81 26 hoppas
397 1471 38 26 jag
450 1473 32 19 att
496 1471 130 21 svenskarne
641 1471 65 21 hafva
716 1471 43 21 den
771 1470 89 26 energin
875 1471 32 19 att
918 1470 26 20 de
954 1469 72 21 kunna

199 1496 72 28 bygga
290 1505 25 15 en
336 1500 26 20 12
381 1499 48 21 mils
448 1499 61 27 bana,
525 1500 39 21 och
580 1500 51 26 vilja
646 1499 27 21 de
688 1499 48 22 icke
752 1500 55 26 göra
822 1498 44 26 det,
881 1498 25 21 så
920 1498 72 20 kunna
1006 1498 21 20 vi

197 1525 26 27 ju
238 1526 81 26 begära
334 1528 126 21 koncession
475 1528 32 21 till
523 1528 111 27 byggande
650 1528 23 21 af
687 1528 71 21 denna
774 1527 58 21 bana
846 1526 40 22 och
897 1526 71 21 utföra
978 1526 48 22 den.

199 1554 32 21 Hr
246 1554 63 22 Valle
324 1556 85 26 yttrade
424 1556 68 26 äfven,
508 1558 32 20 att
555 1556 20 21 vi
590 1556 66 22 redan
672 1556 90 22 beslutit
778 1555 26 21 så
819 1555 77 27 många
910 1555 68 21 banor
990 1555 36 21 vid
