1073 1803
206 160 55 21 2786
382 165 160 17 Presteståndet
555 165 54 17 1877.
635 165 23 17 12
671 165 112 17 december.

175 233 48 21 dem
239 233 31 21 till
286 233 40 21 del.
356 233 150 21 Hufvudsaken
521 235 25 19 är
561 232 137 27 naturligtvis,
720 234 31 20 att
767 233 105 21 utskottet
887 233 39 21 har
942 233 55 21 velat

176 268 23 15 se
213 262 38 24 till,
267 263 32 20 att
314 267 33 21 en,
368 261 68 22 såvidt
457 261 86 27 görligt,
565 261 41 28 god
627 261 40 22 och
686 261 67 27 sedlig
773 261 55 21 anda
849 261 69 22 skulle
934 261 63 21 blifva

175 290 93 21 rådande
290 291 56 20 inom
369 290 40 21 den
431 290 154 27 värnepligtiga
606 292 97 24 truppen.
733 289 50 22 Men
805 291 18 26 ej
845 292 24 19 är
890 290 36 21 det
940 292 56 19 rätta

175 319 98 21 metoden
296 319 32 21 för
351 319 103 21 vinnande
475 319 22 20 af
516 319 68 21 denna
604 318 79 26 sedliga
701 319 61 25 anda,
778 320 31 19 att
825 319 44 21 låta
891 319 57 20 inom
972 319 25 20 de

176 347 161 27 värnepligtiges
361 347 58 21 leder
440 347 84 21 inträda
545 347 64 21 också
630 347 78 21 sådane
728 353 106 20 personer,
850 353 45 15 som
910 347 64 21 redan
991 348 5 19 i

176 376 45 20 sina
237 381 54 20 unga
307 376 24 20 år
346 375 73 26 begått
434 377 31 19 ett
481 375 74 21 sådant
568 375 63 25 brott,
645 381 45 15 som
702 375 55 21 skall
768 375 100 27 stämplas
879 376 48 20 med
938 381 59 15 nam-

176 406 37 19 net
235 404 111 26 ,nesligt".
363 416 28 2 —
409 403 62 21 Hvad
492 404 73 21 rektor
587 404 110 21 Kihlmans
719 410 28 14 nu
769 403 47 21 åter
837 404 33 21 till
892 404 105 21 utskottet

176 432 69 21 stälda
259 432 59 27 fråga
339 432 78 26 vidgår,
433 432 42 21 kan
496 433 35 21 det
546 432 32 22 väl
595 432 63 21 blifva
673 432 46 21 litet
734 432 82 26 kinkigt
831 434 31 19 att
877 432 39 21 här
931 438 66 21 oupp-

176 461 77 26 hörligt
275 462 33 20 stä
330 460 33 22 till
382 466 59 16 svars
461 460 33 22 för
511 460 42 22 alla
568 461 61 21 dessa
644 461 120 27 upprepade
779 461 117 26 spörjsmäl.
927 460 48 22 Men
991 462 6 19 i

177 489 60 21 detta
251 488 100 22 afseende
373 489 34 21 vill
429 488 37 28 jag
488 489 118 27 framhålla,
628 491 32 19 att
675 491 31 19 ett
721 490 77 20 sådant
813 489 124 27 stadgande,
953 496 44 14 som

177 518 65 25 detta,
257 518 114 26 ingalunda
391 518 141 21 förekommer
553 520 82 19 ensamt
649 518 7 20 i
673 518 68 21 denna
756 518 169 26 värnepligtslag,
940 520 57 22 utan,

176 546 69 22 såvidt
262 547 37 26 jag
321 546 86 26 känner,
422 546 7 21 i
445 546 26 20 de
489 547 66 21 flesta.
585 547 42 21 För
650 546 71 21 rektor
741 546 104 26 Kihlman,
862 546 89 22 likasom
967 546 31 21 för

176 575 49 25 mig,
247 574 38 22 och
301 575 6 20 i
323 574 114 22 allmänhet
457 574 32 21 för
511 581 34 15 oss
568 575 124 27 pedagoger,
715 576 24 19 är
761 575 35 21 det
817 575 33 21 väl
865 575 86 26 bekant,
967 577 31 19 att

177 610 47 14 man
241 603 47 21 med
304 603 39 21 allt
357 603 46 21 skäl
419 603 41 21 kan
476 603 88 27 hoppas,
579 606 33 18 att
626 610 26 14 en
667 603 86 27 yngling
768 604 5 20 i
789 603 121 21 skolåldern
925 604 71 20 svårli-

176 638 39 20 gen
231 631 38 21 har
285 631 74 21 hunnit
380 631 63 21 blifva
458 632 23 20 så
496 631 201 27 genomförderfvad,
717 634 32 18 att
771 632 18 26 ej
813 632 63 26 något
892 632 56 26 hopp
964 638 33 14 om

176 660 54 21 hans
244 660 127 26 förbättring
386 660 67 20 skulle
469 660 118 21 förefinnas.
618 660 49 21 Men
690 660 95 21 likavisst
800 663 35 18 vet
849 661 74 20 rektor
938 660 60 21 Kihl-

177 694 47 15 man
241 688 83 27 mycket
339 688 40 24 väl,
395 690 31 18 att
441 694 34 15 om
491 694 26 15 en
532 688 66 21 sådan
613 688 84 27 yngling
713 688 73 26 begått
802 690 63 24 något
876 689 64 24 brott,
953 694 44 15 som

176 716 70 21 kunde
268 716 92 27 skadligt
379 716 86 21 invärka
488 716 27 26 .på
537 717 174 25 kamratkretsen,
727 718 24 19 är
767 717 63 20 också
851 716 108 27 skollagen
975 718 23 20 så

176 744 117 26 barbarisk,
310 747 31 18 att
357 745 39 20 den
412 747 50 18 utan
478 745 72 21 vidare
566 745 101 20 utesluter
683 745 76 21 honom
776 745 45 21 från
836 745 82 21 skolan.

245 807 109 21 Professor
376 807 149 22 Ehrström:
557 807 39 22 Till
619 807 54 21 hvad
696 807 77 21 doktor
795 807 76 22 Geitlin
896 814 48 20 nyss
964 808 33 21 väl

176 836 39 21 har
237 839 47 23 sagt
305 835 37 22 ber
360 836 37 27 jag
416 838 32 19 att
469 836 20 21 få
509 836 113 21 framhålla
637 837 43 22 det,
695 838 32 19 att
743 837 36 20 det
794 842 62 21 synes
871 837 43 26 mig
929 837 68 20 såsom

176 871 34 14 om
226 865 72 20 rektor
313 864 105 26 Kihlman,
434 864 69 21 såsom
519 865 103 26 pedagog,
637 865 66 20 borde
718 865 71 21 kunna
804 865 59 24 fatta,
880 868 32 18 att
927 865 69 26 reglen

176 893 71 21 kunna
262 893 62 21 hafva
339 893 107 26 undantag
462 893 38 21 och
515 896 33 18 att
564 893 53 21 hvad
636 895 7 19 1
661 893 13 26 &
689 893 117 22 innehåller
817 894 83 25 mycket
911 893 33 20 väl
956 894 42 20 kan

176 922 127 21 sammanstä
319 921 48 21 med
382 921 25 22 de
423 921 112 26 undantag,
552 928 44 15 som
612 924 62 24 göras
689 922 46 21 icke
752 921 55 22 blott
821 923 6 20 i
839 923 13 19 9
869 923 18 26 &,
903 923 51 20 utan
970 922 28 21 äf-

176 957 39 14 ven
237 950 72 26 längre
325 949 53 22 fram
393 950 31 21 för
439 950 108 27 kroppslig
562 950 95 26 svaghet,
674 950 31 21 för
720 950 103 27 sjukdom,
839 951 31 20 för
886 951 57 26 lyten
959 951 38 21 och

175 981 65 18 annat
255 985 50 14 mer.
334 978 49 21 Just
398 979 59 20 detta
473 979 65 20 borde
553 979 64 21 också
632 979 107 26 öfvertyga
754 979 72 21 rektor
841 979 100 21 Kihlman
956 985 41 20 om,

176 1009 32 19 att
224 1007 35 21 det
275 1008 17 25 ej
309 1009 23 19 är
347 1007 109 25 meningen
472 1009 32 19 att
520 1007 99 22 bestraffa
635 1014 31 20 en,
682 1013 44 15 som
742 1008 39 20 har
796 1007 73 27 begått
880 1008 59 21 brott
950 1007 48 21 der-

176 1035 89 26 igenom,
288 1038 31 19 att
341 1035 41 21 han
405 1035 17 28 ej
442 1036 32 21 får
489 1035 94 28 uppfylla
599 1036 40 21 den
655 1037 123 26 värnepligt,
794 1043 45 15 som
855 1036 61 27 eljest
930 1036 68 22 skulle

175 1064 86 26 åläggas
283 1064 86 23 honom,
391 1067 50 18 utan
464 1067 31 17 att
510 1065 92 20 motiven
617 1071 66 19 gerna
697 1066 68 20 måste
781 1071 50 15 vara
845 1065 73 21 andra.
949 1065 49 21 Icke

176 1094 24 18 är
212 1092 87 21 motivet
315 1092 37 24 för,
373 1094 32 19 att
426 1092 47 25 den,
489 1099 45 15 som
550 1095 24 19 är
589 1093 50 25 halt,
656 1093 18 26 ej
690 1092 32 22 får
738 1093 90 25 fullgöra
843 1094 31 21 sin
891 1093 59 27 pligt,
966 1096 32 18 att

176 1120 72 22 straffa
270 1120 77 22 honom
370 1121 75 25 derför,
469 1123 50 19 utan
535 1122 60 21 detta
609 1122 75 20 härrör
699 1128 25 14 ur
739 1122 52 21 hans
807 1122 48 27 lyte.
886 1122 50 21 Man
954 1122 43 26 har,

176 1156 61 20 synes
258 1150 36 20 det
315 1150 49 26 mig,
386 1150 69 21 derför
470 1150 55 21 velat
545 1150 70 21 lemna
629 1150 90 26 garanti,
735 1153 32 19 att
782 1150 36 22 det
833 1151 67 21 finnes
915 1157 25 15 en
956 1152 41 24 god

176 1178 61 23 anda,
252 1180 31 18 att
299 1178 35 21 det
349 1180 24 18 är
395 1178 80 26 dugligt
495 1178 49 26 folk,
565 1184 44 16 som
630 1178 60 27 ingår
705 1178 6 21 i
727 1179 62 21 dessa
807 1180 88 24 arméer,
912 1180 38 20 och
966 1178 32 22 för

176 1207 59 20 detta
257 1206 97 22 ändamål
377 1212 61 20 synes
461 1207 36 20 det
519 1206 42 26 mig
584 1212 50 16 vara
655 1207 80 25 nödigt,
756 1209 32 19 att
804 1213 47 15 man
866 1208 132 25 undantager

176 1235 54 25 dem,
253 1241 44 15 som
320 1234 74 27 begått
412 1234 76 27 nesligt
510 1234 63 22 brott.
604 1235 31 21 På
657 1236 75 20 sådant
753 1237 43 20 sätt
814 1236 65 21 blifva
895 1236 61 21 äfven
972 1236 26 20 de

175 1263 66 25 fleste,
256 1269 45 15 som
318 1263 69 21 dömts
402 1263 32 21 till
449 1263 156 26 tukthusstraff,
621 1264 142 24 undantagna.
788 1264 40 26 Jag
838 1270 107 20 upprepar
956 1263 42 21 för-

175 1291 74 26 slaget,
265 1293 32 19 att
313 1292 65 20 orden
394 1291 64 25 ,eller
473 1291 32 21 till
521 1291 162 22 tukthusstraff*
699 1292 67 21 skulle
782 1292 21 22 få
818 1294 56 25 utgå.

244 1353 151 21 Diskussionen
413 1353 113 21 afslutades
542 1354 87 20 härmed
644 1353 39 21 och
698 1354 49 20 herr
767 1354 149 21 talmannen
936 1354 62 22 fram-

176 1380 67 22 stälde
257 1380 92 28 följande
364 1381 165 27 propositioner:

244 1443 82 21 Önskar
348 1443 84 21 ståndet
451 1443 31 22 till
501 1443 208 28 kontraproposition
725 1446 44 19 mot
785 1445 12 27 &
813 1445 12 20 9
841 1445 107 27 uppställa
963 1452 33 21 yr-

175 1471 78 22 kandet
275 1473 27 26 pä
327 1472 68 21 denna
417 1472 108 27 paragrafs
541 1473 6 20 i
564 1472 46 22 dess
633 1473 72 21 helhet
719 1473 135 22 uteslutande
869 1475 52 20 eller
936 1475 61 21 icke?

174 1500 79 21 Vinner
268 1501 41 26 nej,
325 1503 86 24 antages
426 1500 30 21 till
472 1501 207 27 kontraproposition
695 1502 135 27 paragrafens
840 1503 156 26 godkännande

175 1530 48 21 med
238 1529 134 22 uteslutande
388 1529 62 22 derur
465 1529 22 22 af
501 1529 65 22 orden
582 1530 64 27 ,eller
661 1530 32 21 till
708 1530 167 23 tukthusstraff.*
