1073 1800
224 153 55 21 2402
409 158 160 18 Presteståndet
582 158 55 18 1877.
661 158 8 16 1
683 158 111 16 december.

195 228 60 25 tager
278 226 69 22 denna
367 226 89 27 petition
475 226 40 21 och
529 226 56 21 hvad
601 226 44 22 deri
661 225 121 22 framhålles
797 226 8 20 i
819 223 141 24 betraktande
976 224 39 22 och

194 254 82 22 således
291 255 66 21 också
371 255 63 21 söker
448 254 49 22 leda
511 254 64 22 linien
591 254 30 26 så,
637 256 32 20 att
684 254 40 21 den
739 254 96 21 kommer
850 255 33 20 att
898 254 77 26 utgöra
989 259 27 15 en

193 283 198 27 förbindningslänk
411 283 90 22 emellan
523 283 115 22 Uleåträsk
659 282 40 22 och
721 282 40 22 den
785 284 58 20 stora
862 280 153 27 vattenbassin,

194 317 45 16 som
255 312 86 22 dermed
351 312 45 21 står
405 312 8 21 i
422 312 135 26 gemenskap,
568 312 39 21 och
617 311 113 27 Uleåborg.
750 311 44 21 Min
805 311 84 26 mening
899 312 24 19 är
933 310 83 22 således

195 340 46 24 den,
263 343 33 19 att
317 340 108 26 Uleåborg
439 340 8 21 i
462 346 26 16 en
510 341 46 21 icke
577 340 24 21 så
616 340 93 27 aflägsen
723 340 87 21 framtid
826 339 68 21 måste
909 338 85 22 komma
1008 339 8 20 i

194 368 124 27 åtnjutande
333 369 23 21 af
369 370 40 20 den
424 369 61 26 bana,
501 368 34 22 för
550 368 85 22 hvilken
651 369 39 21 den
700 374 29 15 nu
739 368 89 21 anhållit
838 374 34 15 om
882 367 133 24 subvention,

195 402 33 16 om
253 397 63 22 också
339 398 122 20 densamma
483 397 22 21 af
525 397 115 22 ständerna
655 396 164 22 förnärvarande
834 396 18 27 ej
868 396 43 21 kan
926 396 89 21 subven-

194 425 99 22 tioneras.

262 482 153 22 Diskussionen
437 482 132 22 förklarades
591 482 93 22 afslutad
706 482 40 22 och
768 481 49 22 herr
837 482 179 21 talmannen

193 511 124 22 framstälde
332 511 91 27 följande
439 511 142 27 proposition:

262 569 43 21 Vill
326 568 85 22 ståndet
431 569 113 26 godkänna
565 574 29 15 nu
609 567 160 28 ifrågavarande
784 568 28 27 på
827 573 47 22 pag.
893 569 25 20 17
934 567 39 22 och
990 568 26 21 18

194 597 86 27 intagna
301 597 78 27 förslag
401 598 47 21 med
470 597 90 27 ändring
581 596 23 22 af
623 603 96 15 summan
741 598 14 20 4
777 596 104 22 millioner
900 596 67 27 mark,
982 596 34 22 till

194 627 13 21 3
222 626 104 22 millioner
340 626 66 26 mark,
421 626 51 21 eller
487 626 62 21 icke?
573 626 81 21 Vinner
668 626 40 26 nej,
724 626 39 20 har
778 625 85 22 ståndet
875 625 57 22 velat
942 625 74 25 uttala,

194 657 33 19 att
241 654 115 22 ständerna
377 654 165 22 förnärvarande
561 654 66 22 sakna
646 654 68 22 medel
729 654 33 21 för
777 654 123 22 villfarande
915 654 23 21 af
951 654 66 27 sagda

193 684 86 26 förslag.

262 740 132 22 Besvarades
415 740 48 22 med
484 740 154 27 öfvervägande
660 740 47 27 nej;
733 739 87 22 hvarför
841 739 83 22 således
939 739 78 27 ifråga-

194 769 91 21 varande
303 769 208 26 resolutionsförslag
526 768 46 22 icke
587 768 72 22 kunde
673 768 22 21 af
709 768 85 21 ståndet
809 768 129 27 godkännas,
954 768 62 21 hvar-

193 798 35 22 vid
243 798 85 21 ståndet
343 798 53 21 dock
411 798 49 21 ville
475 798 70 21 såsom
561 798 65 21 motiv
641 797 33 21 för
689 796 148 22 förkastandet
851 797 75 25 uttala,
937 798 32 20 att
980 796 37 22 det

193 826 66 27 ansåg
274 827 114 21 ständerna
401 826 34 22 för
450 827 132 21 närvarande
597 826 67 22 sakna
678 826 69 21 medel
761 825 34 22 för
810 826 118 27 beviljande
944 825 22 21 af
977 825 39 21 den

193 855 8 21 i
215 854 102 28 förslaget
331 855 112 22 förordade
459 854 159 23 subventionen.

262 912 236 27 Resolutionsförslaget
513 912 28 27 på
555 918 48 22 pag.
620 912 25 21 19
661 912 123 26 godkändes
800 911 145 22 oförändradt.

262 968 41 23 Om
328 969 126 22 resolutions
479 968 102 28 förslaget
611 975 46 21 pag.
686 969 83 21 20--21
797 968 91 28 uppstod
919 968 95 27 följande

193 997 129 23 diskussion:

268 1056 90 20 Prosten
380 1054 159 22 Hackzell:
570 1054 33 22 Då
621 1060 27 15 en
663 1054 42 27 god
719 1054 122 22 hushållare
862 1054 107 28 företager
984 1054 33 28 sig

193 1083 71 27 något,
283 1090 34 15 ser
339 1084 42 20 han
403 1083 54 21 efter
479 1090 34 15 om
536 1084 106 26 företaget
663 1083 39 21 bär
717 1084 33 26 sig
765 1083 52 21 eller
830 1083 54 21 icke.
915 1082 45 22 Gör
974 1083 42 21 han

192 1112 47 22 icke
255 1113 36 21 det
306 1112 39 22 och
360 1111 83 30 ändock
459 1112 108 27 företager
583 1112 38 26 sig,
637 1112 42 20 kan
690 1112 37 21 det
736 1118 50 15 vara
801 1112 77 27 många
893 1111 123 23 bevekande

193 1140 53 22 skäl.
276 1141 23 21 T.
323 1147 31 15 ex.
367 1140 206 28 jernvägsutskottet
588 1140 39 22 har
642 1146 28 15 nu
685 1140 110 28 föreslagit
809 1140 73 21 ibland
898 1141 26 21 de
939 1140 77 28 många

193 1170 152 21 stambanorna
366 1169 62 21 äfven
449 1171 67 25 vägen
538 1169 47 21 från
605 1168 142 22 Tammerfors
770 1169 34 21 till
818 1168 144 26 Nikolaistad,
976 1169 40 21 och

193 1198 62 23 äfven
275 1198 158 27 presteståndet
455 1198 38 21 har
508 1198 7 21 i
531 1198 42 27 dag
594 1198 80 21 bifallit
694 1198 32 21 till
749 1198 70 21 denna
838 1198 112 21 stambana
965 1200 51 19 utan

192 1229 33 19 att
235 1229 49 19 veta
293 1233 35 15 om
341 1227 123 20 densamma
475 1227 38 21 bär
523 1227 39 26 sig.
592 1226 27 21 Vi
633 1226 64 22 hafva
710 1226 54 21 dock
776 1226 97 22 förordat
885 1227 130 26 densamma,

193 1255 39 22 och
248 1255 46 22 däri
309 1255 64 27 hafva
387 1255 20 21 vi
423 1255 56 27 gjort
494 1255 46 26 väl;
565 1255 20 21 vi
603 1254 65 22 hafva
683 1255 122 26 därigenom
820 1254 74 23 infriat
910 1257 31 20 ett
955 1254 61 27 löfte,

192 1283 67 28 gifvet
280 1284 23 21 åt
317 1283 144 26 Österbotten,
476 1289 45 15 som
537 1283 40 21 har
593 1283 90 28 deltagit
696 1284 8 20 i
718 1283 119 21 kostnaden
852 1283 34 21 för
902 1283 35 21 det
952 1283 64 21 södra

192 1312 102 21 Finlands
309 1311 129 22 stambanor.
465 1311 94 26 Således,
575 1311 66 22 ehuru
656 1312 22 21 vi
692 1318 29 15 nu
737 1312 18 27 ej
770 1313 50 20 veta
834 1318 35 15 om
880 1312 69 21 denna
957 1312 59 27 jern-

192 1341 57 21 bana
264 1341 38 21 bär
317 1340 38 26 sig,
370 1340 63 21 hafva
444 1340 21 21 vi
475 1341 56 26 gjort
542 1346 26 15 en
578 1341 42 25 god
631 1341 44 25 sak,
687 1340 40 21 och
739 1340 62 21 äfven
808 1340 208 27 jernvägsutskottet

192 1369 39 21 har
247 1369 6 20 i
269 1368 38 21 sitt
321 1368 80 26 förslag
416 1368 95 21 förordat
527 1368 65 21 detta.
617 1368 77 21 Deruti
709 1368 201 22 öfverensstämmer
922 1368 37 28 jag
971 1368 45 21 helt

192 1396 41 23 och
253 1397 67 21 hållet
340 1397 47 21 med
400 1396 213 27 jernvägsutskottet.
643 1396 49 22 Men
705 1396 206 28 jernvägsutskottet
925 1396 40 22 har
980 1397 37 21 det

192 1426 89 23 oaktadt
296 1425 19 27 ej
331 1425 39 22 alls
385 1427 95 20 senterat
494 1427 51 19 utan
561 1426 48 21 med
619 1425 93 22 förnämt
722 1425 72 22 förakt
803 1425 102 28 förbigått
916 1432 26 15 en
952 1425 64 27 bana,

192 1455 41 22 den
255 1455 61 25 enda,
339 1460 45 16 som
400 1460 28 15 nu
443 1453 32 23 för
490 1454 58 22 tiden
564 1454 38 22 bär
617 1454 38 27 sig.
684 1454 75 22 Denna
774 1454 55 22 bana
844 1456 24 20 är
883 1454 69 22 banan
968 1454 47 22 från

193 1483 172 23 Simola—Pulsa
380 1483 32 22 till
428 1482 181 23 Willmanstrand.
635 1483 114 28 Möjligtvis
761 1483 40 23 har
809 1484 206 28 jernvägsutskottet

191 1512 100 23 förbisett
312 1512 123 22 densamma
457 1511 77 28 derför,
550 1514 33 20 att
597 1512 117 28 petitionen
730 1514 23 20 är
769 1513 23 21 så
807 1512 121 29 bristfällig.
957 1512 57 22 Peti-

192 1542 73 22 tionen
279 1541 118 23 innehåller
407 1541 19 28 ej
438 1541 41 27 det,
491 1546 46 17 som
548 1542 40 22 den
601 1542 55 21 skall
666 1541 113 28 innehålla,
790 1542 106 28 nämligen
907 1548 34 16 om
951 1542 64 22 huru-
