1078 1800
296 150 160 17 Presteståndet
468 150 53 17 1877.
547 150 22 17 19
582 151 111 16 december.
826 145 54 20 3017

89 220 30 20 ut.
149 219 43 21 För
212 218 63 28 öfrigt
296 219 39 21 har
353 219 36 26 jag
409 219 108 26 ingenting
537 220 57 20 emot
609 218 125 27 paragrafen
750 218 65 21 sådan
831 218 39 22 den
886 220 24 20 är

91 247 113 21 framstäld
220 247 21 21 af
252 247 111 21 utskottet.

159 304 84 22 Doktor
264 304 126 22 Geitlin:
420 304 89 21 Prosten
531 304 103 21 Warelius
653 304 37 20 har
705 304 136 20 förekommit
857 303 51 27 mig;

87 334 38 26 jag
147 333 89 21 ämnade
258 333 65 21 också
344 332 118 26 framhålla,
484 334 99 20 hurusom
604 333 27 21 dä
652 335 13 18 4
684 336 10 22 $
710 332 6 21 i
732 333 35 21 det
783 332 127 27 föregående

89 362 243 26 författningsförslaget,
354 362 69 21 såsom
440 362 37 27 jag
497 362 34 20 vill
551 362 68 21 erinra
644 362 47 26 mig,
712 361 133 21 förkastades
864 362 46 26 just

89 391 28 27 på
132 392 40 20 den
188 391 67 27 grund
270 393 33 19 att
318 397 49 15 man
381 392 47 20 icke
442 390 66 27 ansåg
525 391 34 21 det
574 390 83 27 möjligt
672 392 32 19 att
715 397 24 15 en
751 390 80 21 kristen
842 390 67 21 skulle

90 420 66 21 blifva
175 426 25 14 en
219 420 140 21 muhamedan
379 420 51 21 eller
445 426 25 14 en
483 420 57 26 jude,
557 420 35 20 det
608 420 63 20 också
686 421 23 19 är
725 419 58 21 svårt
799 421 32 19 att
845 419 8 21 i
868 419 41 21 den

89 448 128 27 paragrafen
237 449 112 26 godkänna
365 455 26 14 en
407 448 65 21 sådan
488 448 162 26 mellanmening
666 454 44 14 som
727 449 84 22 ,derest
827 447 25 21 de
867 447 43 21 till-

90 477 49 21 hört
162 477 108 21 lutherska
292 477 94 26 kyrkan”
407 483 19 15 o.
448 483 15 14 s.
485 483 19 15 v.
525 479 23 24 ty
570 477 25 20 de
615 477 70 20 kunna
704 477 35 20 väl
760 483 87 14 numera
862 476 48 21 icke

89 507 53 26 göra
158 506 42 21 det.

158 563 89 21 Prosten
262 562 159 28 Grönberg:
443 563 75 20 Denna
535 565 9 19 1
561 564 11 25 8
587 562 89 21 innebär
690 562 33 21 för
739 562 68 21 sävidt
820 562 37 27 jag
868 561 42 22 kan

89 591 57 22 finna
168 594 30 19 ett
220 593 43 25 tyst
285 591 146 27 medgifvande
447 591 22 21 af
486 592 168 26 medborgarrätt
670 591 21 21 ät
707 591 106 21 mosaiska
829 591 80 21 trosbe-

89 622 95 20 kännare
205 621 7 21 i
232 621 89 21 Finland
343 621 39 21 och
405 620 54 22 skall
479 623 51 19 utan
551 620 71 22 tvifvel
638 622 75 24 utgöra
728 620 48 20 med
792 620 35 20 det
842 620 67 20 första

91 652 30 19 ett
137 650 154 21 förberedande
307 649 33 21 för
352 649 183 27 nödvändigheten
550 653 32 17 att
597 648 96 22 meddela
708 649 47 21 dem
772 649 68 21 denna
852 649 57 21 med-

90 678 127 27 borgarrätt.
248 678 133 26 Filantroper
402 678 60 21 skola
479 680 49 18 utan
544 678 71 21 tvifvel
630 677 83 27 uppstä,
729 678 72 20 hvilka
817 677 92 26 äberopa

87 707 45 27 just
147 708 69 20 denna
230 706 100 27 paragraf
344 707 68 21 säsom
428 713 25 14 en
469 706 94 27 oafvislig
579 706 61 21 orsak
650 706 34 21 till
694 708 32 19 att
739 706 171 26 medborgarrätt

89 736 69 20 måste
180 736 22 20 åt
217 736 62 26 judar
295 735 87 27 beviljas
398 735 100 21 eftersom
514 742 48 14 man
578 735 81 26 engång
674 735 54 20 varit
744 734 115 27 angelägen
875 740 33 15 om

90 767 32 18 att
137 764 61 21 stifta
214 764 32 20 för
261 764 48 21 dem
324 764 40 26 lag.
393 764 40 26 Jag
448 764 42 20 kan
507 764 44 21 icke
566 764 112 26 godkänna
694 764 68 20 denna
777 763 103 27 paragraf.

160 820 109 22 Professor
293 820 100 22 Cleve:
416 820 41 28 Jag
479 820 40 22 kan
540 820 47 21 icke
609 820 53 21 neka
682 822 32 19 att
734 820 46 21 icke
794 820 35 27 jag
844 820 66 20 redan

91 849 46 22 från
152 850 74 26 början
241 849 45 22 haft
301 852 58 18 stora
375 849 168 27 betänkligheter
558 849 71 21 derom
645 849 102 20 huruvida
763 849 36 20 det
814 849 53 20 låter
879 848 31 26 sig

91 880 51 26 göra
163 881 32 19 att
216 878 57 22 stifta
295 878 34 26 lag
345 878 38 21 och
399 878 69 21 dertill
483 878 102 26 grundlag
600 878 46 20 med
663 877 98 21 afseende
776 878 13 20 å
805 883 105 21 personer,

91 914 44 14 som
154 908 46 20 icke
216 914 38 20 ega
269 907 174 27 medborgarrätt.
468 907 41 21 Det
523 909 24 19 är
561 908 62 20 sannt
639 908 31 19 att
685 906 30 21 uti
731 907 46 21 vårt
787 906 49 21 land
847 906 63 21 vistas

91 937 27 26 pä
141 936 69 27 grund
231 936 21 21 af
271 935 124 27 öfverhetlig
417 936 98 20 tillåtelse
533 936 62 26 judar
615 942 46 14 men
674 935 36 27 jag
726 935 67 21 skulle
807 935 47 21 icke
869 934 41 21 för-

91 965 63 21 moda
176 967 33 19 att
231 966 61 20 dessa
311 965 62 26 judar
388 964 61 22 hafva
465 965 68 26 nägon
548 970 69 15 annan
633 966 43 19 rätt
691 966 32 19 att
738 964 64 21 vistas
818 964 5 20 i
839 963 72 21 landet

92 996 27 18 än
136 994 46 25 den,
199 1000 44 15 som
259 994 92 26 grundar
367 993 30 25 sig
413 993 27 26 pä
456 993 60 21 deras
531 999 54 21 pass,
601 993 19 20 d.
636 999 18 14 v.
670 999 16 14 s.
703 993 61 20 deras
777 992 83 21 vistelse
872 992 39 21 här

93 1024 24 19 är
132 1022 44 21 helt
190 1022 38 21 och
244 1022 65 21 hältet
324 1022 45 20 från
385 1022 24 20 är
425 1022 31 20 tili
471 1022 24 20 är
510 1022 27 26 pä
552 1022 67 26 grund
635 1020 21 22 af
670 1022 35 20 det
717 1027 56 20 pass,
785 1027 43 15 som
841 1023 70 18 natur-

91 1050 71 28 ligtvis
182 1051 33 21 för
237 1051 80 26 polisen
340 1050 98 27 uppvisas
457 1050 39 21 och
512 1050 89 27 förnyas.
631 1050 42 21 Det
688 1052 24 19 är
728 1050 60 20 deras
805 1049 105 27 ställning,

93 1080 68 21 sävidt
175 1080 35 26 jag
225 1082 40 23 vet,
282 1079 38 21 och
336 1080 71 25 sädan,
424 1079 68 21 sävidt
504 1079 37 26 jag
555 1078 82 26 förstär,
654 1078 39 21 den
710 1078 63 21 ocksä
786 1078 65 21 borde
862 1084 49 14 vara

93 1108 65 27 enligt
181 1108 96 26 gällande
299 1108 40 26 lag.
370 1107 33 21 Nu
425 1108 66 26 gäller
513 1108 35 20 det
570 1110 31 18 att
624 1107 59 21 stifta
702 1114 24 14 en
742 1107 108 26 grundlag,
866 1112 45 16 som

93 1139 60 24 tager
169 1138 60 20 dessa
239 1143 111 20 personers
360 1136 97 26 religiösa
468 1136 129 21 förhällande
608 1136 6 20 i
625 1136 145 20 betraktande.
795 1135 117 26 Kejserliga

93 1166 157 26 propositionen
272 1165 38 21 har
332 1164 59 22 ställt
411 1165 31 26 sig
465 1165 26 26 pä
513 1172 26 14 en
559 1164 43 22 helt
621 1171 68 14 annan
707 1164 68 26 grund
791 1164 38 20 och
845 1163 66 21 första

93 1194 126 28 paragrafen
241 1194 82 27 börjar:
341 1194 56 25 ,Der
419 1193 105 22 mosaiska
546 1193 165 22 trosbekännare
732 1192 111 22 innehafva
858 1192 54 21 finsk

93 1224 171 26 medborgarrätt
287 1223 38 21 och
348 1223 49 26 vilja
418 1223 57 20 bilda
489 1223 90 20 särskild
594 1222 141 26 församling".
767 1222 42 21 Der
825 1223 23 19 är
864 1221 48 21 full-

93 1252 89 27 komligt
204 1252 41 21 fast
267 1252 68 26 grund
358 1251 66 21 under
447 1251 97 24 fötterna,
567 1257 46 14 men
635 1251 26 20 dä
677 1251 104 20 utskottet
797 1250 115 21 bibehäller

93 1287 82 15 samma
190 1281 99 26 paragraf
303 1281 74 20 endast
393 1280 46 21 med
456 1280 88 26 ändring
559 1280 22 21 af
596 1280 38 20 den
648 1279 72 26 början
732 1279 65 26 ,Vilja
807 1279 105 20 mosaiska

93 1310 167 20 trosbekännare
278 1309 55 21 bilda
349 1309 88 20 särskild
449 1308 121 26 församling
581 1308 77 21 ansöke
669 1308 37 21 hos
718 1308 107 26 kejsaren"
836 1313 17 14 o.
865 1313 16 14 s.
892 1313 19 14 v.

94 1338 113 20 förutsätta
225 1337 69 21 såsom
310 1339 85 24 prosten
412 1336 109 26 Grönberg
537 1337 63 20 redan
616 1337 52 19 visat
683 1336 76 26 tydligt
775 1336 60 20 dessa
850 1335 62 21 orda-

94 1366 34 26 lag
150 1368 31 19 att
197 1366 104 21 mosaiska
316 1366 165 20 trosbekännare
497 1365 60 21 hafva
572 1365 40 21 fast
627 1364 99 26 ställning
741 1365 6 20 i
763 1364 78 21 landet.
871 1364 41 20 Det

94 1394 123 21 förutsättes
233 1396 31 19 att
280 1395 25 20 de
321 1396 36 19 äro
373 1394 32 20 till
421 1394 38 21 och
475 1393 61 21 hafva
548 1393 41 21 fast
598 1393 105 27 ställning,
715 1394 36 20 det
761 1395 66 19 sättes
837 1392 6 20 i
854 1392 58 26 fråga

95 1423 103 19 huruvida
215 1423 24 19 de
255 1423 48 25 vilja
320 1423 57 19 bilda
392 1422 151 25 församlingar.
567 1422 33 20 Nu
615 1421 53 20 finns
680 1422 119 24 visserligen
811 1421 30 19 uti
852 1427 61 19 para-

94 1450 73 26 grafen
189 1452 55 18 ännu
267 1453 30 18 ett
320 1452 64 19 annat
405 1449 65 21 motiv
483 1451 26 19 än
525 1450 41 24 det,
582 1455 45 15 som
642 1449 41 20 kan
698 1449 83 21 hemtas
796 1449 69 24 derur,
882 1450 31 18 att

95 1478 107 26 åtskilliga
215 1478 62 27 judar
291 1478 65 21 vistas
372 1478 26 26 pä
414 1484 48 20 pass
478 1479 13 19 t.
509 1484 30 14 ex.
555 1478 6 19 i
573 1476 135 27 Helsingfors.
734 1477 41 20 Det
786 1476 59 21 heter
855 1478 58 18 näm-

94 1507 56 27 ligen
166 1510 32 18 att
214 1507 31 25 de,
261 1513 45 15 som
322 1506 88 22 sälunda
425 1506 49 26 vilja
489 1506 57 21 bilda
562 1512 25 14 en
602 1505 89 21 särskild
706 1505 129 26 församling,
846 1504 66 26 skola,

95 1536 70 22 derest
187 1536 25 22 de
233 1536 85 21 tillhöra
339 1535 108 22 lutherska
462 1535 81 27 kyrkan
558 1534 66 22 förcte
640 1534 57 21 bevis
713 1540 34 16 om
763 1536 31 19 att
810 1534 25 21 de
851 1534 63 20 derur
