1073 1803
203 161 54 21 2852
375 166 158 17 Presteståndet
547 167 52 16 1877.
624 167 23 15 14
661 166 111 17 december.

172 234 103 27 upphöra,
291 234 68 21 denna
375 233 91 27 eftergift
481 233 64 22 också
559 233 67 21 skulle
641 233 102 27 upphöra.
764 232 61 22 Hvad
835 232 46 22 åter
892 232 101 22 beträffar

173 263 42 27 det,
237 268 45 16 som'
303 261 146 29 kyrkoherden
472 262 127 22 Fredrikson
622 262 73 21 härvid
717 262 132 25 omnämnde,
865 263 24 20 är
908 262 24 26 ju
953 261 39 21 den

172 291 160 27 ifrågavarande
352 290 112 22 befrielsen
479 290 94 28 grundad
589 291 27 27 på
631 291 37 21 det
682 290 65 22 motiv
762 292 33 20 att
809 290 52 21 ende
876 289 117 23 arbetsföre

172 326 66 15 sonen
259 319 67 21 skulle
347 326 51 14 vara
417 319 32 21 sin
469 320 84 21 moders
574 320 53 21 stöd.
658 318 39 22 Om
715 319 41 21 han
771 318 140 22 understöder
925 319 68 21 henne

173 348 92 26 dermed,
286 350 32 19 att
338 348 43 21 han
402 348 85 21 arbetar
507 350 58 19 utom
581 348 97 27 hemmet,
693 347 52 22 eller
759 348 56 21 inom
831 348 123 23 detsamma,
970 348 23 21 så

172 376 42 22 kan
230 377 36 21 det
280 376 47 21 icke
343 383 48 14 vara
407 376 45 21 skäl
467 378 32 19 att
513 378 52 25 göra
580 378 31 19 ett
625 377 74 20 sådant
714 377 116 25 undantag;
847 376 107 21 dessutom
970 377 24 20 är

174 405 35 22 det
232 405 64 26 fallet,
320 407 32 19 att
373 405 7 21 i
401 411 25 15 en
445 404 92 27 följande
557 405 99 27 paragraf
669 407 24 19 är
708 405 129 25 omnämndt,
853 406 32 19 att
901 405 32 25 de,
948 410 45 16 som

172 435 38 20 äro
233 433 102 22 inskrifna
357 433 68 21 såsom
447 433 88 26 sjömän,
559 434 66 21 under
647 433 172 26 seglationstiden
842 435 37 19 äro
901 433 92 22 befriade

173 461 47 22 från
243 461 141 27 reservöfning
399 461 22 22 af
435 461 52 28 skäl,
503 468 46 15 som
564 462 64 21 sedan
643 461 80 22 kanske
738 462 71 21 kunna
824 463 129 25 omnämnas,
966 461 27 22 dä

173 491 20 20 vi
208 491 85 21 komma
308 490 32 21 till
355 491 13 26 &
383 491 34 20 37.

242 547 110 22 Professor
371 547 145 22 Forsman:
547 548 140 26 Domprosten
707 547 88 21 Renvall
814 547 39 21 har
872 547 122 27 tillräckligt

173 576 114 26 ådagalagt
306 575 85 21 hvarför
411 576 36 21 det
466 578 24 19 är
507 576 129 26 nödvändigt
651 578 32 18 att
698 575 70 28 dylika
783 575 149 27 tjenstduglige
947 582 47 20 per-

172 610 69 22 soner,
256 611 34 15 om
305 610 48 16 man
369 604 60 22 äfven
444 604 148 24 konsidererar
608 604 61 21 deras
683 604 225 26 familjeförhällanden
924 604 23 22 sä
962 604 32 22 till

172 633 54 28 vida,
247 635 32 19 att
298 633 26 21 de
344 633 47 21 icke
406 632 90 22 behöfva
510 633 84 21 inträda
609 632 6 21 i
631 632 56 22 aktiv
702 633 144 26 tjenstgöring,
863 632 63 22 likväl
942 632 52 22 böra

172 662 95 26 undergå
289 661 150 27 reservöfning.
474 662 70 21 Sädan
567 664 24 18 är
612 661 162 27 författningens
795 662 90 25 mening,
906 661 39 21 och
963 663 31 19 att

173 691 60 21 desse
252 691 6 21 i
278 690 73 28 själfva
370 690 73 22 verket
463 690 60 22 skola
544 690 83 22 komma
648 692 31 19 att
701 690 84 26 deltaga
804 690 6 20 i
830 690 107 27 uppbädet
955 690 39 21 och

172 719 117 26 lottningen
305 719 68 21 finner
388 725 47 14 man
451 718 33 21 vid
497 718 121 27 jämförelse
633 718 47 21 med
697 719 26 20 de
738 718 127 27 paragrafer,
879 724 45 15 som
939 718 55 27 gälla

173 747 92 28 uppbäd,
283 748 20 21 d.
319 753 17 15 v.
351 753 10 14 s.
384 747 26 26 pä
425 747 61 21 sidan
501 747 35 26 69,
553 753 32 15 om
601 747 108 27 uppbädet
724 747 46 21 icke
785 749 86 24 utgöres
885 746 22 21 af
921 749 72 19 värne-

172 776 92 27 pligtige.
285 777 44 20 Der
345 775 66 22 finnes
425 776 7 21 i
449 777 26 20 63
491 775 10 28 &
518 776 135 26 uppräknadt
669 775 31 27 de,
715 782 45 15 som
776 777 37 19 äro
827 775 47 22 frän
889 775 106 27 upphäds-

172 804 102 22 kallelsen
297 804 112 22 uteslutna.
446 805 66 21 Desse
533 806 38 20 äro
590 805 46 21 icke
661 804 106 21 uteslutna
786 804 46 21 från
852 803 142 29 uppbädskal-

173 833 72 22 lelsen.
275 833 77 22 Vidare
366 834 45 20 står
426 833 35 22 det
476 834 6 21 i
498 834 26 21 65
541 834 10 25 $
568 834 40 26 ,på
623 835 67 20 utsatt
705 833 31 21 tid
752 833 38 21 och
807 835 34 19 ort
855 832 55 23 skall
922 833 72 28 hvarje

173 862 113 27 uppbådad
308 861 132 28 personligen
463 863 31 26 sig
517 861 98 22 infinna".
645 861 67 22 Bland
735 863 66 25 desse,
821 868 45 15 som
882 863 38 20 der
934 862 60 21 skola

172 891 80 22 infinna
271 891 32 27 sig
323 891 139 26 personligen,
483 891 132 26 undantagas
631 891 47 20 icke
693 891 32 26 de,
741 897 44 15 som
801 891 81 26 åtnjuta
898 890 96 23 befrielse

173 920 27 27 på
221 920 67 27 grund
308 920 22 21 af
348 919 233 27 familjeförhållanden;
603 920 34 21 det
655 921 23 20 är
696 920 103 27 påtagligt
813 922 32 19 att
861 919 62 22 dessa
947 926 47 21 per-

173 955 68 21 soner,
257 949 67 20 ehuru
341 949 26 20 de
381 948 122 27 visserligen
517 948 49 27 ingå
581 949 7 20 i
603 953 25 16 en
643 949 55 20 skild
713 949 97 25 kategori
824 949 7 20 i
847 949 26 21 de
888 948 33 21 till
936 951 58 18 näm-

173 977 65 22 derna
252 977 103 26 ingående
370 977 297 27 uppbördsförteckningarna,
688 977 64 21 likväl
764 977 45 22 icke
820 977 60 22 skola
891 977 102 22 uteslutas

173 1005 46 22 från
239 1006 96 26 lottning,
356 1008 50 19 utan
426 1005 85 22 komma
527 1006 75 21 endast
616 1008 33 19 att
664 1005 76 22 befrias
755 1006 47 21 från
817 1005 83 22 inträde
914 1006 7 21 i
936 1005 57 22 aktiv

172 1035 79 27 styrka.
281 1035 50 20 Men
347 1033 160 28 författningens
522 1035 84 26 mening
621 1036 24 19 är
659 1034 101 27 derjemte
775 1034 45 22 helt
834 1035 78 26 säkert,
926 1036 32 20 att
968 1035 25 21 de

172 1063 62 21 skola
255 1062 60 22 äfven
336 1063 7 21 i
365 1063 88 26 krigstid
475 1069 50 15 vara
548 1063 93 20 befriade
663 1063 46 20 från
729 1065 32 18 att
775 1063 84 21 inträda
873 1063 7 20 i
895 1069 26 15 en
937 1063 57 21 aktiv

173 1093 64 25 trupp
251 1091 70 22 såsom
336 1097 71 15 reserv
423 1091 23 21 så
461 1091 60 26 länge
537 1091 62 22 dessa
613 1091 224 27 familjeförhållanden
852 1091 88 22 fortfara
956 1091 38 22 och

173 1119 70 22 derför
257 1119 40 22 har
313 1119 118 27 pätagligen
446 1120 107 27 uttrycket
569 1119 68 28 ,aktiv
648 1120 149 27 tjenstgöring*
808 1120 122 26 begagnats.
953 1120 41 21 Det

173 1154 50 15 vore
237 1149 6 20 i
259 1148 42 21 alla
315 1148 42 27 fall,
372 1149 56 20 inser
443 1148 60 21 äfven
516 1149 42 26 jag,
575 1148 97 27 önskligt,
683 1150 32 20 att
725 1148 125 27 paragrafen
861 1148 68 22 skulle
940 1149 54 21 redi-

172 1182 62 21 geras
255 1178 29 26 så,
307 1179 32 18 att
361 1177 36 21 det
419 1177 67 21 skulle
508 1177 76 27 tydligt
604 1177 87 26 framgå,
710 1179 33 19 att
762 1177 60 22 dessa
841 1183 101 20 personer
956 1179 37 20 äro

172 1205 97 22 befriade
283 1205 46 21 från
345 1207 32 19 att
391 1205 84 21 inträda
486 1205 6 21 i
505 1206 58 21 aktiv
573 1207 63 24 trupp
649 1205 38 21 och
697 1207 33 19 att
740 1206 69 21 såsom
820 1205 173 28 reservmanskap

172 1233 85 22 inträda
278 1234 7 21 i
307 1233 123 26 krigshären
452 1233 24 21 så
497 1233 62 27 länge
581 1233 60 22 dessa
658 1233 225 26 familjeförhällanden
899 1234 94 21 fortfara.

172 1261 42 27 Jag
235 1261 118 22 föreställer
376 1262 47 26 mig,
445 1263 32 20 att
498 1268 49 15 man
569 1262 90 21 sålunda
681 1263 94 21 kommer
797 1263 32 21 till
849 1268 26 16 en
895 1263 98 26 temligen

173 1290 73 21 koncis
268 1291 40 21 och
331 1290 95 21 bestämd
443 1289 137 28 formulering
595 1291 22 20 af
631 1291 60 21 deras
705 1290 54 27 pligt
774 1291 39 20 och
827 1290 97 22 befrielse
939 1293 55 19 samt

172 1318 64 49 rar
257 1318 62 49 älven
340 1318 33 21 för
394 1319 43 21 min
460 1318 41 26 del,
516 1321 33 20 att
568 1319 124 27 paragrafen
707 1320 166 21 återremitteras
887 1319 33 22 för
935 1319 60 22 detta

172 1348 105 19 ändamål.

242 1403 83 21 Doktor
347 1402 129 22 Geitlin:
506 1402 48 28 Nog
574 1403 67 21 wmåste
659 1403 36 27 jag
715 1403 100 27 erkänna,
833 1405 32 20 att
882 1403 56 22 hvad
952 1403 42 28 mig

174 1431 131 22 vidkommer
322 1432 36 26 jag
379 1431 48 21 hela
446 1431 57 22 tiden
519 1431 40 22 har
573 1431 105 28 uppfattat
693 1432 65 22 saken
773 1433 29 24 så,
818 1434 32 20 att
865 1439 34 15 om
915 1433 79 21 sådana

174 1460 112 22 ömmande
302 1460 223 27 familjeförhållanden
541 1466 39 21 ega
594 1466 52 21 rum,
663 1466 24 15 en
703 1467 44 20 son,
763 1466 44 16 som
823 1463 24 19 är
862 1462 32 21 sin
910 1462 84 21 moders

173 1489 56 21 enda
247 1489 54 27 stöd,
316 1489 39 22 bör
373 1495 50 15 vara
440 1488 81 23 befriad
535 1489 46 22 från
597 1491 32 19 att
644 1489 65 27 draga
723 1492 24 19 ut
761 1490 7 21 i
784 1490 52 28 krig,
851 1496 50 16 vare
916 1490 32 27 sig
962 1492 32 20 att

173 1517 42 23 han
235 1517 40 22 hör
295 1518 31 21 till
346 1517 89 27 aktiven,
451 1524 98 16 reserven
565 1518 51 22 eller
631 1517 139 30 landtvärnet,
786 1518 39 22 och
840 1521 32 20 att
887 1525 26 16 en
928 1519 65 22 sådan

172 1546 135 28 uppfattning
322 1547 39 21 har
375 1547 127 22 åtminstone
517 1547 84 27 mycket
615 1546 46 23 skäl
676 1546 32 22 för
723 1548 31 26 sig
769 1548 72 27 tyckes
856 1548 42 27 mig
913 1548 80 27 framgå
