1073 1800
222 148 55 22 2394

416 153 160 18 Presteständet
589 154 53 17 1877.
667 154 9 16 1
689 154 112 17 december.

193 222 63 28 lägga
277 222 80 26 förslag
379 222 55 21 inför
455 222 114 22 ständerna
587 222 108 26 angäende
713 222 40 21 den
768 221 107 21 allmänna
889 221 77 27 planen
981 221 33 21 för

187 251 149 27 jernvägarne,
358 251 115 26 ordningen
492 250 32 22 för
544 251 61 21 deras
625 250 114 22 utförande
753 250 39 21 och
808 250 65 26 tiden,
888 249 63 22 äfven
966 249 48 22 med

192 279 104 28 afseende
310 280 13 21 å
338 280 27 20 de
379 280 117 21 inkomster
510 285 45 16 som
571 278 272 23 kommunikationsfonden
858 278 39 22 har
912 278 55 22 visat
981 278 33 22 till

192 308 55 22 dess.
282 308 68 22 Äfven
369 308 36 22 det
419 308 101 27 yrkande,
536 315 45 15 som
597 308 23 21 af
633 310 141 21 reservanten,
789 307 89 22 friherre
893 314 41 15 von
949 307 65 27 Troil,

191 339 63 25 göres
274 337 91 21 rörande
387 336 151 28 trafikeringen
553 338 23 21 af
589 337 26 21 de
630 343 30 15 nu
674 336 116 22 bestäende
805 336 102 26 banorna,
922 336 70 22 kunde
1007 337 7 21 i

191 366 67 22 sådan
274 366 101 21 händelse
391 366 112 27 lämpligen
518 366 114 22 öfverlätas
647 366 22 21 ät
685 372 80 15 samma
780 365 143 21 kommission.

261 423 89 22 Prosten
373 423 91 27 Hjelt:
494 419 67 26 Äfven
581 424 37 27 jag
639 423 75 26 skulle,
735 424 6 20 i
761 422 68 22 likhet
844 423 47 21 med
907 422 108 27 professor

192 451 93 25 Donner,
299 452 51 27 vilja
364 451 54 22 afslå
433 453 36 20 det
483 451 80 27 anslag,
578 459 45 14 som
639 454 24 19 är
678 452 89 26 begärdt
781 451 34 21 för
827 451 157 22 verkställande
994 451 22 21 af

190 481 164 21 instrumentala
376 481 183 26 undersökningar
581 480 39 22 och
635 481 72 21 stöder
722 481 43 26 mig
781 479 122 28 isynnerhet
916 480 29 27 på
958 479 57 22 hvad

191 515 27 14 en
241 512 108 18 reservant
372 509 31 21 till
419 509 216 27 jernvägsutskottets
650 509 134 21 betänkande
799 509 39 20 N:o
854 509 13 20 3
882 511 70 25 yttrar
966 515 48 20 pag.

193 538 33 25 16,
247 538 38 21 der
305 537 41 22 han
368 539 64 26 öppet
449 538 178 27 tillkännagifver,
643 539 32 20 att
689 544 48 15 man
752 537 121 26 visserligen
889 537 73 27 tycker
978 537 36 21 det

191 572 52 15 vara
264 572 25 15 en
309 566 172 27 kardinalpunkt,
502 573 47 15 men
565 569 32 19 att
617 566 41 21 alla
679 567 60 21 dessa
759 565 182 27 undersökningar
960 565 54 22 dock

191 594 48 22 icke
253 597 38 20 äro
306 595 22 21 af
342 595 98 22 behofvet
454 595 119 27 påkallade.
598 596 102 21 Deremot
715 595 41 21 kan
771 595 36 27 jag
822 595 45 21 icke
883 594 74 22 förena
972 595 43 27 mig

191 624 49 21 med
261 624 106 27 professor
382 624 86 22 Donner
483 625 51 24 deri,
550 626 32 19 att
597 625 40 21 den
654 624 143 27 kommission,
813 630 45 15 som
875 624 41 21 han
932 630 27 15 nu
974 624 40 21 här

191 653 41 21 har
250 652 111 28 föreslagit
376 665 27 3 —
418 659 80 15 samma
513 654 80 26 förslag
607 655 25 20 är
647 653 64 21 redan
727 653 67 27 enligt
809 652 55 22 hvad
877 652 37 28 jag
930 655 42 19 sett
987 653 28 26 på

191 681 142 27 tidpingarna,
353 684 87 25 antaget
461 682 23 20 af
502 682 178 26 borgareständet
694 694 28 3 —
738 682 67 21 skulle
823 681 22 21 få
860 682 36 21 det
911 682 103 26 uppdrag,

191 716 46 15 som
259 710 42 21 han
324 710 38 22 sist
383 710 132 22 omnämnde.
549 710 30 27 Ty
599 711 72 21 derom
689 710 116 22 kommer
794 706 14 36 i
822 710 35 21 det
872 710 144 26 betänkande,

190 745 47 15 som
259 739 159 21 statsutskottet
440 739 98 27 slutligen
560 739 96 21 kommer
671 741 32 19 att
719 738 84 28 afgifva,
827 741 32 19 ett
880 739 80 26 förslag
982 741 33 19 att

191 768 56 25 ingå,
269 773 52 20 som,
341 770 46 19 tror
403 768 42 26 jag,
466 774 57 15 mera
543 768 61 27 fyller
626 768 128 24 ändamålet,
774 769 27 19 än
823 768 42 24 det,
881 774 45 15 som
941 774 37 15 var
992 768 25 20 af

191 798 136 19 reservanten
346 796 8 22 i
373 797 157 21 reservationen
549 796 32 22 till
596 796 170 22 statsutskottets
781 796 135 22 betänkande
931 796 40 22 N:o
989 798 25 19 12

190 824 128 22 framstäldt.

259 882 84 21 Doktor
359 882 182 21 Nordström:
570 882 41 28 Jag
626 882 107 26 uttryckte
749 882 43 27 mig
806 882 82 22 mindre
904 882 70 25 exakt,
987 882 28 22 då

190 910 36 28 jag
239 910 80 28 yrkade
334 911 28 27 på
377 910 132 28 nödvändiga
523 910 163 22 instrumentala
697 911 188 27 undersökningar.
908 912 42 27 Jag
959 912 56 21 hade

190 940 77 21 endast
288 940 48 21 bort
355 941 60 25 säga:
435 940 78 27 rödiga
531 940 189 27 undersökningar.
751 940 48 21 Men
819 940 27 21 då
863 946 29 16 nu
907 940 109 27 professor

190 968 87 22 Donner
299 968 39 22 har
359 968 93 28 upplyst,
473 971 32 19 att
526 975 26 15 en
573 969 136 21 kommission
729 969 24 21 af
766 970 31 20 ett
813 969 62 21 stånd
891 969 39 21 har
944 969 71 21 blifvit

190 996 120 27 föreslagen
325 999 33 19 att
373 998 108 20 nedsättas
495 996 34 23 för
539 998 136 21 inhämtande
685 998 24 20 af
717 997 154 22 förberedande
881 998 135 28 nödvändiga

191 1026 157 27 upplysningar,
363 1026 68 21 afstår
443 1026 36 27 jag
494 1027 47 21 från
557 1027 48 21 mitt
619 1026 126 26 föregående
761 1026 101 28 yrkande.

259 1082 111 22 Professor
393 1083 122 22 Donner:
546 1083 50 21 Med
618 1082 114 28 anledning
753 1082 24 22 af
795 1086 87 24 prosten
898 1083 69 27 Hjelts
982 1090 33 15 se-

191 1113 61 19 naste
272 1111 99 27 yttrande
390 1111 107 27 återtager
516 1112 37 26 jag
573 1112 36 21 det
629 1112 103 27 uppdrag,
746 1112 37 27 jag
797 1112 66 28 ansåg
879 1112 41 21 den
935 1112 23 22 af
971 1113 43 27 mig

191 1140 121 27 föreslagna
333 1140 165 22 kommissionen
521 1140 52 22 böra
594 1140 21 22 få
637 1140 6 21 i
666 1141 99 21 afseende
787 1140 13 22 å
817 1141 157 27 granskningen
991 1141 25 21 af

188 1168 197 28 jernvägstrafiken.

258 1226 63 22 Efter
342 1226 89 22 härmed
453 1227 93 22 afslutad
569 1227 119 22 diskussion
711 1227 48 26 blef,
779 1227 28 28 på
822 1227 155 27 framställning
991 1228 25 21 af

190 1254 51 22 herr
262 1255 157 27 talmannen,
441 1255 116 22 utskottets
581 1255 79 28 förslag
675 1262 34 15 om
725 1257 74 27 anslag
813 1257 33 21 till
860 1257 155 22 förberedande

190 1283 162 23 instrumentala
367 1283 182 28 undersökningar
564 1284 23 22 af
599 1284 86 22 ståndet
700 1285 127 22 förkastadt.

259 1341 60 20 Härå
333 1341 134 20 framstäldes
482 1342 93 25 följande
590 1342 143 26 proposition:

258 1396 43 21 Vill
320 1396 86 21 ståndet
427 1396 90 21 omfatta
532 1397 37 21 det
583 1396 24 21 af
619 1396 108 28 professor
742 1397 86 21 Donner
843 1404 28 14 nu
887 1397 127 22 framstälda

189 1424 105 27 förslaget
309 1424 52 22 eller
375 1425 59 21 icke?
454 1424 79 23 Vinner
548 1424 41 27 nej,
604 1430 62 16 anses
681 1425 102 28 förslaget
798 1426 47 22 från
860 1427 97 21 ståndets
966 1426 48 22 sida

189 1454 21 27 ej
225 1454 85 26 påkalla
325 1454 70 27 någon
409 1454 83 27 åtgärd.

259 1512 131 22 Besvarades
409 1512 48 21 med
473 1513 75 20 nästan
564 1512 101 28 enhälligt
677 1513 39 27 ja;
731 1512 86 23 hvarför
831 1513 83 22 således
929 1513 85 23 ståndet

189 1542 78 24 ansett,
286 1543 31 20 att
337 1547 25 15 en
382 1540 131 28 underdånig
533 1541 101 22 anhållan
654 1541 66 23 borde
734 1541 25 23 af
771 1542 115 22 ständerna
900 1544 64 26 göras
979 1549 35 16 om
