1073 1798
305 153 160 18 Presteståndet
480 153 55 18 1877.
559 154 20 17 11
592 154 111 17 december.
819 147 54 22 2711

82 221 37 22 det
136 223 24 20 är
175 221 101 27 omöjligt,
292 221 70 22 såsom
377 222 105 26 professor
497 221 62 22 Cleve
574 221 66 22 redan
654 221 122 22 framhållit.
805 220 42 27 Jag
861 221 43 21 till-

82 250 72 26 lägger
177 252 32 19 att
231 250 31 21 uti
284 256 81 15 samma
388 250 12 27 $
421 250 22 26 ja
458 252 15 19 t.
489 257 20 14 o.
524 257 27 14 m.
567 251 7 20 i
589 256 81 15 samma
685 250 84 26 mening
785 249 66 22 finnes
866 249 37 21 be-

81 278 131 27 stämningar
234 278 23 21 af
277 278 167 27 privilegiinatur
466 279 39 20 och
520 279 80 20 sådana
615 278 22 21 af
651 284 58 15 mera
723 277 94 26 tillfällig
832 280 70 19 natur.

80 307 41 26 Jag
136 309 46 18 tror
196 309 38 24 att,
254 309 39 18 när
308 307 39 20 här
362 309 24 18 är
400 307 60 26 fråga
475 313 33 15 om
524 309 32 18 att
571 307 67 21 denna
654 306 121 27 förordning
790 305 67 28 gäller
872 306 31 21 in-

80 335 34 20 till
136 335 47 21 dess
205 335 171 27 grundlagsenlig
397 335 89 27 ändring
508 335 128 22 härutinnan
651 335 55 27 sker,
721 341 49 15 man
787 335 33 20 väl
835 334 67 21 måste

80 363 57 22 finna
152 365 32 20 att
200 363 69 22 dertill
286 364 99 21 behöfves
401 364 65 27 begge
482 363 229 28 regeringsmakternas
724 363 125 27 begifvande
861 363 40 21 och

80 392 96 21 ståndets
198 392 64 21 bifall.
293 392 92 22 Hvartill
403 392 69 27 tjenar
486 393 27 20 då
528 393 37 21 det
579 392 22 21 af
614 394 86 25 prosten
714 392 60 27 Hjelt
789 391 46 22 åter
850 397 52 20 upp-

79 420 91 22 kastade
191 421 102 26 förslaget
312 421 32 21 för
360 423 32 20 att
407 421 109 21 förhindra
530 422 77 21 sakens
622 421 122 26 afgörande.
774 420 40 27 Jag
830 420 72 27 tycker

80 451 32 20 att
134 456 49 15 man
204 449 39 22 här
263 450 55 21 talar
334 455 34 16 om
383 450 63 21 saker
461 450 37 21 der
513 456 48 15 man
577 449 35 22 vill
627 450 40 21 sila
681 455 62 21 mygg
759 449 33 22 för
807 451 33 19 att
854 449 48 21 icke

79 478 86 21 komma
187 479 33 20 till
242 479 64 25 något
328 479 94 21 resultat.
453 479 49 20 Med
524 479 80 26 hänsyn
627 478 32 21 till
681 478 141 26 landtdagens
839 477 63 22 fram-

78 507 88 21 skridna
181 507 31 21 tid
229 507 39 21 och
283 507 43 21 alla
340 507 26 21 de
381 507 76 27 många
471 507 104 21 fruktlösa
590 507 85 27 förslag,
690 513 44 15 som
751 506 69 21 denna
832 506 68 21 landt-

80 536 41 26 dag
136 536 39 21 har
190 536 88 21 förstört
293 536 39 22 och
347 536 111 26 förkastat,
473 542 62 16 anser
547 536 38 27 jag
601 538 31 19 att
645 542 48 14 man
707 536 47 21 icke
764 541 59 15 mera
833 534 66 22 borde

78 565 97 26 förlänga
196 565 128 27 landtdagen
344 564 40 22 och
405 565 81 21 belasta
504 565 73 21 landet
591 565 48 21 med
657 564 119 22 tusendetal
791 564 61 21 mark
867 563 34 21 för

79 593 73 27 hvarje
167 594 41 26 dag
223 593 55 21 blott
292 594 34 20 för
340 595 33 20 att
387 596 64 18 vänta
465 593 28 27 på
508 595 31 20 ett
553 593 76 21 sådant
644 593 85 27 förslag.

147 650 77 22 Pastor
246 651 102 22 Lilius:
378 651 49 21 Med
449 651 112 27 anledning
583 650 22 22 af
626 653 72 25 pastor
713 651 66 27 Lyras
793 651 106 27 yttrande,

80 681 33 19 att
127 680 42 20 han
185 680 65 26 ansåg
264 680 164 26 formuleringen
444 681 22 20 af
475 680 160 26 ifrågavarande
646 679 137 27 bestämning,
795 680 105 26 nämligen

79 710 32 19 att
127 708 82 25 ,denna
224 709 123 27 förordning
362 708 66 27 gäller
443 709 47 21 med
506 715 80 15 samma
600 708 65 26 kraft,
677 715 44 14 som
731 708 169 26 presterskapets

79 736 119 28 privilegier
213 737 22 21 af
250 738 54 20 1723
319 736 55 22 intill
390 738 48 20 dess
453 738 122 21 densamma
590 738 6 20 i
611 737 171 27 grundlagsenlig
797 739 39 24 väg
852 737 48 21 med

78 766 169 26 presteståndets
264 766 58 21 bifall
338 766 75 22 varder
428 766 95 21 ändrad”
538 772 51 15 vara
603 766 195 21 tillfredsställande
814 766 40 21 och
869 767 32 19 att

80 794 59 21 detta
158 794 114 27 lagförslag
291 794 47 22 icke
356 795 68 21 skulle
439 794 105 22 innehålla
561 796 68 26 någon
645 794 122 27 utvidgning
783 794 23 21 af
821 796 78 24 preste-

79 823 153 27 privilegierna,
253 824 92 26 begärde
363 823 37 27 jag
418 824 66 20 ordet.
514 823 42 22 Det
570 829 38 15 var
622 823 121 26 verkeligen
758 822 95 27 omöjligt
868 824 33 20 att

80 852 6 20 i
102 852 65 21 sådan
189 852 53 21 form
264 852 109 26 förelägga
394 852 58 21 detta
467 852 158 26 slutstadgande
642 852 25 21 de
683 852 66 21 andra
764 852 89 20 stånden
868 850 33 22 till

80 880 126 27 antagande.
232 881 41 26 Jag
288 880 36 22 vill
340 880 54 22 blott
409 881 83 27 påpeka
506 882 12 25 $
535 881 27 22 13
576 882 58 20 utom
650 881 76 26 många
741 880 66 22 andra
819 881 29 20 uti
858 879 42 22 för-

80 909 210 27 fattningsförslaget,
306 911 38 20 der
360 910 35 21 det
410 910 97 27 tillägges
522 912 82 25 prester
626 909 102 27 rättighet
750 911 32 19 att
804 909 97 27 uppbära

80 938 62 27 afgift
162 938 34 21 för
217 939 123 26 prestbetyg
362 939 65 26 enligt
445 941 55 19 taxa.
531 938 68 22 Alltså
619 939 66 20 skulle
701 939 40 20 den
758 940 63 19 taxan
837 937 64 22 också

80 966 66 22 blifva
161 969 31 19 ett
207 967 209 27 presteprivilegium.

147 1024 111 22 Professor
280 1024 94 22 Cleve:
407 1025 77 21 Pastor
502 1026 67 20 Lilius
587 1025 40 21 har
646 1024 65 22 redan
731 1024 96 27 uttryckt
846 1024 56 20 hvad

80 1052 36 27 jag
131 1053 90 21 ämnade
238 1055 56 25 säga.
324 1053 42 21 Det
381 1054 61 20 torde
458 1054 40 20 lätt
513 1054 67 21 finnas
596 1059 49 15 vara
661 1052 86 22 alldeles
763 1052 92 27 orimligt
870 1054 32 20 att

80 1081 94 22 förklara
194 1084 32 18 att
247 1082 42 21 alla
308 1082 6 21 i
336 1082 69 22 denna
419 1082 125 27 författning
559 1082 102 26 ingående
677 1082 163 25 bestämningar,
856 1087 45 15 som

80 1111 38 20 äro
140 1110 23 21 af
184 1110 154 22 administrativ
360 1111 38 20 och
420 1110 65 22 delvis
506 1111 22 21 af
547 1111 81 27 ganska
643 1110 91 26 tillfällig
749 1112 68 22 natur,
833 1110 69 20 skulle

81 1138 53 22 böra
148 1138 109 22 betraktas
273 1139 70 21 såsom
358 1140 92 20 varande
466 1139 23 21 af
502 1139 103 27 privilegii
621 1141 39 18 art.
681 1139 37 21 Att
729 1138 69 22 införa
809 1140 30 19 ett
850 1138 52 21 slut-

80 1167 117 27 stadgande
212 1167 24 21 af
249 1168 40 21 den
305 1168 79 26 lydelse
398 1170 33 18 att
446 1168 80 26 ,denna
541 1168 124 25 förordning
679 1166 66 27 gäller
761 1166 47 22 med
821 1172 81 16 samma

80 1196 63 26 kraft,
166 1202 46 15 som
234 1196 168 27 presterskapets
424 1196 120 27 privilegier
566 1196 23 21 af
602 1197 24 20 år
642 1196 61 25 1723,
719 1196 54 20 intill
789 1195 47 22 dess
852 1195 50 21 den-

81 1230 81 16 samma
184 1225 28 26 på
234 1225 172 27 grundlagsenlig
427 1226 41 26 väg
490 1226 48 20 med
560 1225 167 27 presteståndets
747 1223 60 22 bifall
826 1223 76 22 varder

80 1252 126 22 förändrad”
229 1260 49 14 vore
294 1255 32 19 att
340 1254 56 21 inom
412 1254 159 26 privilegiernas
587 1253 85 22 område
686 1252 69 22 införa
770 1252 132 27 stadganden

81 1282 23 21 af
124 1281 88 22 alldeles
234 1282 91 27 tillfällig
347 1284 63 20 natur
432 1282 40 21 och
494 1282 86 27 utvidga
599 1282 47 21 icke
665 1282 55 20 blott
735 1280 167 28 presteståndets

81 1310 126 27 privilegier,
227 1312 52 20 utan
298 1310 87 28 utvidga
406 1310 116 28 begreppet
539 1311 21 21 af
579 1310 61 22 ordet
654 1310 132 27 privilegium
802 1310 40 20 och
857 1309 46 21 föra

82 1338 36 22 det
137 1340 28 26 på
186 1341 30 19 ett
236 1339 39 21 fält
295 1340 39 21 der
349 1340 35 21 det
399 1339 69 27 aldrig
483 1340 41 21 kan
538 1340 21 21 få
574 1339 65 27 något
653 1345 54 15 rum.
736 1338 43 22 Det
793 1338 61 21 torde
870 1338 32 20 så-

81 1368 58 21 ledes
160 1368 73 21 kunna
255 1374 62 16 anses
339 1368 69 22 såsom
430 1368 88 22 alldeles
538 1368 135 26 berättigadt,
689 1369 32 19 att
737 1367 105 21 utskottet
856 1366 47 21 icke

81 1397 71 21 ansett
174 1396 31 27 sig
226 1396 72 22 kunna
320 1396 116 27 framlägga
458 1403 24 15 en
502 1397 67 21 sådan
584 1396 101 27 paragraf
698 1396 33 21 till
747 1396 26 21 de
787 1397 33 19 tre
835 1394 69 27 öfriga

82 1424 100 22 ståndens
204 1425 161 26 godkännande,
388 1427 52 18 utan
463 1425 82 21 derföre
567 1426 61 19 aktat
648 1424 73 26 nödigt
736 1426 32 19 att
782 1424 27 25 gå
824 1426 80 23 preste-

81 1453 97 21 ståndets
193 1453 87 26 önskan,
296 1455 33 19 att
343 1453 158 26 privilegiernas
516 1453 63 26 helgd
594 1459 75 20 genom
685 1452 69 22 denna
767 1451 101 27 paragraf
876 1451 28 27 på

82 1482 65 27 något
170 1483 43 20 sätt
234 1481 46 22 icke
302 1481 86 22 träddes
406 1481 79 25 förnär,
501 1481 101 22 tillmötes
616 1487 76 20 genom
707 1482 32 19 att
754 1479 150 22 omformulera

82 1510 126 28 paragrafen
231 1510 65 22 sådan
319 1511 40 22 den
374 1517 29 15 nu
418 1511 60 26 lyder
493 1510 39 22 och
548 1510 65 27 enligt
629 1509 83 22 hvilken
727 1508 80 28 lydelse
821 1510 83 26 preste-
