1081 1809
309 152 161 18 Presteståndet
484 154 57 16 1878.
565 153 23 17 12
599 153 89 21 januari.
829 148 57 21 3293

95 222 35 21 det
153 221 22 21 af
195 222 65 26 sagde
283 222 62 21 stånd
367 222 124 21 framstälda
505 222 206 26 resolutionsförslag
725 222 54 22 skall
795 222 32 21 till
841 224 73 20 värne-

94 250 171 28 pligtsutskottet
280 249 121 23 remitteras
416 250 32 20 för
463 252 31 20 att
508 256 75 21 genom
599 250 171 27 omformulering
784 250 130 28 förtydligas.

162 307 132 21 Besvarades
316 306 47 22 med
379 306 101 27 enhälligt
495 307 33 26 nej
544 307 39 22 och
599 307 44 21 blef
656 306 82 23 således
753 314 26 14 en
793 306 74 22 remiss
882 307 32 21 till

97 335 242 27 värnepligtsutskottet,
355 335 7 21 i
381 335 36 21 det
431 335 22 22 af
466 336 107 27 professor
587 335 104 23 Forsman
705 336 85 27 angifna
804 336 60 28 syfte,
879 336 36 21 be-

95 364 76 22 sluten.

163 422 47 22 Den
232 422 33 22 del
288 422 21 21 af
323 422 164 22 bondeståndets
502 422 123 28 inbjudning
640 429 44 15 som
699 424 37 20 rör
750 422 55 22 vissa
820 422 6 22 i
842 424 73 20 värne-

96 451 125 27 pligtslagen
243 452 103 25 ingående
367 450 132 28 paragrafers
516 452 105 26 egenskap
637 452 22 20 af
671 452 244 26 grundlagsstadganden

97 480 44 21 blef
162 480 27 26 på
204 480 78 26 förslag
298 480 21 21 af
333 482 86 25 prosten
435 480 64 27 Hjelt,
516 486 33 16 om
565 480 62 22 hvars
642 480 78 27 förslag
735 483 85 24 prosten
836 480 78 21 Rosen-

94 515 51 20 gren
164 508 38 22 och
225 508 106 28 professor
352 508 103 22 Forsman
477 509 99 22 förenade
595 509 38 27 sig,
649 508 101 28 bordlagd
766 509 32 21 till
812 514 103 16 samman-

94 538 70 21 trädet
181 538 3 20 i
201 538 96 26 måndag.

162 680 110 23 Professor
293 681 136 22 Forsman
451 682 71 21 anhöll
541 683 32 20 att
592 682 27 21 kl.
643 682 12 19 2
677 681 20 21 få
720 681 92 27 aflägsna
834 682 31 26 sig
883 681 32 21 för

96 710 213 27 tjensteåliggandens
331 710 56 22 skull
408 711 13 21 å
437 711 156 26 universitetet;
609 710 80 22 hvilket
704 710 22 22 af
739 711 85 21 ståndet
838 710 76 22 bifölls.

162 878 56 21 Derå
233 878 109 26 föredrogs
358 877 243 27 värnepligtsutskottets
616 876 77 29 förslag
708 877 32 22 till
756 878 159 27 sammanjemk-

94 907 52 27 ning
168 907 22 21 af
206 907 26 21 de
251 907 65 21 delvis
331 907 120 26 skiljaktiga
467 906 69 22 beslut
552 906 57 22 hvari
625 907 87 21 stånden
729 909 86 19 stannat
830 907 33 22 vid
879 908 35 20 be-

95 936 128 26 handlingen
247 936 22 20 af
289 936 115 21 utskottets
426 936 133 21 betänkande
581 942 33 14 n:o
633 936 13 20 2
669 936 6 20 i
693 936 113 27 anledning
822 936 20 22 af
856 936 60 22 Hans

95 965 118 26 Kejserliga
233 964 110 28 Majestäts
367 965 75 25 nådiga
463 965 130 26 proposition
615 971 33 15 n:o
664 966 25 20 41
707 965 108 27 angående
830 965 85 22 kostna-

96 994 66 21 derna
176 994 33 21 för
223 994 110 22 införande
349 994 22 20 af
385 994 77 21 allmän
477 993 117 28 värnepligt
608 992 7 22 i
630 993 95 22 Finland.

164 1051 67 21 Ordet
245 1051 82 22 anhölls
342 1050 23 22 af

163 1108 76 22 Pastor
255 1104 82 31 Öller,
356 1114 45 16 som
417 1108 92 28 yttrade:
530 1108 42 22 Det
587 1108 72 28 tyckes
673 1108 43 27 mig
730 1110 70 20 säsom
816 1115 49 15 vore
881 1109 35 21 det

95 1144 26 15 en
144 1138 121 27 misskalkyl
288 1138 22 21 af
330 1138 105 21 utskottet
457 1138 8 20 i
487 1138 59 21 detta
561 1138 138 24 betänkande,
716 1138 26 21 dä
758 1138 35 21 det
808 1138 27 26 pä
850 1138 37 21 sid.
903 1138 13 21 3

95 1168 25 20 är
134 1169 103 25 upptaget
251 1168 32 20 att
299 1167 69 21 säsom
384 1166 77 22 arvode
477 1166 32 21 för
525 1166 107 22 auditörer
647 1167 38 21 och
702 1167 134 26 predikanter
846 1166 70 22 äfven-

95 1201 45 16 som
163 1196 33 21 för
218 1196 81 21 diverse
316 1196 135 20 oförutsedda
473 1195 86 27 utgifter
581 1196 70 20 ansläs
667 1202 26 14 en
707 1201 82 15 summa
804 1196 22 20 af
841 1196 75 25 11,228

95 1225 67 21 mark.
192 1224 40 26 Jag
254 1225 39 20 har
312 1224 63 22 fattat
397 1224 66 21 saken
477 1225 24 20 sä
517 1226 31 20 att
564 1224 35 21 det
614 1224 61 26 gälde
691 1226 31 20 att
738 1224 104 27 uppställa
857 1226 59 20 utom

96 1253 198 27 gardesbataljonen
311 1252 46 22 ätta
371 1252 119 28 bataljoner
505 1252 39 22 och
560 1255 50 19 utan
626 1252 71 22 tvifvel
713 1252 68 22 skulle
798 1253 30 21 väl
844 1253 73 27 hvarje

96 1282 94 26 bataljon
214 1282 61 21 hafva
297 1282 31 21 sin
350 1282 113 27 predikant
483 1282 39 21 och
545 1282 31 21 sin
592 1282 91 21 auditör.
713 1281 39 22 Om
768 1288 28 15 nu
811 1282 24 21 sä
850 1282 67 22 skulle

95 1317 51 15 vara
168 1310 60 22 fallet
249 1311 68 21 skulle
339 1311 28 26 pä
389 1310 46 22 ätta
457 1311 108 21 auditörer
585 1311 39 21 och
640 1311 141 26 predikanter,
798 1317 33 15 om
847 1311 70 21 hvilka

95 1345 48 15 man
160 1339 54 21 dock
229 1339 38 21 har
281 1342 67 25 yttrat
363 1341 32 19 att
411 1340 25 20 de
452 1339 65 21 borde
532 1345 51 15 vara
594 1340 32 20 väl
638 1339 101 27 atlönade,
750 1340 79 26 ärligen
841 1340 77 26 belöpa

95 1368 32 27 sig
145 1368 127 21 tillsamman
293 1368 75 26 11,228
384 1368 59 21 mark
460 1368 38 21 och
514 1368 45 22 icke
575 1368 35 21 det
625 1374 37 15 ens
677 1374 33 15 om
727 1375 47 14 man
785 1371 59 23 tager
860 1369 5 20 i
882 1369 35 21 be-

96 1396 112 22 traktande
237 1399 32 19 att
297 1397 82 21 diverse
401 1396 136 22 oförutsedda
558 1397 86 26 utgifter
667 1397 69 21 kunde
758 1397 158 26 ifrägakomma.

94 1425 41 27 Jag
150 1425 123 21 hemstälier
288 1425 32 21 till
335 1426 117 20 utskottets
467 1426 64 20 värde
547 1424 118 22 ledamöter
679 1425 103 21 huruvida
797 1426 45 20 icke
858 1426 60 20 detta

96 1454 67 20 mäste
180 1458 50 16 vara
245 1455 30 19 ett
291 1453 93 26 misstag.

163 1510 84 21 Doktor
269 1508 101 23 Geitlin
387 1509 99 22 framhöll
508 1510 31 20 att
562 1509 47 21 med
631 1509 97 22 afseende
743 1510 13 20 &
771 1510 146 22 auditörernas

96 1538 40 22 och
158 1539 174 26 predikanternas
354 1539 60 21 löner
437 1538 143 22 betänkandet
602 1539 106 26 verkligen
730 1539 71 21 kunde
822 1539 95 22 förefalla
