1081 1798
322 147 158 17 Presteståndet
493 148 54 17 1878.
571 148 23 17 21
605 148 89 20 januari.
832 142 56 21 3399

97 216 67 20 banks
179 215 152 27 odisponerade
346 215 124 22 vinstmedel
487 216 138 21 1872—-1876
640 216 68 21 skulle
723 216 79 21 lemnas
815 217 6 21 i
832 216 83 21 banken

96 244 136 22 innestående
253 244 32 21 till
307 244 173 21 nästkommande
502 244 109 26 landtdag;
635 244 19 24 b)
675 244 103 21 förklarat
799 245 45 21 sina
859 244 57 22 förut

96 271 79 22 fattade
198 272 109 22 eventuela
330 272 70 21 beslut
413 272 8 20 i
436 271 73 27 frågan
529 278 36 16 om
586 273 116 25 utgörande
722 272 22 22 af
756 272 112 27 bevillning
883 272 33 22 för

97 301 55 21 1878
167 300 39 22 och
220 300 120 27 påföljande
354 301 25 20 år
393 300 33 20 för
440 300 106 22 definitiva
561 301 39 21 och
614 300 116 28 godkänt
720 296 10 36 $
744 302 9 19 1
766 301 5 21 i
783 301 133 26 bevillnings-

96 329 115 21 utskottets
232 328 79 27 förslag
333 329 32 21 till
385 328 200 28 bevillningsstadga
604 328 106 22 äfvensom
725 329 60 27 gillat
800 330 116 21 utskottets

95 357 202 28 sammanjemkning
312 357 7 21 i
334 363 80 15 samma
435 358 87 25 ärende;
539 359 19 26 c)
574 358 59 26 gillat
648 358 169 22 statsutskottets
832 358 7 21 i
854 357 62 23 skrif-

96 386 56 22 velse
167 386 23 21 af
203 387 39 21 den
259 388 11 20 9
287 386 79 21 dennes
381 386 117 26 föreslagna
513 386 76 27 åtgärd
604 388 32 20 att
651 387 107 27 uppdraga
774 386 141 22 handhafvan-

97 415 36 22 det
148 416 22 20 af
183 415 103 22 särskilda
302 415 127 27 landtdagen
445 415 89 21 rörande
550 415 136 22 ekonomiska
701 415 177 27 angelägenheter
893 416 23 21 åt

96 443 187 27 bankfullmäktige
298 444 40 21 och
353 444 241 26 expeditionsutskottet,
607 444 22 27 d)
641 444 94 26 godkänt
744 445 171 21 statsutskottets

96 473 133 21 betänkande
250 479 33 15 n:o
306 473 25 21 16
348 472 107 27 angående
470 472 26 22 de
511 472 34 22 vid
561 473 68 21 denna
644 472 100 28 landtdag
760 472 103 27 beviljade
878 480 36 14 an-

95 502 46 26 slag
164 501 38 21 och
225 508 33 14 om
282 501 82 21 medlen
386 503 32 19 att
432 501 90 21 betäcka
537 502 106 21 desamma
658 504 54 19 samt
727 503 19 24 e)
760 502 95 26 godkänt
870 501 45 27 lag-

95 530 115 22 utskottets
232 530 126 21 hemställan
382 536 33 15 om
435 530 101 21 förstärkt
556 530 82 21 utskott
658 531 90 21 rörande
765 531 49 21 nåd.
829 537 83 20 propos.

95 565 34 15 n:o
145 560 27 20 44
188 558 38 22 och
242 558 32 21 till
290 558 115 22 ledamöter
420 558 6 20 i
442 559 36 21 det
492 559 115 21 förstärkta
622 559 105 21 utskottet
739 559 65 21 invalt
815 558 99 22 herrarne

95 587 89 28 Nybom,
199 587 119 25 Lindblom,
334 586 115 26 Molander,
465 587 87 26 Kurtén,
568 587 102 25 Lindelöf,
685 588 25 21 A.
720 588 119 26 Björkstén,
849 588 65 26 Borg-

95 618 72 23 ström,
183 616 109 25 Rissanen,
308 616 100 23 Höckert,
424 615 60 22 Gadd
500 616 39 21 och
554 616 64 21 Bade.

162 683 87 22 Hvilket
264 683 145 22 antecknades.

162 850 115 21 Anmäldes
305 852 31 19 att
365 851 145 20 ceremonielet
532 851 34 20 vid
588 850 137 26 landtdagens
744 850 117 21 afslutande
884 850 27 20 in-

94 878 88 22 kommit
198 878 37 22 och
251 879 67 21 blifvit
334 879 5 21 i
356 879 83 21 ståndet
455 879 100 21 utdeladt.

162 1050 155 27 Tillkännagafs
339 1052 32 20 att
393 1050 94 22 ståndets
509 1050 94 22 enskilda
625 1050 113 27 petitioner
758 1056 86 16 numera
862 1056 51 16 voro

93 1079 117 22 renskrifna
225 1079 39 21 och
279 1079 81 27 färdiga
374 1079 32 21 till
421 1079 175 27 underskrifning,
608 1079 83 21 hvilken
702 1078 118 22 bestämdes
828 1079 86 21 komma

94 1110 32 20 att
141 1108 37 21 ske
194 1108 52 21 efter
262 1108 35 22 det
313 1108 77 27 dagens
406 1108 155 21 sammanträde
576 1108 102 21 afslutats.

162 1274 117 25 Föredrogs
302 1275 31 19 ett
354 1273 46 21 från
421 1274 145 26 ridderskapet
581 1273 40 21 och
636 1273 61 21 adeln
713 1273 115 21 inkommet
843 1274 71 25 proto-

93 1302 131 27 kollsutdrag
240 1302 22 21 af
276 1302 40 22 den
332 1303 26 21 18
373 1302 141 22 innevarande
530 1302 82 24 månad,
628 1301 44 21 deri
688 1302 35 20 det
735 1300 111 27 höglofliga
857 1301 56 21 stån-

94 1331 42 26 det,
149 1331 66 26 jemte
231 1331 97 21 anmälan
343 1332 32 20 att
390 1330 84 22 ståndet
489 1330 75 22 bifallit
579 1330 33 22 till
627 1330 44 26 lag-
683 1330 39 21 och
733 1330 181 21 ekonomiutskot-

94 1362 41 19 tets
158 1359 126 22 hemställan
306 1365 34 15 om
362 1359 130 26 uteslutning
514 1359 22 21 af
556 1359 11 27 $
590 1360 23 20 11
638 1358 39 22 och
692 1359 51 21 sista
758 1364 62 16 mom.
835 1358 7 20 i
858 1358 12 27 &
886 1358 27 20 22

94 1388 105 22 äfvensom
222 1388 26 27 $$
269 1389 27 19 14
316 1388 39 21 och
373 1389 24 20 15
412 1394 26 14 ur
453 1388 39 20 den
508 1388 118 26 föreslagna
640 1386 150 27 författningen
806 1386 108 26 angående

93 1416 105 25 reglering
218 1416 22 21 af
259 1416 167 25 presterskapets
446 1415 90 26 aflöning
551 1416 6 19 i
572 1415 82 21 landets
673 1413 241 27 evangelisk-lutherska

94 1443 152 27 församlingar,
269 1442 68 22 tillika
359 1443 97 26 inbjuder
475 1443 136 21 medstånden
633 1444 33 19 att
685 1443 73 20 förena
779 1442 31 26 sig
829 1448 34 15 om
878 1441 36 22 det

93 1471 113 28 höglofliga
223 1471 95 22 ståndets
333 1471 69 21 beslut
418 1473 32 19 att
464 1471 7 20 i
486 1471 36 21 det
536 1471 144 26 underdåniga
694 1472 70 20 svaret
779 1470 27 27 på
822 1470 40 21 den
876 1469 37 22 nå-

94 1501 49 26 diga
160 1501 158 27 propositionen
332 1500 7 21 i
354 1502 72 19 ämnet
440 1499 67 22 skulle
522 1499 78 22 införas
616 1501 31 20 ett
661 1499 109 22 uttalande
786 1498 23 22 af
822 1498 92 27 följande

93 1529 86 28 lydelse:
