1081 1803
319 157 159 19 Presteständet
491 159 53 17 1878.
568 160 22 16 21
601 159 88 22 januari.
832 153 55 21 3397

164 299 157 34 Måndagen
340 299 56 27 den
414 299 31 27 21
463 300 114 34 januari
594 300 39 27 kl.
650 300 32 27 12
700 299 36 36 på
750 301 97 34 dagen.

164 385 171 23 Sammanträdet
355 386 107 27 öppnades
483 386 47 22 med
549 386 23 22 af
586 386 104 28 professor
706 386 63 22 Cleve
784 388 27 26 på
826 387 89 21 svenska

94 414 88 28 språket
197 414 105 22 förrättad
317 415 49 21 bön.

163 489 83 22 Ankom
262 489 39 21 och
317 492 104 24 emottogs
436 489 118 22 ledamoten
565 490 6 20 i
581 490 117 27 Kejserliga
713 490 101 22 Senatens
823 489 92 27 justitie-

95 518 145 27 departement
262 518 22 21 C.
307 518 22 21 G.
353 518 118 27 Ehrström,
491 524 45 16 som
559 518 122 22 meddelade
701 519 84 21 ståndet
800 518 115 22 innehållet

94 546 22 22 af
137 546 26 21 H.
182 546 26 22 K.
224 546 50 22 M:ts
289 546 76 28 nådiga
380 546 77 27 påbud,
474 546 97 22 dateradt
585 547 98 21 Poradim
700 547 40 22 den
756 548 25 20 31
798 547 117 25 december,

94 575 23 22 af
129 575 91 28 följande
235 575 89 28 lydelse:

163 650 39 26 »Vi
221 650 175 23 ALEXANDER
412 651 40 22 den
467 652 77 26 Andre,
560 652 47 21 med
623 651 57 22 Guds
696 651 66 26 Näde,
777 651 89 28 Kejsare
876 651 39 22 och

94 680 164 27 Sjelfherrskare
280 680 58 21 öfver
360 680 47 22 hela
426 680 108 27 Ryssland,
556 680 52 22 Tsar
628 681 22 20 af
664 680 72 27 Polen,
752 680 116 22 Storfurste
883 680 33 21 till

94 709 90 21 Finland
205 712 39 18 etc.
264 711 40 19 etc.
325 712 38 18 ete.
393 709 104 27 Tillbjude
519 709 62 26 Eder,
598 709 40 21 Oss
653 709 101 27 älskelige
768 709 56 21 Våra
840 712 75 24 trogne

94 738 131 26 undersätar,
248 737 184 22 Landtständerna
454 738 6 20 i
482 738 88 21 Finland
590 738 44 21 Vär
652 738 118 27 synnerliga
785 740 75 26 ynnest
875 738 39 21 och

94 766 77 27 nädiga
186 766 137 27 bevägenhet,
340 767 47 21 med
402 766 47 22 Gud
464 767 133 26 Allsmäktig.

162 795 44 21 Vår
227 796 77 25 nådiga
326 795 50 27 vilja
397 798 25 19 är
442 797 31 20 att
489 796 39 21 den
544 802 28 15 nu
587 795 115 27 påstående
717 794 128 28 landtdagen
860 795 55 21 skall

94 823 87 22 afslutas
204 824 39 21 den
266 824 64 25 12/24
352 824 89 21 Januari
464 825 61 25 1878,
546 824 27 22 dä
587 824 43 22 Vär
646 824 194 26 Generalguvernör
856 824 58 21 öfver

94 852 90 22 Finland
200 852 38 22 och
254 852 192 26 Generaladjutant,
458 853 111 26 generalen
581 853 22 21 af
612 852 121 22 infanteriet
744 852 76 22 Grefve
829 852 85 22 Nikolai

94 881 117 30 Adlerberg
226 882 96 20 kommer
336 883 32 19 att
383 882 13 20 &
410 881 51 22 vära
477 884 77 24 vägnar
568 881 89 28 upplösa
667 881 127 27 landtdagen
806 881 39 22 och
856 881 59 22 hem-

94 909 88 23 förlofva
198 910 118 22 ständerna.

161 939 27 21 Vi
204 939 95 21 förblifve
309 938 57 22 Eder
374 938 96 28 samtlige
482 939 47 21 med
539 940 28 20 all
578 939 104 27 Kejserlig
691 941 76 25 ynnest
776 938 136 28 välbevägne;

94 967 123 23 Befallande
232 968 56 21 Eder
304 968 47 21 Gud
366 968 126 27 Allsmäktig
507 968 110 27 nädeligen

414 1036 184 22 ALEXANDER.

271 1104 305 22 Minister-statssekreteraren
592 1104 65 21 baron
674 1103 240 28 Stjernvall-Walleen.*

162 1192 70 21 Sedan
247 1191 49 22 herr
310 1191 151 22 talmannen
498 1193 71 20 tackat
584 1191 49 22 herr
644 1193 98 20 senatorn
752 1191 34 22 för
796 1191 35 22 det
840 1191 75 27 gjorda

94 1221 155 24 meddelandet,
264 1220 95 22 uttalade
375 1221 67 21 denne
457 1221 47 21 med
519 1222 65 26 nägra
598 1221 36 21 ord
647 1220 31 21 sin
689 1220 131 22 tacksamhet
830 1220 33 21 för
874 1220 41 21 den

94 1250 84 26 välvilja
193 1250 76 21 honom
285 1250 91 21 bevisats
392 1251 66 20 under
468 1251 40 20 den
518 1250 32 21 tid
560 1250 42 21 han
613 1249 45 22 haft
668 1252 51 18 äran
730 1249 85 22 tillhöra
825 1249 90 21 ståndet.

162 1434 120 24 Föredrogs
304 1439 26 14 en
350 1432 109 21 skrifvelse
474 1433 45 19 från
535 1433 139 25 lagutskottet
689 1432 21 21 af
725 1433 68 19 denna
808 1432 46 25 dag,
871 1432 44 19 deri

94 1461 104 21 utskottet
213 1459 93 22 anmäler
321 1461 32 20 att
366 1460 114 21 utskottets
490 1459 76 27 förslag
577 1459 32 21 till
620 1459 295 26 omröstningspropositioner

94 1489 7 21 i
112 1489 102 21 förstärkt
224 1489 82 21 utskott
316 1489 32 20 för
358 1488 113 27 afgörande
480 1487 21 22 af
510 1487 103 22 särskilda
621 1487 70 28 frågor
699 1488 90 21 rörande
797 1487 27 22 H.
831 1487 27 22 K.
865 1487 50 22 M:ts

94 1517 76 28 nådiga
185 1517 131 28 proposition
330 1523 35 16 n:o
380 1518 28 20 44
423 1517 47 22 med
486 1517 77 26 förslag
578 1517 32 21 till
620 1516 121 27 förordning
751 1517 89 21 rörande
850 1516 65 22 främ-

95 1546 75 22 mande
186 1546 80 22 kristna
280 1545 167 23 trosbekännare
463 1552 27 15 m.
505 1553 27 14 m.
548 1545 68 22 blifvit
632 1546 44 21 dels
690 1545 22 22 af
726 1545 96 27 samtliga
838 1545 44 22 dels
895 1545 21 22 af
