1073 1806
209 156 55 25 2658
396 164 160 18 Presteståndet
569 165 54 17 1877.
648 164 24 16 10
684 164 112 18 december,

182 240 27 15 en
224 233 102 22 cacherad
341 232 97 28 värfning
454 233 38 21 och
512 233 89 21 sålunda
615 232 114 22 förderfvat
743 232 48 22 hela
806 232 196 29 värnepligtssyste-

182 264 49 20 met.
247 275 27 3 —
297 262 43 22 Det
362 264 24 19 är
407 263 27 25 på
458 262 60 21 dessa
540 262 53 24 skäl,
615 268 45 14 som
677 262 36 26 jag
727 262 46 21 icke
789 263 69 19 ansett
873 262 43 26 mig
930 262 71 22 kunna

181 290 113 28 godkänna
315 290 243 27 utskottsbetänkandet,
581 292 50 20 utan
648 291 26 21 dä
689 290 236 27 värnepligtsprincipen
937 291 63 21 fram-

182 320 75 21 trädde
278 320 84 26 mycket
377 325 57 15 mera
449 326 37 14 ren
502 319 40 21 och
557 319 128 22 oförfalskad
700 319 6 21 i
723 319 35 21 det
773 318 21 22 af
808 319 50 21 herr
872 318 128 23 Silfversvan

181 348 113 27 uppstälda
314 348 100 26 förslaget
436 348 88 21 anslutit
547 348 42 26 mig
611 347 31 22 till
666 348 122 26 detsamma,
803 350 51 19 utan
870 350 32 19 att
917 348 84 22 derföre

180 378 28 26 pä
231 377 64 26 nägot
316 378 43 20 sätt
381 376 111 27 godkänna
515 376 26 22 de
563 377 72 23 motiv,
657 376 48 22 med
723 376 71 22 hvilka
809 376 49 22 herr
873 376 127 23 Silfversvan

180 405 82 22 inleder
277 405 122 22 detsamma.

249 462 154 29 Kyrkoherden
424 462 168 23 Stenbäck:
622 462 178 27 Framläggandet
815 462 22 22 af
850 462 60 23 detta
924 462 77 27 nädiga

180 491 78 26 förslag
280 491 32 22 till
334 491 162 28 värnepligtslag
518 491 32 21 för
572 491 90 22 Finland
684 498 61 15 anser
765 492 36 26 jag
819 498 50 15 vara
892 498 26 15 en
940 492 22 21 af
976 491 25 22 de

180 520 112 27 vigtigaste
314 520 186 27 statshandlingar,
524 527 44 15 som
592 521 36 20 vär
651 520 96 27 högsinte
768 521 89 21 monark
879 521 67 21 under
968 520 33 22 sin

181 549 84 21 ärorika
280 549 97 26 regering
392 549 65 21 utfört
472 549 34 21 till
520 549 101 22 Finlands
636 549 89 21 fromma
741 549 38 21 och
795 549 67 22 bästa.
882 549 41 28 Jag
934 549 68 22 häller

181 577 52 26 före,
253 579 32 20 att
308 578 58 20 detta
388 577 114 28 lagförslag
522 580 63 25 utgör
606 580 31 19 ett
659 578 98 27 förnyadt
776 577 49 28 prof
838 579 27 26 pä
880 579 69 20 denne
964 578 38 21 vär

182 606 47 21 ädle
251 606 99 21 monarks
373 606 109 27 orubbliga
502 607 40 21 och
557 607 56 21 fasta
627 607 54 21 fasta
696 606 121 22 förtroende
836 607 30 20 till
884 607 35 21 det
934 606 68 22 finska

182 634 76 22 folkets
273 635 97 27 lojalitet,
389 636 46 20 dess
460 635 133 27 pligtkänsla,
609 635 47 22 dess
673 635 112 22 moraliska
801 635 38 22 och
854 635 147 22 intellektuela

181 664 56 21 kraft
260 666 31 19 att
310 663 62 22 häfva
388 664 38 21 den
442 664 56 26 plats
513 665 64 20 bland
592 665 135 20 nationernas
742 664 63 27 antal,
821 664 80 27 hvarpä
916 665 36 20 det
966 671 35 20 ge-

181 699 49 15 nom
245 693 32 21 sin
293 692 113 21 historiska
421 693 121 27 utveckling
557 693 39 21 har
611 692 68 22 blifvit
693 693 72 26 stäldt,
777 693 39 21 och
826 693 36 26 jag
873 699 61 16 anser
943 693 58 22 detta

181 728 89 21 upprop,
292 727 44 16 som
359 721 112 26 ingalunda
494 722 41 21 kan
558 722 70 26 undgå
646 723 32 20 att
692 721 65 22 väcka
773 721 127 22 åtminstone
916 728 26 15 en
956 724 46 19 stor

182 750 33 21 del
236 750 22 21 af
280 750 36 21 det
338 749 130 22 civiliserade
490 751 97 26 Europas
609 751 192 26 uppmärksamhet,
817 751 101 21 innebära
934 751 67 21 denne

181 779 38 21 vär
240 779 130 26 högsinnade
392 779 99 21 monarks
514 779 56 22 fasta
591 779 120 21 förtroende
734 779 32 21 till
789 779 60 22 detta
870 779 44 22 Jilla
931 779 69 22 finska

180 807 52 22 folk.
261 807 45 22 Vär
320 807 122 22 storfurstes
457 815 81 20 upprop
555 808 31 21 till
607 808 36 21 det
657 807 68 22 finska
740 808 72 25 folket,
826 810 40 23 att,
882 807 59 22 äfven
958 808 42 27 det,

180 837 7 20 i
202 836 68 21 likhet
291 837 47 21 med
358 836 87 27 jordens
467 837 67 21 andra
548 837 103 26 nationer,
667 837 106 27 uppställa
787 843 26 15 en
828 837 173 22 nationalmilitär

181 865 33 21 till
236 865 101 21 thronens
360 865 39 22 och
422 865 143 22 fäderlandets
581 866 82 21 försvar
677 865 41 22 kan
735 865 82 22 derföre
832 866 46 21 icke
894 868 64 19 annat
972 867 27 20 än

180 893 70 22 helsas
272 894 48 21 med
342 894 40 21 den
405 894 97 27 djupaste
517 894 132 22 tacksamhet
663 894 22 21 af
699 901 26 14 en
740 894 58 25 hvar,
814 901 45 15 som
874 895 56 21 inser
946 895 54 21 hvad

180 922 149 22 fosterlandets
351 922 47 21 kraf
417 923 89 24 fordrar,
526 923 30 27 ja,
579 923 58 21 detta
659 929 81 20 upprop
763 923 73 27 mäste,
851 923 47 21 sedt
913 923 47 22 frän
974 929 26 15 en

181 951 93 22 nationel
296 951 112 27 synpunkt,
429 951 70 22 helsas
521 951 48 22 med
588 951 75 27 glädje,
679 951 23 21 sä
717 951 52 22 visst
783 957 46 16 som
845 952 58 21 detta
919 958 82 21 upprop

180 980 95 26 innebär,
298 982 32 19 att
349 980 37 26 jag
407 980 24 20 sä
453 980 35 21 mä
510 982 56 25 säga,
588 987 25 14 en
634 980 36 21 det
685 979 67 22 finska
766 979 78 22 folkets
859 981 142 26 myndighets-

180 1007 121 27 förklaring.
332 1008 41 21 Det
395 1009 119 26 synnerliga
534 1009 95 24 intresse,
653 1010 32 19 att
707 1009 46 20 icke
771 1010 51 25 säga
837 1009 40 21 den
894 1015 44 18 oro,
954 1009 47 21 med

180 1036 85 21 hvilken
280 1037 48 21 värt
342 1037 44 20 folk
401 1039 79 18 motser
495 1037 108 27 lösningen
619 1037 22 21 af
655 1037 68 21 denna
738 1037 64 21 vitala
818 1037 65 27 fräga,
899 1039 25 20 är
937 1037 63 21 fram-

180 1064 81 22 kalladt
277 1065 45 21 dels
337 1065 21 21 af
372 1065 40 21 den
428 1071 68 16 ovana
510 1066 37 21 vid
561 1065 117 27 utgörande
694 1065 155 22 afallvarsama
859 1066 141 27 krigsgärder,

180 1099 45 16 som
248 1093 120 22 förorsakas
392 1093 64 27 deraf,
479 1096 32 19 att
533 1094 72 21 landet
626 1095 68 20 under
713 1100 58 15 mera
787 1096 26 19 än
828 1094 73 22 femtio
916 1095 24 20 är
955 1094 47 22 icke

180 1121 72 22 behöft
268 1123 105 26 uppställa
389 1122 68 26 nägon
473 1122 131 28 betydligare
620 1123 83 26 militär,
720 1123 44 21 dels
779 1123 65 22 ocksä
859 1123 21 20 af
890 1125 40 19 den
940 1123 60 26 form,

180 1150 8 21 i
203 1150 83 22 hvilken
302 1151 68 21 denna
384 1151 52 26 gärd
452 1151 7 21 i
474 1151 40 22 den
530 1152 77 26 nädiga
621 1151 159 27 propositionen
793 1151 68 22 äskas.
883 1151 50 22 Men
945 1154 56 19 ännu

180 1179 39 21 har
234 1179 44 22 icke
299 1179 35 22 det
356 1179 67 22 finska
445 1179 67 22 folket
526 1180 67 26 glömt
608 1180 39 21 den
663 1180 36 25 tid,
716 1180 27 21 dä
757 1179 183 22 fäderneslandets
954 1180 49 21 kraf

179 1207 99 22 fordrade
301 1208 157 27 uppställandet
478 1208 22 21 af
521 1215 26 14 en
563 1210 63 24 armé,
642 1214 45 15 som
703 1210 6 19 i
724 1209 131 21 förhållande
871 1209 32 21 till
919 1209 82 21 landets

180 1235 128 28 folkmängd,
331 1236 54 21 både
405 1236 54 21 hvad
475 1239 99 19 numerär
589 1237 39 21 och
643 1237 91 21 kostnad
749 1237 106 26 beträffar,
871 1237 48 22 vida
935 1237 66 22 öfver-

180 1267 46 24 steg
247 1265 40 21 den
308 1265 102 27 krigshär,
433 1271 45 15 som
501 1272 28 15 nu
551 1268 24 19 är
597 1267 44 20 satt
661 1266 6 20 i
690 1265 66 26 fråga.
786 1266 43 21 Det
850 1266 68 21 finska
936 1266 65 21 folket

180 1293 81 22 minnes
284 1295 55 20 ännu
362 1293 26 22 de
410 1293 112 28 ödesdigra
544 1294 71 27 dagar,
638 1293 27 22 då
685 1294 78 27 landet,
785 1295 69 20 såsom
869 1295 7 20 i
892 1294 73 27 början
980 1294 23 22 af

180 1321 142 22 innevarande
342 1321 141 27 århundrade,
509 1323 47 21 med
579 1329 25 15 en
622 1322 81 22 hälften
718 1323 23 21 så
757 1324 46 20 stor
818 1322 122 27 folkmängd
955 1329 45 15 som

180 1352 34 23 nu,
236 1350 109 21 förmådde
367 1351 107 25 uppställa
489 1357 25 14 en
530 1351 38 20 här
587 1351 20 20 af
621 1353 52 18 nära
689 1351 75 26 22,200
780 1357 55 19 man,
848 1351 23 26 ja
887 1352 58 19 detta
958 1351 43 20 folk

180 1377 88 27 minnes,
284 1379 32 20 att
331 1378 36 21 det
382 1378 68 21 under
472 1384 25 15 en
513 1379 90 26 tidigare
618 1379 73 26 period
707 1379 22 20 af
742 1379 31 21 sin
789 1379 92 21 existens
896 1379 33 20 för
944 1378 58 21 öfver

180 1406 42 21 230
237 1407 24 20 är
276 1406 71 26 sedan,
364 1406 26 21 då
405 1406 82 22 landets
502 1406 122 27 folkmängd
640 1407 97 26 utgjorde
750 1407 105 28 knappast
864 1413 26 16 en
900 1406 101 28 fjerdedel

180 1434 22 23 af
223 1434 55 22 hvad
298 1435 40 21 den
359 1441 28 15 nu
410 1437 30 23 är,
463 1435 70 22 kunde
556 1435 106 28 uppställa
685 1442 25 15 en
732 1435 100 23 härmakt
854 1437 21 21 af
896 1436 56 21 ända
969 1435 32 22 till

182 1464 76 25 18,000
274 1470 59 18 man;
350 1465 58 21 detta
423 1463 44 22 folk
482 1464 81 22 minnes
579 1465 42 24 det,
636 1464 45 22 icke
695 1465 87 22 emedan
793 1466 36 21 det
839 1465 93 22 önskade
940 1465 61 22 dessa

180 1492 123 23 fasansfulla
324 1493 54 21 tider
400 1493 94 25 tillbaka,
518 1494 27 21 då
559 1493 160 28 fädernejorden
734 1496 75 20 nästan
825 1494 72 28 hvarje
912 1495 24 21 år
951 1494 49 21 ned-

180 1521 120 28 trampades
321 1521 22 22 af
363 1522 108 27 fiendtliga
492 1522 71 25 härar,
585 1529 48 15 men
653 1522 36 23 det
711 1523 80 22 minnes
807 1524 59 21 detta
880 1524 70 21 såsom
965 1523 37 22 det

180 1550 74 23 höfves
277 1557 25 16 en
326 1551 80 26 nation,
428 1551 84 22 hvilken
536 1553 55 20 ännu
607 1551 45 22 icke
669 1551 129 28 vanslägtats
813 1553 47 21 från
876 1553 40 22 den
932 1558 68 16 mora-
