1073 1803
289 156 160 18 Presteståndet
461 158 55 17 1877.
539 158 14 17 4
565 158 112 17 december.
804 152 51 21 2431

67 225 116 27 trängande
206 227 32 19 att
260 225 40 22 den
315 225 46 22 icke
376 225 73 26 längre
465 226 40 21 kan
521 226 111 21 undvaras.
661 227 41 26 Jag
717 227 62 21 utber
793 227 43 26 mig
852 227 36 21 det

66 254 131 27 högvördiga
211 254 95 21 ståndets
321 254 189 26 uppmärksamhet
524 254 33 21 för
567 261 25 15 en
603 255 63 21 stund
677 254 32 23 för
719 255 169 27 framläggandet

66 282 24 21 af
103 282 57 21 mina
179 282 79 27 åsigter
272 283 7 20 i
295 283 93 20 ärendet.
418 282 46 26 Om,
480 283 24 21 så
519 283 60 28 länge
594 283 130 27 kyrkolagen
739 283 24 22 af
777 285 54 20 1686
848 284 39 21 och

66 311 36 21 det
116 310 24 22 så
155 311 116 27 beryktade
285 311 232 26 konventikelplakatet
532 313 57 20 ännu
603 317 51 16 voro
669 313 98 25 gällande
787 312 40 21 och
843 313 44 20 till-

65 339 114 27 lämpades,
201 339 27 22 då
249 340 122 26 uppkomna
392 339 99 27 religiösa
511 340 117 22 fraktioner
648 340 68 22 skulle
737 341 46 22 haft
798 341 42 21 lust
854 343 33 20 att

65 368 87 21 utträda
166 374 26 15 ur
207 368 143 28 statskyrkan,
365 368 82 26 färdiga
462 370 32 20 att
508 368 129 22 underkasta
652 369 32 26 sig
696 370 35 20 det
746 370 140 26 martyrskap,

65 403 45 15 som
136 396 62 22 häraf
221 396 55 22 hade
298 397 81 21 kunnat
398 396 65 22 blifva
481 397 86 27 följden,
590 398 38 21 har
653 398 62 21 deras
737 398 149 21 förehafvande

65 426 105 21 måhända
193 426 56 21 varit
263 425 130 27 berättigadt
407 426 39 21 och
462 426 131 22 motiveradt.
623 426 50 22 Icke
688 426 23 22 så
726 427 6 21 i
749 427 51 21 våra
814 427 72 27 dagar,

65 455 65 21 sedan
146 454 39 22 den
201 460 41 21 nya
257 454 141 28 kyrkolagens
409 454 114 22 frisinnade
534 455 157 27 bestämningar
701 455 103 27 aflägsnat
814 455 72 26 hvarje

64 482 116 28 förföljelse
201 482 57 22 såväl
279 484 57 20 emot
353 483 54 25 dem,
423 490 46 14 som
484 484 57 26 hylla
556 484 92 27 kyrkans
663 484 158 27 symboltrogna
835 484 52 26 lära,

64 518 45 15 som
130 512 53 24 dem,
205 511 72 22 hvilka
297 511 70 22 afvika
388 512 98 21 derifrån.
516 512 39 22 Att
573 518 29 16 nu
620 512 48 22 med
683 519 37 15 ens
735 513 99 21 omställa
849 512 38 22 vår

64 540 97 28 kyrkliga
179 540 132 28 lagstiftning
325 540 7 22 i
347 547 26 15 en
388 540 100 28 riktning,
502 547 46 15 som
563 547 80 21 gynnar
656 541 23 27 ja
693 541 122 22 framkallar
829 541 58 22 affall

64 570 39 21 och
119 569 128 22 utträdande
262 576 25 15 ur
302 569 37 22 vår
353 569 68 22 finska
436 570 109 21 lutherska
560 570 68 27 kyrka
644 570 55 22 blott
713 571 34 21 för
761 572 34 20 att
809 571 78 21 handla

64 599 56 20 vissa
139 598 79 22 utifrån
239 598 32 21 till
290 604 34 15 oss
339 599 143 26 importerade
497 599 98 27 religiösa
609 599 80 27 partier
704 599 34 21 till
753 599 68 27 behag
836 605 50 16 vore

64 628 6 21 i
86 627 88 27 sanning
193 629 32 20 ett
245 627 81 27 ganska
346 627 121 26 förkastligt
490 627 128 22 förfarande.
653 627 46 22 Den
721 630 57 19 rätta
797 627 89 27 lagstift-

64 656 174 27 ningsmethoden
260 658 24 19 är
305 656 105 26 nämligen
431 659 33 18 att
484 657 71 21 städse
577 658 56 20 rätta
653 657 32 26 sig
704 657 53 21 efter
781 657 36 21 det
830 657 56 21 folks

64 685 94 26 verkliga
179 683 70 28 behof,
269 684 33 21 för
320 684 79 21 hvilket
415 684 110 27 lagstiftas,
540 687 33 19 att
587 687 46 24 steg
648 685 33 21 för
696 687 47 25 steg
757 685 70 27 lämpa
842 685 44 27 lag-

64 713 68 21 buden
157 713 53 21 efter
233 713 47 21 dess
301 712 161 28 intellektuella,
478 713 79 27 sedliga
580 714 39 21 och
643 713 98 27 religiösa
759 713 126 27 utveckling,

63 748 48 15 men
132 742 20 26 ej
172 742 59 21 stifta
251 742 66 26 lagar,
332 742 33 20 för
385 741 81 22 hvilket
481 742 66 21 folket
562 742 47 22 icke
624 744 56 19 ännu
695 742 68 21 blifvit
778 742 108 22 förberedt

64 770 39 22 och
120 774 87 23 mognat
223 770 39 22 och
277 770 82 21 hvilkas
375 770 107 27 betydelse
498 770 83 22 derföre
596 771 67 21 måste
679 777 45 15 mer
739 771 51 21 eller
805 771 81 21 mindre

62 799 136 22 missförstås.
219 799 10 21 I
245 799 189 27 lagstiftningsväg,
451 800 36 20 der
502 799 36 22 det
550 800 65 26 gäller
628 802 32 19 att
672 799 106 28 praktiskt
791 800 95 26 tillämpa

63 828 107 22 allmänna
190 828 130 21 theoretiska
341 828 113 26 sanningar
477 828 53 22 efter
550 830 32 20 ett
602 828 55 22 folks
677 829 131 21 närvarande
824 828 64 22 behof

63 857 39 21 och
122 856 149 28 mottaglighet
291 858 55 20 samt
365 858 38 22 att,
424 856 74 22 medan
520 863 49 15 man
589 856 36 22 vill
646 857 79 21 bereda
742 863 47 15 rum
804 856 34 22 för
852 860 34 18 ut-

62 886 123 26 vecklingen
207 885 22 21 af
247 886 36 20 det
301 885 61 27 goda,
383 885 92 27 aflägsna
491 885 36 22 det
543 886 61 24 onda,
620 886 41 21 kan
677 892 47 15 man
740 886 105 26 knappast
860 886 27 26 gä

62 920 42 21 nog
118 914 107 27 försigtigt
240 914 39 22 och
295 914 134 21 betänksamt
444 914 92 28 tillväga.
566 908 52 28 Åtta
633 914 24 22 år
672 916 37 20 äro
724 915 105 26 knappast
843 914 42 22 för-

62 943 65 24 lidna,
142 944 65 20 sedan
223 943 36 21 vår
274 949 29 15 nu
318 942 97 27 gällande
431 942 103 27 kyrkolag
549 945 82 23 antogs,
647 943 84 21 hvilken
747 949 75 20 genom
838 943 46 21 sina

63 972 114 21 frisinnade
199 972 157 26 bestämningar
377 971 72 27 tyckes
471 972 88 26 erbjuda
578 972 124 26 tillräckligt
725 974 105 24 utrymme
851 972 33 21 för

63 1000 57 22 olika
134 1000 222 28 meningsbrytningar
371 1000 56 21 inom
442 1000 38 21 vår
494 1001 68 21 finska
577 1000 68 28 kyrka
660 1000 39 22 och
714 1006 49 16 man
778 1001 37 21 vill
830 1000 54 22 dock

62 1030 47 22 icke
131 1029 72 27 åtnöja
225 1030 31 25 sig
279 1030 47 20 med
349 1029 40 21 den
411 1028 64 22 frihet
496 1030 20 20 vi
537 1030 66 21 redan
629 1029 89 27 åtnjuta,
741 1036 49 15 man
812 1030 73 26 tyckes

62 1064 76 21 genom
156 1060 32 20 att
204 1058 89 27 erbjuda
308 1058 54 25 dem,
377 1064 46 15 som
437 1058 49 26 vilja
501 1057 86 23 utträda
601 1064 26 15 ur
642 1058 92 27 kyrkans
749 1058 134 27 gemenskap,

63 1089 69 19 större
153 1087 70 26 frihet,
247 1088 26 19 än
295 1087 148 26 statskyrkans
468 1092 53 21 egna
542 1086 137 22 medlemmar
699 1086 88 27 åtnjuta,
808 1086 76 22 liksom

63 1122 107 21 uppmana
193 1116 46 21 dem
259 1117 34 20 att
313 1121 98 21 separera
431 1115 32 26 sig
482 1115 38 22 och
543 1115 56 22 bilda
619 1121 54 21 egna
687 1115 104 27 samfund,
806 1115 27 22 då
848 1115 36 21 det

62 1144 64 23 likväl
148 1145 45 20 icke
213 1144 66 22 borde
293 1151 52 14 vara
359 1144 94 27 kyrkans
467 1144 82 27 uppgift
564 1145 32 20 att
610 1144 47 21 från
673 1143 119 22 hvarandra
806 1144 79 21 söndra

64 1174 54 25 dem,
137 1180 44 15 som
204 1173 97 22 bekänna
317 1179 80 15 samma
411 1173 94 26 frälsare,
520 1175 51 20 utan
587 1175 32 19 att
635 1174 92 20 tvärtom
742 1173 73 21 förena
830 1173 54 21 dem.

62 1202 99 27 Kyrkans
179 1202 84 27 uppgift
277 1204 25 19 är
316 1204 33 19 att
366 1201 58 22 hålla
438 1202 25 21 så
477 1202 103 21 individer
595 1207 45 16 som
656 1201 97 22 samfund
768 1202 7 21 i
790 1201 93 22 kärleks-

62 1231 39 21 full
116 1231 128 22 förbindelse
260 1231 141 26 sinsemellan,
416 1231 47 21 icke
478 1231 6 21 i
499 1231 100 21 inbördes
614 1231 107 26 splittring
730 1231 40 21 och
780 1231 104 26 tvedrägt.

62 1260 32 22 De
112 1260 83 22 osunda
216 1260 97 26 element,
328 1266 45 15 som
389 1259 38 21 hos
442 1260 51 21 våra
507 1260 81 26 partier
603 1260 39 21 och
657 1260 71 21 sekter
743 1260 141 26 tilläfventyrs

62 1289 33 21 för
110 1288 36 22 det
161 1289 131 21 närvarande
307 1288 119 26 förefinnes,
443 1288 132 21 öfvervinnas
587 1288 7 20 i
607 1288 88 26 sanning
707 1288 83 27 mycket
801 1288 84 26 lättare,

64 1324 34 14 om
113 1318 61 20 dessa
189 1317 130 21 fortfarande
334 1316 99 22 förblifva
445 1316 7 21 i
463 1316 93 27 kyrkans
567 1316 127 27 gemenskap
705 1317 39 21 och
754 1316 131 22 fortfarande

64 1348 107 25 emottaga
186 1345 103 28 inflytelse
305 1345 93 21 derifrån
414 1348 25 18 än
456 1352 33 14 om
506 1345 25 22 de
547 1345 78 21 afsluta
639 1344 31 28 sig
685 1348 57 18 emot
752 1345 81 27 kyrkan
844 1345 40 21 och

63 1374 49 27 vilja
127 1374 63 22 hafva
205 1374 53 22 intet
273 1374 47 21 med
336 1374 68 21 henne
420 1375 31 20 att
467 1373 66 22 skaffa
549 1373 39 22 och
603 1374 32 20 sin
651 1373 94 28 förmåga
760 1376 39 23 att,
814 1373 70 22 såsom

63 1405 32 20 ett
109 1403 92 27 kyrkligt
215 1403 92 21 ferment
321 1402 40 22 och
376 1402 81 27 andligt
472 1403 41 21 salt
525 1402 110 28 uppväcka
647 1402 89 22 intresse
748 1402 33 21 för
794 1402 91 21 kristen-

64 1432 75 20 domen
156 1437 44 14 som
217 1432 24 19 lif
254 1432 39 19 och
309 1431 52 25 lära,
377 1434 31 17 att
425 1431 72 20 utöfva
513 1438 26 13 en
553 1431 117 25 sporrande
685 1431 58 20 kraft
758 1432 56 19 emot
826 1436 59 15 men-

63 1459 87 21 niskans
170 1458 84 27 andliga
275 1459 84 26 tröghet
378 1458 39 21 och
439 1458 95 27 dåsighet
552 1458 46 21 visa
613 1458 26 21 de
653 1458 49 21 vida
717 1458 76 26 bättre,
810 1464 32 14 om
858 1457 27 22 de

64 1489 128 26 qvarstanna
209 1487 57 22 inom
282 1487 89 26 kyrkan,
386 1488 28 19 än
430 1492 33 15 om
479 1487 25 20 de
519 1486 87 21 utträda
621 1492 25 15 ur
661 1486 78 21 hennes
756 1485 128 28 gemenskap

64 1516 38 22 och
118 1516 86 22 komma
218 1515 7 22 i
241 1518 31 19 ett
287 1521 44 16 mer
346 1515 51 21 eller
409 1515 81 21 mindre
501 1515 76 27 spändt
587 1515 39 21 och
637 1514 105 27 fiendtligt
752 1514 133 22 förhållande

63 1544 33 23 till
113 1545 75 22 henne.
219 1544 78 22 Härtill
315 1544 96 21 kommer
427 1545 55 20 ännu
497 1546 32 19 att
544 1543 109 28 individer,
668 1543 71 22 hvilka
754 1549 49 16 vare
818 1543 32 27 sig
864 1543 22 22 af
