1075 1806
189 152 54 21 2918
370 158 160 17 Presteståndet
543 159 53 17 1877.
622 159 22 16 17
656 159 112 16 december.

160 226 39 21 och
215 226 34 22 det
265 226 54 21 både
333 226 7 20 i
355 226 119 26 kroppsligt
489 226 39 21 och
543 226 80 27 andligt
638 226 124 21 hänseende.
791 226 67 21 Afven
874 226 44 21 häri
929 232 50 20 eger

158 254 36 26 jag
217 254 68 27 någon
309 254 119 22 erfarenhet
451 255 47 21 med
519 254 79 27 hänsyn
614 254 31 21 till
661 254 26 21 de
702 256 75 25 många
792 255 116 26 ynglingar,
921 254 37 28 jag
972 255 7 21 i

159 283 90 27 tidigare
264 284 24 20 år
303 283 39 21 har
356 285 43 19 sett
413 284 84 20 inträda
513 284 32 21 vid
560 283 130 21 härvarande
705 283 169 28 gardesbataljon
890 283 39 22 och
942 284 37 21 der

160 312 53 26 tjent
235 312 8 21 i
264 312 162 21 underordnade
447 313 82 25 grader.
557 312 41 26 Jag
620 312 38 20 har
679 315 43 18 sett
743 312 60 21 äfven
819 313 37 21 der
870 312 109 28 ynglingar

159 342 50 25 taga
225 340 66 22 skada
305 340 33 22 till
353 341 95 27 kroppen
463 347 73 19 genom
553 340 213 28 öfveransträngning,
780 341 37 26 jag
829 341 38 21 har
879 343 42 19 sett
931 341 48 21 dem

160 370 65 21 också
247 372 49 24 taga
319 370 65 20 skada
406 370 31 20 till
460 370 71 26 själen,
561 369 142 21 Ofverhufvud
725 376 62 14 anser
800 370 36 26 jag
851 370 36 20 det
902 369 76 21 förhäl-

159 398 69 25 lande,
248 398 67 22 under
337 398 79 21 hvilket
439 404 24 16 en
487 398 137 27 värnepligtig
646 398 95 21 inträder
755 398 6 21 i
777 398 96 27 tjensten,
893 404 50 16 vara
959 398 22 21 af

160 427 40 21 den
224 426 43 27 vigt
283 427 37 21 och
338 427 106 27 betydelse
460 427 39 21 och
515 427 63 21 ocksä
593 427 22 21 af
629 426 39 21 den
684 430 39 22 art,
740 429 31 19 att
786 427 112 27 ynglingen
913 427 18 27 ej
948 427 31 21 för

159 456 63 26 tidigt
237 456 32 21 fär
285 455 97 22 riskeras.
405 455 41 25 Jag
461 456 107 21 insisterar
584 456 69 21 derför
668 456 127 21 fortfarande
811 456 33 27 pä,
856 458 33 19 att
899 456 80 21 älders-

160 484 157 27 bestämningen
334 485 58 26 höjes
408 485 47 21 med
470 488 31 17 ett
517 485 23 21 är
555 485 51 21 eller
621 484 31 21 till
670 485 25 20 18
710 485 30 20 är.

229 542 140 26 Domprosten
392 542 82 27 Borg:
504 542 40 26 Jag
567 542 38 21 har
625 542 28 21 all
677 542 87 26 aktning
778 541 33 22 för
827 542 24 21 de
867 542 51 25 skäl,
935 548 44 15 som

160 570 107 27 professor
282 570 62 22 Cleve
360 571 38 20 och
415 570 31 25 de,
462 577 44 15 som
518 571 86 20 instämt
619 571 6 20 i
641 570 51 21 hans
702 571 60 26 äsigt,
774 571 31 20 för
816 571 91 21 tillfället
918 571 61 21 hafva

162 599 98 27 andragit
297 599 48 22 Men
366 599 36 26 jag
423 599 66 21 skulle
513 599 12 22 &
547 599 66 22 andra
628 599 59 21 sidan
703 605 56 16 anse,
776 602 31 18 att
822 599 42 26 just
880 600 39 20 den
935 606 44 15 om-

160 627 154 28 ständigheten,
331 631 31 18 att
376 628 106 21 föräldrar
497 627 104 27 verkligen
622 627 77 22 drifvas
715 628 21 21 af
750 627 40 22 den
806 627 173 22 obetänksamhe-

160 659 35 19 ten
218 656 38 22 och
279 656 99 27 fäfängan
400 659 32 18 att
455 657 119 26 päbrädska
595 657 45 20 sina
656 656 63 21 barns
734 657 113 21 fortkomst
863 657 44 21 från
923 656 56 22 klass

160 685 31 22 till
215 685 64 26 klass,
301 686 70 20 kunde
386 685 39 22 här
439 685 62 22 hafva
517 691 24 16 en
557 689 87 18 motsatt
659 687 38 20 och
713 685 105 22 helsosam
834 687 77 20 verkan
928 686 51 25 deri,

159 717 34 18 att
214 715 111 20 desamma.
337 714 57 23 barn,
410 721 44 14 som
471 714 63 21 hafva
549 714 67 21 blifvit
631 713 186 28 öfveransträngda
832 715 7 20 i
855 715 97 21 afseende
967 716 12 20 &

159 743 32 20 sin
207 743 87 26 läsning,
310 743 37 20 här
363 743 67 21 skulle
446 743 19 20 få
480 743 117 21 äterhemta
613 743 44 21 sina
673 743 79 20 krafter
768 743 38 21 och
822 744 71 26 styrka
905 743 33 21 för
947 743 31 21 sin

160 771 205 27 kroppsutveckling.
389 771 41 27 Jag
444 771 41 21 kan
501 772 18 26 ej
535 775 70 23 annat,
622 773 25 20 än
663 772 111 25 godkänna
791 772 68 21 denna
875 773 103 26 paragraf.

229 829 82 20 Doktor
327 828 119 22 Geitlin:
471 829 42 21 För
529 829 41 21 min
586 829 33 21 del
635 829 67 21 skulle
715 829 61 22 äfven
789 829 36 27 jag
836 829 48 28 vilja
895 829 84 22 förorda

159 858 116 21 utskottets
291 858 133 21 betänkande
440 858 38 21 och
494 859 39 20 den
549 859 38 20 der
601 858 91 21 fixerade
707 858 72 21 äldern
796 859 22 20 af
835 860 24 19 17
877 859 30 20 är.
938 858 41 22 Det

160 886 40 21 hör
222 887 131 26 naturligtvis
377 886 29 21 till
428 887 142 26 undantagen,
585 889 32 19 att
632 893 25 14 en
673 887 85 26 yngling
773 887 64 21 redan
853 887 34 21 vid
904 888 25 20 17
945 887 34 22 ärs

157 915 62 21 älder
242 915 37 20 har
302 915 74 21 vunnit
395 915 39 21 den
451 915 119 27 kroppsliga
586 915 123 26 utveckling,
726 919 32 17 att
774 916 39 20 han
830 916 67 21 skulle
912 915 68 22 förmä

158 943 92 22 uthärda
267 944 46 20 med
329 943 142 27 krigarlifvets
488 944 168 26 besvärligheter.
680 944 47 21 Men
741 946 31 19 att
783 945 78 20 sädana
872 944 107 26 undantag

160 973 71 20 kunna
246 972 130 21 förekomma
392 974 22 19 är
430 975 56 18 utom
503 972 28 21 all
547 973 64 26 fräga,
627 973 38 20 och
682 973 25 20 dä
723 973 106 26 professor
840 972 62 22 Cleve
913 973 66 20 förut-

160 1003 73 23 sätter,
250 1003 31 18 att
296 1001 130 20 föräldrarne
442 1001 43 21 ofta
501 1003 36 19 äro
551 1001 142 26 oförständige
703 1001 39 21 och
753 1001 49 27 vilja
813 1001 109 26 påskynda
935 1001 45 21 sina

160 1030 64 20 barns
247 1029 112 21 fortkomst
375 1030 54 20 inom
446 1029 81 26 skolan,
544 1030 38 21 har
597 1029 64 22 ocksä
673 1029 36 27 jag
724 1035 25 15 en
766 1030 108 26 mängärig
889 1029 91 22 erfaren-

160 1058 37 20 het
219 1057 6 21 i
249 1058 58 20 detta
331 1058 127 25 hänseende;
481 1065 45 14 men
550 1061 45 18 tror
610 1058 44 21 helt
669 1057 77 26 säkert,
761 1061 32 18 att
809 1058 26 21 dä
851 1058 130 21 föräldrarne

159 1086 90 21 sälunda
271 1086 67 22 hafva,
362 1086 127 21 ätminstone
504 1087 5 20 i
526 1087 92 21 lärarnes
637 1088 60 24 ögon,
713 1086 99 21 förefallit
827 1087 70 20 säsom
912 1087 68 20 skulle

160 1115 26 20 de
208 1114 62 21 hafva
292 1115 118 26 påskyndat
432 1115 45 20 sina
493 1115 62 21 barns
571 1115 90 23 framtid,
678 1115 33 20 det
728 1115 6 20 i
750 1115 73 26 sjelfva
838 1115 73 21 verket
927 1115 53 21 dock

159 1145 25 19 är
199 1143 86 27 barnen,
300 1149 45 15 som
361 1143 77 26 nyttjat
453 1144 45 20 sina
513 1144 104 21 föräldrar
632 1143 31 20 till
675 1144 146 26 förespråkare
834 1144 31 21 för
876 1144 105 21 vinnande

160 1171 22 22 af
203 1175 31 18 ett
256 1171 75 22 sådant
353 1172 48 25 mål,
420 1178 44 15 som
481 1172 104 27 professor
601 1173 62 21 Cleve
679 1173 131 25 omnämnde,
827 1173 18 20 d.
862 1179 17 14 v.
895 1179 15 14 s.
927 1178 52 21 upp-

159 1200 99 27 flyttning
279 1201 45 20 från
340 1201 56 20 klass
412 1201 31 20 till
459 1200 62 22 klass.
553 1201 47 21 Men
617 1201 106 21 dessutora
739 1207 61 20 synes
816 1201 41 26 mig
873 1201 107 26 professor

160 1229 63 21 Cleve
245 1229 19 25 ej
279 1229 62 20 hafva
356 1229 41 20 fäst
412 1229 98 20 afseende
526 1229 33 21 vid
575 1230 36 20 det
625 1230 6 20 i
655 1230 4 20 2
675 1235 61 15 mom.
754 1230 127 20 omnämnda
897 1230 82 21 läkare-

160 1257 64 21 bevis.
255 1257 42 21 Der
318 1260 60 23 säges
398 1257 23 27 ju
436 1258 146 26 uttryckligen,
599 1260 31 19 att
646 1257 106 22 sökanden
769 1257 38 22 bör
822 1258 16 26 ,i
854 1258 97 21 afseende
967 1259 13 20 &

160 1285 177 27 kroppsbyggnad
355 1285 39 21 och
410 1286 155 21 helsotillstånd
580 1289 105 18 motsvara
701 1286 25 21 de
742 1286 123 27 fordringar,
881 1293 44 14 som
942 1288 37 20 äro

160 1314 112 21 bestämda
294 1315 33 20 för
347 1314 154 27 godkännande
517 1315 30 21 till
563 1315 141 27 krigstjenst".
735 1309 133 28 Åtminstone
884 1315 38 21 här
938 1315 41 21 kan

160 1343 33 20 väl
210 1343 18 25 ej
245 1343 74 20 tänkas
335 1345 64 22 något
415 1344 63 19 motiv
494 1343 84 20 hvarför
593 1350 25 13 en
633 1343 72 20 läkare
721 1346 44 17 mot
780 1344 30 19 sin
827 1343 69 21 bättre
912 1343 68 20 öfver-

160 1371 80 26 tygelse
260 1370 67 21 skulle
343 1371 56 25 gifva
414 1373 31 18 ett
460 1371 75 20 sådant
550 1371 57 26 intyg
623 1377 33 14 om
672 1377 103 20 personen
791 1371 7 20 i
813 1371 65 26 fråga,
895 1371 84 21 hvilken

160 1398 32 21 till
208 1399 31 20 sin
256 1398 174 28 kroppsbyggnad
446 1399 45 21 icke
508 1405 48 15 vore
571 1400 6 20 i
593 1399 62 21 stånd
671 1401 30 19 att
712 1399 84 22 inträda
806 1400 69 21 såsom
886 1399 92 27 frivillig.

159 1427 39 22 Om
215 1433 47 16 man
277 1427 82 22 således
375 1428 40 21 kan
431 1427 38 21 lita
485 1427 27 27 på
527 1428 91 21 hvarken
635 1428 103 21 föräldrar
752 1427 52 22 eller
819 1428 78 25 läkare,
913 1429 28 22 då
955 1431 24 19 är

161 1456 36 21 det
209 1456 24 27 ju
248 1457 83 26 mycket
346 1456 68 22 hårdt.
438 1457 48 21 Men
502 1456 32 22 för
549 1457 42 21 min
607 1457 33 21 del
655 1457 74 26 tycker
741 1457 42 27 jag,
796 1460 31 19 att
839 1459 25 20 17
875 1458 24 21 år
909 1459 69 20 såsom

160 1485 214 27 minimibestämning
389 1485 85 22 alldeles
490 1485 45 22 icke
549 1486 42 21 kan
606 1485 47 22 leda
669 1486 30 21 till
713 1486 63 27 något
787 1486 118 28 betänkligt
915 1487 64 22 resul-

160 1516 37 19 tat.
229 1514 60 22 Hvad
311 1516 47 20 åter
379 1515 72 26 vidgår
469 1515 41 25 det,
526 1521 45 16 som
586 1515 105 27 professor
706 1515 63 22 Cleve
784 1516 96 26 nämnde,
897 1519 31 19 att
943 1516 36 21 det

160 1543 67 22 skulle
249 1543 63 22 blifva
334 1544 23 21 så
380 1543 78 27 ojemnt
477 1549 34 16 om
527 1551 24 14 en
567 1543 83 28 frivillig
665 1544 67 21 skulle
748 1544 60 22 hafva
823 1545 54 27 tjent
892 1547 24 19 ut
930 1545 49 22 hela
