1075 1800
305 151 160 21 Presteståndet
479 152 53 18 1877.
552 153 22 17 18
587 153 112 17 december.
832 147 54 21 2961

95 220 32 26 sig
142 219 105 27 gällande.
277 220 66 20 Deraf
364 219 61 27 följer
448 222 32 19 att
500 220 37 26 jag
556 220 33 21 för
607 221 42 20 min
666 219 32 22 del
715 220 45 22 icke
775 220 47 22 häri
837 221 43 21 kan
894 226 23 16 se

94 247 70 27 någon
187 248 113 25 anledning
323 250 31 19 att
377 248 53 26 yrka
451 248 27 27 på
499 248 97 27 uppskof.
626 248 42 22 Vill
687 248 69 27 någon
776 248 24 22 af
812 248 105 22 särskilda

95 276 119 26 subjektiva
229 276 46 21 skäl
290 276 53 26 yrka
358 276 28 27 på
407 279 31 18 ett
456 276 76 21 sådant
549 276 94 27 uppskof
656 278 23 19 är
695 276 36 22 det
746 283 26 15 en
787 283 69 15 annan
872 276 45 22 sak.

95 304 63 20 Hvad
173 304 101 21 beträffar
293 304 74 26 frågan
387 310 34 15 om
442 304 72 21 hvilka
533 305 123 26 paragrafer
671 305 7 20 i
693 304 59 22 detta
773 304 144 27 författnings-

94 331 80 27 förslag
196 332 53 21 böra
269 332 70 22 såsom
362 332 104 28 grundlag
488 338 67 20 anses,
576 333 69 26 hyllar
663 332 37 28 jag
716 333 121 27 visserligen
853 333 64 21 också

94 360 40 22 den
150 360 81 26 åsigten
247 363 33 18 att
295 361 59 21 detta
370 362 24 20 är
408 367 26 15 en
450 362 47 20 svår
509 362 38 20 sak
560 361 39 21 och
610 362 41 20 kan
664 361 35 27 jag
710 362 134 26 naturligtvis
854 362 63 21 minst

94 389 67 21 tilltro
183 389 43 27 mig
247 389 48 27 sjelf
315 391 32 19 att
367 390 72 20 derom
460 390 80 25 afgöra.
571 390 137 26 Svårigheten
724 390 61 21 torde
800 390 46 22 icke
861 390 56 27 ligga

94 418 24 21 så
133 418 84 26 mycket
232 418 51 25 deri,
298 420 32 19 att
345 417 72 22 kunna
429 418 80 26 utpeka
521 418 72 21 hvilka
609 418 125 27 paragrafer
746 418 76 22 beröra
838 419 78 26 grund-

94 446 94 27 lagarna,
204 448 52 19 utan
272 447 45 21 deri
328 448 32 20 att
376 447 72 26 afgöra
465 446 54 22 hvad
535 447 30 21 uti
580 446 73 27 hvarje
665 447 101 27 paragraf
774 448 25 20 är
808 447 24 21 af
840 448 77 26 grund-

94 475 109 26 lagsnatur
225 474 39 22 och
287 475 55 21 hvad
364 481 44 15 som
430 475 46 21 icke
496 477 24 19 är
541 476 40 20 det.
611 475 30 27 Ty
657 476 35 20 det
707 476 61 20 torde
783 476 47 21 icke
845 476 71 20 kunna

94 504 66 20 nekas
175 505 32 19 att
222 503 6 21 i
244 504 25 20 de
285 504 40 20 här
339 504 138 26 uppräknade
499 503 157 27 paragraferna,
676 504 128 21 åtminstone
825 504 7 21 i
852 504 65 27 några

93 532 23 20 af
132 532 53 25 dem,
201 532 49 26 ingå
266 532 162 26 bestämningar,
445 538 44 15 som
505 532 46 21 icke
567 532 47 22 med
625 532 157 26 nödvändighet
794 532 52 22 böra
856 539 61 15 anses

94 560 69 21 såsom
179 560 254 27 grundlagsstadganden.
463 560 33 22 Då
512 561 35 26 jag
561 560 122 22 reflekterat
698 561 32 21 till
746 560 26 22 de
786 561 131 27 svårigheter

94 595 45 15 som
155 588 55 27 ligga
225 589 6 20 i
247 591 32 20 ett
293 589 77 22 sådant
384 588 138 27 förhållande,
539 590 38 21 har
590 589 37 27 jag
641 589 47 22 icke
703 589 81 22 kunnat
795 590 71 26 undgå
878 593 38 24 att,

96 617 68 22 ehuru
177 618 36 25 jag
229 618 56 21 inser
306 618 55 21 huru
384 618 78 26 vågadt
477 619 36 20 det
528 620 29 21 är,
573 620 52 25 göra
640 620 30 19 ett
686 618 80 27 förslag
782 618 47 21 med
845 619 72 21 anled-

94 647 49 25 ning
159 646 67 21 häraf.
258 646 43 27 Mig
322 652 62 21 synes
404 645 104 28 nämligen
529 647 69 21 såsom
614 647 69 21 skulle
699 647 35 21 det
750 653 51 15 vara
816 647 64 26 svårt,
894 647 23 26 ja

94 676 75 19 nästan
185 674 95 27 omöjligt
295 677 32 19 att
342 676 111 26 uppräkna
464 675 25 22 de
505 675 127 28 paragrafer,
648 681 45 16 som
709 675 53 22 böra
775 681 61 15 anses
847 676 69 21 såsom

94 703 110 27 grundlag,
222 704 45 26 just
289 704 22 21 af
329 703 37 22 det
387 704 46 21 skäl
454 705 32 20 att
501 705 5 20 i
522 704 66 27 några
603 704 24 21 af
640 705 61 20 dessa
716 704 124 27 paragrafer
856 705 61 20 torde

94 731 48 27 ingå
158 739 25 14 en
199 732 52 21 eller
266 739 68 14 annan
351 732 132 27 bestämning
498 739 45 15 som
558 733 45 21 icke
619 733 68 26 precis
703 733 61 20 torde
777 733 71 21 kunna
855 735 62 24 sägas

94 767 51 14 vara
160 761 23 20 af
196 761 186 27 grundlagsnatur.
412 761 40 27 Jag
475 764 45 18 tror
541 761 70 22 derför
626 763 32 19 att
674 761 35 21 det
725 761 67 21 skulle
808 763 52 25 göra
874 761 43 21 till-

94 789 70 27 fyllest
179 789 40 22 och
236 795 52 16 vara
306 796 45 15 mer
369 790 48 21 med
437 791 36 20 det
491 790 93 27 verkliga
599 789 143 22 förhållandet
757 790 160 21 öfverensstäm-

95 819 76 20 mande
188 825 33 14 om
237 825 54 20 man,
307 819 6 20 i
329 819 71 21 stället
415 818 33 22 för
463 821 32 18 att
510 819 38 20 här
563 819 31 21 uti
608 819 108 26 ingressen
734 819 110 26 uppräkna
857 819 61 21 dessa

95 847 130 26 paragrafer,
241 847 68 21 skulle
325 848 30 21 uti
371 847 135 27 lagförslaget
521 847 72 27 intaga
607 853 24 15 en
643 847 144 27 slutparagraf
796 848 48 21 med
854 854 63 20 unge-

95 875 32 21 fär
142 875 93 26 följande
257 875 88 26 lydelse:
376 876 45 24 ,De
440 876 59 21 delar
514 876 23 21 af
550 877 68 20 denna
634 876 130 26 förordning,
780 882 45 15 som
841 877 76 20 beröra

95 904 52 21 eller
168 904 66 21 ändra
255 904 197 27 Regeringsformen
474 904 22 21 af
516 905 39 21 den
577 905 24 20 21
623 904 85 27 augusti
728 905 54 20 1772
799 905 51 21 eller
866 905 51 20 För-

94 933 82 26 enings-
197 933 39 20 och
253 933 179 21 Säkerhetsakten
452 933 23 21 af
494 933 40 21 den
549 934 26 20 21
593 933 94 21 februari
701 933 40 21 och
758 933 12 20 3
786 933 54 26 april
857 934 61 23 1789,

94 963 38 19 äro
148 963 32 19 att
195 961 68 22 såsom
279 961 105 27 grundlag
399 964 81 19 anses."
511 961 91 22 Dermed
617 961 35 22 vill
669 967 47 16 man
732 961 127 22 åtminstone
875 961 42 22 för-

96 990 69 25 säkra,
181 992 32 19 att
228 996 48 15 man
292 991 46 20 icke
357 990 38 21 har
413 990 57 21 velat
491 990 68 21 såsom
579 991 104 26 grundlag
698 997 50 14 anse
764 990 93 22 hvarken
874 997 44 15 mer

96 1019 52 20 eller
162 1019 82 20 mindre
259 1021 27 18 än
301 1025 44 15 som
362 1019 6 20 i
384 1019 68 20 denna
467 1018 35 27 lag
517 1020 68 20 såsom
600 1019 105 26 grundlag
715 1019 71 26 gäller.
812 1019 40 27 Jag
863 1019 56 21 inser

96 1047 33 21 väl
145 1047 26 20 de
186 1047 109 26 praktiska
311 1047 138 26 svårigheter,
465 1053 44 15 som
525 1047 38 21 här
579 1047 98 27 möjligen
688 1047 6 22 i
705 1053 26 15 en
746 1047 86 22 framtid
847 1048 71 20 kunna

96 1075 87 27 uppstå;
200 1076 36 21 det
251 1082 49 15 vore
315 1078 51 19 utan
382 1075 71 22 tvifvel
468 1075 167 27 konseqventare
651 1077 32 20 att
697 1077 62 25 säga:
776 1075 68 22 denna
858 1082 60 20 para-

96 1103 47 27 graf
157 1104 38 21 och
211 1104 69 21 denna
294 1103 90 28 paragaf
397 1106 37 19 äro
455 1105 108 26 grundlag,
584 1110 47 15 men
643 1104 38 26 jag
696 1107 45 18 tror
756 1104 54 21 dock
825 1105 46 20 icke
887 1106 31 19 att

96 1133 26 20 de
138 1133 159 26 förvecklingar,
319 1139 44 15 som
387 1133 122 26 härigenom
532 1133 69 21 kunde
624 1133 83 26 uppstå,
729 1133 40 20 alls
784 1139 49 15 vore
848 1134 70 19 större

97 1163 26 18 än
140 1161 26 20 de
178 1167 45 15 som
239 1167 28 14 nu
281 1161 115 21 förefinnas
414 1161 49 21 med
483 1161 97 21 afseende
596 1161 13 21 &
623 1161 123 27 tolkningen
762 1161 23 21 af
799 1161 26 21 de
840 1161 78 21 urkun-

96 1190 44 26 der,
155 1189 72 22 hvilka
242 1189 38 21 hos
296 1196 34 15 oss
345 1189 57 28 gälla
418 1190 68 21 såsom
502 1189 109 27 grundlag.
642 1189 42 22 Det
699 1191 23 19 är
738 1189 27 27 på
781 1189 79 22 sådana
873 1189 46 22 skäl

96 1224 44 16 som
154 1218 37 27 jag
207 1218 120 27 ödmjukast
348 1218 66 26 vågar
435 1218 118 26 hemställa,
577 1218 104 21 huruvida
695 1218 47 21 icke
765 1219 60 21 detta
839 1218 80 26 förslag

97 1247 70 21 kunde
182 1250 60 24 tagas
257 1248 68 20 under
340 1246 153 27 öfvervägande
509 1247 45 24 och,
569 1246 44 22 ifall
630 1247 35 20 det
680 1246 68 22 skulle
761 1246 95 22 befinnas
868 1253 51 15 vara

97 1276 82 26 sådant,
195 1278 32 19 att
242 1276 35 20 det
293 1275 71 21 kunde
379 1275 23 21 af
415 1275 84 21 ståndet
514 1275 103 25 förordas,
627 1276 120 20 remitteras
762 1276 33 20 till
806 1276 111 20 utskottet.

166 1332 83 22 Doktor
263 1332 183 22 Nordström:
476 1332 40 27 Jag
536 1332 42 22 kan
597 1332 46 21 icke
659 1332 48 21 dela
722 1332 108 26 professor
845 1332 74 21 Cleves

98 1361 134 27 uppfattning
247 1361 46 21 utaf
307 1362 68 26 lagen,
390 1363 32 19 att
438 1363 31 19 ett
484 1361 151 27 lagstadgande
651 1361 69 21 skulle
735 1367 50 15 vara
798 1367 25 15 en
836 1361 83 21 småsak

98 1392 26 18 än
148 1390 81 21 mindre
253 1392 30 19 ett
304 1389 238 27 grundlagsstadgande.
572 1389 77 21 Derför
670 1389 55 21 finns
748 1390 36 20 det
800 1389 62 21 äfven
884 1389 36 21 be-

98 1419 84 20 stämda
221 1419 77 19 grunder
320 1418 118 26 faststälda,
454 1418 53 20 huru
528 1418 157 25 grundlagarna
699 1418 61 20 skola
774 1418 95 26 undergå
884 1420 36 18 än-

99 1446 66 26 dring.
217 1446 91 25 Åtskilliga
324 1446 23 20 af
361 1446 95 20 ståndets
472 1446 135 20 medlemmar
623 1444 62 22 hafva
700 1445 63 27 yrkat
778 1445 27 27 på
816 1448 31 18 att
858 1447 61 19 ären-

99 1474 36 20 det
150 1474 66 22 måtte
231 1474 166 21 återremitteras
416 1473 32 21 till
469 1474 104 20 utskottet
587 1474 32 20 för
635 1475 32 19 att
682 1474 55 20 ännu
753 1476 96 18 närmare
864 1473 57 27 pröf-

99 1508 37 16 vas
151 1503 48 21 med
214 1502 98 22 afseende
328 1502 13 22 å
353 1502 45 28 just
413 1502 61 22 dessa
488 1502 131 27 paragrafers
640 1502 186 26 grundlagsnatur.
856 1502 65 21 Detta

100 1532 62 21 deras
176 1532 94 27 yrkande
291 1532 84 21 bevisar
396 1533 32 19 att
449 1531 25 21 de
494 1531 45 21 icke
554 1537 51 15 anse
620 1532 65 20 saken
700 1530 124 28 tillräckligt
839 1531 82 26 utredd,

819 1570 33 19 186
