1073 1809
212 151 56 22 2590
393 156 159 18 Presteståndet
564 157 53 17 1877.
640 157 13 16 6
665 157 113 17 december.

182 224 77 22 dertill.
289 226 43 20 Det
354 226 26 20 är
402 224 82 22 således
505 224 44 22 min
571 225 62 26 åsigt,
653 226 34 20 att
701 225 69 21 denna
785 224 101 28 paragraf
899 224 47 22 icke
960 224 42 22 kan

182 253 86 28 qvarstå
282 254 7 20 i
304 253 107 27 förslaget.

250 282 62 22 Hvad
336 282 137 27 domprosten
495 282 120 26 Hornborg,
641 282 148 27 kyrkoherden
812 282 128 21 Fredrikson
963 282 39 21 och

182 313 85 25 prosten
290 310 103 22 Borenius
416 310 91 28 yttrade,
527 313 33 19 att
575 311 85 21 ståndet
676 310 38 22 har
729 310 35 22 vid
781 311 54 21 1872
851 312 35 20 års
901 310 101 27 landtdag

181 340 138 27 petitionerat
337 346 34 14 om
393 340 41 27 det,
450 342 38 24 att,
503 339 45 22 ifall
563 339 208 27 omständigheterna
787 340 18 26 ej
822 340 69 20 skulle
906 339 34 21 för
954 341 48 20 när-

181 368 93 22 varande
290 374 51 16 vara
355 368 86 24 sådana,
457 370 31 19 att
504 368 59 22 Hans
579 368 118 27 Kejserliga
711 368 101 26 Majestät
827 368 41 21 kan
885 368 76 27 bevilja
975 374 27 16 en

181 397 66 21 sådan
263 397 140 27 reciprocitet,
420 403 33 15 om
468 397 85 21 hvilken
569 403 28 15 nu
611 397 56 21 varit
682 396 65 28 fråga,
764 397 60 21 Hans
839 397 99 27 Majestät
953 397 49 21 ville

181 428 52 19 utan
256 426 98 21 afseende
376 426 28 26 på
423 426 25 20 de
466 426 161 26 grekisk-ryska
641 426 182 21 trosförvanterna
838 425 118 27 framlägga
971 428 31 19 ett

181 454 79 28 förslag
282 454 32 22 till
336 454 146 27 dissenterlag,
506 456 24 19 är
550 454 122 26 visserligen
687 454 70 27 något,
773 460 46 16 som
834 460 49 15 man
898 454 46 22 icke
959 454 43 21 kan

181 483 100 27 bestrida,
305 489 47 15 men
369 483 37 27 jag
420 483 68 22 skulle
503 483 45 21 helt
563 482 72 22 enkelt
649 489 57 19 anse,
722 485 32 19 att
769 483 86 21 ståndet
869 483 8 21 i
892 483 36 21 det
943 482 59 22 fallet

180 512 40 21 har
241 512 87 21 handlat
350 512 88 27 ovisligt.
470 512 73 22 Skulle
565 518 28 15 nu
609 512 27 26 på
650 512 68 26 grund
734 512 23 21 af
770 512 55 22 hvad
838 512 36 27 jag
889 511 45 22 haft
949 514 52 20 äran

181 540 75 22 anföra
279 540 35 22 det
335 541 131 27 högvördiga
487 541 84 21 ståndet
593 540 56 22 finna
672 541 46 21 skäl
736 542 33 20 att
784 541 54 21 fästa
852 541 100 21 afseende
966 540 36 22 vid

181 570 43 21 min
239 570 129 21 reservation
385 570 39 21 och
439 570 34 20 vid
489 570 56 21 hvad
558 569 36 27 jag
609 570 38 20 har
662 569 85 28 uttalat,
762 569 68 22 skulle
844 569 37 27 jag
893 570 109 21 vördsam-

180 600 56 19 mast
251 598 84 26 föreslå,
350 600 38 25 att,
402 598 44 21 ifall
462 598 39 22 den
519 600 25 20 19
561 599 12 26 $
588 599 95 21 kommer
699 600 32 19 att
745 598 58 26 utgå,
819 598 36 21 det
870 598 68 22 skulle
950 604 52 16 vara

181 626 74 27 nödigt
274 629 32 19 att
322 626 143 22 betänkandet
480 627 73 26 skulle,
569 628 68 20 såsom
653 626 148 28 kyrkoherden
817 626 107 22 Stenbäck
939 627 62 21 äfven

181 656 39 20 har
234 656 116 26 föreslagit,
366 656 168 21 återremitteras
550 656 31 21 till
596 656 105 21 utskottet
717 655 32 22 för
760 657 32 20 att
803 656 141 26 omredigeras
954 656 47 21 der-

181 685 49 27 hän,
252 687 32 19 att
306 685 74 26 nödigt
402 685 74 27 tillägg
498 685 84 27 gjordes
603 685 32 21 till
651 684 42 21 alla
709 684 26 22 de
750 684 129 28 paragrafer,
895 684 71 22 hvilka
982 684 18 27 ej

181 714 85 27 antyda,
286 715 32 20 att
337 713 99 27 grekiska
451 714 92 26 kyrkans
558 714 137 21 medlemmar
710 713 6 21 i
731 714 47 21 vårt
793 714 50 21 land
858 714 6 20 i
880 714 51 21 visst
946 714 54 21 afse-

181 743 53 21 ende
249 742 85 22 komma
349 745 33 19 att
396 743 72 26 intaga
482 749 26 15 en
524 742 225 27 undantagsställning.

248 800 78 21 Pastor
341 800 81 27 Lyra:
439 800 43 21 För
497 800 42 21 min
553 799 33 22 del
601 798 84 22 förenar
697 800 37 26 jag
749 800 44 27 mig
808 800 48 21 med
867 800 40 21 den
918 802 83 19 senaste

180 829 82 21 talaren
277 828 57 22 såväl
350 829 6 21 i
372 829 54 21 hvad
442 829 40 21 han
498 829 7 21 i
520 829 31 21 sin
567 828 124 27 motivering
707 829 38 21 har
761 828 112 27 framstält,
884 834 46 16 som
940 828 62 22 äfven

180 858 56 21 hvad
256 856 100 23 beträffar
379 858 39 21 den
434 857 111 27 praktiska
561 858 81 26 åtgärd,
658 864 44 14 som
718 857 46 22 från
779 857 96 22 ståndets
890 858 47 21 sida
952 864 49 15 vore

180 888 33 20 att
234 886 86 28 vidtaga
342 886 104 28 nämligen
465 888 32 20 att
512 886 156 22 återremittera
683 886 32 21 till
731 887 105 21 utskottet
852 887 60 21 detta
926 887 75 21 betän-

180 916 68 22 kande
264 916 32 21 för
312 916 40 21 den
368 916 106 26 händelse,
485 918 31 19 att
528 916 69 21 åenna
606 916 104 26 paragraf,
724 916 33 21 för
767 916 85 21 hvilken
861 916 36 27 jag
908 918 91 25 voterar,

180 945 68 21 skulle
270 945 56 27 utgå,
341 945 27 27 på
384 944 35 22 det
435 947 32 19 att
480 945 25 21 de
521 945 119 27 respektive
655 944 151 28 paragraferna
820 945 67 21 måtte
902 946 7 20 i
924 945 79 21 sådant

180 974 99 21 afseende
302 974 148 26 omredigeras.
482 974 76 26 Många
581 974 45 21 skäl
649 973 65 21 hafva
734 974 68 21 blifvit
817 974 90 21 anförda
922 974 33 21 för
968 976 34 19 att

180 1003 41 21 den
242 1002 201 28 grekisk-ortodoxa
460 1003 81 27 kyrkan
558 1003 7 21 i
581 1003 46 21 vårt
642 1003 49 21 land
707 1002 68 22 skulle
790 1003 74 27 intaga
879 1009 25 15 en
920 1002 82 22 undan-

180 1032 154 26 tagsställning,
350 1038 25 14 en
390 1038 69 15 annan
475 1033 27 20 än
518 1032 39 21 den
573 1032 114 21 dissenters
703 1032 6 20 i
720 1032 73 21 landet
803 1032 136 21 tillkommer.
960 1031 42 27 Jag

180 1061 67 21 finner
269 1060 53 28 fullt,
344 1060 84 22 hemma
449 1066 44 16 som
516 1061 34 27 jag
573 1062 24 20 är
611 1060 46 21 från
673 1060 26 22 de
714 1063 58 19 östra
787 1060 87 22 delarna
886 1060 23 21 af
922 1060 78 26 landet,

180 1090 48 21 med
252 1089 85 21 hvilken
363 1089 152 27 granlagenhet
537 1089 69 22 denna
627 1089 60 27 fråga
710 1090 39 20 bör
769 1089 117 22 behandlas
908 1089 40 21 och
963 1089 38 27 jag

181 1120 112 20 motsätter
307 1118 43 26 mig
365 1118 141 27 uttryckligen
522 1124 26 16 en
563 1118 66 22 sådan
644 1118 97 27 tolkning
756 1118 23 21 af
790 1119 66 26 nägra
866 1118 78 22 talares
955 1118 45 26 ord,

180 1153 45 15 som
242 1146 62 22 hafva
319 1146 68 22 kallat
402 1148 40 20 den
458 1147 98 26 grekiska
571 1147 81 27 kyrkan
668 1146 33 22 till
717 1154 25 14 en
757 1147 115 22 intolerant
883 1148 73 26 kyrka,
968 1149 34 19 att

181 1175 47 22 värt
250 1175 48 22 land
320 1175 68 21 skulle
411 1176 62 21 hafva
494 1176 64 27 nägot
580 1178 32 18 att
634 1176 43 20 lida
699 1176 23 20 af
739 1176 40 21 den
794 1176 99 26 grekiska
908 1176 93 26 kyrkans

179 1204 126 25 intolerans;
328 1204 40 22 den
387 1204 39 21 har
441 1206 91 20 tvärtom
547 1205 7 21 i
570 1204 47 21 värt
632 1204 49 21 land
697 1204 55 21 varit
768 1210 25 15 en
809 1204 84 27 mycket
908 1204 92 22 tolerant

180 1233 67 27 kyrka
270 1232 39 22 och
331 1233 21 21 vi
373 1232 63 22 hafva
451 1233 51 21 vära
516 1233 89 21 furstars
621 1233 98 26 högsinta
733 1233 90 21 rättvisa
838 1236 57 18 emot
910 1233 90 21 Finland

180 1264 32 18 att
234 1262 64 20 tacka
319 1261 33 21 för
374 1264 32 18 att
426 1263 14 18 t.
457 1268 31 14 ex.
505 1262 59 25 barn,
580 1262 65 20 födda
660 1262 7 20 i
682 1261 103 22 blandadt
800 1262 136 26 äktenskap
926 1257 15 36 i
952 1261 48 21 Fin-

180 1290 56 24 land,
255 1290 86 21 tillhöra
356 1289 84 22 fadrens
456 1291 93 25 religion.
580 1290 48 21 Med
644 1290 47 21 fullt
704 1290 134 22 erkännande
854 1291 23 20 af
890 1291 60 21 detta
964 1290 36 21 vill

179 1319 36 26 jag
230 1318 54 22 dock
299 1319 115 25 sanningen
430 1318 32 21 till
478 1321 37 19 ära
529 1318 121 26 framhälla,
666 1318 54 22 huru
735 1319 40 21 den
791 1319 63 26 ryska
864 1318 89 27 kyrkan,
966 1325 34 15 om

180 1347 68 26 nägon
271 1347 67 26 kyrka
362 1347 7 19 i
393 1347 93 23 verlden,
509 1349 24 18 är
556 1353 26 15 en
604 1347 128 25 statskyrka,
752 1348 54 20 huru
822 1348 36 20 det
872 1348 46 20 icke
933 1347 67 20 finnes

180 1375 64 25 något
267 1374 46 21 skäl
333 1374 32 21 till
381 1374 40 21 den
437 1374 118 25 förmodan,
571 1374 27 21 dä
613 1380 48 15 man
677 1374 81 21 blickar
773 1374 22 21 in
811 1375 6 20 i
832 1374 120 26 framtiden,
967 1376 33 19 att

180 1403 68 21 denna
268 1403 73 27 kyrka,
356 1408 46 16 som
416 1402 69 21 kallar
500 1403 31 26 sig
547 1403 41 21 den
603 1402 69 21 allena
687 1402 147 26 saliggörande
849 1403 88 26 kyrkan,
953 1402 46 22 icke

179 1432 8 20 i
201 1432 60 20 detta
276 1432 49 20 land
341 1430 68 22 skulle
424 1431 52 21 söka
491 1433 52 25 göra
557 1432 142 26 propaganda.
731 1431 43 21 Vär
789 1431 101 22 förflutna
904 1432 96 24 historia,

179 1460 25 22 sä
225 1460 112 27 glädjande
359 1460 40 21 den
420 1460 8 21 i
451 1460 58 21 detta
531 1460 120 22 hänseende
673 1462 30 25 är,
722 1460 89 22 innebär
826 1461 44 21 icke
887 1460 113 27 tillräeklig

178 1489 85 27 garanti
282 1489 33 21 för
336 1489 120 25 framtiden,
478 1491 91 19 tvärtom
585 1489 40 21 den
641 1489 105 27 ställning,
761 1489 8 21 i
784 1489 85 22 hvilken
884 1490 20 21 vi
919 1490 33 21 stä
967 1489 33 22 till

179 1518 156 27 kejsaredömet
357 1518 7 21 i
386 1518 96 27 politiskt
504 1518 125 24 hänseende,
649 1518 48 21 värt
718 1520 53 20 nära
785 1519 107 27 granskap
907 1520 39 26 gör
961 1518 38 22 allt

180 1547 59 22 detta
253 1553 46 16 mer
313 1548 27 20 än
356 1546 114 22 sannolikt.
498 1547 43 21 Det
555 1548 24 20 är
594 1547 58 21 svärt
666 1548 32 21 att
712 1547 55 22 fatta
782 1548 99 21 hvarföre
896 1548 40 22 den
951 1553 48 21 gre-
