1073 1798
289 157 160 17 Presteständet
461 158 55 17 1877.
541 158 22 17 12
577 158 111 17 december.
821 153 54 20 2747

81 224 124 21 samhällets
221 224 94 22 intresse.
345 225 43 21 För
408 227 32 19 att
455 226 78 27 styrka,
550 228 31 18 att
597 225 43 21 min
655 226 136 27 uppfattning
807 226 39 21 och
861 226 43 21 min

81 253 57 26 äsigt
153 253 19 26 ej
188 253 63 21 hafva
273 254 56 21 varit
350 253 85 26 sädana,
456 260 45 15 som
525 254 108 27 professor
655 254 103 21 Forsman
773 254 132 21 framställde

83 281 54 26 dem,
154 281 38 21 ber
203 281 38 27 jag
257 284 31 19 att
303 284 56 19 ännu
375 288 25 14 en
415 283 55 25 gång
486 282 21 21 få
521 283 47 20 läsa
588 289 41 20 upp
650 283 107 25 förslaget.
788 299 9 8 ,
803 283 37 20 Att
856 283 48 20 med

83 309 117 27 penningar
215 309 46 22 lösa
275 310 32 27 sig
322 309 48 22 frän
384 311 146 26 värnepligten
551 311 51 21 eller
616 312 32 19 att
663 317 68 15 annan
748 311 33 20 för
796 311 31 26 sig
843 311 62 20 ställa

82 344 50 15 vare
147 337 80 22 tillätet
242 339 74 20 endast
331 339 27 20 dä
373 338 76 21 sädant
470 339 96 26 päkallas
581 338 24 21 af
618 339 133 21 samvetsnöd
768 339 51 21 eller
835 345 69 15 annan

82 366 102 21 särskildt
199 368 112 20 ömmande
326 367 177 27 omständighet.*
532 367 65 22 Detta
613 369 23 19 är
651 367 64 27 nägot
729 367 46 22 helt
790 370 71 23 annat,
877 369 27 20 än

81 397 34 19 att
131 395 70 21 tillåta
216 395 68 26 hvem,
301 402 45 15 som
361 396 62 23 helst,
440 397 32 20 att
494 395 85 28 friköpa
593 395 32 28 sig
641 397 51 20 eller
707 396 64 21 ställa
785 402 69 15 annan
871 396 33 21 för

81 423 39 28 sig.
150 423 60 22 Både
225 425 162 20 samvetsnöden
403 424 39 21 och
457 424 40 21 den
513 425 112 20 ömmande
640 425 183 26 omständigheten
837 424 68 21 måste

82 459 51 14 vara
148 452 117 28 falltygade
281 453 64 21 innan
360 459 49 14 man
424 453 55 21 skall
493 459 52 15 vara
561 453 108 21 nödsakad
685 455 32 19 att
732 453 36 21 vid
783 453 47 21 dem
848 453 57 21 fästa

82 481 106 21 afseende.
218 481 42 22 Det
281 483 24 20 är
325 481 46 22 icke
392 487 46 21 nog,
459 484 32 19 att
507 488 48 15 man
572 481 109 28 uppgifver
696 482 36 21 det
747 488 40 15 ena
802 481 52 21 eller
869 481 36 22 det

82 510 73 25 andra,
178 512 23 25 ty
225 510 26 22 dä
273 510 69 22 skulle
364 510 132 22 missbruken
512 510 64 22 blifva
592 510 72 22 alltför
679 510 82 25 många.
791 510 63 21 Hvad
869 510 36 21 det

82 538 107 26 beträffar,
206 540 32 20 att
253 546 48 14 man
318 539 18 27 ej
352 539 68 21 skulle
435 540 71 20 kunna
521 539 23 21 fä
558 539 46 21 frän
619 542 66 18 annat
699 539 44 21 häll
755 545 50 15 man
807 534 9 36 i
833 539 72 21 stället

83 567 33 21 för
131 568 39 26 sig,
187 569 26 19 än
228 568 81 20 utrikes
324 567 62 26 ifrän,
402 567 39 21 har
456 568 65 20 redan
537 570 86 24 prosten
645 567 58 26 Hjelt
718 569 67 25 yttrat
801 567 41 26 det,
859 573 46 15 som

80 596 38 26 jag
133 596 90 20 ämnade
239 598 56 24 säga.
326 596 50 21 Man
391 596 39 20 har
445 599 32 18 ett
492 597 83 25 mycket
591 596 117 21 vidsträckt
723 596 40 20 fält
773 598 32 18 att
816 596 21 20 få
850 596 55 26 dem,

82 624 56 21 blott
160 630 49 15 man
230 624 45 21 icke
298 624 44 25 vill,
365 626 32 19 att
419 625 32 25 de,
467 624 174 27 ,nödvändigtvis
656 624 61 21 skola
731 630 51 14 vara
798 624 64 20 födda
878 624 27 26 pä

82 658 82 15 samma
188 652 35 21 är*
245 652 71 21 hvilka
336 653 86 21 komma
437 653 7 20 i
459 659 81 14 samma
563 653 58 21 klass
636 652 21 22 af
672 653 40 21 den
733 652 72 21 aktiva
824 658 79 15 armen.

83 680 141 27 Domprosten
240 681 89 21 Renvall
345 681 88 21 menade
448 684 33 18 att
496 682 67 24 desse,
578 687 45 15 som
639 681 68 21 skulle
721 681 87 21 komma
818 681 6 21 i
835 680 70 22 landt-

82 711 76 20 värnet
180 710 39 20 och
242 710 63 21 ställa
327 710 70 26 någon
417 716 70 14 annan
502 710 33 21 för
551 710 32 27 sig
597 710 8 21 i
620 710 73 20 aktiva
707 710 79 25 armén,
803 710 18 26 ej
837 709 68 21 skulle

82 738 73 21 kunna
170 738 20 21 fä
205 738 69 27 nägon
298 738 73 27 öfning
385 739 7 20 i
407 744 93 21 vapneus
516 739 60 21 bruk.
608 738 42 21 Det
665 740 23 19 är
703 738 19 26 ej
738 738 23 21 sä
777 738 80 26 nödigt,
873 740 33 19 att

82 767 79 26 precist
176 767 43 21 alla
233 767 21 21 få
269 773 26 15 en
311 766 72 27 öfning
396 767 7 20 i
419 773 92 20 vapnens
527 767 60 21 bruk.
618 766 41 22 Det
674 766 101 22 behöfves
785 766 45 21 folk
841 767 64 20 också

82 796 36 20 vid
133 797 90 22 trossen,
239 795 34 21 vid
288 795 137 21 ambulansen
441 796 39 20 och
495 796 35 20 vid
545 794 52 22 flera
612 796 67 20 andra
693 794 109 26 tillfällen;
818 794 87 22 hvarför

82 824 73 21 kunna
177 824 48 21 icke
249 824 59 21 desse
331 826 164 19 samvetsömma
509 824 22 21 fä
547 824 26 27 gä
589 824 44 21 dit?
662 824 39 20 Att
717 824 26 20 de
758 824 47 20 icke
819 824 87 20 komma

82 855 34 19 att
130 852 67 21 blifva
217 852 24 21 sä
260 852 141 22 öfvermättan
424 853 83 27 mänga,
525 858 62 22 synes
603 853 33 20 väl
653 852 64 26 deraf,
734 855 32 18 att
781 852 124 21 tillochmed

84 882 6 20 i
110 881 157 26 presteständet
289 881 26 21 de
336 882 73 27 tyckas
427 887 52 15 vara
501 881 27 26 fä,
553 887 44 15 som
619 881 56 25 fästa
698 881 35 20 det
756 880 98 22 afseende
869 880 35 21 vid

83 912 115 19 samvetets
214 910 53 25 kraf,
283 910 81 21 hvilket
379 910 134 21 minoriteten
530 910 100 21 önskade.
660 909 147 21 Missbrukens
822 909 82 27 möjlig-

84 939 36 20 het
135 938 33 21 fär
183 939 34 20 väl
233 939 18 26 ej
267 939 75 20 hindra
362 939 138 20 användande
520 938 23 21 af
557 937 171 28 orättfärdighet,
743 938 39 20 och
798 944 25 15 en
839 939 65 19 orätt-

84 967 107 27 färdighet
206 973 50 15 vore
272 967 41 25 det,
330 967 65 27 enligt
409 967 48 21 mitt
472 969 43 19 sätt
530 968 32 20 att
578 973 22 15 se
615 967 71 25 saken,
697 973 34 15 om
742 973 48 15 man
804 967 18 26 ej
835 966 70 22 skulle

83 996 64 21 hafva
168 997 43 19 rätt
232 997 31 20 att
281 996 51 26 följa
348 996 30 20 sin
395 996 138 27 öfvertygelse
549 1008 26 2 —
591 996 30 20 lät
637 996 63 20 ocksä
715 1002 57 18 vara,
789 998 32 18 att
837 996 68 20 denna

83 1024 141 28 öfvertygelse
246 1031 50 15 vore
318 1025 147 21 vilsefarande.
495 1024 81 22 Luther
591 1026 72 25 säger:
683 1024 56 24 ,Det
753 1026 24 18 är
792 1024 47 21 icke
854 1023 52 27 godt

83 1055 33 19 att
130 1055 52 25 göra
197 1053 65 27 något
277 1056 44 19 mot
336 1055 123 23 samvetet",
476 1053 38 21 och
531 1053 86 25 enhvar,
633 1059 44 15 som
693 1052 38 22 har
744 1052 55 22 varit
814 1052 7 21 i
836 1053 68 26 någon

82 1082 194 27 samvetsklämma,
291 1084 42 24 vet,
349 1084 32 19 att
397 1082 58 21 detta
471 1082 18 27 ej
506 1084 23 19 är
545 1082 57 26 godt,
618 1084 51 18 utan
685 1082 36 20 det
736 1082 52 20 allra
804 1082 100 20 svåraste.

83 1111 79 21 Paulus
177 1112 72 25 säger:
276 1127 9 9 ,
291 1110 43 22 Allt
350 1111 41 24 det,
407 1116 44 15 som
468 1110 46 22 icke
529 1111 38 25 går
583 1110 22 21 af
618 1112 55 24 tron,
689 1112 24 19 är
728 1110 73 26 synd".
831 1110 75 25 Euligt

83 1139 41 21 den
140 1139 79 27 riktiga
233 1140 125 26 tolkningen
374 1140 88 26 betyder
478 1140 65 25 detta,
559 1141 32 19 att
607 1138 72 28 hvarje
689 1138 102 27 handling
801 1144 45 15 som
857 1138 49 21 stri-

83 1168 38 21 der
136 1170 46 19 mot
197 1174 37 15 ens
249 1168 140 27 öfvertygelse
405 1174 34 14 om
455 1168 36 20 det
506 1169 63 23 rätta,
581 1169 24 19 är
616 1174 25 14 en
657 1167 128 27 orättfärdig
796 1167 109 25 handling.

83 1196 114 22 Likaledes
219 1196 67 22 måste
302 1197 35 21 det
352 1196 81 21 kännas
456 1198 129 23 smärtsamt,
601 1198 32 18 att
649 1196 78 20 sådana
749 1194 156 28 omständighe-

84 1228 38 23 ter,
139 1231 45 15 som
200 1231 28 15 nu
243 1227 37 19 äro
295 1225 70 26 ifråga
381 1225 39 21 och
435 1231 45 14 som
495 1231 28 14 nu
538 1224 71 22 blifvit
624 1224 22 20 af
661 1225 42 26 mig
718 1224 116 27 påpekade,
845 1223 61 21 skola

82 1254 105 26 stämplas
201 1254 49 21 med
265 1254 24 21 så
303 1254 78 20 vackra
402 1259 69 19 namn,
493 1258 45 16 som
553 1253 163 21 mönsterkruka
731 1252 40 21 och
787 1252 67 21 andra
870 1252 35 20 be-

83 1282 132 27 nämningar,
238 1282 136 26 hvarigenom
396 1288 49 14 man
464 1282 37 20 vill
523 1282 107 20 skrämma
651 1281 46 21 från
721 1280 148 27 medgifvande
885 1280 23 20 af

84 1311 68 27 någon
176 1310 145 22 modifikation
337 1310 6 21 i
361 1311 35 20 det
415 1310 116 26 jernhårda
552 1312 107 24 systemet.
689 1309 26 27 Ej
737 1309 101 21 behöfver
858 1309 47 25 den,

84 1345 44 15 som
144 1339 54 27 föjer
213 1339 37 21 sitt
265 1341 100 24 samvete,
382 1339 71 21 derför
474 1345 50 15 vara
543 1338 69 27 någon
627 1338 169 21 mönsterkruka.
826 1338 41 25 Jag
882 1338 24 20 är

83 1368 125 26 öfvertygad
225 1368 78 25 derom,
319 1370 34 19 att
364 1367 44 27 just
424 1368 60 20 desse
496 1368 161 20 samvetsömme
667 1366 61 21 skola
739 1367 48 20 med
798 1366 108 26 orubbligt

84 1396 49 21 mod
148 1396 64 21 ställa
227 1397 32 26 sig
274 1396 33 21 för
323 1397 128 21 kanonerna,
467 1402 34 14 om
518 1396 35 20 det
569 1395 66 26 gäller
651 1395 74 21 endast
741 1395 64 25 detta,
818 1394 88 21 emedan

85 1424 25 21 de
126 1426 54 22 veta,
197 1426 32 19 att
245 1425 60 20 deras
321 1424 26 21 lif
360 1424 44 21 står
420 1424 7 20 i
441 1424 60 21 Guds
516 1424 57 20 hand
588 1423 40 21 och
641 1424 26 20 de
677 1424 52 25 hysa
739 1424 64 25 ingen
813 1422 93 21 fruktan.

83 1453 41 26 Jag
140 1453 114 26 försäkrar,
277 1455 32 18 att
331 1453 36 20 det
389 1453 41 20 kan
453 1451 68 21 finnas
544 1452 65 25 några
630 1451 85 24 sådana,
732 1457 44 14 som
791 1451 47 20 icke
853 1451 53 25 hysa

84 1481 87 21 fruktan
195 1481 32 21 för
249 1481 65 27 något
335 1482 71 24 annat,
431 1482 26 19 än
481 1482 31 19 att
533 1479 79 22 handla
627 1482 45 18 mot
687 1481 103 19 samvetet
806 1479 39 21 och
860 1485 45 14 som

84 1516 65 21 gerna
165 1509 50 22 ville
231 1510 26 21 dö
273 1509 33 22 för
321 1509 38 22 sitt
374 1509 124 26 fosterland,
515 1514 48 15 men
579 1509 17 26 ej
613 1508 50 29 vilja
678 1508 51 26 lyfta
745 1507 32 21 sin
793 1507 56 21 hand
861 1509 46 19 mot

84 1539 32 20 sin
138 1540 73 19 nästas
232 1537 29 22 lif.
291 1538 42 21 Det
349 1540 23 19 är
387 1537 87 22 alldeles
497 1536 107 27 likgiltigt,
621 1536 53 21 huru
690 1536 60 21 detta
765 1536 74 27 tillägg
855 1535 52 22 eller
