1075 1803
308 148 159 17 Presteståndet
482 149 53 17 1877.
560 150 23 15 14
595 149 112 17 december.
828 143 54 21 2853

94 216 64 27 deraf,
174 218 32 19 att
220 216 7 21 i
242 217 49 21 hela
306 217 69 22 denna
389 218 99 26 paragraf
501 218 46 21 icke
562 219 86 20 nämnes
663 219 31 19 ett
706 217 53 21 enda
770 217 38 20 ord
818 216 95 22 hvarken

93 251 34 15 om
147 251 97 16 reserven
264 245 52 21 eller
331 246 90 21 aktiven.
451 246 42 21 Det
507 246 60 21 heter
582 245 32 21 väl
630 245 56 27 ,från
702 245 58 21 aktiv
775 245 138 26 tjenstgöring

92 273 58 21 såväl
164 273 8 21 i
187 273 66 22 freds-
267 280 45 15 som
328 274 100 26 krigstid"
445 274 38 21 och
502 274 119 26 inbegriper
635 273 39 26 väl,
691 276 31 19 att
737 280 26 15 en
779 279 37 15 son
832 275 23 20 är
870 273 43 21 lika

93 302 119 26 nödvändig
226 301 33 22 för
274 302 31 21 sin
321 303 72 20 moder
407 302 6 21 i
429 302 94 26 krigstid,
539 309 46 14 som
600 302 6 21 i
621 301 93 22 fredstid.

161 369 69 22 Sedan
246 370 145 21 diskussionen
404 370 87 21 härmed
501 370 112 22 förklarats
624 369 97 26 afslutad,
732 369 121 22 framstälde
864 369 49 21 herr

93 398 146 22 talmannen
274 398 93 27 följande
383 399 161 26 propositioner:

161 466 83 21 Önskar
258 466 86 22 ståndet
359 466 33 21 till
406 466 208 27 kontraproposition
628 466 119 22 återremiss
757 466 22 21 af
788 466 124 27 paragrafen

92 495 6 21 i
114 495 36 21 det
165 494 22 21 af
201 494 104 27 professor
320 495 101 21 Forsman
437 501 26 15 m.
480 495 18 21 fl.
517 494 85 27 angifna
617 494 61 28 syfte,
690 494 51 21 eller
750 494 60 22 icke?
833 494 80 21 Vinner

92 524 40 26 nej,
156 524 77 20 önskas
252 522 31 22 till
303 523 208 27 kontraproposition
532 523 134 27 paragrafens
684 523 120 21 återremiss
820 522 6 21 i
842 522 35 22 det
892 522 21 22 af

90 552 108 26 professor
214 551 62 22 Cleve
292 558 27 15 m.
335 551 19 21 fl.
371 552 118 26 föreslagna
504 552 60 27 syfte.

160 614 130 22 Besvarades
306 615 48 21 med
371 616 25 20 18
409 615 22 27 ja
447 616 38 21 och
503 618 25 18 14
544 616 40 26 nej.

160 678 127 22 Godkännes
302 678 159 26 ifrågavarande
477 678 12 29 &
505 680 26 20 27
548 678 132 26 oförändrad,
692 678 51 21 eller
753 676 59 23 icke?
833 678 80 21 Vinner

92 706 40 27 nej,
148 706 95 21 kommer
263 708 124 25 paragrafen
402 709 32 18 att
449 707 165 22 återremitteras
630 706 31 21 till
678 707 103 20 utskottet
796 706 32 21 för
843 706 70 21 erhål-

92 735 62 21 lande
169 735 22 21 af
206 737 30 19 ett
252 735 153 28 förtydligande
420 736 6 20 i
442 736 35 21 det
493 735 22 22 af
528 735 106 27 professor
644 735 101 21 Forsman
757 734 83 27 angifna
850 734 61 27 syfte.

159 798 130 21 Besvarades
305 799 47 20 med
368 797 101 28 enhälligt
484 797 39 27 nej.

160 861 10 20 I
182 861 153 26 sammanhang
347 861 87 21 härmed
447 861 67 21 skulle
525 861 114 21 utskottets
650 859 185 28 uppmärksamhet
847 860 65 21 fästas

92 889 26 27 pä
134 889 35 21 det
184 889 22 21 af
219 889 107 26 professor
340 889 110 22 Ehrström
464 890 111 21 anmärkta
587 889 147 22 utelemnande
747 889 22 20 af
780 889 60 22 ordet
852 889 59 26 ,son*

92 930 28 2 —
136 917 90 22 framför
246 918 68 25 eller
331 918 164 21 dottersonen*.

161 981 196 26 Anmärkningarna
372 981 10 21 I
397 982 39 21 och
452 981 21 22 II
487 981 128 26 godkändes.

392 1067 170 26 Anmärkningen
577 1067 37 21 III.

160 1124 90 21 Prosten
271 1124 88 27 Hjelt:
389 1124 43 21 Det
452 1130 38 15 var
509 1125 6 20 i
531 1124 59 22 detta
605 1127 93 18 moment
712 1130 45 15 som
771 1124 37 26 jag
822 1123 32 21 för
870 1124 42 20 min

92 1153 33 21 del
141 1153 48 21 ville
204 1152 62 22 hafva
282 1152 79 22 infördt
375 1156 31 18 ett
421 1153 115 25 stadgande
550 1153 71 21 derom
632 1154 31 19 att
674 1153 69 21 derest
753 1152 159 22 förhållandena

91 1182 115 24 förändras,
227 1181 83 27 upphör
328 1181 53 21 hans
396 1181 101 27 rättighet
513 1181 31 21 till
560 1181 102 27 befrielse,
678 1181 38 21 och
732 1183 32 19 att
779 1182 36 20 det
831 1181 81 21 derföre

92 1210 79 27 åligger
186 1210 84 25 honom,
285 1212 32 19 att
332 1210 41 21 han
389 1210 85 26 årligen,
489 1210 23 21 så
527 1210 61 26 länge
603 1211 41 19 han
660 1210 39 21 hör
714 1209 31 21 till
762 1210 25 21 de
802 1210 111 21 bestämda

91 1240 149 26 årsklasserne,
267 1238 39 22 bör
332 1244 76 21 genom
436 1239 56 21 bevis
516 1239 79 27 styrka,
620 1240 32 20 att
680 1239 60 21 dessa
766 1238 145 22 förhållanden

92 1267 93 22 fortfara.

160 1330 109 21 Professor
284 1330 147 21 Forsman:
452 1330 106 21 Måhända
572 1329 68 22 skulle
656 1330 35 20 det
706 1330 26 26 gå
745 1335 26 15 an
790 1331 32 19 att
840 1329 72 21 remit-

92 1360 44 20 tera
158 1358 138 21 redaktionen
317 1358 33 20 till
372 1358 109 26 utskottet,
500 1358 120 26 isynnerhet
638 1364 44 15 som
698 1358 35 20 det
749 1364 37 14 var
803 1358 62 26 fråga,
881 1359 31 19 att

92 1387 59 21 detta
166 1386 67 22 skulle
248 1386 48 26 ingå
311 1386 66 21 redan
392 1387 6 20 i
413 1386 115 26 ingressen,
543 1388 23 20 så
582 1388 32 19 att
628 1386 107 26 ingressen
748 1386 67 21 skulle
828 1386 85 21 komma

92 1417 32 19 att
138 1414 49 26 lyda
202 1414 53 21 efter
270 1415 55 20 hvad
340 1420 28 16 nu
383 1416 24 19 är
422 1414 100 22 beslutet:
538 1415 57 26 ,från
610 1414 138 26 tjenstgöring
763 1414 6 21 i
780 1414 58 21 aktiv
849 1417 63 23 trupp

91 1444 55 19 samt
161 1442 119 21 inkallande
296 1442 31 20 till
343 1442 138 26 tjenstgöring
497 1442 65 26 enligt
582 1442 6 26 $
606 1443 30 22 14,
653 1447 45 15 men
714 1442 46 21 icke
775 1442 46 20 från
832 1447 80 16 reserv-

93 1470 70 26 öfning
178 1469 77 22 befrias
270 1470 92 25 följande
377 1475 106 21 personer,
499 1470 24 21 så
537 1470 61 26 länge
614 1469 25 22 de
654 1469 157 26 ifrågavarande
824 1469 88 26 familje-

92 1498 160 24 förhållandena
268 1498 111 22 fortfara:*
396 1505 18 14 o.
430 1504 16 17 s.
463 1505 17 14 v.
