1081 1811
198 152 56 22 3184
308 162 2 2 s
389 157 160 18 Presteständet
562 158 56 17 1878.
641 158 8 16 8
665 157 89 21 januari.

170 226 111 21 tillernade
303 226 93 21 komiten
419 226 37 20 hrr
478 228 85 24 prosten
587 225 80 27 Hjelt
689 225 38 21 och
748 225 106 27 professor
872 226 118 25 Donner,

171 254 70 22 hvilka
257 254 103 22 hvardera
375 254 121 21 förklarade
512 255 31 26 sig
558 254 71 26 villiga
645 256 31 19 att
691 254 119 27 uppdraget
826 255 100 25 mottaga.

238 311 61 22 Efter
327 311 35 22 det
384 313 61 19 nästa
465 311 86 27 pienum
574 313 79 20 utsatts
675 311 31 21 till
732 312 3 21 i
756 317 88 21 morgon
859 311 91 22 klockan
967 313 23 20 11

171 340 45 21 före
235 341 120 26 middagen,
379 340 102 21 ätskildes
503 341 96 21 ständets
621 340 138 21 medlemmar
774 340 90 21 klockan
881 341 11 20 7
910 340 39 21 och
965 340 27 27 %/,

171 369 27 26 pä
213 368 92 23 aftonen.

748 425 20 18 In
781 425 63 18 fidem:

655 460 50 22 Carl
719 461 49 21 Joh.
788 460 134 29 Lindegvist.

294 668 141 34 Tisdagen
454 668 55 26 den
528 668 18 26 8
563 668 122 27 Januari
703 668 39 26 kl.
760 668 26 26 11
804 668 17 26 £.
839 676 35 18 m.

242 738 172 22 Sammanträdet
430 738 107 27 öppnades
553 738 48 22 med
615 738 42 22 bön
674 738 103 22 förrättad
790 738 27 27 pä
830 738 67 22 finska
908 738 86 27 spräket

174 767 22 21 af
210 769 73 24 pastor
297 767 62 27 Lyra.

241 823 42 22 Vid
293 826 106 25 uppropet
409 823 141 22 antecknades
561 824 68 21 säsom
640 823 140 22 fränvarande
788 826 86 25 prosten
882 823 112 27 Bergroth,

176 854 85 25 prosten
281 853 114 25 Helander,
416 854 86 25 prosten
523 852 109 26 Borenius,
649 852 77 21 doktor
740 851 101 28 Lampen,
858 854 72 25 pastor
945 852 50 21 We-

176 881 100 25 sterlund,
299 881 107 27 professor
428 881 112 21 Ehrström
563 881 38 22 och
624 881 74 21 rektor
720 881 104 26 Hallsten,
839 881 42 21 alla
900 880 21 22 af
938 880 57 22 förut

176 911 107 25 upptagna
299 910 92 21 orsaker.

243 966 40 21 Till
301 966 105 28 justering
425 966 109 26 upplästes
550 966 77 26 utdrag
642 972 26 14 ur
683 966 129 29 protokollet
828 966 34 21 vid
876 966 118 27 gärdagens

175 994 90 28 plenum.

245 1139 89 23 Ständet
356 1138 30 21 till
409 1138 118 22 kännedom
543 1138 134 21 meddelades
692 1141 31 19 ett
738 1139 197 27 protokollsutdrag
950 1139 46 21 frän

176 1168 113 28 höglofliga
310 1167 149 27 ridderskapet
479 1167 39 21 och
539 1167 60 21 adeln
621 1166 23 21 af
661 1166 39 22 den
716 1169 12 19 5
745 1168 85 24 dennes,
846 1168 44 20 deri
906 1168 90 21 nämnde

177 1198 61 21 ständ
260 1196 114 25 meddelar,
396 1198 32 18 att
449 1196 36 21 det
500 1196 31 20 till
546 1195 42 21 alla
604 1195 59 21 delar
677 1196 94 26 godkänt
786 1198 153 19 sammansatta
953 1197 45 26 lag-

176 1226 40 21 och
235 1224 216 23 ekonomiutskottets
472 1225 66 20 andra
557 1224 293 27 sammanjemkningsförslag
867 1224 6 21 i
889 1225 58 27 fräga
963 1231 33 15 om

176 1254 130 27 regleringen
322 1253 21 21 af
357 1253 170 27 presterskapets
543 1252 90 26 aflöning
643 1253 7 20 i
661 1253 81 22 landets
758 1253 239 27 evangelisk-lutherska

176 1282 154 27 församlingar.

245 1423 41 22 Vid
302 1424 72 21 derom
390 1424 66 21 skedd
471 1423 149 28 föredragning
635 1423 121 28 godkändes
772 1423 101 28 enhälligt
888 1426 52 19 utan
956 1424 42 21 dis-

177 1453 86 21 kussion
287 1453 153 26 lagutskottets
462 1453 80 27 förslag
563 1453 32 21 till
618 1452 202 28 sammanjemkning
842 1453 22 21 af
885 1453 25 21 de
932 1453 66 21 delvis

178 1481 121 27 skiljaktiga
320 1481 71 21 beslut
412 1482 6 20 i
440 1482 70 20 hvilka
530 1481 89 22 ständen
641 1483 85 19 stannat
745 1481 34 21 vid
802 1481 154 27 behandlingen
977 1482 23 21 af

178 1511 59 20 Hans
259 1509 118 28 Kejserliga
398 1510 110 27 Majestäts
531 1510 76 27 nädiga
629 1510 130 27 proposition
782 1510 108 27 angäende
911 1510 87 22 härads-

178 1539 84 21 nämnd.
