1073 1803
223 161 55 21 2466
405 166 159 18 Presteståndet
577 167 52 17 1877.
653 167 14 16 4
679 167 113 17 december.

192 235 130 21 reservation
342 234 118 27 föreslagna
478 234 80 27 lydelse
578 235 40 22 och
639 235 12 27 $
676 235 23 21 15
722 234 193 22 äterremitterades
934 234 33 21 till
982 236 33 19 ut-

192 263 80 22 skottet
293 263 33 22 för
348 265 32 20 att
398 263 142 27 omredigeras
555 265 24 20 sä
593 265 32 20 att
640 263 109 27 vinterväg
763 263 61 22 äfven
838 265 14 20 ä
867 263 66 21 elfvar
948 263 65 21 borde

192 292 102 26 utstakas,
315 292 39 21 och
376 292 21 25 b)
412 293 49 20 med
476 276 199 47 tillkännagifvande
690 294 31 19 att
737 292 91 26 ståndet,
843 293 8 20 i
866 291 112 27 anledning
992 291 23 22 af

192 327 26 14 en
233 309 125 33 hemställan
374 321 46 22 från
439 321 228 27 bevillningsutskottet
681 321 103 21 huruvida
799 309 46 34 icke
860 320 84 22 ståndet
959 320 55 28 ville,

191 349 50 21 med
255 349 128 26 frångående
402 349 20 21 af
440 350 36 20 sitt
490 349 57 22 förra
563 349 68 22 beslut
646 349 31 21 uti
691 349 73 27 frågan
780 350 108 26 angående
903 352 60 18 extra
978 349 36 21 be-

193 377 87 27 villning
299 378 33 21 för
347 378 78 21 vården
440 378 23 20 af
476 378 59 26 sjuke
551 378 38 21 och
604 378 75 21 sårade
694 378 6 20 i
716 384 29 15 nu
760 378 109 26 pågående
884 378 53 26 krig,
952 378 8 20 i
974 378 40 21 lik-

192 406 36 21 het
244 406 47 21 med
307 406 26 21 de
348 408 32 19 tre
396 406 66 27 öfriga
477 406 88 22 stånden
581 407 112 26 godkänna
703 406 116 22 utskottets
829 406 79 27 förslag
918 406 6 20 i
934 408 79 24 ämnet,

192 434 86 22 beslutit
294 437 37 24 att,
348 434 48 22 med
411 435 111 27 afböjande
538 435 21 21 af
573 435 116 21 utskottets
706 435 204 27 jemkningsförslag,
922 434 92 22 vidhålla

191 463 37 22 sitt
249 463 5 21 i
276 463 74 27 frågan
365 463 57 22 förut
436 464 80 21 fattade
531 464 82 25 beslut;
631 466 54 19 samt
700 463 22 22 af
735 463 40 22 den
791 464 26 21 29
833 464 39 22 och
888 465 27 21 30
931 470 83 15 novem-

191 492 38 22 ber
244 492 39 22 och
300 493 10 20 1
328 492 110 22 december
453 492 148 22 innehållande
621 493 94 21 ståndets
730 492 69 22 beslut
814 493 6 20 i
833 492 180 28 jernvägsfrågan.

259 566 40 23 och
314 567 23 28 2)
352 567 46 22 från
413 567 130 23 hedervärda
559 568 154 22 bondeståndet
727 567 22 22 af
764 568 40 21 den
822 569 8 20 1
844 568 111 22 december
967 568 47 21 med

191 597 155 22 underrättelse
369 599 32 19 att
423 597 90 25 ståndet,
537 597 19 27 a)
575 597 102 26 enhälligt
691 597 81 26 antagit
787 603 26 15 en
828 597 123 27 inbjudning
966 597 48 21 från

191 625 145 27 ridderskapet
359 625 39 22 och
421 626 61 21 adeln
505 627 32 20 att
559 625 72 22 förena
652 626 31 26 sig
705 626 6 21 i
734 626 37 21 det
790 626 113 26 höglofliga
919 626 95 21 ståndets

191 654 69 21 beslut
282 657 32 19 att
336 654 39 21 hos
396 654 59 22 Hans
474 654 117 27 Kejserliga
605 654 100 27 Majestät
719 654 7 21 i
741 654 170 27 underdånighet
930 654 84 23 anhålla

191 684 32 20 att
245 683 158 27 tillämpningen
422 683 22 21 af
457 683 75 27 nådiga
548 683 147 26 förordningen
712 683 22 22 af
747 684 40 21 den
803 684 13 20 9
832 683 110 22 december
959 683 54 22 1872

191 711 108 26 angående
314 711 269 27 stämpelpappersafgiften
606 713 65 19 måtte
693 712 121 21 utsträckas
833 712 32 21 till
885 712 39 21 den
942 713 9 20 1
966 712 46 26 juni

192 740 61 26 1878,
276 740 46 22 från
344 740 84 21 hvilken
452 740 41 26 dag
517 747 33 21 ny,
571 740 22 21 af
607 740 114 22 ständerna
735 743 91 24 antagen
841 740 123 27 förordning
978 747 34 15 om

190 768 267 28 stämpelpappersafgiften
481 769 83 21 komme
586 770 32 20 att
639 769 62 21 träda
722 770 7 20 i
751 769 97 26 gällande
864 768 56 22 kraft
935 769 39 21 och
989 769 24 27 b)

190 797 94 26 godkänt
306 797 32 21 till
362 796 41 22 alla
426 797 58 21 delar
505 797 150 27 lagutskottets
671 797 78 27 förslag
763 798 33 21 till
811 798 202 27 sammanjemkning

191 825 21 21 af
226 826 26 21 de
267 826 122 26 skiljaktiga
403 825 75 27 beslut,
494 826 6 21 i
516 826 71 21 hvilka
601 826 89 21 stånden
706 828 85 20 stannat
806 826 36 22 vid
856 826 155 27 behandlingen

190 854 22 21 af
226 854 59 22 Hans
300 854 117 27 Kejserliga
430 854 109 27 Majestäts
549 855 75 26 nådiga
632 855 131 27 proposition
771 855 109 27 angående
890 855 122 22 författares

191 882 39 22 och
245 883 114 21 konstnärs
374 884 43 21 rätt
432 883 33 21 till
480 884 65 21 alster
559 884 23 21 af
595 884 32 22 sin
642 884 143 21 verksamhet.

258 1072 57 21 Derå
330 1072 109 21 fortsattes
454 1072 48 21 med
516 1073 155 26 granskningen
681 1072 22 22 af
718 1073 150 26 lagutskottets
879 1073 133 22 betänkande

189 1101 40 21 N:o
256 1101 26 21 14
304 1101 6 20 i
332 1101 112 27 anledning
460 1101 21 21 af
495 1101 58 22 Hans
569 1101 116 28 Kejserliga
701 1101 111 28 Majestäts
826 1102 76 27 nådiga
917 1102 94 27 proposi-

190 1129 44 22 tion
250 1135 34 16 om
300 1129 138 28 dissenterlag
453 1130 32 21 för
499 1130 98 21 Finland.

257 1198 115 27 Angående
387 1199 11 27 $
415 1200 12 19 3
443 1205 61 15 mom.
522 1201 9 19 1
548 1199 94 27 yttrade:

256 1267 143 27 Domprosten
450 1267 139 27 Hornborg:
620 1267 110 22 Utskottet
748 1267 89 22 föreslår
851 1268 7 21 i
873 1268 139 22 förevarande

189 1298 93 19 moment
304 1297 32 19 att
357 1297 87 20 senaten
466 1296 54 21 skall
542 1296 113 26 godkänna
677 1296 32 22 val
728 1296 23 22 af
771 1299 59 24 prest
850 1296 51 22 eller
919 1297 91 21 lärare
999 1291 14 36 i

189 1324 256 27 dissenterförsamlingar.
475 1325 110 21 Huruvida
607 1324 60 22 detta
688 1325 58 22 skett
761 1325 48 21 med
824 1325 112 27 anledning
952 1325 61 22 deraf

188 1354 32 19 att
241 1353 65 25 några
327 1354 97 24 pastorat
446 1354 36 19 äro
505 1352 108 27 imperiela
635 1353 42 21 kan
697 1354 36 25 jag
755 1353 46 21 icke
817 1353 78 26 afgöra,
912 1360 47 14 men
973 1353 37 21 vill

187 1380 46 21 icke
256 1383 33 18 tro
312 1380 46 25 det;
381 1381 69 25 någon
470 1387 69 15 annan
562 1380 113 26 anledning
696 1381 69 21 dertill
788 1381 42 22 kan
846 1381 38 27 jag
898 1382 46 20 icke
959 1382 50 25 inse,

188 1408 88 22 emedan
299 1410 87 20 senaten
407 1408 61 22 äfven
491 1409 58 21 detta
563 1408 84 22 förutan
663 1409 38 22 har
716 1409 113 27 tillräcklig
844 1409 165 28 sysselsättning.

186 1437 35 21 Då
236 1437 59 22 detta
310 1437 116 26 stadgande
441 1437 81 22 således
537 1437 107 22 förefaller
659 1438 42 27 mig
715 1438 47 21 icke
777 1437 75 23 endåst
862 1438 86 27 onödigt
959 1440 51 20 utan

187 1465 61 22 äfven
270 1465 116 27 olämpligt,
408 1465 49 22 ville
472 1466 37 27 jag
531 1466 32 22 för
585 1466 42 21 min
649 1466 33 21 del
704 1466 77 23 föreslå
796 1469 32 20 att
843 1467 59 22 detta
916 1469 95 20 moment

187 1494 69 23 skulle
278 1497 89 25 antagas
388 1495 69 21 såsom
473 1495 35 21 det
522 1497 25 20 är
561 1495 137 22 formuleradt
713 1496 6 21 i
735 1496 40 21 den
791 1496 77 27 nådiga
882 1497 127 26 propositio-

187 1529 49 19 nen,
252 1523 37 22 der
304 1524 36 21 det
355 1523 85 27 stadgas
455 1525 31 20 att
500 1526 133 25 guvernören
648 1524 53 22 skall
716 1525 113 27 godkänna
844 1525 56 22 valet
915 1525 23 22 af
951 1528 59 24 prest

187 1552 52 23 eller
254 1552 69 23 lärare
344 1552 8 22 i
367 1552 255 28 dissenterförsamlingar.
653 1553 136 22 Guvernören
803 1554 41 22 har
858 1554 64 23 också
937 1554 73 23 lättast
