1078 1809
287 167 160 18 Presteståndet
461 168 54 17 1877.
541 168 22 17 10
575 168 113 17 december.
806 162 55 20 2691

140 236 141 27 Domprosten
297 236 104 22 Renvall
417 242 37 15 var
468 236 145 22 förekommen
629 236 21 22 af
663 236 106 27 professor
781 236 108 22 Forsman.

139 293 90 22 Prosten
252 293 84 28 Hjelt:
368 293 93 22 Oaktadt
484 294 43 25 allt,
543 293 56 21 hvad
613 293 106 27 professor
734 293 102 22 Forsman
851 300 39 15 an-

72 322 75 27 dragit,
169 322 67 21 skulle
255 322 36 27 jag
306 322 33 21 för
354 322 41 21 min
412 322 33 21 del
461 328 50 15 anse
527 322 60 21 ordet
604 325 112 22 ,,tronens"
732 322 52 21 böra
799 322 51 27 utgå
864 329 26 15 ur

70 350 134 27 paragrafen.
235 351 49 21 Man
307 351 41 21 kan
371 351 103 26 nämligen
490 352 65 20 tänka
569 351 31 26 sig
615 353 31 19 ett
661 351 75 21 sådant
751 351 138 26 förhållande,

71 381 32 20 att
124 380 7 21 i
153 380 115 27 Rysslands
284 379 93 28 aflägsna
392 381 73 20 länder
481 383 30 18 ett
526 386 79 21 uppror
620 380 94 27 uppstår,
730 379 39 22 och
784 382 32 19 att
831 379 59 22 detta

71 409 98 26 möjligen
185 415 49 15 vore
250 408 92 21 hotande
356 409 33 21 för
404 409 63 26 ryska
482 409 65 21 rikets
563 409 94 21 bestånd.
682 408 64 22 Skola
756 409 51 20 våra
817 410 73 20 värne-

69 437 88 27 pligtige
176 444 51 14 vara
248 438 94 27 skyldige
360 439 32 20 att
413 438 6 19 i
441 438 57 20 detta
513 437 36 22 fall
565 437 49 27 tåga
629 437 55 21 ända
698 437 32 21 till
746 437 96 24 Sibirien,
858 437 32 21 till

69 466 76 26 Khiva,
171 467 31 20 till
230 466 126 21 Kaukasus?
386 466 64 21 Detta
469 466 38 21 allt
527 467 42 20 kan
589 465 108 27 undvikas,
718 472 34 15 om
772 472 48 15 man
841 465 46 22 från

69 495 126 27 paragrafen
211 495 129 22 bortlemnar
355 495 64 21 orden
435 497 99 22 ,tronens
550 495 52 21 och"
618 494 134 27 hvarigenom
764 494 125 27 paragrafen

71 524 68 21 skulle
154 523 58 28 lyda:
224 523 52 28 ,För
286 523 180 22 fäderneslandets
479 523 81 22 försvar
571 525 24 20 är
605 523 70 27 hvarje
686 523 54 22 finsk
750 523 139 27 medborgare

70 552 159 28 värnepligtig.*

138 609 109 22 Professor
268 609 143 22 Forsman:
441 609 55 22 Utan
517 611 32 20 att
568 610 66 21 inläta
653 609 42 26 mig
710 609 7 21 i
733 609 65 27 nägra
813 609 76 22 under-

70 638 114 27 sökningar
203 639 22 20 af
239 639 41 20 alla
296 639 26 20 de
338 639 166 25 eventualiteter,
521 645 44 14 som
581 640 85 25 prosten
681 638 58 26 Hjelt
754 638 40 21 har
808 638 80 27 antydt,

70 667 35 21 vill
125 667 36 27 jag
183 667 6 20 i
209 667 115 21 allmänhet
343 667 55 21 blott
417 667 88 27 päpeka,
521 669 31 19 att
571 668 89 20 likasom
676 667 36 20 det
726 669 24 19 är
765 673 25 15 en
805 666 85 21 absolut

69 695 157 26 nödvändighet
247 698 37 22 att,
303 697 69 20 säsom
388 696 104 21 utskottet
507 697 5 20 i
529 696 30 21 sin
576 696 124 25 motivering
714 695 40 22 har
768 695 75 26 anfört,
859 695 30 21 fä-

70 725 158 20 derneslandets
247 724 69 25 heliga
332 725 37 20 ord
386 725 53 20 skall
454 725 49 26 ingå
518 725 6 20 i
540 725 68 21 denna
625 726 9 18 1
651 724 20 27 &,
686 730 44 15 som
746 724 88 27 antyder
849 723 40 22 den

69 753 136 28 förpligtelse,
222 760 44 14 som
282 753 60 26 lagen
358 753 87 25 medför,
461 752 68 22 likaså
544 753 166 26 oundgängligen
726 752 129 27 nödvändigt
865 753 24 20 är

70 782 41 25 det,
133 784 34 19 att
186 781 40 22 den
246 782 67 21 finska
333 784 82 24 tronen,
435 781 59 22 hvari
509 782 114 21 innefattas
638 781 139 21 Furstehuset
794 781 38 21 och
847 781 43 20 alla

69 811 26 21 de
114 811 149 22 institutioner,
284 817 45 15 som
350 809 64 28 bilda,
435 810 24 21 sä
479 813 32 18 att
525 812 56 25 säga,
596 810 180 21 fäderneslandets
790 809 99 27 politiska

69 840 90 21 bestånd
181 839 51 22 eller
254 839 147 25 konstitution,
424 839 45 21 icke
493 839 33 21 får
543 846 26 15 ur
582 838 125 28 paragrafen
722 839 58 26 utgå.
809 839 42 20 Det
865 839 24 20 är

69 868 46 21 icke
131 869 55 20 blott
201 869 39 20 och
255 868 48 21 bart
318 875 26 14 en
359 868 137 21 klokhetssak
513 870 32 19 att
559 868 44 21 låta
619 868 58 21 detta
692 868 38 21 ord
749 868 37 21 der
803 867 86 27 qvarstå

69 900 51 19 utan
144 897 47 22 dess
206 897 160 22 bortlemnande
382 896 91 23 derifrån
489 903 49 16 vore
553 900 32 19 att
600 899 47 20 rent
662 896 22 22 af
697 899 51 24 göra
763 895 125 28 paragrafen

69 927 128 26 fullkomligt
212 926 126 28 apokryfisk.

141 983 60 22 Efter
224 984 88 21 härmed
338 983 92 22 afslutad
451 983 106 22 förklarad
574 983 118 21 diskussion
707 982 45 22 blef
764 982 125 27 paragrafen

70 1013 50 22 derå
135 1013 27 26 på
177 1013 154 26 framställning
346 1013 22 21 af
382 1012 49 21 herr
445 1012 156 22 talmannen
614 1013 47 20 med
673 1011 152 28 öfvervägande
835 1013 53 20 röst-

69 1042 108 27 pluralitet
192 1042 23 21 af
228 1041 85 22 ståndet
327 1041 104 27 godkänd.

137 1099 47 22 Mot
199 1099 92 21 beslutet
307 1099 108 21 anmäldes
430 1099 129 21 reservation
574 1098 23 21 af
610 1098 72 21 rektor
696 1097 151 22 Kihlman.

137 1157 135 21 Beträffande
288 1157 12 27 $
316 1157 13 20 2
344 1156 83 21 anhölls
442 1162 33 15 om
491 1157 60 20 ordet
566 1155 23 22 af

137 1215 89 21 Prosten
249 1214 88 27 Hjelt,
353 1220 44 15 som
412 1213 95 28 yttrade:
538 1213 91 22 Medelst
643 1213 126 21 kontrakter
783 1212 105 21 förbundo

69 1244 32 27 sig
120 1244 158 26 menigheterna
297 1245 32 19 att
351 1243 96 21 anskafta
469 1243 38 20 och
523 1241 123 22 underhålla
662 1244 30 19 ett
706 1241 52 21 visst
773 1241 58 21 antal
847 1241 41 21 sol-

70 1273 60 21 dater
150 1275 45 18 mot
216 1272 107 21 förmånen
345 1274 31 19 att
397 1271 77 22 befrias
495 1271 45 21 från
562 1271 71 21 vidare
648 1269 128 28 utskrifning
792 1269 38 22 och
846 1270 42 21 alla

69 1301 85 22 dermed
169 1301 124 27 hängande
314 1301 80 24 besvär,
416 1300 66 21 ehvad
503 1305 62 15 namn
588 1300 25 20 de
634 1299 63 21 hafva
719 1299 77 24 kunna,
817 1298 71 21 såsom

69 1336 62 21 synes
149 1330 22 21 af
186 1330 113 26 ordalagen
314 1331 7 19 i
338 1329 89 27 ,Kongl.
444 1328 71 27 Maj:ts
529 1328 82 26 Nådige
623 1327 149 21 Confirmation
784 1327 57 21 öfver
852 1327 36 21 det

70 1359 47 21 med
138 1359 120 25 Allmogens
280 1357 139 27 Fullmägtige
433 1357 35 21 vid
484 1357 68 21 denna
567 1357 114 26 påstående
703 1356 95 25 Riksdag
818 1356 70 21 slutne

69 1387 101 22 Contract
190 1393 34 15 om
245 1387 35 21 det
300 1387 56 20 vissa
374 1386 168 22 Knecktehållet.
571 1385 95 22 Daterad
680 1385 123 21 Stockholm
819 1385 41 20 den
875 1385 13 20 5

70 1416 121 21 Decembris
214 1417 60 20 Anno
298 1415 73 25 1682”,
390 1416 7 21 i
419 1414 85 22 hvilken
524 1414 75 27 Kongl.
619 1413 150 22 Confirmation
790 1413 36 20 det
843 1413 45 21 står

69 1444 64 21 bland
155 1445 74 19 annat:
250 1444 51 24 ,Alt
320 1443 61 26 fördy
401 1443 64 26 gifves
481 1443 47 20 dem
544 1443 96 19 däremot
654 1442 56 25 uppå
724 1441 77 26 Kongl.
816 1441 72 26 Maj:ts

69 1474 81 25 vägnar
167 1471 87 21 härmed
270 1471 40 20 den
325 1470 132 25 fullkomliga
473 1470 124 25 försäkring,
619 1470 23 20 at
660 1469 24 21 sä
702 1469 62 27 länge
782 1468 27 27 pä
826 1469 62 20 deras

70 1501 46 21 sida
130 1501 54 21 intet
199 1499 27 22 fel
241 1499 121 27 förspörjes,
379 1499 36 21 det
430 1504 43 16 som
490 1497 104 23 utlofvadt
615 1499 24 19 är
659 1499 22 20 at
696 1497 145 27 efterkomma,
855 1496 32 27 de,

71 1530 61 21 deras
150 1530 54 20 barn
219 1529 38 21 och
274 1528 50 27 folk,
340 1528 71 21 hvilka
430 1527 24 21 til
475 1527 114 27 gärdarnas
612 1527 68 21 cultur
702 1526 39 22 och
759 1526 61 26 bruk,
832 1528 56 19 samt

70 1558 24 22 til
114 1558 122 22 ersättande
257 1557 23 22 af
297 1556 135 28 manskapets
455 1556 77 27 afgäng
551 1555 129 27 nödvändigt
695 1554 70 22 kunde
781 1554 106 28 behöfvas,
