1078 1803
205 155 54 20 3012
387 159 158 18 Presteståndet
560 161 54 16 1877.
638 161 22 16 19
673 161 111 16 december.

244 229 140 27 Domprosten
404 229 81 26 Borg:
516 227 69 22 Sedan
607 228 136 26 domprosten
759 228 88 21 Renvall
862 228 39 20 har
915 227 79 22 uttalat

176 257 31 26 sig
222 257 38 21 har
273 257 36 27 jag
325 258 48 26 föga
387 257 115 27 någonting
517 260 32 18 att
564 257 92 26 tillägga.
680 257 42 20 Det
737 262 61 21 synes
813 256 43 27 mig
871 263 51 14 vara
937 256 56 21 klart

175 288 33 19 att
228 285 39 21 här
287 287 46 21 icke
351 288 24 19 är
390 286 59 27 fråga
464 292 34 15 om
513 288 32 19 att
560 285 104 26 medgifva
678 284 166 22 trosbekännare
860 285 135 26 medborgar-

175 316 43 19 rätt
240 315 56 21 inom
320 315 198 21 storfurstendömet
540 314 94 26 Finland,
653 317 51 17 utan
724 314 44 21 helt
788 313 71 22 enkelt
875 313 72 22 derom
963 315 31 20 att

176 343 105 21 mosaiska
302 343 167 21 trosbekännare
490 343 65 21 måtte
577 343 21 20 få
619 342 47 21 öfva
682 342 30 21 sin
728 342 93 26 religion.
852 342 141 26 Domprosten

175 371 88 21 Renvall
284 371 39 21 har
343 372 64 20 också
423 372 63 20 redan
503 371 98 26 påpekat,
616 370 7 21 i
638 370 81 21 hvilket
734 371 52 26 syfte
803 377 47 14 man
865 370 66 21 borde
947 372 46 19 när-

176 405 57 15 mare
252 400 92 26 granska
359 400 39 21 och
413 402 56 19 rätta
484 399 106 27 åtskilliga
605 399 24 21 af
642 399 60 21 dessa
718 398 126 27 paragrafer.
874 399 41 25 Jag
930 399 65 21 fram-

176 427 43 21 höll
235 429 38 20 sist
289 429 40 21 den
347 429 24 20 18
387 430 10 22 &
413 428 30 21 uti
458 427 116 27 Kejserliga
590 427 159 27 propositionen
765 427 39 21 och
820 427 67 21 måste
903 430 50 24 säga
963 429 30 20 att

177 456 36 20 det
234 458 23 19 är
279 458 42 25 mig
342 457 141 27 besynnerligt
498 458 32 20 att
544 462 48 15 man
607 456 40 20 kan
663 456 48 21 med
727 456 65 21 sådan
808 456 76 20 lätthet
899 456 96 21 förkasta

177 484 48 22 hela
246 485 100 27 förslaget
367 486 26 20 då
414 486 104 26 nämligen
540 485 6 21 i
566 485 39 21 den
622 486 25 19 18
660 480 10 37 $
664 484 70 28 just
748 486 60 24 säges
824 484 54 21 huru
894 484 101 22 förhällas

177 513 53 22 skall
249 514 49 22 med
319 514 120 22 bekännare
458 515 23 21 af
499 520 68 15 annan
588 513 87 27 religion
696 516 25 18 än
738 514 39 20 den
793 513 89 27 kristna,
898 520 51 14 vare
964 514 31 26 sig

177 542 27 21 då
225 543 22 21 af
265 543 106 21 mosaiska
390 543 51 21 eller
462 543 22 21 af
500 542 84 22 hvilken
600 548 68 15 annan
684 542 172 21 trosbekännelse
872 548 44 15 som
932 542 61 23 helst,

177 571 38 21 och
231 578 34 14 om
281 578 26 15 en
322 572 66 21 sådan
405 572 130 21 bekännares
550 571 112 26 intagande
678 571 6 21 i
700 571 108 21 lutberska
824 570 87 27 kyrkan.
933 570 60 22 Hvad

177 602 24 18 är
223 600 22 20 af
265 602 68 19 större
357 600 42 26 vigt
422 603 26 18 än
470 602 32 20 att
523 602 49 19 veta
590 600 112 20 huruledes
717 606 48 14 man
781 602 104 24 mottager
901 606 32 17 en,
949 606 44 14 som

177 628 93 21 anmäler
285 629 32 26 sig
332 629 32 21 till
379 629 94 21 tillträde
488 630 6 20 i
510 628 37 21 vår
561 628 68 27 kyrka
644 628 38 21 och
698 628 129 26 församling.
853 629 40 20 Det
909 630 24 19 är
948 628 46 21 från

177 657 202 26 religionsfrihetens
401 658 45 20 sida
462 657 129 26 nödvändigt
605 659 32 19 att
652 663 26 15 en
693 656 23 21 af
730 657 122 26 regeringen
869 657 38 21 och
923 663 72 20 repre-

178 688 135 18 sentanterna
335 688 89 23 antagen
448 687 34 25 lag
504 686 66 20 finnes
592 686 27 27 på
641 686 64 20 saken
726 686 54 20 huru
801 692 25 14 en
846 686 47 20 icke
914 685 80 21 kristen

177 715 110 20 menniska
308 714 54 21 skall
385 716 83 25 intagas
490 715 6 20 i
519 714 108 21 lutherska
648 714 149 25 församlingen
818 714 37 21 och
875 714 36 26 jag
927 714 68 20 skulle

177 749 50 15 anse
247 743 37 20 det
305 743 32 21 för
352 750 25 15 en
393 744 62 25 högst
470 743 90 27 olycklig
576 743 37 21 sak
629 749 33 14 om
678 743 85 20 ståndet
778 743 47 21 ville
841 743 6 20 i
863 743 72 26 klump
951 742 44 21 för-

177 772 60 20 kasta
258 771 48 22 hela
327 771 59 22 detta
407 772 83 26 förslag.
521 772 39 25 Jag
581 774 34 19 vet
632 772 83 26 mycket
730 771 34 21 väl
780 772 39 21 och
835 772 80 20 minnes
931 771 63 21 också

177 803 32 18 att
229 801 58 20 detta
308 800 214 27 författningsförslag
543 801 33 21 vid
598 801 134 26 kyrkomötet
754 800 131 21 förkastades
904 800 46 21 med
967 800 26 21 37

178 831 67 19 röster
265 831 45 19 mot
331 831 34 25 23,
381 836 47 14 men
447 829 45 22 icke
508 829 36 21 det
559 831 92 25 ringaste
666 829 38 21 har
720 829 42 20 min
778 829 138 26 öfvertygelse
931 829 7 20 i
954 829 40 20 den

177 859 63 20 saken
258 858 91 21 derefter
366 859 68 20 blifvit
445 858 85 24 ändrad,
541 861 52 18 utan
604 858 67 21 måste
679 858 36 26 jag
726 864 49 15 anse
788 858 34 21 det
833 857 62 22 hafva
906 857 88 22 kommit

178 887 30 26 sig
230 887 62 21 deraf
311 890 31 19 att
363 894 55 17 man,
434 888 74 20 liksom
524 887 97 21 fruktade
635 887 33 20 för
683 889 33 18 att
731 893 53 20 man,
801 893 33 14 om
851 887 24 20 de
891 886 68 21 skulle
974 885 21 23 -få

178 915 47 21 öfva
242 916 31 20 sin
289 916 87 27 religion
393 916 37 20 här
445 917 56 19 inom
517 914 96 27 Finland,
627 915 68 21 skulle
710 915 21 21 få
747 916 46 21 dem
810 916 37 20 hit.
877 915 32 21 En
925 921 70 16 annan

177 945 39 20 sak
238 946 23 19 är
282 945 24 26 ju
328 945 40 20 den
391 947 31 18 att
445 945 62 20 hafva
529 951 24 14 en
570 945 47 20 Gud
633 944 6 20 i
654 944 118 27 himmelen,
788 944 83 21 hvilken
887 951 50 14 man
953 944 42 21 kan

177 972 95 27 tillbedja
294 973 39 21 och
355 973 66 26 dyrka
441 973 39 20 och
500 977 64 17 annat
580 975 23 18 är
618 975 31 18 att
664 973 63 21 hafva
742 975 31 19 ett
786 973 90 26 jordiskt
892 973 47 20 hem
955 973 40 21 och

177 1001 170 27 medborgarrätt
363 1002 38 20 här
417 1008 55 14 nere.
493 1002 27 21 Så
536 1002 66 21 hårda
616 1002 70 20 kunna
702 1002 18 20 vi
737 1002 18 26 ej
771 1008 50 15 vara
837 1003 44 19 mot
893 1001 101 21 hedniska

177 1029 50 25 folk,
243 1033 31 18 att
289 1031 20 20 vi
325 1031 18 26 ej
359 1031 70 20 tillåta
444 1031 46 20 dem
507 1034 31 17 att
554 1030 94 26 tillbedja
664 1031 30 19 sin
711 1030 66 21 Herre
794 1031 38 20 och
848 1031 31 20 sin
895 1029 54 22 Gud.

245 1098 109 22 Professor
369 1098 143 21 Ehrstöm:
536 1098 40 26 Jag
591 1098 41 21 kan
648 1098 46 21 icke
708 1098 68 21 heller
791 1098 33 21 för
839 1098 42 21 min
897 1098 33 20 del
945 1104 50 15 anse

178 1127 35 21 det
232 1134 51 14 vara
298 1127 68 27 någon
382 1127 130 27 konseqvens
528 1127 60 22 deraf
602 1129 31 18 att
648 1126 130 27 högvördiga
794 1127 83 21 ståndet
892 1127 103 21 utstrukit

178 1156 12 26 8
212 1157 13 20 4
247 1156 7 20 i
277 1156 38 20 den
339 1155 57 21 förra
418 1156 148 26 förordningen
589 1158 32 18 att
643 1155 47 21 hela
713 1156 59 20 detta
794 1155 115 27 lagförslag
927 1155 68 22 skulle

177 1185 84 25 strykas
276 1186 23 19 ut
315 1184 68 24 också,
400 1186 22 24 ty
437 1186 11 25 $
464 1186 13 19 4
492 1185 64 25 angår
572 1184 39 20 den
627 1184 176 26 medborgarrätt,
820 1190 43 14 som
880 1184 41 20 kan
937 1184 58 21 bibe-

177 1212 68 21 hållas
265 1212 22 21 af
305 1212 46 20 icke
372 1212 79 21 kristen
472 1219 82 19 person,
576 1218 44 15 som
641 1212 38 21 har
699 1212 105 26 öfvergått
824 1212 47 20 från
886 1212 109 21 lutherska

177 1240 59 21 läran
259 1240 38 22 och
321 1240 38 20 här
382 1243 23 17 är
429 1241 85 21 alldeles
536 1241 45 21 icke
604 1241 58 25 fråga
682 1247 34 14 om
731 1240 69 26 någon
816 1240 177 26 medborgarrätt.

177 1269 150 27 Lagutskottet
335 1269 38 20 har
382 1272 90 18 tvärtom
481 1270 77 20 strukit
566 1276 25 14 ur
599 1268 99 28 förslaget
704 1269 45 26 just
758 1269 41 25 det,
808 1275 45 15 som
861 1269 90 21 handlar
961 1276 33 14 om

177 1298 176 26 medborgarrätt.
380 1298 44 21 Här
440 1300 30 22 är,
484 1298 66 20 såsom
566 1298 134 26 domprosten
715 1297 88 21 Renvall
820 1298 38 20 har
872 1298 122 25 framhållit,

177 1326 59 26 fråga
246 1332 33 14 om
291 1326 35 20 det
337 1328 32 18 att
379 1326 149 21 företrädesvis
539 1326 25 21 de
575 1327 106 20 mosaiska
692 1326 173 25 trosbekännare,
875 1332 44 14 som
929 1326 65 21 finnas

177 1354 6 20 i
194 1354 77 24 landet,
280 1354 59 20 skola
350 1354 21 20 få
382 1354 71 20 utöfva
462 1354 30 20 sin
502 1354 92 25 religion.
609 1354 43 20 Min
662 1354 96 20 enskilda
766 1354 55 25 åsigt
828 1354 37 26 går
873 1354 122 26 visserligen

177 1382 72 26 längre
265 1383 26 19 än
307 1382 134 26 domprosten
457 1382 98 20 Renvalls
571 1388 46 14 men
633 1382 35 20 det
683 1382 42 20 kan
740 1388 50 14 vara
806 1383 87 24 onödigt
909 1384 32 19 att
956 1382 39 20 här

176 1410 113 22 framhålla
311 1410 46 21 den.
388 1410 40 26 Jag
450 1416 61 15 anser
534 1410 35 21 det
592 1410 88 21 likasom
702 1410 42 21 han
764 1410 32 21 för
820 1417 25 15 en
860 1410 85 27 vinning
961 1416 34 16 om

177 1440 61 20 deras
253 1439 98 26 religiösa
367 1439 145 20 förhållanden
526 1438 64 21 blifva
605 1439 99 20 ordnade.
734 1439 42 21 Det
792 1440 24 19 är
830 1440 67 20 kändt
912 1441 32 19 att
959 1439 36 21 det

177 1468 7 20 i
199 1468 132 27 Helsingfors
351 1467 53 22 finns
426 1467 71 22 femtio
520 1467 105 22 mosaiska
644 1468 95 26 familjer.
770 1467 49 22 Man
839 1468 41 21 kan
901 1468 93 21 beräkna

177 1497 61 20 dessa
253 1497 90 26 familjer
358 1498 154 25 sammantaget
527 1496 30 22 till
581 1497 5 20 2
602 1496 12 21 å
628 1497 40 20 300
679 1503 100 20 personer
790 1497 38 21 och
839 1497 60 21 äfven
910 1497 7 20 i
927 1497 68 21 andra

178 1525 70 21 städer
269 1525 67 22 finnas
352 1525 104 22 mosaiska
472 1525 171 22 trosbekännare.
674 1525 64 22 Skola
754 1525 26 22 de
795 1533 29 14 nu
839 1526 53 21 lefva
908 1526 87 22 alldeles
