1086 1806
304 148 159 18 Presteståndet
476 149 55 17 1877.
555 149 22 17 18
591 150 113 17 december.
835 144 54 22 2805

99 217 39 21 har
153 217 33 21 för
200 217 43 27 mig
257 217 107 27 uppfattat
379 217 145 22 diskussionen
539 218 39 21 och
594 218 92 24 beslutit,
702 218 62 22 hafva
778 219 43 21 alla
831 219 87 21 betänk-

100 245 91 27 ligheter
213 245 84 22 härledt
317 246 31 26 sig
370 246 47 20 från
436 246 40 21 den
494 247 25 20 19
534 247 21 26 8,
571 246 84 22 hvilken
670 246 61 22 äfven
745 247 40 21 hos
800 248 42 26 mig
856 247 63 21 väckt

99 274 83 26 mycket
204 276 59 19 stora
285 274 170 26 betänkligheter
476 275 39 21 och
538 275 61 21 hvars
621 275 101 27 ställning
737 276 32 21 till
784 275 134 27 lagförslaget

94 302 39 27 jag
148 302 39 21 har
201 302 47 22 haft
270 303 84 26 mycket
372 303 58 21 svårt
449 304 33 20 att
500 303 71 21 kunna
586 303 95 21 bedöma.
711 304 48 21 Men
776 304 27 21 då
817 304 36 21 det
869 310 28 14 nu
912 305 6 20 i

96 330 44 22 alla
155 330 37 22 fall
207 332 24 20 är
246 330 87 23 alldeles
348 331 160 28 ovedersägligt,
525 334 32 19 att
571 332 188 22 realförhållandet
774 334 7 20 i
791 332 72 22 landet
872 332 47 22 icke

97 359 28 33 på
139 360 65 27 något
219 362 44 20 sätt
278 360 110 22 förändras
402 366 76 21 genom
494 361 119 27 antagande
629 361 21 21 af
658 360 108 28 förslaget,
777 361 33 21 till
821 361 38 22 och
870 362 48 21 med

96 389 7 20 i
120 388 40 22 den
175 388 23 22 af
211 388 106 23 utskottet
334 377 120 38 föreslagna
474 390 86 27 formen,
580 390 39 21 och
641 390 59 21 detta
721 390 120 28 antagande
860 390 58 26 inga-

97 417 65 21 lunda
177 418 41 21 kan
234 424 61 15 anses
310 417 94 28 aflägsna
419 421 57 24 utan,
493 424 33 16 om
542 403 88 47 möjligt,
646 420 74 20 närma
739 419 136 27 möjligheten
886 419 32 21 till

95 448 34 19 att
143 446 22 21 få
180 446 61 21 äfven
262 447 39 20 den
324 435 159 38 grekisk-ryska
504 447 81 27 kyrkan
599 447 82 26 inrymd
696 448 57 20 inom
769 448 40 21 den
824 447 94 27 verkliga

97 474 172 27 lagstiftningens
292 475 92 25 område,
407 475 24 22 så
453 481 61 21 synes
537 475 35 22 det
587 476 49 26 mig,
651 481 46 16 som
712 475 71 22 kunde
798 476 38 21 och
852 476 66 21 borde

96 503 155 26 presteståndet
272 504 68 21 denna
355 503 54 27 gång
424 503 27 27 gå
466 504 45 21 från
527 505 36 20 sitt
579 504 76 26 beslut,
671 504 79 22 hvilket
765 505 8 20 i
788 504 74 27 sjelfva
871 511 47 14 ver-

99 532 36 20 ket
149 533 96 25 grundar
265 533 37 25 sig,
324 532 69 22 såvidt
411 532 37 27 jag
467 533 41 20 kan
524 533 72 26 förstå,
612 539 57 15 mera
684 533 28 26 på
726 533 89 21 formela
830 533 88 22 betänk-

96 560 96 27 ligheter,
213 562 27 19 än
266 561 26 26 på
308 561 104 26 egentliga
434 561 191 22 sakförhållanden.
656 561 41 22 Det
712 563 25 20 är
750 567 27 16 ur
791 561 65 22 sådan
871 567 47 21 syn-

99 589 74 26 punkt,
186 589 36 27 jag
237 589 32 21 för
285 590 42 21 min
343 589 33 22 del
392 589 65 28 vågar
472 589 77 22 föreslå
565 592 31 19 ett
610 589 128 27 frångående
749 590 23 21 af
786 590 35 22 det
837 589 81 22 fattade

96 617 98 33 beslutet,
216 617 89 22 sålunda
329 618 111 27 nämligen,
463 620 32 19 att
515 619 11 26 $
544 619 24 22 19
591 619 100 26 antingen
712 619 112 26 inrymmes
845 619 72 26 sådan,

95 647 41 20 den
152 647 6 20 i
173 647 116 21 utskottets
305 647 139 22 formulerade
466 647 79 27 förslag
564 647 147 26 förekommer,
727 647 51 23 eller
792 648 64 21 ocksä
872 650 45 19 ute-

96 675 67 22 slutes
178 675 39 22 och
233 676 102 21 rubriken
351 675 31 22 till
397 676 150 27 förordningen
563 676 6 21 i
581 677 24 21 sä
620 676 37 46 fall
673 677 76 21 ändras
764 677 67 27 enligt
845 677 72 21 rektor

95 704 111 21 Kihlmans
221 704 85 27 förslag.

164 762 84 21 Doktor
263 761 111 22 Geitlin:
404 762 78 21 Derom
498 763 59 20 torde
572 763 49 26 föga
636 768 51 19 mer,
703 764 26 19 än
745 769 25 14 en
786 764 45 19 röst
846 762 70 21 kunna

96 792 53 24 göra
163 791 31 26 sig
210 790 103 27 gällande,
330 792 32 19 att
374 791 24 26 ju
417 791 156 26 presteståndet
591 791 35 21 vid
641 791 142 21 innevarande
798 791 34 21 års
847 791 69 20 landt-

95 819 43 26 dag
152 819 115 26 ingalunda
289 819 32 21 till
344 819 52 26 följd
417 819 23 21 af
460 819 115 22 intolerans
596 821 45 19 mot
656 819 56 22 olika
727 819 108 22 tänkande
849 819 68 26 afböjt

96 848 37 21 det
147 854 29 15 nu
191 848 143 26 föreliggande
357 848 248 27 dissenterlagförslaget,
629 850 51 19 utan
702 848 75 21 endast
792 848 77 25 derför,
885 849 32 20 att

96 877 35 20 det
147 877 70 20 ansett
232 877 32 26 sig
278 877 19 26 ej
313 876 52 22 böra
380 877 23 20 åt
418 877 26 20 de
458 876 169 22 administrativa
636 876 153 27 författningar,
801 883 33 15 om
847 876 69 22 hvilka

96 905 39 21 här
156 905 50 21 flere
229 905 79 26 gånger
329 905 54 21 varit
405 905 66 27 fråga,
486 905 56 27 gifva
556 905 98 21 sanktion
670 905 23 21 af
706 907 31 20 ett
752 905 164 22 ständerbeslut.

96 933 41 22 Det
153 936 24 19 är
191 933 65 22 också
271 934 75 21 endast
365 934 77 25 derför,
463 940 45 15 som
524 935 39 20 den
581 935 26 20 19
623 933 56 27 &:ens
694 933 137 23 förkastande
847 934 69 21 kunde

95 963 63 20 vinna
173 963 55 20 inom
245 963 84 21 ståndet
344 969 25 15 en
384 963 24 21 så
418 963 82 26 afgjord
520 963 115 27 pluralitet.
665 963 42 21 För
722 963 42 21 min
779 963 34 21 det
828 963 38 21 har
881 963 35 27 jag

93 991 70 26 aldrig
179 992 81 20 kunnat
275 998 22 14 se
313 992 64 26 något
392 991 71 27 farligt
480 992 6 20 i
502 992 7 26 $
526 992 32 24 19,
575 991 65 21 sådan
656 992 40 20 den
712 991 22 21 af
747 992 104 20 utskottet
869 991 47 21 blif-

95 1020 30 20 vit
139 1019 135 21 formulerad.
304 1020 45 21 Här
371 1020 38 20 har
431 1020 65 21 redan
518 1020 132 26 framhållits,
672 1020 101 21 hurusom
788 1020 69 27 någon
873 1020 43 20 real

95 1048 83 21 skilnad
193 1054 74 20 genom
285 1048 47 21 dess
347 1049 119 25 antagande
482 1049 18 26 ej
513 1048 40 22 kan
565 1048 160 27 åvägabringas;
739 1049 64 21 saken
814 1049 101 25 kommer,

94 1083 35 15 om
146 1077 39 21 den
201 1079 87 23 antages
311 1076 51 22 eller
384 1077 46 21 icke
452 1079 93 25 antages,
560 1078 7 20 i
582 1077 73 27 sjelfva
675 1077 74 22 verket
771 1079 32 19 att
819 1077 97 21 förblifva

95 1106 128 22 densamma.
255 1106 42 21 Det
318 1108 24 19 är
362 1112 25 15 en
410 1106 162 27 omständighet,
595 1112 45 15 som
655 1106 57 26 gjort
726 1106 42 26 mig
785 1106 131 27 synnerligen

95 1134 50 27 böjd
160 1134 33 22 för
208 1135 129 25 antagandet
347 1134 23 22 af
383 1135 68 21 denna
466 1135 103 27 paragraf.
600 1135 57 21 Vore
673 1134 35 22 det
723 1135 30 25 så,
768 1137 33 19 att
815 1134 101 22 Finlands

95 1164 144 26 statsreligion
259 1164 62 20 stode
336 1163 6 22 i
358 1163 64 27 något
444 1163 119 22 hänseende
584 1164 67 20 under
666 1164 41 21 den
722 1163 95 27 religion,
831 1163 85 21 hvilken

96 1198 48 15 man
160 1192 6 20 i
182 1193 59 20 detta
256 1192 119 22 hänseende
390 1194 54 20 mest
459 1192 39 22 har
516 1193 32 21 för
567 1194 88 26 ögonen,
672 1198 50 16 vore
737 1193 36 21 det
788 1192 30 27 så,
833 1194 32 19 att
881 1192 35 21 det

96 1221 109 21 lutherska
220 1221 158 27 presterskapet
400 1227 50 15 vore
465 1221 6 21 i
488 1220 94 28 bildning
597 1220 39 22 och
651 1221 63 27 insigt
727 1221 136 27 underlägset
881 1221 35 21 det

95 1252 102 19 motsatta
219 1250 163 27 presterskapet,
399 1250 26 21 då
440 1250 70 22 kunde
532 1250 107 26 verkligen
654 1250 79 21 sådana
748 1250 106 27 farhågor,
871 1256 44 14 som

96 1279 39 21 här
150 1280 36 20 äro
202 1279 92 27 yttrade,
316 1278 94 22 befinnas
432 1278 139 27 berättigade.
601 1278 49 22 Men
668 1278 27 22 då
710 1279 43 21 alla
768 1280 61 20 torde
844 1278 72 22 derom

97 1313 52 15 vara
165 1313 54 17 ense,
234 1310 33 18 att
282 1306 142 22 förhållandet
439 1308 24 20 är
478 1308 48 20 rakt
545 1309 95 23 motsatt,
655 1308 24 20 är
694 1307 33 21 väl
742 1306 60 22 faran
817 1307 99 27 temligen

95 1336 68 26 ringa.
194 1336 43 21 För
252 1336 41 21 min
311 1336 33 21 del
359 1336 67 21 skulle
440 1335 36 27 jag
491 1336 70 21 derför
577 1337 56 20 ännu
648 1335 123 28 ytterligare
787 1336 26 26 på
829 1336 35 20 det
880 1342 36 14 en-

96 1366 109 24 trägnaste
220 1365 53 27 yrka
288 1364 27 27 pä
331 1364 39 21 den
386 1365 26 20 19
428 1365 57 25 $:ens
500 1365 125 26 antagande,
642 1364 65 21 sådan
724 1364 39 21 den
779 1364 7 21 i
801 1364 115 21 utskottets

96 1392 134 22 betänkande
252 1393 118 26 föreligger.
403 1393 44 21 Der
468 1394 62 26 säges
551 1393 148 27 uttryckligen,
722 1395 33 19 att
776 1392 55 22 hvad
854 1392 62 21 ofvan

97 1421 62 25 sagdt
174 1423 24 19 är
212 1421 47 21 icke
275 1422 62 20 berör
353 1421 39 21 den
407 1421 101 27 grekiska
522 1420 125 27 religionens
662 1421 128 21 bekännare.
821 1420 48 22 Men
882 1427 33 15 om

95 1448 25 21 så
135 1455 56 19 vore,
208 1451 32 19 att
255 1449 62 21 dessa
331 1455 81 15 samma
434 1449 169 26 betänkligheter
623 1451 56 19 ännu
702 1448 131 22 fortfarande
848 1449 68 20 skulle

95 1478 53 25 göra
162 1477 32 26 sig
208 1478 99 25 gällande
329 1477 37 21 hos
389 1477 91 25 ståndet,
503 1476 67 22 skulle
588 1476 36 28 jag
638 1476 33 22 för
686 1477 42 21 min
745 1476 32 22 del
793 1476 64 22 också
873 1476 43 21 till-

96 1505 73 28 styrka
181 1506 119 26 antagande
316 1506 23 21 af
351 1505 73 22 rektor
445 1505 111 22 Kihlmans
576 1505 79 27 förslag
671 1511 75 21 genom
761 1507 32 19 att
807 1505 109 27 uttryckli-

96 1540 40 21 gen
151 1534 89 27 påpeka,
255 1537 32 19 att
302 1534 69 22 denna
391 1534 121 27 förordning
531 1535 95 20 kommer
641 1537 31 18 att
687 1533 46 22 afse
748 1533 74 22 endast
837 1533 79 22 bekän-
