1084 1803
298 139 159 18 Presteståndet
469 140 54 17 1877.
548 141 23 16 19
584 141 112 17 december.
841 135 55 21 3025

104 207 120 25 gelsestraff
237 207 39 22 och
292 208 104 20 oerhörda
411 207 61 22 böter
484 209 5 19 i
502 208 100 21 händelse
616 209 47 20 icke
674 208 139 26 dissenterlag
824 209 101 21 utfärdas.

104 235 102 21 Utfärdas
222 236 144 26 dissenterlag,
382 237 23 19 är
420 237 36 20 det
472 242 24 15 en
513 237 43 20 helt
572 242 67 15 annan
656 237 44 23 sak,
717 239 22 24 ty
755 237 27 20 då
797 239 24 18 är
836 237 41 20 han
891 237 35 21 be-

104 264 93 27 rättigad
220 265 32 20 att
272 266 51 24 göra
345 264 35 21 det
408 265 39 20 och
468 264 70 21 derför
559 267 24 18 är
605 265 59 20 detta
686 265 68 21 vilkor
772 265 86 21 alldeles
874 265 51 21 nöd-

104 293 92 26 vändigt.

174 348 90 21 Prosten
279 348 177 26 Rosengren:
486 349 42 21 För
542 349 42 21 min
601 349 33 21 del
650 349 109 27 uppfattar
767 349 37 27 jag
815 349 59 21 detta
884 349 43 21 för-

104 377 46 27 slag
165 376 69 22 såsom
255 379 31 19 ett
309 379 57 24 värn,
385 382 45 16 som
452 377 68 21 skulle
536 378 57 26 tjena
608 378 25 20 de
649 378 56 21 olika
720 378 108 26 kyrkorna
843 378 5 20 i
865 378 61 21 deras

104 406 100 20 inbördes
225 405 133 21 förhållande
373 405 32 21 till
420 406 125 21 hvarandra.
577 405 39 22 Om
632 412 48 15 man
695 408 88 24 antager
798 408 32 20 att
845 406 82 22 dissen-

105 434 94 26 terlagen
222 434 46 21 icke
291 434 41 21 blir
353 436 90 25 antagen
465 435 23 20 så
509 435 39 20 har
569 434 58 22 detta
641 436 51 20 värn
707 435 47 21 icke
769 441 45 15 mer
826 435 55 21 varit
896 437 31 19 ett

104 464 51 19 värn
178 465 50 19 utan
252 462 70 22 kunde
344 463 79 21 vändas
445 463 70 21 såsom
538 465 31 19 ett
590 463 81 27 ganska
685 464 160 20 fruktansvärdt
859 470 67 20 vapen

105 493 44 19 mot
164 491 88 26 kyrkan.
282 491 78 21 Derför
374 498 63 14 anser
450 492 37 26 jag
502 493 32 19 att
550 492 39 20 den
600 492 151 26 stipulationen
760 491 38 21 bör
809 492 117 21 bibehållas

104 521 32 19 att
158 520 45 20 ifall
226 519 150 27 författningen
399 526 34 15 n:o
451 522 9 18 1
477 520 101 26 förfaller,
601 520 40 21 bör
658 520 3 21 i
677 520 40 22 och
737 521 49 21 med
809 520 117 21 detsamma

104 549 69 20 denna
189 549 130 26 nödvändigt
334 548 89 27 förfalla,
439 552 22 22 ty
477 549 35 21 det
527 555 50 15 vore
592 550 32 20 att
639 548 94 28 lagstifta
755 549 28 27 på
803 551 30 19 ett
855 548 70 28 olyck-

104 577 38 25 ligt
157 578 43 20 sätt
215 583 33 15 om
264 583 49 15 man
336 577 68 21 skulle
427 577 106 21 bibehålla
555 578 60 21 detta
637 580 80 20 ensamt
736 578 65 21 sedan
817 578 25 20 de
858 578 67 26 öfriga

104 605 175 27 författningarna
294 605 94 22 förfallit.

172 663 111 22 Professor
303 663 156 22 Ehrström:
489 663 40 27 Jag
551 663 92 28 begärde
665 663 55 27 skäl;
737 663 36 27 jag
788 663 80 22 tillåter
882 663 43 27 mig

104 692 102 21 anmärka
221 694 32 19 att
266 693 36 26 jag
317 692 46 21 icke
385 692 96 21 öfvervar
499 693 146 21 diskussionen
667 693 58 20 förra
739 693 82 26 gången
837 693 39 20 och
889 693 36 26 jag

104 721 91 21 behöfde
211 720 69 22 derför
295 724 49 17 veta
359 721 55 21 hvad
430 726 44 16 som
490 727 38 14 var
542 721 51 21 skäl.
625 721 61 21 Hvad
705 721 134 27 domprosten
857 721 69 21 Horn-

103 750 52 26 borg
171 756 28 14 nu
214 749 88 21 anförde
318 750 38 20 har
372 750 45 20 icke
433 750 118 26 öfvertygat
567 750 42 26 mig
624 756 33 14 om
672 750 71 25 saken,
760 750 88 21 emedan
864 756 62 20 para-

103 778 73 26 grafen
200 778 47 20 med
263 778 39 20 den
326 778 178 26 omformulering,
520 784 45 15 som
579 778 36 26 jag
630 778 38 21 bar
683 778 96 26 påyrkat,
795 778 27 21 då
835 778 36 26 jag
887 778 38 20 har

104 806 76 26 begärt
196 806 128 26 återremiss,
347 807 46 20 icke
416 806 72 27 lägger
508 806 75 22 hinder
598 807 7 20 i
620 809 67 24 vägen
703 806 33 21 för
751 807 41 26 dop
808 806 51 22 eller
874 812 52 20 upp-

103 835 92 26 tagande
211 835 6 20 i
232 834 111 22 lutherska
361 835 60 21 läran
436 835 6 21 i
458 837 65 19 annat
538 835 36 21 fall
590 836 26 20 än
633 838 31 18 att
679 841 103 20 personen
798 837 25 18 är
834 834 92 22 minder-

103 863 51 27 årig,
178 863 46 21 icke
247 864 38 20 har
306 863 47 27 fyllt
375 864 91 26 tjuguett
489 864 29 20 är.
549 864 101 21 Deremot
672 870 62 15 anser
747 864 36 26 jag
798 864 61 26 lagen
875 869 51 16 vara

104 892 128 27 välbehötiig
246 892 32 21 till
295 892 68 27 skydd
377 893 43 26 just
435 892 33 20 för
484 892 38 21 den
539 892 111 21 lutherska
670 892 81 27 kyrkan
767 892 39 21 och
821 894 57 19 emot
893 894 33 20 att

104 921 48 21 dess
166 920 137 22 medlemmar
319 922 76 25 dragas
408 920 58 22 öfver
481 920 31 21 till
524 927 68 15 annan
603 921 45 21 lära
658 921 101 21 särskildt
770 921 40 21 den
821 920 105 22 romersk-

104 950 104 20 katolska.
238 950 42 26 Jag
295 952 60 24 tager
370 949 40 26 mig
426 949 91 21 friheten
533 952 56 18 sätta
599 950 6 20 i
617 950 58 26 fråga
690 949 55 21 hvad
756 956 45 14 som
812 950 40 20 kan
864 955 61 16 anses

104 984 51 16 vara
177 978 102 26 vigtigare
294 978 7 20 i
317 979 47 21 vårt
386 978 56 25 land,
457 980 33 18 att
511 978 66 26 några
599 978 130 21 främmande
749 978 176 26 trosförvandter,

104 1013 45 15 som
164 1007 46 21 icke
226 1006 46 28 fyllt
288 1007 92 27 tjuguett
400 1006 30 25 år,
453 1006 85 22 hindras
560 1008 31 20 att
607 1006 85 27 öfvergå
707 1007 31 20 till
753 1006 110 22 lutherska
878 1007 47 27 kyr-

104 1036 41 21 kan
161 1036 51 20 eller
227 1038 33 18 att
274 1036 113 20 hundratal
410 1035 122 21 lutheraner
556 1036 75 26 dragas
647 1035 58 21 öfver
727 1035 32 21 till
784 1035 141 21 romersk-ka-

104 1064 69 21 tolska
188 1064 66 21 läran.

173 1120 76 21 Pastor
272 1120 82 27 Lyra:
382 1120 41 27 Jag
445 1120 67 21 skulle
530 1120 49 27 vilja
600 1121 55 20 fästa
669 1120 215 27 uppmärksamheten
899 1119 28 28 på

106 1149 39 21 den
162 1149 122 26 förändring
302 1149 22 21 af
344 1149 146 27 ordalydelsen
506 1149 6 20 i
529 1151 9 18 1
556 1151 17 24 $,
592 1155 45 15 som
658 1149 21 20 af
693 1149 106 26 professor
814 1149 112 20 Ehrström

104 1178 39 21 har
164 1177 68 22 blifvit
255 1177 123 27 föreslagen.
409 1177 67 22 Göres
500 1178 68 21 denna
591 1177 128 27 förändring,
743 1177 41 21 kan
802 1177 68 26 aldrig
886 1177 40 21 den

104 1206 77 27 nådiga
203 1207 159 26 propositionen
385 1209 44 18 mot
452 1206 175 27 proselytmakeri
643 1208 77 25 utgöra
735 1205 66 27 enligt
815 1206 42 20 min
873 1212 52 20 upp-

104 1235 92 27 fattning
210 1235 64 26 något
290 1235 55 21 band
361 1234 50 22 eller
426 1241 51 15 vara
492 1236 68 26 någon
576 1235 67 21 börda
657 1234 34 22 för
705 1235 41 20 den
759 1234 109 21 lutherska
879 1235 48 26 kyr-

105 1264 52 21 kans
172 1264 142 27 presterskap.
346 1263 100 22 Deremot
462 1270 62 15 anser
537 1264 35 26 jag
588 1270 25 15 en
629 1263 65 21 sådan
709 1263 76 27 stadga
801 1265 44 19 mot
855 1269 72 20 prose-

105 1292 118 27 lytmakeri,
246 1298 45 15 som
314 1292 40 21 den
378 1299 27 14 nu
428 1292 150 27 föreliggande,
599 1293 22 20 af
635 1293 76 25 många
734 1292 66 21 andra
816 1291 45 21 skäl
876 1298 51 14 vara

105 1327 41 20 nog
170 1321 94 26 behöflig.
296 1321 105 26 Antingen
425 1321 25 20 de
473 1321 82 20 banden
577 1323 36 18 äro
638 1321 68 20 lösare
727 1320 52 21 eller
793 1320 79 21 fastare
888 1320 39 20 och

105 1351 109 24 strängare
238 1355 43 15 som
304 1349 124 26 möjliggöra
450 1349 51 21 eller
524 1349 139 27 omöjliggöra
685 1349 139 26 Ofvergängen
840 1348 45 21 från
901 1355 26 14 en

105 1377 67 28 kyrka
188 1378 31 21 till
236 1384 24 14 en
277 1383 76 21 annan,
369 1378 99 26 antingen
484 1377 167 26 dissenterlagen
667 1377 40 21 blir
722 1380 91 23 antagen
822 1376 51 21 eller
884 1376 43 21 för-

106 1406 82 27 kastad,
205 1408 24 18 är
242 1406 23 26 ju
280 1406 60 21 alltid
363 1407 173 26 proselytmakeri
553 1407 6 20 i
575 1407 31 26 sig
621 1406 57 26 sjelft
693 1406 44 20 lika
749 1405 124 27 förkastligt
887 1405 40 21 och

103 1435 36 25 jag
161 1437 35 17 vet
218 1435 47 20 icke
288 1437 32 17 att
342 1436 36 19 det
400 1435 46 20 icke
462 1435 6 19 i
484 1435 103 20 hvardera
601 1434 60 20 fallet
677 1440 49 14 vore
741 1434 44 20 lika
798 1434 130 24 nödvändigt

106 1462 39 21 och
160 1462 44 21 lika
219 1462 39 21 bra
272 1464 32 19 att
319 1468 26 15 en
360 1462 66 21 sådan
447 1462 36 26 lag
502 1461 65 22 finnes
583 1462 39 21 och
637 1468 62 14 anser
714 1462 7 19 i
736 1461 67 21 likhet
817 1461 48 21 med
880 1467 47 20 pro-

106 1491 66 21 fessor
195 1491 111 20 Ehrström
330 1491 39 20 den
393 1490 78 28 nådiga
486 1491 157 26 propositionen
659 1490 84 27 mycket
758 1496 58 15 mera
831 1495 50 16 vara
897 1491 32 20 ett

105 1521 52 20 värn
172 1519 33 22 för
221 1520 40 21 den
276 1519 110 22 lutherska
405 1519 81 27 kyrkan
502 1519 5 21 i
522 1519 48 22 vårt
584 1519 49 22 land
649 1519 61 22 äfven
725 1519 32 21 för
772 1518 114 23 framtiden
901 1519 26 21 än

826 1559 33 19 190
