1075 1803
273 142 161 18 Presteständet
449 143 55 18 1877.
527 144 14 15 4
554 144 112 17 december.
802 139 55 20 2435

64 211 26 23 de
112 211 124 28 paragrafer
256 212 31 21 uti
310 213 38 21 vår
369 212 110 27 kyrkolag,
501 212 72 22 hvilka
590 219 49 14 man
654 219 63 14 anser
731 212 114 22 förutsätta
859 219 27 15 en

64 240 145 27 dissenterlag.
239 240 123 27 Tillgången
386 241 47 21 med
456 241 47 20 dem
526 241 38 21 har
586 241 93 26 fastmer,
696 241 24 21 så
735 242 45 21 vidt
792 242 37 26 jag
844 241 43 22 kan

62 269 54 21 fatta
131 269 55 21 varit
201 270 32 20 ett
247 267 85 29 v'orspov
345 267 98 29 mgoesoo»
458 269 39 21 och
512 275 45 16 som
569 269 37 27 jag
621 269 47 22 icke
678 269 65 22 sedan
751 270 49 21 dess
809 270 79 21 ändrat

64 297 145 27 öfvertygelse,
227 303 62 16 anser
301 298 37 26 jag
353 297 42 26 mig
411 297 52 21 böra
477 299 68 20 uttala
560 298 43 21 min
618 298 60 26 äsigt.
708 298 62 21 Hvad
785 298 102 21 särskildt

63 327 66 26 angår
150 325 114 27 förgäende
281 327 65 21 värde
368 326 78 21 talares
466 325 126 22 bekännelse
614 333 33 15 om
666 326 183 27 nödvändigheten
864 327 22 21 af

64 361 24 14 en
113 355 40 20 fast
174 355 114 21 förtröstan
312 356 27 25 pä
357 354 58 22 Guds
438 355 128 21 omvärdnad
585 355 39 21 och
639 355 92 27 ledning,
747 355 84 21 hvilken
847 355 39 21 har

63 383 55 21 varit
139 383 24 21 sä
184 384 116 26 synnerligt
323 383 99 21 märkbar
439 383 57 21 känd
511 383 39 22 och
566 384 80 20 erkänd
662 382 60 23 äfven
737 384 8 20 i
760 383 98 22 afseende
873 384 13 20 ä

63 412 47 21 värt
125 411 67 21 finska
207 411 50 26 folk,
274 412 37 21 ber
324 412 36 26 jag
375 413 32 19 att
422 411 22 21 fä
459 411 54 22 fästa
529 412 213 26 uppmärksamheten
757 412 35 21 vid
805 418 25 15 en
841 418 44 15 om-

62 440 128 26 ständighet,
212 446 45 16 som
277 440 37 27 jag
336 446 62 15 anser
419 440 68 27 äligga
507 441 72 26 hvarje
601 440 79 22 individ
698 441 39 21 och
753 441 72 26 hvarje
840 440 45 22 folk

59 468 45 28 just
119 470 5 20 i
141 469 99 22 afseende
255 470 13 21 ä
283 470 69 20 denna
367 468 58 22 Guds
440 469 119 22 underbara
574 469 91 27 ledning,
681 470 40 20 den
737 470 105 26 nämligen
853 470 33 20 att

61 498 35 21 det
112 498 45 21 icke
172 500 25 19 är
211 498 33 21 för
259 498 69 26 nägon
344 498 109 22 menniska
468 498 51 22 eller
533 498 33 21 för
582 498 65 26 nägot
662 498 43 22 folk
716 498 126 26 tillständigt
852 500 33 19 att

60 527 27 26 gå
102 527 40 21 den
158 526 59 22 Guds
232 527 85 26 ledning
332 526 7 22 i
354 527 79 25 förväg.
464 527 39 22 Om
519 533 48 15 man
586 526 75 22 ställer
674 528 32 25 sig
721 528 27 26 pä
763 528 40 20 den
819 526 65 22 redan

61 555 128 22 Öfvervunna
203 556 137 26 ståndpunkt,
357 555 38 21 der
410 556 36 21 det
460 556 64 26 hette,
534 558 32 18 att
576 556 157 21 kristendomen
743 558 24 19 är
777 562 26 15 en
814 557 71 20 veten-

60 584 60 27 skap,
144 585 23 20 sä
190 585 40 21 kan
254 591 48 15 man
324 590 115 16 resonnera
454 584 53 22 bäde
523 584 31 22 hit
569 584 40 22 och
624 584 38 27 dit,
678 591 55 19 men,
748 584 89 22 likasom
853 584 32 22 för

61 619 25 15 en
106 613 82 21 enskild
210 614 88 25 kristen,
320 615 24 19 är
367 614 36 21 det
423 614 64 21 också
509 613 32 22 för
562 615 32 20 ett
609 613 43 22 folk
667 614 40 21 och
722 612 100 23 särskildt
837 613 48 22 dess

61 644 170 24 representanter
252 642 74 26 nödigt
346 644 33 19 att
401 645 14 18 t.
436 648 31 15 ex.
491 642 47 21 med
561 642 98 22 afseende
675 642 12 21 ä
702 642 63 27 sjette
780 642 69 21 bönen
864 642 22 22 af

60 670 70 21 Fader
153 671 37 21 vär
213 671 69 24 ,inled
305 676 34 16 oss
361 670 46 22 icke
425 671 6 21 i
447 671 108 21 frestelse*
570 677 24 15 se
609 670 39 28 till,
664 673 32 19 att
710 677 49 15 man
775 670 45 22 icke
835 671 49 21 med

60 701 44 19 vett
120 700 40 20 och
175 699 49 26 vilja
244 699 88 21 bereder
351 699 32 26 sig
398 700 62 21 svära
475 700 106 21 frestelser
596 700 40 21 och
651 700 65 25 nägot
730 699 76 22 sädant
821 700 62 20 rädes

60 728 42 25 mig
117 727 41 22 lätt
172 727 42 22 kan
230 733 51 16 vara
296 727 148 28 förhällandet,
459 728 24 21 sä
498 728 64 21 framt
577 728 68 21 denna
660 727 145 27 dissenterlag,
817 728 66 21 sädan

60 756 40 21 den
115 762 29 15 nu
159 756 117 24 förefinnes,
293 756 23 21 af
329 757 115 21 ständerna
463 758 93 25 antages.
586 757 42 21 Det
643 758 24 19 är
682 756 89 25 sanning
786 756 39 21 och
839 758 44 19 rätt

59 785 6 20 i
82 784 126 28 begreppets
230 785 81 25 fullhet,
330 791 46 16 som
393 785 38 22 bör
445 785 117 22 innehällas
577 786 7 21 i
599 785 72 26 hvarje
685 785 35 26 lag
735 785 39 21 och
790 785 93 27 isynner-

60 813 36 22 het
111 814 7 21 i
133 820 26 15 en
174 814 80 21 kristen
274 814 40 27 lag.
344 814 45 27 Mig
404 820 67 21 synes,
492 814 67 21 ehuru
574 814 31 22 uti
621 815 58 20 detta
694 813 79 27 förslag
787 813 38 22 allt
840 814 44 25 ige-

60 848 48 16 nom
124 842 66 22 finnes
205 842 111 27 ätskilligt,
331 849 46 16 som
393 849 48 15 man
456 843 115 26 ingalunda
586 844 42 20 kan
643 844 66 19 annat
724 844 26 19 än
765 842 57 27 gilla,
836 848 47 16 som

59 870 64 23 likväl
138 878 34 15 om
188 878 48 15 man
249 871 77 27 jemför
340 872 68 21 första
423 871 40 22 och
477 871 52 22 sista
540 871 132 28 paragrafen,
683 877 49 15 man
743 872 68 21 måste
820 870 64 25 finna,

58 902 34 19 att
113 900 39 21 här
175 900 77 21 saknas
274 901 128 26 nägonting;
427 900 26 21 dä
475 907 49 15 man
544 901 24 26 ju
584 901 66 20 mäste
665 900 95 21 erkänna
775 906 26 15 en
817 900 66 21 sädan

58 929 94 26 sanning,
176 935 45 15 som
243 929 40 21 den
302 929 71 26 gamla
388 929 87 22 allmänt
490 929 99 26 erkända,
604 931 32 19 att
651 929 42 20 alla
708 928 122 22 menniskor
845 930 38 19 äro

58 957 128 26 menniskor,
208 957 106 22 äfvensom
337 960 32 19 att
391 958 30 21 uti
444 959 32 19 ett
496 957 49 22 land
570 957 40 22 och
632 957 31 21 uti
678 959 31 19 ett
723 956 102 22 samhälle
840 956 43 22 alla

59 986 47 21 dess
127 985 137 22 medlemmar
284 987 53 20 böra
360 993 49 14 vara
431 986 101 21 likstälda
552 985 55 22 inför
624 986 68 25 lagen,
708 985 23 22 sä
746 987 39 25 gör
800 985 36 22 det
851 987 32 19 ett

58 1014 122 27 obehagligt
200 1014 82 27 intryck
306 1017 32 19 att
360 1017 55 23 veta,
439 1016 32 19 att
492 1015 60 21 dessa
571 1014 113 27 sanningar
698 1013 47 22 icke
759 1014 32 21 uti
807 1019 25 16 en
847 1013 35 26 lag

58 1043 68 20 blifvit
141 1043 100 21 erkända.
272 1044 42 20 Det
328 1045 25 19 är
368 1043 67 22 likaså
451 1042 127 27 obehagligt,
594 1049 46 15 som
656 1049 34 14 om
705 1048 48 15 man
769 1048 50 15 vore
833 1043 50 20 onö-

59 1071 75 27 digtvis
155 1071 63 21 stadd
238 1072 30 21 uti
283 1073 104 25 umgänge
403 1071 39 22 och
457 1071 8 21 i
480 1074 51 19 nära
546 1071 132 21 förhållande
693 1071 48 21 med
757 1077 26 15 en
798 1076 84 21 person,

58 1100 28 26 på
108 1100 62 21 hvars
195 1102 54 20 änne
267 1101 49 21 stod
331 1100 70 21 såsom
415 1100 99 27 valspråk
531 1106 59 21 »qwce
604 1106 46 14 non
664 1101 55 19 sunt
733 1099 88 26 simulo,
837 1105 46 21 gve

57 1130 55 19 sunt
121 1135 25 14 ea
161 1128 192 22 dissimulantur».
376 1128 41 22 Det
432 1130 25 20 är
472 1128 69 22 derför
554 1129 36 26 jag
602 1128 39 21 har
652 1130 70 20 ansett
735 1128 42 26 mig
787 1127 52 21 böra
849 1127 34 21 sä-

57 1156 65 22 lunda
146 1157 7 21 i
176 1157 86 22 korthet
284 1158 102 21 motivera
401 1156 43 23 min
459 1158 7 21 i
481 1160 57 18 ännu
552 1158 86 20 kortare
654 1156 87 27 ordalag
755 1155 128 22 framhällna

57 1186 135 21 reservation.

126 1244 90 21 Prosten
240 1244 183 26 Rosengren:
457 1244 87 26 Mythen
571 1249 33 15 om
627 1242 70 28 fogeln
723 1242 94 22 Phoenix
842 1242 39 21 har

57 1274 51 19 utan
134 1272 70 22 tvifvel
228 1279 25 15 en
276 1272 50 26 djup
348 1272 68 26 grund
431 1272 32 21 för
478 1272 32 26 sig
525 1272 39 21 och
577 1271 37 27 jag
628 1272 52 25 tror,
696 1273 32 20 att
743 1270 85 28 mythen
843 1270 39 22 har

58 1307 26 15 en
105 1303 83 25 mycket
210 1307 52 15 sann
285 1300 134 27 tillämpning
441 1300 28 27 på
488 1301 40 21 den
543 1300 82 21 kristna
640 1300 88 27 kyrkan.
758 1299 85 21 Hennes
857 1299 26 21 lif

58 1331 24 19 är
97 1329 95 27 odödligt
207 1330 56 26 evigt
278 1329 39 22 och
333 1329 80 22 hennes
430 1331 57 25 yttre
501 1328 91 22 väsende
608 1329 67 21 måste
690 1328 60 22 alltid
765 1327 116 22 förändras.

56 1358 66 21 Detta
137 1357 39 22 har
189 1358 36 27 jag
240 1358 62 27 vågat
317 1358 75 25 uttala,
408 1358 82 21 derföre
506 1359 32 19 att
550 1358 37 26 jag
597 1357 89 22 sålunda
696 1356 56 22 velat
765 1356 117 21 framställa

57 1386 43 22 min
124 1387 135 27 uppfattning
281 1386 22 22 af
324 1387 40 21 den
386 1388 57 25 yttre
465 1386 116 26 menskliga
596 1386 123 26 ordningen,
734 1385 40 21 och
789 1385 93 27 kyrkans

56 1417 57 25 yttre
128 1416 106 26 organism
250 1417 24 19 är
292 1415 54 21 efter
361 1416 42 20 min
419 1415 134 26 uppfattning
568 1414 46 22 icke
628 1414 122 26 någonting,
766 1419 45 15 som
826 1413 55 21 skall

57 1449 50 15 vara
132 1443 152 26 oföränderligt
306 1445 53 19 utan
381 1445 32 19 att
435 1445 50 24 taga
507 1443 83 26 intryck
610 1442 39 21 och
666 1442 101 21 förändra
781 1441 32 26 sig
828 1441 54 21 efter

57 1471 209 22 tidsförhållandena.
296 1471 41 27 Jag
359 1473 46 19 tror
427 1471 36 20 det
485 1470 67 27 ligger
573 1469 115 27 någonting
705 1470 7 20 i
729 1469 69 21 denna
813 1469 69 21 tidens

57 1500 99 27 riktning,
179 1499 115 28 någonting
316 1500 101 22 särskildt
439 1499 39 21 och
501 1499 34 27 jag
554 1501 45 19 tror
614 1498 64 22 också
693 1499 32 20 att
740 1498 41 21 den
795 1497 88 27 lifligare

58 1529 130 27 samfärdsel,
210 1535 46 16 som
277 1529 132 22 närvarande
424 1528 30 21 tid
469 1527 46 22 icke
530 1528 76 22 endast
620 1527 114 27 tillbjuder,
749 1528 52 21 utan
817 1526 65 22 också
