1081 1800
333 144 159 18 Presteståndet
506 145 53 17 1878.
583 145 13 17 8
607 145 87 21 januari.
822 140 54 21 3189

100 212 47 22 icke
162 213 33 21 till
205 213 25 21 de
242 213 79 26 anslag,
333 219 44 15 som
386 215 37 19 äro
432 214 109 26 beviljade,
552 220 47 14 men
612 213 32 21 till
654 215 32 19 att
696 215 80 20 ersätta
786 214 135 26 statsverket,

101 241 5 20 i
129 241 101 21 händelse
253 242 48 20 dess
323 241 113 27 tillgängar
458 242 46 21 icke
525 242 64 21 förslä
604 242 31 21 till
651 242 111 21 underhäll
776 241 22 21 af
812 242 26 21 de
853 242 69 21 finska

100 269 105 21 skolorna.

168 336 70 22 Sedan
259 337 146 22 diskussionen
426 338 87 21 härmed
533 337 113 28 afstannat,
668 338 142 21 framställdes
828 338 93 27 följande

99 366 142 26 proposition:

167 434 42 22 Vill
233 435 84 21 ständet
340 435 85 27 inbjuda
448 436 136 21 medständen
607 437 31 20 att
658 436 74 21 förena
747 436 32 26 sig
794 442 33 15 om
843 435 79 27 ifräga-

100 464 92 20 varande
216 464 22 21 af
256 464 108 27 professor
384 464 86 21 Donner
492 464 132 22 framställda
646 464 78 27 förslag
742 464 31 21 till
790 464 132 27 modifiering

101 492 22 21 af
144 492 95 22 ständets
266 493 90 27 tidigare
371 493 75 27 gjorda
460 493 69 21 vilkor
543 494 7 20 i
565 493 59 27 fräga
640 500 33 14 om
689 493 231 27 karta-sigillata-afgif-

101 523 41 23 ten,
158 521 51 21 eller
224 521 60 21 icke?

168 589 79 22 Vinner
264 590 40 27 nej,
323 590 39 21 har
380 590 40 21 den
438 590 123 27 ifrägasatta
581 590 150 28 inbjudningen
752 590 105 22 äfvensom
873 596 48 21 pro-

100 618 67 22 fessor
182 618 96 22 Donners
295 619 221 28 modifieringsförslag
530 619 95 22 förfallit.

167 687 132 21 Besvarades
315 687 47 22 med
378 689 75 20 nästan
469 688 101 27 enhälligt
583 688 29 27 ja.

168 755 44 21 Och
236 755 68 22 skulle
321 756 39 21 den
376 755 88 22 sålunda
480 756 97 21 beslutna
592 755 150 28 inbjudningen
758 756 31 21 till
805 756 58 21 såväl
878 757 43 20 rid-

100 783 114 28 derskapet
236 784 38 21 och
298 784 61 21 adeln
382 791 44 14 som
450 785 98 26 borgare-
564 785 39 20 och
619 785 158 21 bondeständen
793 785 37 20 ske
844 791 76 20 genom

100 813 130 26 deputation,
247 813 38 21 och
301 813 196 27 protokollsutdrag
512 815 111 25 uppsättas
639 813 31 21 för
685 816 32 18 att
732 813 23 21 af
769 813 151 27 deputationen

99 841 32 22 till
148 841 97 22 bemälda
260 842 62 21 ständ
338 841 146 24 öfverlemnas,
501 849 46 14 men
564 842 90 21 beslutet
670 841 6 21 i
692 842 112 26 anledning
816 842 22 21 af
848 842 72 21 bevill-

100 871 178 25 ningsutskottets
300 870 125 21 hemställan
449 871 95 20 deremot
566 871 80 20 lemnas
666 870 112 25 beroende,
801 870 53 21 intill
873 871 48 21 dess

100 899 100 21 ständens
215 905 48 15 svar
278 899 27 26 pä
320 899 161 26 ifrägavarande
496 899 124 27 inbjudning
635 899 74 21 hunnit
724 899 55 26 ingä.

167 1087 39 22 Till
222 1087 129 28 behandling
366 1088 94 27 företogs
476 1090 30 19 ett
522 1089 45 20 frän
578 1089 174 26 nästföregäende
763 1089 84 26 plenum
858 1089 62 22 bord-

99 1117 59 26 lagdt
165 1117 76 26 utdrag
253 1123 25 14 ur
291 1117 165 21 bondeständets
467 1117 105 26 protokoll
581 1117 31 21 för
620 1117 38 21 den
668 1119 12 19 5
688 1117 141 22 innevarande
838 1118 83 27 mänad,

99 1145 45 21 deri
164 1146 36 20 det
216 1145 130 22 hedervärda
361 1145 85 21 ståndet
458 1146 65 26 jemte
539 1146 201 26 tillkännagifvande
756 1146 22 20 af
792 1147 44 20 sina
850 1146 71 21 beslut

99 1174 7 21 i
122 1174 63 26 öfrigt
200 1174 91 21 rörande
307 1174 45 26 lag-
367 1174 39 21 och
422 1174 214 21 ekonomiutskottets
651 1175 67 20 andra
733 1174 79 27 förslag
822 1174 32 21 till
865 1181 54 14 sam-

99 1202 157 27 manjemkning
275 1203 7 20 i
305 1202 59 26 fräga
386 1209 34 15 om
442 1203 130 26 regleringen
588 1202 22 22 af
623 1203 168 27 presterskapets
806 1203 92 27 aflöning
913 1204 7 20 i

98 1232 26 20 de
139 1230 241 27 evangelisk-lutherska
401 1232 175 26 församlingarna
599 1231 97 27 inbjuder
716 1232 157 26 presteständet
888 1234 34 19 att

97 1260 48 21 med
160 1260 128 26 frängäende
304 1260 22 20 af
342 1260 26 20 de
384 1260 75 26 beslut,
476 1260 70 21 hvilka
561 1260 157 26 presteständet
733 1260 64 21 fattat
812 1260 108 27 angäende

98 1288 23 27 $$
145 1289 33 25 11,
203 1289 26 20 14
252 1288 39 22 och
315 1290 24 19 15
359 1288 31 21 uti
406 1289 40 20 den
462 1288 86 22 afsedda
564 1288 151 27 författningen
731 1289 7 21 i
753 1290 77 24 ämnet,
846 1288 75 22 förena

98 1318 32 26 sig
148 1323 32 15 om
198 1316 35 22 det
248 1317 132 21 hedervärda
394 1317 96 21 ständets
506 1317 70 21 beslut
591 1317 5 21 i
613 1317 61 21 dessa
690 1317 65 21 delar.

167 1385 140 27 Domprosten
328 1385 157 27 Hornborg:
516 1386 32 20 Då
570 1386 39 21 den
625 1386 160 26 ifrågavarande
800 1385 120 27 inbjudnin-

97 1420 40 20 gen
157 1414 6 20 i
186 1414 38 25 går
247 1414 79 20 skedde
349 1414 32 20 till
402 1414 162 26 presteständet,
584 1414 74 21 väckte
680 1414 39 21 den
743 1414 42 21 min
804 1414 117 27 förvåning.

98 1441 158 21 Bondeständet
276 1442 38 20 har
333 1442 87 20 beslutit
436 1444 31 18 att
482 1442 86 26 inbjuda
583 1442 156 26 presteständet
754 1444 32 18 att
801 1442 66 21 ändra
883 1444 38 19 sitt

98 1470 70 20 beslut
188 1470 110 26 angäende
317 1469 175 27 aflöningsfrägan
516 1471 5 19 i
544 1472 77 19 tvänne
642 1471 102 25 punkter:
767 1470 21 26 1)
804 1470 69 21 deruti
888 1472 32 18 att

97 1498 158 28 presteständet
273 1498 113 21 framdeles
402 1498 68 21 säsom
487 1498 83 22 härtills
586 1498 47 22 ville
646 1498 48 27 sjelf
703 1499 83 27 besörja
796 1498 124 27 uppbörden

98 1527 22 21 af
140 1527 46 21 sina
207 1527 133 27 pastoralier,
362 1527 88 21 hvarvid
473 1528 149 26 deputationen
638 1527 140 27 beledsagade
793 1528 37 21 sitt
845 1528 75 21 andra-
