1073 1809
175 152 56 22 2898
378 157 160 18 Presteståndet
550 158 53 17 1877.
627 158 23 17 17
662 158 112 17 december.

174 226 35 22 vid
227 226 66 26 makt,
308 226 69 21 skulle
389 226 36 26 jag
440 232 57 20 anse,
513 228 32 20 att
559 226 155 28 presteståndet
729 226 6 21 i
750 226 141 26 sedlighetens
907 226 91 21 intresse

176 254 66 22 borde
256 254 94 22 vidhålla
365 255 36 21 sitt
416 254 76 22 beslut.

242 311 32 22 På
288 311 110 22 framstäld
414 311 132 28 proposition
561 311 44 23 blef
616 311 318 28 sammanjemkningsförslaget
943 311 55 22 härå

176 341 101 26 enhälligt
292 341 127 21 förkastadt.

242 398 152 21 Resolutionen
410 398 131 22 beträffande
557 399 11 26 $
584 399 24 21 21
627 405 61 14 mom.
705 399 11 20 2
732 397 95 28 gillades,
841 398 112 21 hvaremot
968 398 28 21 de

176 427 65 27 begge
261 427 232 27 resolutionsförslagen
508 427 130 22 beträffande
653 428 12 26 $
681 427 26 21 21
723 433 64 15 mom.
803 427 13 21 3
831 427 40 21 och
885 428 21 25 4,
922 427 72 21 hvilka

174 456 7 21 i
197 459 31 18 ett
243 456 151 26 sammanhang
409 456 129 27 föredrogos,
555 455 100 27 enhälligt
669 456 23 21 af
705 456 84 21 ständet
804 455 133 22 förkastades
953 456 40 21 och

175 485 41 20 den
239 485 21 20 af
281 485 107 26 professor
409 484 62 21 Cleve
494 484 32 22 till
549 485 142 21 betänkandet
712 484 77 27 fogade
814 485 180 20 reservationen
981 480 15 36 i

176 513 92 27 enlighet
283 513 48 21 med
345 513 96 22 ständets
455 513 126 28 föregäende
597 513 69 22 beslut
681 513 40 22 och
737 513 68 21 denna
820 513 33 22 del
869 513 96 22 vidhölls.

243 571 151 22 Resolutionen
416 570 131 22 beträffande
569 571 12 27 $
604 571 27 22 24
647 577 61 16 mom.
726 573 9 19 1
753 570 12 28 &
781 570 27 22 25
823 577 64 15 mom.
905 572 19 25 1,
941 571 12 27 &
968 571 30 20 26

175 605 63 16 mom.
262 601 10 20 1
297 600 38 21 och
351 599 11 28 &
378 600 26 21 27
419 600 88 26 gillades
522 602 51 19 utan
589 599 126 25 diskussion,
731 605 48 16 men
794 599 132 22 beträffande
941 600 11 27 $
969 600 28 20 34

175 634 63 16 mom.
256 629 9 20 1
283 628 38 21 och
337 629 12 21 3
366 628 102 27 begärdes
485 628 61 22 ordet
561 629 24 20 af

244 685 89 21 Prosten
353 685 81 26 Hjelt
455 691 44 15 som
520 685 93 27 yttrade:
644 685 42 21 För
701 685 44 21 min
761 685 33 22 del
809 685 67 22 skulle
889 685 38 27 jag
942 688 53 19 mot-

176 715 55 20 sätta
253 714 42 27 mig
314 713 40 22 den
374 713 118 27 föreslagna
513 714 228 27 sammanjemkningen
763 714 38 21 och
817 714 70 21 derför
902 714 94 27 äberopa

176 743 26 20 de
223 742 53 26 skäl,
297 748 44 15 som
357 742 64 21 redan
437 743 67 20 under
519 742 144 22 diskussionen
679 743 6 20 i
701 743 154 26 presteständet
871 742 124 22 framhållas

176 771 33 21 för
224 773 31 19 att
270 771 45 21 visa
330 771 35 21 det
381 771 91 27 oriktiga
486 771 7 20 i
508 771 115 21 utskottets
637 771 86 27 förslag.
748 771 159 22 Presteständet
922 771 38 21 har
971 772 25 26 ju

176 799 63 22 ocksä
262 800 75 21 erkänt
353 799 98 22 behofvet
467 799 20 22 af
502 806 26 15 en
544 800 121 26 förändring
679 800 7 21 i
702 801 59 20 detta
776 800 125 27 hänseende,
918 800 26 21 dä
960 801 35 20 det

176 828 57 27 sjelft
253 828 39 21 har
313 828 109 26 föreslagit
441 831 32 19 att
492 829 50 26 ingä
561 829 48 21 med
625 835 25 15 en
665 829 89 26 petition
770 829 33 21 till
819 829 26 21 H.
861 829 40 22 M:t
915 829 33 20 för
963 831 31 19 att

175 857 22 22 fä
212 857 141 21 förhällandet
369 857 98 22 ordnadt.

244 915 83 21 Doktor
348 915 179 21 Nordström:
565 915 110 22 Utskottet
696 916 69 26 yttrar
785 915 8 21 i
815 915 32 22 sin
871 915 127 27 motivering

175 943 130 22 beträffande
321 943 62 21 dessa
397 950 69 15 mom.:
488 944 64 25 ,Som
568 944 116 21 utskottets
699 944 139 25 betänkande,
854 944 81 21 hvilket
951 946 46 19 nätr-

176 979 64 20 mare,
263 974 26 19 än
314 972 148 27 ridderskapet
485 973 38 21 och
547 973 72 22 adelns
637 975 54 19 samt
706 973 167 27 presteständets
888 973 108 27 (borgare-

174 1001 97 22 ständets
286 1001 49 26 sic!)
365 1001 74 26 beslut,
463 1002 187 21 öfverenstämmer
674 1002 47 21 med
738 1002 54 21 hvad
814 1002 32 21 för
866 1003 134 20 närvarande

176 1032 23 19 är
216 1030 103 27 gällande,
335 1029 68 22 blifvit
419 1030 21 21 af
453 1031 36 21 tvä
504 1030 59 22 ständ
580 1030 115 27 godkändt,
711 1031 40 21 och
766 1037 25 14 en
807 1031 88 21 särskild
912 1031 34 25 lag
962 1037 33 15 om

175 1059 152 26 minderäriges
346 1059 117 26 antagande
479 1059 40 22 och
539 1059 138 22 användande
695 1059 35 21 vid
751 1059 93 22 fabriker
863 1059 40 22 och
919 1060 75 21 handt-

174 1087 52 22 verk
249 1087 47 21 med
318 1087 113 28 anledning
453 1087 22 22 af
495 1088 40 21 den
557 1088 46 21 utaf
621 1088 42 21 alla
681 1088 62 21 ständ
760 1088 108 21 beslutade
884 1088 90 27 petition
990 1088 6 21 i

176 1117 71 20 ämnet
262 1116 42 21 kan
320 1119 97 22 emotses,
432 1116 33 21 får
479 1116 112 22 Utskottet
606 1117 107 21 vördsamt
727 1117 134 21 hemställa:*
877 1130 27 3 —
920 1117 42 21 Det
972 1119 25 19 är

172 1145 46 27 just
240 1145 47 20 med
302 1145 99 21 afseende
417 1145 12 21 å
444 1145 41 22 den
499 1146 98 21 beslutna
612 1146 122 27 petitionen,
751 1145 82 22 hvilken
849 1153 48 14 man
914 1146 84 27 hoppas

174 1173 56 22 skall
251 1173 48 22 leda
321 1173 33 22 till
375 1173 68 22 afsedt
466 1174 104 26 ändamäl,
594 1180 44 16 som
661 1175 105 21 utskottet
789 1175 110 26 föreslagit
914 1175 83 21 detta
986 1169 15 36 i

175 1203 218 21 Öfverensstämmelse
407 1203 48 21 med
471 1203 53 22 hvad
541 1203 74 22 hittills
629 1204 55 21 varit
699 1203 80 27 vanligt
792 1203 39 22 och
842 1204 66 26 enligt
918 1206 79 19 tvänne

175 1231 74 22 ständs
265 1231 75 22 beslut.

243 1289 88 21 Prosten
354 1288 155 27 Dahlberg:
540 1288 40 27 Jag
602 1289 48 21 ville
672 1291 58 24 yttra
752 1289 42 27 mig
816 1289 7 21 i
843 1295 81 16 samma
940 1289 56 28 syfte

175 1323 45 16 som
235 1319 86 25 prosten
336 1317 65 27 Hjelt.
422 1318 42 20 Det
479 1319 24 20 är
518 1318 51 21 visst
585 1320 53 23 sant,
654 1320 33 19 att
701 1317 106 22 utskottet
821 1317 45 22 haft
881 1318 114 27 anledning

175 1348 32 19 att
227 1345 116 21 formulera
358 1346 91 20 beslutet
464 1347 29 22 sä,
509 1352 44 14 som
569 1346 39 19 här
622 1346 63 25 skett,
700 1352 48 14 men
764 1347 35 19 det
814 1346 120 20 föranleder
948 1347 48 20 icke

175 1373 156 26 presteständet
352 1374 32 20 att
405 1373 75 26 frängä
502 1373 37 21 sitt
561 1373 56 21 förut
639 1373 82 22 fattade
742 1374 77 21 beslut.
850 1375 41 20 Det
908 1376 24 19 är
948 1375 47 20 icke

174 1401 66 21 kändt
262 1403 39 19 när
323 1401 69 21 denna
413 1401 89 26 petition
524 1401 42 22 kan
588 1402 51 21 bära
661 1401 58 22 frukt
741 1401 40 22 och
803 1408 26 15 en
846 1402 148 27 författning
980 1397 18 36 i

174 1431 73 20 ämnet
260 1430 86 21 komma
362 1429 32 22 till
410 1429 68 22 ständ.

242 1488 81 21 Rektor
337 1487 141 22 Kihlman:
498 1487 32 21 Ur
546 1488 68 21 denna
629 1489 103 26 paragraf,
749 1488 65 22 sådan
830 1489 40 21 den
883 1488 23 22 af
914 1492 80 24 preste-

174 1516 85 22 ständet
278 1516 69 22 blifvit
366 1516 135 26 formulerad,
521 1516 40 22 har
581 1516 138 22 bortlemnats
741 1517 26 22 de
785 1518 59 21 delar
863 1518 23 22 af
900 1518 12 20 1
929 1518 39 22 och
983 1519 14 21 3

174 1552 63 15 mom.
258 1545 135 27 hvarigenom
422 1545 41 27 det,
485 1545 69 23 säsom
571 1545 39 22 den
632 1546 117 28 Kejserliga
772 1547 160 27 propositionen
956 1548 39 21 och
