1084 1803
303 151 159 18 Presteståndet
476 152 54 17 1877.
550 152 22 17 18
585 153 112 16 december.
828 146 56 21 2795

161 221 141 26 Domprosten
324 220 161 27 Hornborg:
516 221 41 20 Det
577 220 107 22 förefaller
704 221 43 26 mig
762 221 92 22 särdeles
869 221 44 21 led-

92 250 60 25 samt,
167 250 33 19 att
215 255 48 15 man
279 248 6 21 i
301 249 69 21 denna
385 249 79 26 vigtiga
478 249 58 26 fråga
552 249 35 22 vill
601 251 52 25 göra
665 249 53 22 hvitt
729 249 33 22 till
773 251 64 20 svart.
863 249 49 21 Man

92 283 62 15 anser
173 277 40 21 den
233 283 51 15 vara
303 283 42 20 nog
363 277 107 26 grundligt
490 277 130 25 diskuterad,
642 284 46 15 men
702 278 36 27 jag
753 279 67 20 måste
835 279 56 20 sätta
906 278 6 21 i

92 305 66 27 fråga,
174 312 34 14 om
224 312 47 15 man
287 305 55 22 ändå
357 306 39 21 har
410 306 51 21 reda
475 307 28 26 på
517 306 72 21 saken.
619 305 40 28 Jag
674 309 52 22 tror,
741 309 32 18 att
788 306 41 21 den
844 306 69 21 skulle

92 333 44 22 tåla
154 334 35 21 vid
210 336 32 19 att
261 336 56 19 ännu
339 336 60 25 tagas
420 334 67 22 under
504 335 160 26 öfvervägande.
694 335 89 21 Prosten
800 334 59 27 Hjelt
874 335 38 20 och

92 362 69 26 någon
183 368 68 16 annan
273 362 67 22 talare
355 362 62 22 hafva
431 363 39 21 här
485 362 61 27 gifvit
561 363 39 21 den
616 363 96 27 tolkning
727 363 23 21 åt
766 363 147 26 ridderskapet

92 391 40 21 och
151 391 74 21 adelns
245 390 132 28 inbjudning,
397 393 31 19 att
450 391 121 21 densamma
586 391 108 27 innebure,
710 393 32 20 att
756 391 157 27 presteståndet

91 419 55 22 skall
169 419 74 27 frångå
264 420 42 20 alla
327 420 26 21 de
372 420 69 21 beslut
460 420 7 20 i
487 420 144 27 detaljfrågor,
646 420 42 21 alla
703 420 26 22 de
744 420 169 22 amendement
901 415 17 36 i

91 448 116 22 utskottets
229 448 140 26 betänkande,
393 448 83 22 hvartill
499 448 85 22 ståndet
606 455 75 20 genom
704 449 40 21 den
764 448 149 27 försiggångna

92 476 146 22 diskussionen
254 477 39 21 och
308 477 148 26 voteringarna
472 477 94 22 kommit.
590 477 33 21 Då
639 478 36 20 det
689 478 6 21 i
711 478 59 20 detta
784 477 128 27 protokolls-

92 506 77 26 utdrag
190 505 66 26 heter,
277 508 32 19 att
333 506 156 26 presteståndet
511 506 106 21 äfvensom
639 505 154 22 bondeståndet
814 506 98 26 inbjudas

91 536 33 19 att
146 534 85 27 ,frångå
254 535 45 20 sina
320 534 7 21 i
349 534 73 26 frågan
443 534 81 22 fattade
544 534 70 22 beslut
633 534 38 22 och
692 534 72 22 förena
780 534 31 26 sig
827 541 33 15 om
876 535 36 21 det

93 563 75 24 beslut,
183 562 60 23 hvari
259 563 146 27 ridderskapet
420 563 38 22 och
471 563 61 22 adeln
545 564 7 21 i
564 563 65 22 saken
639 565 99 20 stannat"
750 563 87 26 betyder
848 564 64 25 detta,

90 594 34 19 att
144 592 157 27 presteståndet
322 593 19 26 ej
361 591 34 22 må
414 592 95 22 förkasta
529 592 169 27 dissenterlagen.
728 592 29 27 Ty
777 595 80 24 preste-
872 592 40 21 och

92 621 159 21 bondestånden
276 621 62 21 hafva
363 621 105 21 förkastat
488 621 252 26 dissenterlagförslaget;
765 620 147 27 ridderskapet

91 649 40 21 och
150 649 61 22 adeln
234 649 39 21 och
292 649 176 27 borgareståndet
488 649 64 22 hafva
576 649 47 22 med
644 649 170 22 modifikationer
831 649 82 26 antagit

92 677 107 26 förslaget.
230 677 123 22 Detsamma
372 677 68 22 skulle
460 677 61 22 äfven
542 677 156 28 presteståndet
717 677 63 22 hafva
800 677 62 27 gjort,
878 683 34 15 om

91 706 20 26 ej
127 706 90 26 ståndet,
234 706 34 20 vid
283 707 165 25 slutvoteringen
464 713 34 14 om
514 707 36 21 det
565 706 54 25 hela,
635 707 47 20 med
698 712 25 15 en
736 708 56 19 rösts
804 705 108 27 pluralitet

92 734 105 22 förkastat
219 734 152 26 alltsammans,
392 735 45 21 sina
459 741 53 20 egna
535 734 114 27 ändringar
671 734 149 22 inberäknade.
851 734 61 21 Hvad

92 763 46 21 åter
153 763 148 27 kyrkoherden
317 762 105 23 Stenbäck
437 763 91 27 yttrade,
544 764 104 26 nämligen
664 765 32 19 att
710 764 86 20 ståndet
810 763 38 21 har
858 763 55 20 varit

92 792 6 20 i
119 792 31 21 sin
165 792 56 26 goda
240 794 43 19 rätt
302 791 130 22 beträffande
453 792 47 21 dess
521 792 70 22 beslut
606 798 34 15 om
655 793 12 26 $
684 792 24 20 19
724 792 6 21 i
746 792 115 20 utskottets
878 791 35 21 be-

92 820 106 22 tänkande
218 820 67 22 måste
304 821 36 27 jag
361 821 60 21 äfven
441 822 77 24 antaga
538 821 69 21 såsom
627 822 32 20 ett
679 820 57 22 bevis
752 820 33 27 på,
800 822 33 19 att
848 820 64 21 saken

91 850 19 26 ej
131 851 24 19 är
175 850 57 20 klart
251 850 80 21 insedd.
360 849 30 27 Ty
403 850 36 26 jag
454 849 67 22 skulle
542 849 100 27 misstaga
658 849 42 27 mig
714 849 93 21 särdeles
823 848 89 28 mycket,

91 885 35 15 om
149 878 36 21 det
207 878 18 26 ej
245 884 49 15 vore
315 878 30 27 så,
362 880 32 19 att
413 878 96 21 ståndets
529 878 75 25 flertal,
620 878 64 22 sedan
699 878 213 27 uppmärksamheten

92 907 69 21 blifvit
182 907 70 21 fästad
273 906 27 28 på
315 907 71 24 saken,
402 907 68 21 skulle
486 906 66 27 draga
566 907 31 27 sig
612 906 33 21 för
660 909 31 19 att
706 906 100 22 vidblifva
821 906 92 22 beslutet

90 935 111 27 angående
221 936 12 26 $
255 936 26 20 19
299 936 6 20 i
325 936 48 21 dess
387 935 166 27 fullständighet,
569 935 105 27 nämligen
689 936 29 23 så,
734 937 32 19 att
781 941 48 15 man
844 934 68 22 skulle

93 964 125 21 konstruera
233 964 21 21 in
270 970 25 15 en
311 964 76 27 positiv
399 964 131 27 lagstiftning
541 970 33 15 om
585 964 159 27 grekisk-ryska
755 964 81 26 kyrkan
846 963 67 21 under

91 998 81 16 samma
192 992 102 28 kategori,
315 999 45 15 som
381 992 42 21 alla
444 992 66 27 öfriga
530 992 77 24 sekter,
622 992 32 21 för
670 992 72 21 hvilka
756 993 68 20 denna
840 992 34 26 lag
889 993 24 19 är

92 1021 80 21 afsedd.
202 1021 65 21 Detta
287 1024 24 18 är
331 1028 26 14 en
372 1021 89 25 motion;
476 1021 36 21 det
527 1022 42 20 kan
585 1020 19 27 ej
620 1020 88 28 hjelpas.
738 1020 89 22 Ständet
842 1020 70 21 kunde

93 1056 51 15 vara
164 1050 7 21 i
191 1050 31 21 sin
243 1050 55 26 goda
319 1051 49 25 rätt,
390 1056 33 15 om
442 1050 35 21 det
494 1050 59 21 sade:
570 1050 39 25 ,Vi
625 1050 70 20 kunna
710 1049 20 27 ej
744 1050 104 26 antaga
837 1045 14 35 $
866 1050 47 20 19".

93 1079 28 21 Vi
136 1079 50 26 vilja
208 1080 114 20 tvärtemot
342 1078 60 26 hvad,
422 1085 46 15 som
484 1080 11 25 $
513 1080 25 19 19
554 1078 96 25 föreslår,
665 1078 149 21 inkonstruera
829 1078 27 26 pä
871 1078 42 20 alla

95 1107 84 26 ställen,
203 1107 37 22 der
263 1107 35 22 det
320 1107 41 22 kan
384 1107 64 22 blifva
468 1107 60 28 fräga
549 1114 34 15 om
599 1107 71 23 saken,
685 1106 160 28 grekisk-ryska
860 1108 53 19 tros-

94 1137 121 20 bekännare
237 1136 38 21 och
299 1136 62 21 ställa
384 1136 46 21 dem
450 1136 6 21 i
472 1141 81 16 samma
574 1136 101 26 kategori,
691 1141 45 16 som
752 1135 26 21 de
792 1135 121 25 dissenters,

93 1165 33 21 för
145 1165 72 21 hvilka
239 1165 101 26 förslaget
362 1167 23 19 är
408 1165 89 26 afsedt*,
518 1165 23 21 sä
565 1166 60 24 tager
647 1164 30 25 sig
698 1163 84 22 ståndet
800 1169 25 15 en
843 1163 70 27 frihet,

93 1194 85 21 hvartill
200 1194 35 21 det
255 1193 114 27 ingalunda
390 1195 23 20 är
434 1193 135 27 berättigadt.
604 1193 65 21 Detta
688 1193 56 20 inser
765 1192 148 27 kyrkoherden

93 1222 107 22 Stenbäck
215 1222 55 26 icke;
286 1225 22 24 ty
321 1222 36 28 jag
373 1224 23 19 är
410 1222 124 28 öfvertygad
550 1228 40 20 om,
607 1224 32 19 att
654 1221 70 22 defest
739 1221 41 21 han
790 1220 68 22 skulle
868 1220 45 22 inse

92 1251 43 27 det,
155 1251 42 21 han
218 1251 18 27 ej
257 1252 68 20 skulle
345 1257 75 21 urgera
441 1257 25 15 en
489 1252 64 20 sädan
575 1250 151 27 lagstridighet.
758 1250 49 20 Men
821 1250 35 26 jag
872 1250 42 20 för-

93 1280 80 24 modar,
193 1282 32 19 att
244 1279 92 22 flertalet
355 1280 19 26 ej
392 1280 36 20 vill
443 1280 102 21 vidblifva
559 1279 92 21 beslutet
666 1280 7 20 i
686 1280 40 20 den
741 1278 173 26 utsträckningen

90 1308 46 27 just
155 1309 78 25 derför,
254 1311 32 18 att
307 1308 36 22 det
360 1310 24 19 är
398 1308 125 26 lagstridigt.
553 1308 66 26 Ingen
634 1308 68 20 skulle
718 1307 65 26 draga
798 1308 31 25 sig
844 1306 70 21 derför

94 1338 47 20 med
156 1337 99 21 afseende
271 1337 12 21 å
298 1336 73 27 sjelfva
386 1337 71 21 saken.
486 1336 30 27 Ty
532 1337 36 21 det
583 1342 49 15 vore
646 1336 23 26 ju
684 1335 175 26 utomordentligt
874 1334 40 27 väl,

93 1372 35 15 om
143 1366 24 20 sä
181 1365 70 21 kunde
267 1366 109 26 lagstiftas.
403 1366 46 20 Men
466 1365 18 21 vi
500 1367 38 19 äro
553 1365 19 27 ej
588 1364 130 27 berättigade
734 1367 32 18 att
781 1363 94 27 lagstifta
887 1364 27 26 pä

93 1394 37 22 det
145 1396 70 19 sättet.
237 1394 100 21 Likasom
350 1394 36 27 jag
400 1394 101 21 voterade
516 1394 33 21 för
564 1393 11 27 $
593 1394 25 20 19
635 1394 38 20 och
689 1393 33 21 för
738 1392 176 26 dissenterlagens

93 1423 120 25 antagande
233 1423 47 20 med
302 1424 25 19 de
348 1422 175 25 modifikationer,
544 1428 45 15 som
611 1422 83 21 ständet
715 1423 70 20 ansett
806 1421 39 21 den
861 1421 53 21 böra

94 1451 101 25 undergä,
210 1450 68 21 likasä
293 1451 74 20 ämnar
379 1450 37 26 jag
431 1449 60 21 äfven
506 1455 28 15 nu
549 1451 59 19 rösta
624 1449 31 20 för
670 1449 119 25 antagande
804 1448 23 21 af
835 1448 80 21 ridder-

92 1479 77 26 skapet
189 1478 38 21 och
248 1478 73 21 adelns
342 1477 131 27 inbjudning,
495 1484 48 15 men
558 1483 61 15 anser
635 1477 35 21 det
685 1477 127 25 fullkomligt
827 1476 87 26 onödigt

93 1509 34 20 att
147 1507 92 26 granska
259 1506 39 21 och
315 1507 97 26 företaga
432 1506 32 21 till
485 1505 119 22 diskussion
626 1505 66 21 andra
712 1504 128 27 paragrafer,
857 1506 26 19 än
902 1504 12 27 $

96 1537 32 26 19,
144 1536 88 21 emedan
248 1535 95 22 besluten
359 1535 107 27 angäende
482 1535 25 21 de
523 1535 68 26 öfriga
606 1533 148 28 paragraferna
769 1539 51 16 voro
834 1532 81 22 fattade
