1075 1803
215 154 55 20 2772
397 157 159 18 Presteståndet
568 158 54 17 1877.
648 159 22 16 12
683 158 112 17 december.

187 227 7 20 i
210 227 139 21 medvetande
371 226 24 20 af
415 228 32 19 att
470 226 25 21 de
518 227 57 26 tjena
596 225 119 22 hvarandra
738 225 128 27 derigenom,
882 227 52 25 göra
950 225 58 21 detta

186 255 81 27 utbyte,
290 257 31 19 ett
343 255 76 21 sådant
440 254 38 21 fall
499 254 118 28 föreligger,
634 254 26 21 då
675 253 159 28 lagstiftningen
856 253 66 22 borde
937 254 71 21 kunna

186 284 50 21 vika
258 283 48 22 från
329 284 40 21 den
392 283 88 27 princip,
502 289 44 16 som
568 283 41 21 den
630 283 39 21 har
683 283 101 27 uppstält,
801 283 27 21 då
843 283 68 21 denna
926 282 82 28 princip

186 313 67 21 likväl
268 313 18 26 ej
302 314 24 19 är
341 313 48 20 dess
404 312 71 21 bättre
490 313 26 20 än
532 319 25 14 en
572 312 83 21 hasard.

255 370 143 26 Domprosten
421 370 116 21 Renvall:
567 370 40 26 Jag
629 370 92 26 begärde
742 369 61 21 ordet
818 369 47 21 med
881 368 98 22 afseende
996 369 13 21 å

188 399 40 21 den
244 399 135 27 invändning,
395 404 45 15 som
455 400 86 25 prosten
556 398 111 27 Grönberg
682 398 39 20 här
735 398 80 27 gjorde,
831 400 33 19 att
879 404 48 14 man
943 398 66 21 borde

188 428 104 26 inrymma
314 428 23 20 åt
361 427 150 26 frivilligheten
527 430 30 18 ett
572 428 69 20 större
656 430 112 23 utrymme.
798 426 47 26 Det,
861 432 45 16 som
922 428 87 25 prosten

187 456 111 28 Grönberg
312 456 40 21 här
366 456 86 27 yrkade,
469 458 24 19 är
508 456 106 26 verkligen
634 456 66 22 fallet,
716 456 67 20 ehuru
799 455 42 21 han
856 456 39 20 har
911 455 98 21 förbisett

187 484 81 22 sådant.
292 485 11 21 I
319 485 12 26 &
348 485 25 21 73
390 484 44 22 står
449 485 36 21 det
497 484 44 27 just
562 500 9 9 ,
576 485 66 21 Innan
662 484 119 26 lottningen
802 484 102 26 vidtager,
920 490 89 21 uppma-

187 519 39 15 nas
241 514 25 20 de
281 514 22 20 af
319 514 25 20 de
360 513 131 27 uppbådade,
507 520 45 14 som
568 513 66 21 önska
656 513 151 21 företrädesvis
828 512 85 22 inträda
927 513 7 20 i
950 513 59 21 aktiv

187 542 70 27 tjenst,
280 544 32 20 att
333 542 57 26 gifva
411 542 58 21 detta
488 542 124 21 tillkänna."
643 542 41 20 Det
703 544 24 18 är
743 542 18 26 ej
777 542 55 20 blott
847 542 7 20 i
869 541 90 27 kapitlet
975 548 33 15 om

187 571 127 25 volontärer,
330 576 47 16 som
393 571 35 20 det
443 572 67 26 säges,
526 572 31 20 att
572 570 62 21 äfven
650 570 121 21 volontärer
786 570 21 21 få
823 570 87 27 erbjuda
925 570 32 27 sig
969 570 40 22 och

187 602 95 24 antagas,
304 599 28 21 då
352 599 105 21 vakanser
478 600 72 25 finnas,
574 599 39 21 och
634 599 88 21 sålunda
743 600 94 20 minskas
857 599 61 21 äfven
934 605 75 20 genom

188 628 47 21 dem
258 629 125 21 numerären
405 627 24 22 af
449 628 35 20 det
500 628 108 27 manskap,
626 633 44 15 som
687 628 96 21 kommer
798 629 31 19 att
844 627 110 28 uppbådas
970 628 38 21 och

187 657 101 21 behöfver
312 657 85 21 inträda
411 657 8 20 i
434 657 92 25 aktiven,
547 657 85 20 hvarför
648 657 6 20 i
671 657 58 21 detta
750 656 98 21 afseende
868 657 39 20 allt
929 663 41 20 nog
985 659 24 19 är

187 686 76 21 afsedt.
293 686 62 21 Hvad
371 685 46 21 åter
431 686 73 20 rektor
519 685 99 22 Kihlman
634 686 97 24 nämnde,
747 688 33 18 att
795 691 33 15 om
844 687 78 19 tvänne
937 691 72 20 perso-

187 720 38 14 ner
240 715 66 19 önska
322 716 32 19 att
369 714 48 20 med
432 713 120 21 hvarandra
574 714 57 26 byta,
648 714 40 20 den
704 720 40 15 ena
759 716 32 18 att
806 713 27 27 gå
847 714 6 20 i
869 714 84 20 aktiven
969 714 39 21 och

187 743 41 20 den
242 742 66 21 andra
323 743 7 20 i
346 748 104 20 reserven,
474 742 72 26 tyckes
570 742 36 21 det
623 742 122 26 visserligen
761 748 51 15 vara
827 742 80 26 ganska
922 742 86 21 vackert

187 771 39 21 och
247 771 41 21 lätt
310 773 32 19 att
365 772 57 26 göra.
452 770 49 21 Men
525 771 73 21 sådant
614 771 70 20 kunde
699 771 62 21 äfven
776 770 57 27 gifva
847 770 114 28 anledning
975 771 33 21 till

187 801 31 19 ett
233 800 151 26 köpslagande,
401 806 44 14 som
461 799 86 21 baserar
562 800 33 26 sig
605 800 27 26 på
643 799 63 26 något
717 798 47 22 helt
774 800 71 26 annat,
856 801 26 19 än
894 800 114 26 vänskaps-

187 828 120 27 uppoffring
327 828 34 21 för
384 828 39 20 den
445 828 71 20 andra.
547 828 42 21 Det
610 828 71 20 kunde
697 828 24 26 ju
736 828 91 26 inträffa,
843 830 32 18 att
891 834 25 15 en
932 834 75 21 person

186 857 55 21 talar
256 857 35 20 vid
307 857 40 20 den
363 857 68 20 andra
452 857 39 20 och
511 858 73 25 säger:
606 862 48 18 ,om
670 856 36 21 det
721 863 29 14 nu
765 857 38 26 går
818 857 29 26 sä,
863 858 32 19 att
907 857 38 26 jag
960 856 47 21 dra-

186 891 38 20 ger
238 892 26 14 en
279 885 144 24 lottnummer,
446 891 44 15 som
513 886 86 26 ålägger
620 885 42 27 mig
684 887 32 19 att
740 885 85 21 inträda
840 886 6 20 i
862 885 92 25 aktiven,
971 886 36 20 vill

187 914 27 20 du
230 914 27 20 dä
272 914 84 20 inträda
371 914 7 20 i
394 914 49 20 mitt
458 914 61 20 ställe
534 914 39 21 och
586 914 37 26 jag
638 914 39 26 gär
692 914 7 20 i
714 920 109 19 reserven;
836 914 37 26 jag
889 914 82 21 betalar
981 920 26 15 en

186 943 24 21 sä
225 943 39 21 och
279 942 23 21 sä
318 944 45 20 stor
385 948 82 16 summa
489 949 34 14 om
539 943 27 21 du
581 944 38 24 gör
635 943 56 20 det.*
722 942 41 21 Det
779 944 24 19 är
819 942 32 21 för
866 944 33 19 att
913 942 93 22 undvika

186 970 63 22 äfven
263 972 7 20 i
286 972 59 20 detta
368 971 43 24 fall,
433 973 32 19 att
485 972 35 20 det
535 971 53 21 skall
604 971 64 21 blifva
684 970 68 28 nägon
768 971 47 26 lega
831 971 38 21 och
885 972 122 26 dagtingan,

186 1006 45 15 som
248 1000 78 21 enhvar
342 1000 65 27 enligt
422 1000 191 26 värnepligtslagen
628 1000 6 20 i
650 1001 59 20 detta
724 1000 100 21 afseende
840 1002 23 19 är
873 1000 84 27 skyldig
975 1003 32 18 att

186 1028 85 22 inträda
291 1029 43 26 der,
358 1029 31 21 dit
412 1029 151 21 lottnummern
578 1028 33 22 för
625 1028 84 22 honom.
726 1042 27 2 —
769 1028 62 22 Hvad
846 1029 45 21 äter
907 1028 100 22 beträffar

187 1057 35 21 det
238 1058 81 25 kapitel
333 1058 7 20 i
356 1058 41 20 den
412 1057 82 21 kristna
515 1058 77 25 etiken,
608 1064 44 14 som
669 1058 39 20 har
723 1058 60 25 gifvit
798 1057 113 27 anledning
927 1058 32 20 till
975 1060 31 18 ett

187 1085 23 22 sä
225 1085 62 28 länge
310 1085 123 26 ömsesidigt
453 1086 134 27 andragande
610 1086 38 21 och
671 1086 140 27 tankeutbyte
828 1085 91 22 emellan
934 1087 73 20 rektor

186 1114 100 21 Kihlman
310 1114 38 21 och
371 1114 106 27 professor
499 1114 109 27 Forsman,
627 1117 46 18 tror
691 1114 43 27 jag,
757 1116 38 23 att,
815 1115 69 20 säsom
899 1115 107 26 professor

185 1143 103 21 Forsman
310 1143 57 26 sade,
391 1143 68 21 denna
482 1143 60 27 fräga
557 1144 18 26 ej
588 1143 45 27 just
652 1149 65 20 gerna
736 1143 42 21 kan
794 1143 55 21 lösas
865 1149 75 21 genom
956 1144 50 20 vära

186 1171 97 22 debatter
299 1171 43 21 här.
373 1172 41 25 Jag
429 1173 45 20 tror
489 1172 69 25 ocksä,
575 1175 32 18 att
622 1171 72 22 rektor
716 1171 112 22 Kihlmans
843 1172 52 21 citat
911 1172 23 20 af
948 1172 57 27 sprä-

186 1201 37 20 ket
245 1200 39 21 och
305 1200 129 21 bibelstället
454 1200 46 21 från
522 1201 232 26 Apostlagerningarna
776 1201 18 26 ej
815 1202 23 19 är
860 1201 123 26 tillämpligt
1000 1201 7 20 i

187 1229 59 20 detta
268 1229 106 24 afseende,
396 1229 26 20 dä
438 1229 35 20 det
489 1231 66 19 sättes
570 1231 45 19 mot
631 1229 35 20 det
681 1229 24 21 af
718 1229 107 26 professor
839 1229 103 21 Forsman
958 1229 49 21 åbe-

186 1257 79 27 ropade
287 1257 47 21 frän
355 1257 169 27 Romarbrefvet,
539 1259 32 19 att
586 1263 49 15 man
650 1258 54 20 skall
719 1263 52 15 vara
786 1257 123 21 öfverheten
924 1257 40 21 och
979 1258 28 21 all

186 1286 104 27 mensklig
306 1285 89 26 ordning
409 1286 137 26 undergifven
561 1286 33 21 för
609 1285 93 22 Herrens
718 1286 39 20 och
772 1286 61 21 äfven
849 1287 33 20 för
893 1287 114 20 samvetets

186 1314 62 25 skull,
263 1315 88 20 emedan
368 1314 35 21 det
418 1316 24 19 är
455 1315 44 25 just
515 1317 109 24 samvetet,
639 1320 45 15 som
705 1314 86 27 älägger
806 1321 25 14 en
847 1317 32 18 att
894 1321 50 14 vara
959 1314 47 22 hör-

186 1349 52 14 sam.
267 1343 114 25 Ingenting
403 1343 86 20 hindrar
506 1343 24 26 ju
550 1343 46 23 den,
617 1348 45 14 som
683 1343 39 20 har
744 1343 91 20 kommit
857 1343 6 20 i
886 1343 72 20 aktiva
973 1349 34 14 ar-

186 1371 48 20 mön
246 1370 40 21 och
301 1371 7 20 i
324 1376 104 20 reserven,
444 1372 33 18 att
491 1371 96 20 bekänna
602 1370 66 21 Kristi
684 1377 70 14 namn.
779 1371 109 20 Förnekar
903 1371 43 20 han
958 1371 49 21 Kri-

186 1400 45 19 stus
246 1398 7 21 i
269 1399 36 20 det
326 1399 51 26 kall,
393 1399 8 20 i
416 1398 81 21 hvilket
519 1399 41 20 han
583 1399 39 20 har
644 1399 88 23 inträdt,
751 1399 7 20 i
779 1399 178 27 militärtjensten,
980 1399 26 22 dä

185 1428 73 27 bryter
278 1428 42 21 han
342 1430 45 18 mot
409 1428 36 21 det
467 1428 75 25 budet;
565 1428 42 20 han
630 1427 60 27 lyder
704 1434 46 15 mer
765 1428 127 27 menniskor,
908 1430 27 19 än
951 1427 54 22 Gud.

185 1456 49 21 Men
250 1456 109 22 bekänner
374 1456 41 21 han
431 1456 32 21 sin
478 1456 88 21 frälsare
584 1456 62 22 äfven
662 1456 6 21 i
684 1457 68 26 lägret
768 1457 39 21 och
822 1457 76 27 kriget,
915 1457 28 21 dä
957 1457 49 21 fuli-

186 1487 38 25 gör
239 1485 42 21 han
294 1485 23 27 ju
333 1485 66 21 budet
421 1485 39 22 och
481 1485 76 27 fullgör
572 1485 36 22 det
622 1485 27 27 pä
664 1491 82 16 samma
760 1486 64 28 gäng,
840 1492 45 15 som
901 1486 41 21 han
957 1486 48 21 full-

186 1516 38 25 gör
240 1515 35 20 det
290 1514 66 21 andra
371 1514 72 26 budet,
458 1513 86 22 hvarför
556 1515 37 26 jag
608 1517 51 22 tror,
676 1517 30 18 att
718 1515 37 21 der
770 1515 18 26 ej
805 1515 40 21 blir
860 1512 69 30 nägon
944 1515 60 22 kolli-

186 1543 46 22 sion
247 1543 23 21 af
284 1543 84 28 pligter.
397 1543 113 21 Dessutom
534 1543 66 22 finnes
623 1544 35 21 det
680 1543 115 22 historiska
813 1545 94 26 exempel
922 1544 34 27 pä,
973 1547 32 19 att
