1078 1803
304 155 160 18 Presteståndet
477 155 55 17 1877.
556 156 24 16 19
592 156 112 17 december.
831 151 55 20 2997

93 226 25 19 är
140 224 74 27 nödigt
229 225 32 20 att
281 225 64 20 också
360 226 51 25 göra
427 224 59 21 detta
500 224 111 21 bestämda
626 224 116 25 uttalande,
759 227 22 24 ty
797 225 60 26 eljest
872 225 42 20 kan

93 253 36 20 det
149 251 85 22 inträffa
254 254 37 25 att,
312 253 69 20 fastän
403 252 166 27 dissenterlagen
592 253 46 20 icke
653 252 68 21 skulle
737 253 63 21 blifva
816 256 98 23 antagen,

92 281 64 20 likväl
180 280 100 26 möjligen
303 281 69 21 denna
394 281 71 20 kunde
488 284 87 23 antagas
598 281 38 20 och
652 281 88 21 sålunda
755 281 123 26 främlingar
893 281 24 20 af

92 309 70 26 någon
185 315 68 15 annan
276 309 128 21 bekännelse
427 315 27 14 nu
477 309 63 20 vinna
554 309 40 20 här
608 309 54 20 finsk
677 309 183 26 medborgarerätt
875 309 39 21 och

93 337 80 21 erhålla
189 337 96 21 embeten
300 337 40 22 och
355 337 89 26 tjenster
459 337 6 20 i
480 337 78 21 landet.
589 337 48 21 Men
652 337 13 21 å
680 337 65 22 andra
761 338 59 21 sidan
835 337 79 21 förstår

90 366 36 26 jag
148 365 47 21 icke
210 365 54 21 huru
279 368 31 18 ett
325 366 23 20 så
364 366 56 20 klart
435 366 38 20 och
490 366 61 26 djupt
566 366 106 20 tänkande
687 366 69 23 stånd,
772 372 44 14 som
833 367 81 25 preste-

93 394 85 21 ståndet
193 394 33 20 väl
242 394 67 22 måste
324 400 62 15 anses
400 400 58 18 vara,
474 394 49 26 kan,
539 394 27 21 då
582 394 36 20 det
634 400 25 14 en
670 393 55 28 gång
740 394 39 21 har
794 394 77 21 bifallit
881 394 33 21 till

93 429 25 15 en
140 422 144 27 dissenterlag,
300 423 66 26 draga
381 423 32 26 sig
427 423 70 21 undan
512 423 34 21 för
561 423 25 21 de
603 422 44 22 helt
662 423 105 26 naturliga
783 423 129 26 konseqven-

92 457 63 15 serna
177 451 22 21 af
218 451 171 27 dissenterlagen,
412 451 38 21 och
474 458 32 15 om
530 458 26 14 en
572 451 54 27 gång
642 451 67 22 finska
731 452 139 26 medborgare
893 452 23 20 af

92 480 111 21 lutherska
225 481 143 21 bekännelsen
390 480 63 21 hafva
476 482 43 20 rätt
541 482 32 19 att
588 480 85 26 öfvergå
688 480 45 22 från
749 480 40 22 den
804 480 111 21 lutherska

92 510 81 26 kyrkan
191 509 31 21 till
238 516 25 14 en
280 516 68 14 annan
364 509 79 21 kristen
460 509 126 21 bekännelse
603 510 32 20 att
650 508 61 23 dessa
723 515 80 15 samma
814 515 100 20 personer

92 539 65 20 sedan
180 538 68 21 skulle
268 538 43 21 lida
325 538 25 21 så
365 538 127 27 väsendtligt
507 538 83 26 intrång
605 538 7 20 i
628 538 45 21 sina
687 538 168 26 medborgerliga
870 540 44 19 rät-

91 567 98 26 tigbeter,
205 573 44 15 som
265 567 22 21 af
300 567 66 26 några
381 566 69 22 talare
466 567 38 21 här
520 567 68 21 blifvit
602 567 88 26 yttradt.
716 567 42 21 Det
773 568 24 20 är
812 566 64 22 redan
888 573 25 15 en

91 596 101 21 afvikelse
215 596 45 20 från
283 596 183 26 konseqvenserna
488 597 32 20 att
535 596 67 24 några
617 596 106 25 undantag
739 597 63 25 göras
817 594 45 22 från
878 596 37 20 det

91 630 45 16 som
161 624 12 27 &
196 626 12 19 2
231 624 122 26 innehåller,
376 630 48 15 men
447 624 36 21 det
505 624 72 26 tyckes
594 630 28 15 nu
638 630 49 15 vara
703 624 115 21 tillsvidare
834 624 80 26 nödigt.

91 654 41 25 Jag
155 655 24 19 är
201 653 22 21 af
240 653 40 21 den
297 653 159 26 öfvertygelsen,
473 658 44 16 som
532 654 88 25 prosten
636 652 63 27 Hjelt,
716 655 32 18 att
763 652 62 21 dessa
839 653 75 21 skran-

91 682 40 20 kor
145 682 49 21 med
210 682 56 20 tiden
282 681 52 21 falla
349 682 48 20 bort
413 684 21 24 ty
450 682 36 20 det
501 682 66 26 ligger
583 681 5 20 i
600 681 75 21 sakens
685 681 134 25 nödvändiga
829 682 85 20 utveck-

91 710 49 26 ling.
171 710 49 21 Men
242 710 26 20 då
291 710 46 21 icke
361 710 35 21 det
412 712 24 18 är
450 710 114 25 föreslaget
579 712 31 19 att
627 710 19 20 vi
661 716 28 14 nu
705 709 61 21 skola
781 712 49 23 taga
845 711 69 24 steget

91 738 24 21 så
138 739 48 21 fullt
206 740 24 19 ut
245 744 62 21 synes
322 739 42 26 mig
380 739 60 20 äfven
456 738 12 27 8
485 739 12 20 2
512 738 8 20 i
535 738 36 20 det
586 739 105 20 närmaste
707 743 51 15 vara
773 737 141 22 tillfredsstäl-

91 767 68 22 lande.
189 767 49 21 Icke
261 767 42 20 kan
325 773 25 15 en
366 767 164 21 folkskollärare
545 766 53 21 höra
613 767 32 20 till
661 773 24 14 en
702 772 69 15 annan
787 766 127 21 bekännelse

91 798 26 19 än
139 796 40 21 den
201 795 109 22 lutherska
334 796 6 21 i
363 795 37 22 fall
423 795 47 22 icke
494 795 121 22 densamma
635 797 24 18 är
673 795 94 21 inrättad
783 794 32 22 för
831 801 25 15 en
872 795 41 20 viss

91 824 128 22 konfession.
250 825 9 18 I
283 825 13 20 2
318 824 12 27 &
352 825 44 20 står
419 824 36 21 det
475 824 24 27 ju
522 824 76 27 tydligt
620 826 32 19 att
672 824 78 21 enhvar
765 823 69 22 lärare
850 823 64 21 hvars

92 853 110 27 åliggande
218 853 36 20 det
268 854 25 19 är
308 855 33 19 att
355 853 97 21 meddela
467 853 149 25 undervisning
630 852 7 20 i
652 858 80 15 samma
747 852 76 27 kyrkas
838 852 46 20 lära
894 852 19 25 ej

93 882 34 21 mä
143 888 50 15 vara
209 881 21 21 af
244 881 131 22 främmande
391 882 80 20 kristen
486 881 96 21 troslära.
613 881 86 20 Således
714 880 67 22 måste
798 881 25 20 de
838 881 34 20 väl
887 880 27 21 dä

92 917 49 15 vara
157 910 131 25 lutheraner;
305 916 34 15 om
354 911 46 20 äter
415 915 25 16 en
456 909 225 26 dissenterförsamling
696 909 67 21 skulle
774 909 49 26 vilja
835 909 79 20 inrätta

92 945 25 15 en
133 939 90 21 särskild
239 938 104 21 folkskola
358 939 38 20 och
413 938 60 21 äfven
489 937 79 22 erhälla
583 937 115 21 understöd
713 937 46 22 frän
775 939 75 22 staten,
861 937 53 20 hvil-

91 967 37 21 ket
150 967 67 21 skulle
236 973 52 14 vara
303 968 47 20 dem
366 967 86 26 unnadt,
468 968 34 19 vet
515 967 36 26 jag
566 966 46 21 icke
627 965 54 22 huru
696 971 47 16 man
760 965 67 22 skulle
843 965 71 21 kunna

92 996 110 21 förhindra
222 995 46 21 dem
292 998 31 19 att
339 995 96 21 meddela
450 995 149 26 undervisning
615 995 52 20 efter
683 994 31 21 sin
729 994 183 21 konfessionslära.

91 1024 128 27 Visserligen
242 1025 36 20 äro
302 1024 66 21 andra
387 1023 107 26 offentliga
510 1024 68 21 lärare
593 1024 31 20 uti
640 1023 49 20 vära
705 1023 59 20 lärda
779 1022 72 21 skolor
866 1022 48 21 med

91 1053 109 26 undantag
215 1051 22 22 af
250 1053 169 26 religionslärare
434 1051 39 22 och
490 1052 68 21 lärare
573 1051 6 21 i
595 1051 88 22 historie
698 1051 65 26 enligt
775 1051 68 21 denna
854 1057 60 20 para-

91 1082 48 26 graf
153 1081 45 21 icke
213 1081 135 21 förhindrade
363 1083 32 19 att
411 1081 96 21 bekänna
520 1087 24 15 en
560 1086 68 15 annan
644 1080 79 21 kristen
739 1079 119 21 konfession
874 1079 40 21 och

93 1110 35 22 det
143 1110 70 21 kunde
229 1111 51 20 visst
295 1116 50 15 vara
360 1109 60 21 fallet
435 1111 31 19 att
482 1116 25 14 en
523 1109 65 21 sådan
603 1114 76 21 person
695 1108 70 21 kunde
785 1107 71 21 utöfva
866 1113 48 21 pro-

92 1138 97 28 paganda
211 1138 32 22 till
264 1138 32 21 sin
312 1138 78 27 kyrkas
405 1138 87 25 förmån,
506 1144 47 15 men
569 1138 13 20 å
597 1144 25 14 en
638 1143 69 15 annan
723 1137 46 21 sida
784 1136 47 22 åter
846 1137 67 20 måste

91 1173 48 15 man
155 1167 33 21 väl
205 1167 102 27 medgifva
322 1169 31 19 att
369 1173 25 14 en
410 1166 64 22 sädan
491 1172 82 21 person,
588 1172 34 15 om
638 1166 40 20 han
689 1172 50 14 vore
749 1167 72 24 sträng
831 1163 83 23 konfes-

91 1196 96 21 sionalist
209 1202 46 14 men
278 1196 65 20 likväl
365 1202 26 13 en
413 1197 46 19 sant
474 1195 84 27 religiös
574 1200 81 21 person,
671 1200 79 20 gagnar
765 1194 48 20 vida
827 1199 45 15 mer
886 1194 28 20 än

92 1224 47 27 den,
162 1224 84 22 hvilken
268 1224 68 21 skulle
353 1224 32 20 till
400 1226 86 19 namnet
502 1230 49 14 vara
566 1222 98 22 lutheran
680 1223 39 21 och
735 1222 53 21 dock
804 1222 109 26 irreligiös,

91 1255 22 25 ty
137 1253 52 21 hans
209 1252 97 27 religiösa
322 1252 138 27 öfvertygelse
476 1252 39 21 och
531 1252 39 20 den
586 1251 59 26 djupt
661 1251 78 27 sedliga
755 1250 99 26 hällning,
868 1256 45 14 som

92 1282 6 20 i
121 1282 87 21 främsta
230 1283 91 19 rummet
343 1280 105 22 erfordras
468 1287 24 14 en
509 1280 75 26 lärare,
600 1280 27 20 dä
639 1280 44 26 just
699 1280 26 20 de
740 1279 121 21 läroämmen
877 1280 36 19 äro

92 1310 142 26 undantagna,
251 1310 37 20 der
303 1310 31 20 ett
349 1309 107 21 direktare
471 1308 137 26 tillämpande
624 1309 22 20 af
659 1308 37 21 vär
706 1308 77 26 kyrkas
793 1306 121 22 konfession

93 1338 41 21 kan
150 1338 158 27 ifrägakomma,
317 1344 61 20 synes
393 1338 43 26 mig
451 1343 50 15 vara
517 1343 41 20 nog
572 1337 7 20 i
595 1336 58 22 detta
668 1336 104 21 afseende.
791 1336 40 25 Jag
846 1334 68 22 skulle

92 1366 61 22 äfven
177 1367 55 21 hälla
255 1366 44 22 före
322 1368 31 19 att
368 1366 85 22 ståndet
467 1365 40 21 här
522 1366 46 20 icke
582 1364 67 22 skulle
666 1364 77 22 förbise
758 1364 107 26 ingressen
882 1362 32 22 till

93 1395 58 22 detta
174 1394 217 28 förordningsförslag,
422 1394 42 22 Det
486 1400 61 21 synes
570 1394 42 26 mig
632 1394 69 20 såsom
724 1392 11 28 &
757 1394 14 19 4
785 1392 46 21 icke
847 1392 67 21 skulle

92 1424 72 20 kunna
189 1424 83 20 komma
295 1423 68 20 under
386 1424 68 25 någon
476 1422 132 26 ompröfning
630 1422 51 20 eller
701 1421 126 21 åtminstone
850 1420 64 21 blifva

92 1451 88 22 föremål
203 1451 31 21 för
255 1452 65 25 något
343 1451 70 20 beslut
435 1450 71 21 förrän
522 1449 36 22 det
572 1449 91 27 följande
678 1448 236 26 författningsförslaget

92 1479 61 22 äfven
173 1482 24 19 är
211 1479 161 26 genomgånget,
386 1481 23 24 ty
425 1478 60 21 faller
500 1478 41 24 det,
558 1479 24 20 är
597 1478 35 20 det
647 1476 104 27 sjelffallet
767 1479 32 18 att
813 1477 12 26 $
840 1477 13 18 +
868 1475 46 21 från

93 1508 142 27 föreliggande
250 1507 213 28 författningsförslag
479 1507 67 21 måste
562 1506 56 27 utgå.
