1070 1809
199 152 55 21 2638
374 157 159 18 Prestestänäet
548 158 54 17 1877.
626 158 24 17 10
662 158 111 17 december.

170 225 70 22 ordas.
269 225 40 27 Jag
329 225 33 21 för
384 226 42 21 min
449 226 34 21 del
505 225 35 22 vill
560 226 52 22 söka
630 226 140 21 koncentrera
784 225 55 22 hvad
853 226 36 27 jag
903 226 40 21 har
958 228 31 20 att

169 255 51 26 säga
234 254 7 21 i
256 255 23 21 sä
294 254 21 22 fä
330 254 39 22 ord
384 260 44 16 som
443 254 87 27 möjligt.

241 283 41 21 Det
300 282 71 27 första,
392 289 45 15 som
453 283 72 22 härvid
540 283 73 21 ställer
627 282 32 27 sig
673 282 33 21 till
721 282 129 22 besvarande
865 284 24 19 är
904 283 84 26 frägan:

169 313 24 20 är
208 311 101 22 Finlands
330 311 177 22 nationalförsvar
525 318 25 15 en
566 312 34 21 för
614 311 116 22 detsamma
744 311 145 28 päträngande
904 312 85 27 angelä-

169 340 84 27 genhet,
276 340 47 21 med
346 340 66 21 andra
428 341 43 26 ord,
486 342 24 19 är
534 341 69 20 denna
617 340 138 26 militärfräga
770 340 23 21 af
806 340 122 22 brännande
943 341 47 21 art?

169 369 40 26 Jag
225 376 68 19 anser,
308 371 32 19 att
354 369 72 21 härtill
441 369 39 22 bör
494 375 72 16 svaras
581 369 47 21 med
639 371 31 19 ett
680 369 124 26 obetingadt
812 369 29 26 ja,
851 375 45 16 som
908 370 82 21 säledes

168 398 95 25 innebär,
278 400 32 19 att
325 397 74 27 frägan
414 404 33 15 om
467 399 83 20 landets
564 398 82 21 försvar
661 397 39 22 och
715 397 104 28 färdighet
833 397 32 22 till
881 398 47 27 krig
943 399 46 21 icke

169 427 42 21 kan
226 426 130 28 uppskjutas,
379 429 31 19 att
432 427 89 21 Finland
535 427 82 21 säledes
632 426 45 22 icke
693 427 41 21 kan
750 427 71 26 ätnöja
837 427 31 26 sig
884 427 47 22 med
947 428 40 21 den

169 455 99 26 ställning
283 455 22 22 af
318 455 168 26 försvarslöshet,
508 461 44 16 som
569 456 35 20 det
619 461 28 15 nu
660 455 43 22 har.
734 455 25 21 Vi
775 455 61 21 hafva
851 456 90 21 kommit
956 456 33 21 till

170 490 25 15 en
215 483 99 26 ställning
337 483 64 22 bland
423 485 133 20 nationernas
571 483 57 22 antal
643 483 46 22 icke
705 483 73 22 endast
793 490 74 20 genom
884 485 36 20 vär
935 484 55 21 fred-

169 512 43 27 liga
233 512 126 27 utveckling,
383 514 50 19 utan
456 512 59 21 äfven
533 519 75 20 genom
624 512 50 21 vära
690 518 76 21 vapens
782 513 64 20 makt.
877 513 38 21 Att
930 512 59 22 bibe-

169 540 58 22 hälla
248 541 68 21 denna
338 541 99 26 ställning
458 543 50 19 utan
523 541 127 26 vapenmakt
665 543 24 18 är
705 541 118 20 otänkbart.
853 541 45 21 Vär
913 541 76 28 beväp-

169 569 55 22 nade
244 569 100 26 ställoing
362 569 39 22 har
421 569 69 27 likväl,
514 569 171 25 välförstäendes,
707 575 25 15 en
748 576 68 15 annan
831 570 115 27 betydelse,
962 572 26 19 än

170 600 31 19 ett
222 598 175 21 nationalförsvar
418 599 37 21 och
471 598 104 27 färdighet
590 598 31 22 till
637 598 46 27 krig
698 598 7 21 i
721 599 25 21 de
762 601 57 18 stora
834 599 23 20 af
870 599 31 26 sig
916 598 72 28 sjelfva

170 627 126 26 fullkomligt
318 627 105 21 beroende
445 629 100 20 staterna.
576 627 45 21 Den
644 627 37 20 har
702 633 44 15 mer
761 633 24 15 en
805 627 98 25 indirekt,
918 630 27 19 än
961 634 25 15 en

171 656 69 21 direkt
250 655 114 28 betydelse.
394 656 26 21 Vi
432 656 69 22 kunna
516 656 68 26 aldrig
599 656 64 21 tänka
678 661 34 16 oss
727 657 6 20 i
753 656 61 21 stånd
835 659 33 18 att
883 657 105 26 uppställa

170 687 31 19 ett
215 685 87 25 försvar,
318 691 44 15 som
378 685 66 21 skulle
460 685 70 21 kunna
544 685 102 27 betrygga
661 691 40 19 oss,
718 684 99 27 betrygga
833 691 36 15 ens
880 685 46 21 värt
938 685 49 22 land

169 713 34 22 för
218 713 42 22 alla
281 714 121 26 krigsfaror,
422 720 46 15 men
490 715 46 20 värt
555 713 80 22 försvar
654 713 39 22 har
709 714 39 21 den
763 713 129 28 betydelsen,
908 717 32 18 att
952 714 36 21 det

169 743 68 26 gifver
252 749 34 14 oss
306 744 31 20 ett
358 742 110 22 moraliskt
487 743 55 21 stöd.
572 743 42 20 Det
633 744 38 25 gör
686 743 37 20 det
738 743 104 26 nämligen
857 743 34 21 för
906 749 34 15 oss
955 743 32 21 till

170 777 26 15 en
220 771 108 27 möjlighet
350 773 32 19 att
406 771 37 22 allt
463 771 104 26 framgent
589 777 24 15 ur
636 771 85 27 möjliga
744 772 117 21 materiella
888 771 99 28 nederlag

170 799 80 27 framgä
265 801 47 20 med
328 800 100 21 moralisk
444 806 65 21 seger,
524 801 68 20 säsom
608 799 18 21 vi
638 799 74 22 hittills
724 799 61 22 hafva
795 800 63 27 gjort.
881 801 106 20 Historien

169 828 39 21 har
227 829 53 20 intet
303 829 92 26 exempel
414 831 31 19 att
464 829 88 27 uppvisa
570 829 28 26 pä
613 828 50 25 folk,
678 834 45 15 som
739 828 67 21 skulle
822 828 61 22 hafva
897 829 47 27 gätt
957 829 29 27 fy-

170 857 53 22 siskt
238 857 66 22 under
320 857 48 22 med
383 857 143 22 oförderfvade
542 857 83 26 andliga
640 857 85 22 krafter.
756 857 42 22 Det
813 859 24 19 är
852 857 68 22 denna
930 858 58 21 inde-

170 886 61 21 rekta
248 885 114 28 betydelse,
383 892 45 15 som
445 887 36 26 jag
496 886 36 21 vill
547 886 62 21 ställa
624 886 6 21 i
646 886 87 21 främsta
748 890 95 17 rummet.
874 887 112 21 Dessutom

169 915 67 27 ligger
257 916 35 21 det
311 915 24 27 ju
350 915 60 22 alltid
428 922 24 14 en
468 918 45 19 stor
528 916 53 21 väda
596 915 6 21 i
617 915 40 21 den
673 914 105 28 ställning,
794 921 45 15 som
854 915 90 22 Finland
959 922 29 15 nu

169 944 39 21 har
223 944 38 21 och
284 944 84 21 hvilken
389 944 73 21 endast
482 943 159 28 kortsyntheten
663 944 41 21 kan
724 949 50 16 anse
789 944 104 27 gagnelig:
909 947 32 18 att
956 944 32 21 ät-

169 973 59 27 njuta
250 973 43 21 alla
314 973 84 21 fredens
421 973 151 26 välgerningar,
597 976 50 18 utan
673 975 32 19 att
726 973 70 21 derför
817 973 84 27 erlägga
922 973 65 28 nägot

168 1001 102 28 egentligt
285 1002 47 27 pris.
353 1002 43 21 Det
410 1004 24 19 är
449 1004 31 19 att
495 1002 53 21 lefva
564 1003 39 20 den
619 1001 120 28 omyndiges
754 1001 23 22 lif
791 1004 33 19 att
834 1002 88 22 sålunda
932 1003 55 21 blott

169 1032 82 23 värnas,
273 1031 39 21 och
332 1033 32 19 att
379 1031 97 26 fördraga
492 1031 58 20 detta
565 1037 50 15 vore
630 1031 47 20 äter
691 1030 98 28 förenligt
805 1031 74 21 endast
895 1031 46 21 med
956 1033 32 20 ett

168 1065 45 16 mer
229 1059 51 22 eller
295 1059 80 22 mindre
390 1059 97 21 förfinadt
502 1059 120 26 sjelfförakt.

236 1088 41 25 Jag
299 1094 61 15 anser
381 1088 82 21 säledes
479 1088 73 27 frägan
568 1095 32 14 om
617 1088 130 21 inrättandet
762 1088 22 21 af
797 1090 31 19 ett
843 1089 144 21 landsförsvar

168 1117 27 26 pä
211 1119 30 19 ett
257 1117 51 21 eller
323 1119 64 19 annat
402 1119 43 19 sätt
460 1117 46 21 icke
520 1117 73 21 kunna
607 1117 125 26 uppskjutas
748 1117 38 21 och
798 1119 30 18 ett
839 1117 93 27 uppskof
941 1117 45 22 deri

167 1151 52 15 vara
241 1146 75 20 endast
338 1148 32 19 att
386 1145 94 27 förlänga
496 1152 24 14 en
537 1145 132 21 fortfarande
684 1144 52 26 fara,
752 1145 6 21 i
774 1145 85 21 hvilken
874 1146 47 21 värt
936 1146 50 21 land

168 1173 89 22 sväfvar.
289 1174 41 21 Det
344 1174 92 21 äterstär
450 1175 81 20 säledes
546 1175 74 20 endast
636 1176 31 19 att
682 1175 56 26 välja
754 1177 30 18 ett
800 1174 32 21 för
844 1175 51 21 vära
907 1175 79 21 förhäl-

167 1203 78 21 landen
266 1203 95 27 lämpadt
383 1205 43 19 sätt
441 1206 32 18 att
487 1203 123 27 organisera
624 1203 47 20 värt
685 1203 183 25 nationalförsvar,
885 1206 31 19 att
931 1204 55 27 välja

167 1231 90 22 emellan
277 1232 57 21 vissa
355 1231 210 22 förhandenvarande
581 1232 177 27 försvarssystem.
788 1232 53 21 Häri
857 1233 66 26 ligger
934 1235 52 18 utan

166 1260 75 21 tvifvel
261 1267 25 14 en
307 1261 84 27 mycket
412 1264 44 18 stor
474 1261 112 26 svärighet.
615 1260 31 21 Pä
661 1260 86 27 frägans
762 1261 6 20 i
785 1261 40 20 den
841 1261 60 21 delen
916 1261 69 21 förbe-

166 1289 89 28 redning
278 1289 64 22 hafva
364 1292 58 19 stora
443 1289 39 22 och
505 1289 165 27 aktningsvärda
685 1289 87 21 arbeten
788 1289 70 22 blifvit
874 1290 110 27 nedlagda,

166 1324 48 15 men
231 1319 38 26 jag
288 1321 45 18 tror
352 1318 44 27 mig
411 1318 45 22 icke
472 1320 50 25 säga
537 1318 33 21 för
586 1318 90 26 mycket,
692 1317 27 22 då
732 1319 35 26 jag
783 1320 66 25 säger,
864 1320 33 19 att
912 1318 73 26 frågan

167 1348 56 18 ännu
245 1347 68 20 skulle
336 1347 44 20 tåla
402 1347 72 19 vidare
496 1347 121 24 utredning;
634 1346 106 19 måhända
754 1347 42 19 kan
812 1353 26 13 en
853 1347 66 19 sådan
935 1347 51 20 eller

166 1373 129 21 åtminstone
317 1374 76 26 bidrag
415 1374 70 20 dertill
507 1373 32 21 fås
558 1374 66 20 under
640 1373 135 27 landtdagen,
791 1374 66 21 ehuru
873 1375 36 20 det
924 1380 62 21 synes

166 1407 45 16 som
234 1402 68 20 skulle
323 1402 46 21 icke
394 1401 127 27 landtdagen
544 1401 64 21 hinna
629 1401 152 22 slutdiskutera
799 1402 73 27 frågan
892 1402 7 21 i
917 1403 69 21 denna

166 1430 40 21 del.
236 1430 49 22 Men
301 1431 64 21 också
379 1431 48 21 med
443 1431 39 20 den
498 1430 82 21 mindre
595 1430 195 22 tillfredsställande
805 1431 119 26 utredning,
940 1437 45 16 som

166 1459 40 21 den
226 1465 28 15 nu
274 1459 44 27 har,
339 1462 45 19 tror
402 1459 36 28 jag
460 1459 60 25 dock,
543 1461 33 19 att
597 1461 32 19 ett
643 1459 70 21 beslut
728 1461 49 20 utan
793 1459 73 22 alltför
881 1462 44 19 stor
940 1460 45 22 fara

165 1487 34 22 för
213 1488 117 27 missgrepp
345 1489 42 21 kan
403 1488 70 21 fattas.
501 1487 27 22 Vi
542 1487 63 22 hafva
619 1488 6 20 i
641 1488 40 21 den
697 1488 43 25 akt,
756 1494 46 15 som
816 1489 168 21 utskottsbetän-

165 1516 80 22 kandet
267 1517 123 26 innehåller,
404 1518 78 20 tvänne
496 1516 86 28 förslag,
598 1516 40 21 den
653 1516 118 28 Kejserliga
786 1518 159 26 propositionen
961 1520 24 20 är

166 1546 36 21 det
222 1546 74 27 tredje.
326 1546 50 23 Man
395 1546 70 21 kunde
486 1546 88 28 tillägga
593 1552 26 15 en
638 1544 66 29 fjerde
726 1548 73 26 utväg:
819 1549 33 19 att
870 1546 115 23 återinföra
