1081 1803
192 157 55 21 3272
390 161 161 18 Presteståndet
562 162 55 16 1878.
642 162 20 16 11
673 162 88 20 januari.

163 230 69 22 blifvit
254 230 37 22 sitt
314 230 128 27 föregående
464 230 76 26 beslut,
562 230 28 27 på
612 231 108 25 upptagna
742 230 46 20 skäl
809 229 128 25 hemställer,
953 232 32 20 att

162 261 83 26 preste-
262 259 38 21 och
318 259 158 21 bondestånden
492 258 49 22 ville
556 258 76 27 frångå
646 258 37 21 sitt
698 258 91 21 beslut.i
805 258 54 21 hvad
876 258 26 21 de
918 258 67 22 skilde

163 288 32 27 sig
210 288 46 22 från
271 288 147 26 ridderskapet
434 288 39 20 och
489 288 72 20 adelns
572 287 39 21 och
623 287 189 27 borgareståndens
822 287 70 21 beslut
903 288 6 20 i
920 288 65 21 saken

163 318 41 21 och
225 317 82 22 således
326 316 79 28 jemväl
424 316 32 22 för
477 316 31 21 sin
530 316 33 21 del
581 316 90 22 besluta,
687 318 31 19 att
733 316 138 22 förenämnda
886 317 102 26 paragraf

164 346 54 22 skall
241 346 80 21 erhälla
343 346 39 21 den
402 345 23 21 af
444 345 137 21 sistbemälda
596 344 62 21 stånd
674 345 119 26 godkända,
812 345 24 21 så
850 345 90 27 lydande
956 346 30 21 af-

164 376 102 25 fattning:
297 374 58 25 Allt
370 374 54 21 hvad
440 374 6 20 i
462 373 133 22 förestående
610 374 68 21 måtto
694 375 24 20 är
733 373 99 27 stadgadt
845 380 33 15 om
890 374 96 21 otillåten

164 403 125 28 försäljning
311 403 39 21 och
371 403 109 24 utdelning
499 402 23 21 af
538 403 87 20 bränvin
641 402 66 27 gäller
722 402 62 21 äfven
800 408 33 16 om
849 403 43 21 alla
907 403 79 21 sådana

164 433 143 26 blandningar
327 432 33 21 till
379 432 71 27 dryck,
466 432 31 20 uti
515 431 71 22 hvilka
600 431 89 21 bränvin
705 431 31 21 till
752 431 69 26 någon
836 431 150 28 hufvudsaklig

165 462 34 21 del
220 461 66 27 ingår,
308 461 108 21 äfvensom
431 461 6 20 i
453 460 99 21 afseende
573 461 13 20 å
604 461 66 20 andra
691 460 81 21 brända
790 460 51 22 eller
856 460 130 22 distillerade

166 491 31 20 in-
213 490 51 21 eller
279 490 115 21 utländska
408 489 116 27 spritvaror
540 489 39 22 och
595 489 94 27 drycker,
706 489 70 21 hvilka
791 491 37 20 äro
844 489 86 21 dermed
945 489 41 22 till-

166 519 76 27 lagade
261 519 64 20 likväl
340 521 52 18 utan
407 524 68 15 annan
490 518 153 27 inskränkning
658 517 7 21 i
680 517 120 22 handlande
815 518 113 21 tillerkänd
944 520 44 19 rätt

166 550 34 19 att
214 547 86 26 försälja
315 547 139 21 nästnämnda
470 547 116 26 spritvaror
602 547 39 20 och
656 546 173 26 tillblandningar
840 547 66 25 deraf,
918 548 26 19 än
956 549 32 19 att

166 576 43 21 fem
229 576 81 20 kannor
328 578 24 18 är
370 576 36 20 det
423 575 78 21 minsta
516 575 61 27 parti,
594 581 44 15 som
654 575 22 21 af
690 574 72 27 hvarje
778 575 46 25 slag
838 574 32 21 får
885 575 103 27 föryttras

167 605 40 21 och
226 604 90 27 utgifvas
338 604 23 21 åt
379 604 101 26 köparen,
496 604 85 21 hvilken
597 604 46 20 icke
659 603 34 21 må
707 603 80 21 tillåtas
803 606 32 18 att
850 602 65 28 något
928 603 62 22 deraf

167 634 13 21 å
195 634 71 21 stället
281 633 81 21 förtära
377 632 50 22 eller
442 632 78 22 utdela.

235 661 113 23 Likaledes'
370 662 52 21 skall
444 661 56 21 hvad
515 667 33 15 om
564 660 144 22 minuthandel
725 660 46 22 med
788 660 87 22 bränvin
892 662 23 19 är
930 660 57 22 stad-

166 691 58 27 gadt,
240 691 163 27 undantagande
418 690 159 21 föreskrifterna
592 690 6 21 i
614 690 12 26 $
642 690 26 20 49
685 689 39 21 och
740 689 159 21 bestämmelsen
915 689 6 21 i
937 690 13 26 $
961 690 26 21 57

168 725 34 16 om
224 720 122 20 bränvinets
367 719 72 26 rening
460 719 39 20 och
520 719 79 26 styrka,
614 718 57 26 gälla
690 718 61 21 äfven
766 718 33 21 för
815 718 57 26 dylik
888 718 77 21 handel
981 719 6 19 i

168 748 47 21 stad
231 748 47 21 med
294 747 138 22 förenämnda
452 747 67 21 andra
535 747 81 20 brända
631 747 51 20 eller
697 746 131 21 distillerade
842 747 28 20 in-
888 747 52 20 eller
954 751 34 16 ut-

167 776 91 21 ländska
280 777 116 26 spritvaror
416 775 39 22 och
476 776 59 21 deraf
553 775 101 27 tillagade
670 775 95 26 drycker,
782 775 53 21 dock
851 777 32 19 att
898 775 91 21 idkande

167 805 23 21 af
209 811 68 14 annan
300 805 76 20 handel
399 804 46 21 icke
467 806 61 25 utgör
546 804 75 21 hinder
636 803 32 21 för
683 803 103 21 vinnande
802 803 22 21 af
839 803 102 26 rättighet
956 803 32 22 till

168 833 194 26 minutförsäljning
377 833 21 20 af
413 833 61 21 dessa
489 839 68 14 varor.
587 833 30 20 På
633 832 71 21 landet
720 832 34 21 må
766 832 66 21 sådan
843 832 146 21 minuthandel

166 862 47 21 icke
229 868 38 21 ega
283 862 64 24 rum",
363 865 55 18 samt

236 920 34 20 2:0
294 921 30 19 ett
345 918 47 21 från
414 918 130 21 hedervärda
567 917 155 22 bondeståndet
741 917 100 27 ingånget
862 917 127 28 protokolls-

168 949 77 26 utdrag
266 947 22 22 af
306 947 112 27 gårdagen,
436 947 45 21 deri
497 947 91 21 nämnda
604 946 67 27 stånd,
686 953 46 14 som
747 947 35 20 vid
797 947 156 26 handläggning
968 947 23 20 af

168 977 216 22 ekonomiutskottets
401 983 49 20 nyss
466 976 88 21 anförda
568 975 110 22 skrifvelse
693 975 107 21 förkastat
815 975 115 22 utskottets
946 975 44 21 för-

168 1007 46 25 slag
229 1006 39 21 och
284 1005 104 22 vidblifvit
403 1006 38 20 sitt
456 1005 58 21 förut
529 1005 80 21 fattade
625 1003 69 22 beslut
709 1005 48 20 med
773 1004 40 21 den
828 1004 117 26 förklaring
957 1006 33 19 att

167 1035 74 26 frågan
261 1034 46 21 icke
322 1033 55 27 finge
391 1033 85 22 förfalla
491 1034 33 21 vid
540 1033 68 21 denna
624 1033 108 27 landtdag,
744 1035 51 18 utan
810 1033 7 20 i
832 1034 40 20 den
888 1033 34 21 del
935 1039 55 15 sam-

167 1063 137 26 stämmighet
318 1062 89 21 stånden
423 1061 88 22 emellan
526 1062 46 20 icke
586 1061 82 21 kunnat
683 1062 73 20 vinnas
766 1061 66 21 borde
846 1061 30 21 till
887 1061 103 21 förstärkt

167 1091 83 21 utskott
266 1091 144 25 öfverlämnas,
426 1090 97 26 inbjudes
538 1089 156 27 presteståndet
709 1091 32 19 att
752 1095 33 16 om
797 1089 65 21 sådan
873 1089 116 26 förklaring

168 1120 33 25 sig
216 1120 80 21 förena.

238 1176 66 21 Ordet
320 1176 78 21 erhölls
413 1176 22 21 af

236 1233 155 28 Kyrkoherden
410 1233 155 26 Stenbäck,
581 1239 45 15 som
640 1233 96 27 yttrade:
766 1233 72 27 Enligt
853 1233 56 22 hvad
924 1233 64 22 redan

168 1262 68 21 under
250 1263 145 20 diskussionen
411 1262 23 21 af
446 1261 160 28 ifrågavarande
622 1263 77 20 ärende
714 1262 95 27 yttrades
824 1262 6 21 i
846 1262 60 21 detta
921 1262 69 24 stånd,

168 1291 69 21 skulle
252 1291 40 21 den
304 1290 125 27 ifrågasatta
445 1291 129 26 rättigheten
590 1293 32 18 att
637 1290 50 22 idka
702 1291 146 21 minuthandel
865 1291 47 20 med
928 1291 62 27 sprit-

168 1326 62 15 varor
251 1320 60 21 äfven
327 1320 37 21 der
380 1325 68 16 annan
464 1320 75 21 handel
555 1319 67 26 idkas,
638 1320 7 20 i
660 1320 23 21 så
699 1319 103 27 väsentlig
817 1319 47 21 mån
880 1320 111 21 motverka

168 1348 37 21 det
220 1347 61 26 syfte,
298 1348 114 21 ständerna
427 1348 55 20 hade
497 1349 47 19 med
560 1348 144 20 inlemnandet
718 1348 22 20 af
754 1349 116 24 petitionen
886 1349 6 19 i
908 1348 82 25 frågan,

168 1377 33 20 att
222 1375 86 21 dermed
326 1375 50 27 föga
396 1375 52 21 eller
462 1376 80 25 ganska
558 1376 46 20 litet
620 1381 50 15 vore
685 1379 79 17 vunnet
778 1375 34 21 för
826 1376 42 20 den
882 1377 109 19 närmaste

167 1403 120 22 framtiden.
318 1404 42 21 Det
383 1403 115 24 framhölls,
518 1406 38 23 att,
574 1410 34 14 om
628 1403 160 21 minuthandeln
810 1403 48 22 med
874 1404 117 27 spritvaror

167 1431 56 23 skall
240 1433 69 20 såsom
325 1431 75 21 hittills
415 1431 22 21 få
452 1437 51 15 vara
519 1433 118 25 berättigad
654 1432 60 21 äfven
729 1433 33 20 för
778 1433 85 26 sådana,
879 1439 45 14 som
940 1432 50 21 idka

167 1466 70 16 annan
259 1460 83 26 handel,
363 1460 54 22 skall
440 1461 36 21 det
497 1460 155 27 otvifvelaktigt
672 1461 70 21 hända
764 1461 128 21 åtminstone
912 1461 7 20 i
939 1460 52 22 våra

168 1489 81 23 mindre
267 1490 78 26 städer,
360 1491 32 20 att
411 1490 76 20 nästan
505 1489 72 27 hvarje
592 1489 120 22 handlande
727 1490 23 21 af
763 1489 227 27 kommunalstyrelsen

168 1518 88 27 beviljas
273 1518 103 27 rättighet
396 1520 32 19 att
442 1518 51 22 idka
508 1524 26 16 en
549 1518 65 22 sådan
630 1518 76 22 handel
722 1518 39 22 och
777 1518 81 22 således
874 1518 36 22 det
925 1518 65 22 ända-

168 1548 48 26 mål,
232 1554 46 15 som
290 1547 115 21 ständerna
415 1547 55 22 hade
481 1547 47 21 med
537 1547 122 27 petitionen,
670 1547 7 21 i
688 1547 103 28 väsentlig
802 1548 51 27 grad
864 1547 126 22 förhindras.
