1092 1809
330 147 161 18 Presteståndet
503 146 54 18 1878.
582 147 24 17 10
616 147 89 21 januari.
838 142 55 20 3253

233 283 115 27 Samma
365 283 56 35 dag
439 283 38 27 kl.
495 283 18 27 6
531 283 72 27 efter
620 282 161 36 middagen.

169 353 41 22 Vid
224 353 118 21 verkstäldt
356 358 83 22 upprop
453 352 103 22 befunnos
571 353 96 21 ståndets
676 352 99 27 samtliga
785 353 136 22 medlemmar

101 382 131 22 närvarande
254 382 49 21 med
320 381 108 27 undantag
443 381 22 22 af
479 382 77 21 doktor
569 381 104 27 Lindelöf,
689 388 45 15 som
749 381 107 23 anmäldes
872 388 50 15 vara

101 410 132 26 illamående,
249 410 39 22 och
303 410 106 27 professor
424 410 70 27 Cleve,
510 417 44 15 som
570 410 22 22 af
606 410 56 22 förut
676 410 8 22 i
695 410 131 28 protokollet
835 411 86 21 anteck-

101 439 43 23 nad
159 439 62 22 orsak
236 446 38 15 var
287 440 147 21 frånvarande.

170 594 41 22 Till
233 594 86 22 fortsatt
339 594 128 27 behandling
481 594 93 28 företogs
588 594 245 28 värnepligtsutskottets
848 595 73 21 betän-

102 623 69 22 kande
186 630 35 15 n:o
237 624 12 20 3
264 624 144 21 innefattande
424 624 44 21 dels
483 623 79 27 förslag
576 623 32 22 till
622 623 202 27 sammanjemkning
834 623 22 22 af
864 624 59 21 stån-

102 652 52 22 dens
174 652 121 27 skiljaktiga
316 652 71 22 beslut
409 652 46 21 med
478 652 112 28 anledning
612 652 21 22 af
653 652 114 22 utskottets
788 652 134 22 betänkande

101 687 33 15 vo
158 682 10 20 1
192 681 108 26 angående
314 681 60 22 Hans
394 680 117 28 Kejserliga
526 681 108 27 Majestäts
650 681 77 26 nådiga
742 682 130 26 proposition
888 687 34 15 om

102 710 110 21 införande
227 710 22 21 af
263 710 77 21 allmän
355 710 119 27 värnepligt
489 710 6 20 i
510 709 77 28 landet,
603 710 45 21 dels
663 712 47 24 nytt
724 710 98 27 yttrande
834 710 31 21 till
875 711 47 20 när-

102 744 58 16 mare
182 738 125 27 motivering
330 738 21 22 af
371 739 55 21 vissa
445 739 6 20 i
468 738 188 28 värnepligtslagen
672 738 102 27 ingående
790 738 132 28 paragrafers

102 767 105 27 egenskap
223 767 22 21 af
258 767 252 27 grundlagsstadganden.

171 824 120 22 Utskottets
309 824 79 27 förslag
403 824 31 22 till
450 824 202 27 sammanjemkning
668 824 21 22 af
702 824 97 22 besluten
814 824 108 27 angående

103 854 23 26 $$
143 854 33 24 24,
193 854 32 26 25,
242 854 33 26 27,
292 854 27 21 28
335 853 39 22 och
389 854 26 20 29
431 853 122 27 godkändes
568 853 102 27 enhälligt
685 853 39 21 och
734 855 51 19 utan
798 853 123 22 diskussion.

174 910 115 28 Angående
304 912 11 25 &
331 911 28 21 30
374 910 91 28 uppstod
480 910 90 27 följande
586 910 125 22 diskussion.

170 968 90 20 Prosten
282 967 101 27 Hjelt:
413 967 42 27 Jag
475 974 62 15 anser
552 968 34 21 det
602 973 50 16 vara
667 967 87 22 alldeles
770 967 86 27 onödigt
870 969 32 20 att
916 968 8 20 i

102 996 191 27 värnepligtslagen
319 996 70 21 införa
410 996 69 22 denna
500 996 21 22 af
543 996 154 22 bondeståndet
712 996 106 27 päyrkade
834 996 90 22 bestäm-

102 1025 50 27 ning
176 1025 39 21 och
230 1030 61 16 anser
306 1026 32 20 att
353 1024 156 22 bondeståndet
523 1027 24 19 är
561 1024 123 27 tillräckligt
699 1024 136 28 tillgodosedt
849 1031 76 21 genom

103 1054 25 21 de
152 1054 156 26 bestämningar
329 1059 45 16 som
389 1054 49 26 ingå
453 1054 6 20 i
475 1053 72 27 sjelfva
562 1054 13 26 &
591 1054 27 21 30
632 1060 46 15 som
694 1053 136 22 tillerkänner
845 1054 79 21 enhvar

103 1084 31 20 att
156 1082 33 22 för
209 1082 108 22 ordnande
340 1081 23 23 af
383 1082 45 22 sina
451 1082 137 22 ekonomiska
607 1082 177 27 angelägenheter
798 1082 21 22 fä
834 1082 91 28 uppskof

102 1111 48 22 med
165 1112 83 20 inträde
263 1111 6 21 i
285 1110 57 22 aktiv
357 1111 64 27 tjenst
436 1111 28 27 pä
479 1112 35 21 tvä
529 1112 34 20 ärs
578 1111 38 22 tid.

171 1168 81 22 Rektor
264 1168 127 22 Kihlman:
421 1168 40 27 Jag
477 1168 67 22 skulle
559 1168 80 22 kanske
654 1174 50 16 vara
720 1168 94 27 benägen
830 1170 32 20 att
871 1168 53 26 god-

103 1198 71 21 känna
196 1198 69 20 denna
286 1197 101 27 paragraf
405 1203 33 15 om
451 1198 36 26 jag
502 1197 68 21 skulle
584 1197 67 21 förstå
667 1197 45 21 den.
743 1196 49 22 Men
806 1197 36 27 jag
856 1198 68 20 måste

103 1226 98 22 bekänna
215 1228 32 19 att
260 1226 36 27 jag
311 1226 46 22 icke
373 1228 34 19 vet
423 1232 34 16 om
470 1226 37 26 jag
522 1226 38 21 har
576 1226 63 22 fattat
655 1226 39 20 den
710 1225 79 27 riktigt.
808 1226 41 21 Det
864 1226 60 20 heter

104 1255 83 25 »fader-
210 1254 38 22 och
268 1255 107 21 moderlös
389 1254 90 28 yngling,
494 1260 45 16 som
561 1260 70 16 ensam
652 1254 97 22 handhar
770 1254 154 26 förvaltningen

103 1283 22 22 af
139 1284 6 20 i
161 1284 34 20 arf
209 1285 107 24 mottagen
330 1283 166 27 jordlägenhet*.
526 1284 74 20 Denna
614 1283 85 27 yngling
714 1283 67 21 måste
796 1289 50 15 vara
867 1282 59 22 öfver

104 1313 24 20 21
153 1312 24 21 är
197 1312 91 26 gammal
310 1312 38 22 och
369 1318 49 16 man
438 1312 70 21 kunde
523 1312 65 21 tänka
603 1314 32 19 att
650 1312 42 21 ban
707 1311 81 22 således
803 1311 39 21 har
856 1312 69 26 ingått

103 1340 51 28 gifte
175 1341 38 21 och
228 1342 32 20 att
275 1341 41 21 han
333 1341 6 21 i
355 1341 76 21 sådant
446 1340 36 22 fall
497 1341 46 21 icke
558 1340 68 22 skulle
640 1347 52 15 vara
706 1340 81 21 befriad
802 1346 48 15 men
866 1340 59 22 dere-

103 1371 45 19 mot
170 1372 33 19 att
222 1369 49 27 han,
287 1376 34 15 om
337 1369 41 22 han
394 1371 24 20 är
433 1370 58 26 ogift,
507 1371 24 20 är
546 1369 90 26 befriad;
652 1375 48 15 men
716 1371 23 19 är
754 1369 42 21 kan
811 1368 38 28 gift
863 1370 24 20 sä
902 1370 23 20 är

104 1398 41 21 han
160 1398 46 22 icke
222 1404 71 16 ensam
309 1401 50 19 utan
375 1398 27 22 dä
417 1398 41 22 kan
474 1398 88 21 hustrun
578 1398 108 26 öfvertaga
701 1397 161 27 förvaltningen.
885 1396 40 28 Jag

104 1426 39 22 har
159 1428 62 20 tänkt
239 1429 31 19 att
286 1427 36 21 det
337 1426 66 22 skulle
420 1433 49 15 vara
485 1427 109 25 meningen
609 1432 47 14 men
671 1426 36 26 jag
722 1428 34 18 vet
770 1426 54 25 icke,
839 1432 48 14 men
902 1428 24 18 är

104 1454 36 21 det
156 1455 39 21 den
211 1454 71 23 tanke,
297 1460 46 16 som
358 1460 49 15 man
421 1454 37 21 vill
472 1454 60 26 yrka,
548 1459 61 21 synes
624 1453 36 21 det
676 1453 41 27 mig
727 1454 69 20 säsom
806 1453 35 21 det
851 1453 74 26 skulle,

103 1482 63 22 hafva
188 1482 49 22 bort
252 1482 62 27 yrkas
337 1482 88 22 sälunda
447 1485 32 18 att
501 1488 48 15 man
569 1484 64 24 öppet
655 1483 61 25 säger
738 1483 32 19 att
786 1482 39 20 den
840 1487 45 15 som
901 1483 25 19 är

104 1510 45 27 gift.
180 1510 45 22 Den
248 1510 66 22 andra
336 1510 144 28 anmärkning,
503 1516 45 16 som
568 1510 36 28 jag
620 1510 39 21 har
673 1512 57 20 emot
745 1510 69 22 denna
828 1509 100 29 paragraf

105 1541 24 20 är
151 1541 32 20 att
204 1539 55 22 hvad
281 1539 104 23 utskottet
408 1540 29 21 uti
460 1539 134 27 inledningen
616 1541 68 25 säger,
699 1539 105 27 nämligen
820 1539 47 22 med
883 1539 43 21 för-
