1073 1809
214 155 55 21 2800
386 159 160 18 Presteständet
558 160 54 18 1877.
636 160 23 17 13
672 160 112 17 december.

182 228 79 28 kyrkor
284 229 40 20 och
346 231 32 19 att
400 229 36 20 det
454 228 32 21 till
503 228 37 21 och
556 228 48 20 med
620 234 50 14 vore
685 227 99 27 önskligt,
800 227 120 27 isynnerhet
934 228 8 20 i
957 227 46 21 vårt

183 257 56 26 Jand,
264 259 31 19 att
318 263 48 15 man
382 256 67 22 skulle
465 256 62 22 hafva
542 262 25 16 en
583 256 55 22 skild
654 256 139 27 dissenterlag
807 255 32 22 för
854 256 40 21 den
909 255 93 27 grekisk-

182 286 63 27 ryska
267 286 89 26 kyrkan,
378 292 26 15 en
419 285 90 22 särskild
525 285 139 26 dissenterlag
681 284 33 22 för
729 284 39 22 den
784 284 220 22 romersk-katholska

183 315 81 26 kyrkan
288 315 39 21 och
352 320 24 16 en
396 314 55 22 skild
474 314 139 26 dissenterlag
628 314 33 20 för
676 313 26 21 de
716 313 167 27 protestantiska
898 313 104 21 sekterna.

182 344 50 20 Man
248 343 41 21 kan
306 343 104 27 nämligen
427 343 17 27 ej
461 348 51 16 vara
527 349 41 21 nog
584 344 72 25 sträng
671 343 5 21 i
693 343 45 20 sina
754 342 164 27 bestämmelser,
931 342 27 21 då
968 342 36 22 det

182 372 68 27 gäller
265 372 39 21 den
320 371 220 22 romersk-katholska
555 371 89 27 kyrkan.
674 370 101 22 Deremot
790 370 67 22 skulle
872 377 48 15 man
934 371 70 21 kunna

182 407 51 15 vara
254 401 81 27 ganska
350 400 75 22 liberal
441 403 44 19 mot
500 400 122 22 bekännare
636 399 23 22 af
673 400 39 21 den
729 399 122 29 reformerta
868 400 80 27 kyrkan
965 400 38 21 och

183 430 26 21 de
232 430 166 26 protestantiska
418 430 104 25 sekterna,
547 429 87 21 emedan
657 429 62 21 dessa
742 428 18 27 ej
776 428 63 22 hafva
854 429 68 27 någon
938 429 65 21 makt.

182 458 10 21 I
208 458 98 22 afseende
322 459 13 21 å
350 458 40 22 den
412 458 210 26 grekisk-katholska
638 458 80 26 kyrkan
733 458 46 21 åter
795 458 67 21 måste
878 458 124 27 lagstiftnin-

182 494 40 19 gen
242 489 49 25 taga
314 488 79 26 hänsyn
409 487 32 21 till
457 488 25 20 de
498 487 114 21 historiska
628 486 160 22 förhållandena
803 486 39 22 och
858 487 82 21 således
954 492 50 16 vore

183 515 39 22 här
244 522 26 15 en
292 516 90 21 särskild
402 516 145 21 modifikation
562 515 22 22 af
598 515 193 22 samvetsfrihetens
805 515 113 27 grundsats
934 516 69 26 nödig.

183 544 40 21 Om
238 551 48 15 man
302 545 82 21 således
400 544 63 22 också
478 545 84 21 komme
578 546 32 19 att
625 545 94 20 undvara
734 550 26 15 en
770 544 51 27 lag
813 540 12 36 i
832 545 98 21 afseende
941 544 12 22 å
964 545 39 21 den

181 573 209 27 grekisk-katholska
399 573 82 27 kyrkan
492 580 50 15 vore
553 574 35 20 det
597 573 24 27 ju
632 572 63 22 likväl
706 579 26 15 en
742 574 67 21 fördel
820 576 32 18 att
860 573 62 21 hafva
933 580 26 14 en
969 574 35 26 lag

182 602 7 21 1
200 602 98 22 afseende
309 602 12 21 å
333 603 39 21 den
384 602 217 22 romersk-katholska
612 602 81 27 kyrkan
704 602 39 20 och
754 602 68 27 öfriga
833 602 120 24 dissenters,
965 602 39 21 och

183 631 36 21 det
230 638 61 20 synes
302 632 42 25 mig
354 632 69 20 såsom
434 631 39 21 här
483 638 50 14 vore
544 631 81 27 möjligt
635 632 32 20 att
678 631 146 21 åstadkomma
835 637 25 15 en
872 632 72 20 sådan.
963 631 41 21 Det

182 661 25 19 är
218 660 32 20 väl
261 660 113 25 sannolikt,
384 662 39 23 att,
434 660 27 20 då
471 660 24 20 så
505 660 75 26 många
588 660 23 20 af
617 660 95 20 ståndets
720 659 137 21 medlemmar
866 659 62 21 hafva
937 661 67 19 röstat

183 688 33 20 för
238 688 136 22 förkastande
396 689 21 21 af
439 689 12 25 $
477 689 30 25 19,
530 688 60 22 desse
605 688 51 26 icke,
674 688 127 21 åtminstone
816 688 46 22 icke
877 688 91 21 flertalet
983 688 22 21 af

183 717 55 27 dem,
260 717 60 21 skola
339 717 73 26 frångå
427 717 37 21 sitt
480 716 69 22 beslut
564 717 6 21 i
587 717 60 21 detta
662 716 125 22 hänseende.
819 716 47 22 Men
882 717 39 21 här
936 717 67 21 skulle

181 746 36 26 jag
240 746 113 21 hemställa
373 746 32 21 till
426 746 36 20 det
477 746 130 27 högvördiga
622 746 90 26 ståndet,
729 746 102 21 huruvida
846 746 46 21 icke
907 746 6 21 i
928 746 76 21 sådant

183 774 43 26 fall,
243 777 37 22 att,
297 774 69 22 såsom
380 775 41 27 jag,
438 775 5 20 i
460 774 65 22 likhet
540 775 48 21 med
604 774 135 28 domprosten
755 774 62 27 Borg,
830 775 79 26 yrkade
920 774 84 22 ståndet

182 803 55 21 först
260 805 60 25 tager
343 804 68 20 denna
432 803 60 27 fråga
513 804 6 20 i
543 804 152 26 öfvervägande
718 803 38 21 och
772 803 6 21 i
795 804 38 20 den
850 803 106 26 händelse,
972 806 32 19 att

183 832 85 21 ståndet
289 832 107 21 förkastar
417 832 40 21 den
482 832 25 21 19
529 832 20 28 &,
565 832 85 21 ståndet
665 832 63 21 likväl
744 832 69 21 kunde
829 834 77 25 antaga
922 839 25 15 en
963 832 39 22 dis-

182 860 112 27 senterlag,
310 867 48 15 men
374 867 26 15 en
414 861 144 27 dissenterlag,
575 860 82 22 hvilken
674 861 18 27 ej
708 860 66 22 skulle
790 861 62 21 hafva
868 861 40 21 den
922 860 82 26 rubrik,

182 895 46 15 som
244 890 38 20 den
299 890 126 25 nuvarande,
443 890 22 21 så
481 891 32 19 att
529 890 40 20 den
585 890 67 20 skulle
667 889 51 21 heta
734 906 10 8 ,,
748 889 132 27 Förordning
896 890 107 26 angående

183 918 121 21 bekännare
327 918 22 20 af
370 918 129 22 främmande
522 918 80 21 kristen
626 918 90 22 troslära
739 918 5 21 i
768 918 90 21 Finland
880 919 39 21 och
942 918 62 22 deras

182 946 178 26 religionsfrihet"
384 949 49 19 utan
456 947 84 21 hvilken
563 946 68 22 skulle
656 947 49 21 heta
728 963 4 8 ,
734 947 139 27 Förordning
894 947 110 27 angående

182 975 122 22 bekännare
326 975 22 21 af
371 975 79 21 sådana
473 976 108 24 trosläror,
604 981 45 15 som
672 976 68 26 hyllas
762 976 22 21 af
799 976 204 21 romersk-katolska

182 1004 88 27 kyrkan,
291 1004 23 21 af
327 1004 125 22 reformerta
467 1004 82 27 kyrkan
564 1006 55 20 samt
634 1004 22 20 af
670 1004 56 22 olika
741 1005 166 26 protestantiska
922 1005 81 21 sekter”

182 1033 40 21 och
242 1035 32 19 att
289 1033 19 21 vi
324 1032 81 22 således
421 1033 18 27 ej
456 1033 68 21 skulle
539 1034 77 20 nämna
633 1035 31 19 ett
679 1034 37 20 ord
733 1039 33 15 om
782 1034 161 27 grekisk-ryska
956 1034 47 27 kyr-

182 1061 41 21 kan
240 1061 38 22 och
291 1061 141 22 förhållandet
442 1062 31 21 till
485 1062 129 21 densamma.
639 1062 33 21 Då
682 1062 41 21 blir
733 1062 64 21 saken
808 1062 88 22 alldeles
909 1062 2 22 i
923 1069 79 15 samma

181 1090 67 26 skick,
263 1096 45 16 som
325 1091 40 20 den
381 1090 74 22 hittills
472 1090 37 22 har
525 1090 60 26 varit,
602 1090 38 22 och
656 1091 60 26 ingen
734 1091 64 21 borde
810 1092 31 20 väl
853 1091 51 27 hysa
915 1091 87 21 betänk-

182 1118 88 27 ligheter
294 1119 34 21 vid
350 1121 32 19 att
404 1120 72 20 förena
498 1119 32 27 sig
552 1126 35 14 om
610 1125 25 15 en
651 1119 126 27 författning
791 1120 6 20 i
813 1120 98 21 afseende
926 1120 13 21 å
954 1126 48 21 pro-

181 1148 128 21 testantiska
330 1148 39 20 och
392 1148 25 21 de
440 1148 218 22 romersk-katholska
680 1148 112 26 kyrkorna,
808 1149 26 21 då
850 1148 40 22 den
906 1148 97 28 grekiska

181 1176 82 27 kyrkan
287 1176 39 22 här
348 1176 19 27 ej
390 1177 39 21 alls
453 1176 67 22 skulle
535 1178 49 20 med
599 1179 31 19 ett
646 1177 38 21 ord
700 1177 92 22 beröras.
823 1178 40 21 Det
879 1180 23 19 är
918 1178 84 21 derföre

182 1210 44 16 som
248 1205 36 26 jag
300 1205 68 21 skulle
383 1206 48 26 vilja
446 1206 118 21 framställa
580 1206 59 20 detta
654 1206 69 21 såsom
740 1208 31 19 ett
785 1208 91 25 yttersta
891 1206 111 27 refugium,

181 1234 5 20 i
203 1233 38 21 fall
256 1234 40 21 den
313 1234 25 21 19
355 1234 12 26 $
383 1234 94 22 kommer
493 1237 32 19 att
539 1234 112 22 förkastas.

250 1290 82 22 Doktor
348 1291 145 21 Andelin:
519 1291 33 21 Då
567 1291 147 27 kyrkoherden
729 1291 139 23 Fredriksson
884 1293 64 21 redan
964 1292 38 22 har

180 1319 72 21 anfört
272 1319 38 21 allt
333 1319 42 27 det,
396 1320 35 26 jag
447 1320 6 20 i
469 1320 64 21 saken
556 1320 53 22 hade
632 1322 32 19 att
680 1322 56 24 säga,
752 1320 65 22 afstår
830 1320 36 28 jag
880 1321 47 21 från
943 1322 59 21 ordet

181 1348 39 20 och
236 1348 84 20 förenar
335 1348 42 25 mig
392 1348 47 20 med
455 1349 54 23 dem,
525 1355 45 13 som
586 1348 63 20 hafva
664 1351 75 23 ansett,
755 1351 32 17 att
802 1349 146 27 ridderskapet
963 1350 38 20 och

180 1375 74 21 adelns
274 1375 125 27 inbjudning
421 1376 38 20 bör
481 1379 96 23 antagas,
599 1376 63 21 likväl
679 1376 46 21 med
741 1376 36 22 det
792 1378 73 23 vilkor,
880 1379 33 19 att
925 1378 26 20 de
966 1384 36 15 an-

181 1404 142 26 märkningar,
334 1410 44 15 som
390 1404 21 21 af
419 1404 157 27 presteståndet
586 1404 39 22 och
637 1405 26 21 de
674 1404 66 27 öfriga
749 1405 88 21 stånden
846 1405 68 22 blifvit
922 1406 78 27 gjorda,

181 1433 66 21 måtte
265 1432 167 22 återremitteras
448 1433 31 21 till
495 1434 111 26 utskottet,
622 1433 33 22 för
670 1435 31 19 att
717 1434 202 28 sammanjemkning
934 1434 68 22 skulle

180 1463 68 25 göras.

248 1519 77 22 Pastor
340 1515 89 26 Öller:
453 1520 85 22 Tvenne
553 1521 64 21 ärade
633 1521 73 27 talare,
722 1521 107 27 professor
840 1522 110 22 Ehrström
962 1522 38 22 och

180 1548 149 28 kyrkoherden
352 1548 145 27 Fredriksson,
520 1549 62 22 hafva
604 1552 77 24 ansett,
696 1552 32 20 att
744 1557 33 16 om
793 1552 69 20 denna
876 1552 12 27 $
904 1552 26 21 19
945 1551 7 22 i
968 1554 33 19 ut-
