1081 1806
318 152 159 18 Presteståndet
489 154 55 16 1878.
567 155 14 16 4
593 154 91 17 Januari.
820 150 52 20 3151

83 218 22 22 af
124 225 25 15 en
173 219 71 26 miljon
267 220 60 21 mark
349 221 65 21 måtte
430 222 67 20 under
512 224 60 19 nästa
588 222 149 27 femårsperiod
754 223 31 21 till
800 223 103 27 fängelse-

82 246 115 22 reformens
212 248 131 26 fullföljande
359 248 94 27 beviljas.

150 304 130 21 Besvarades
296 305 46 21 med
359 306 26 20 19
400 305 21 27 ja
437 306 38 20 och
494 308 21 19 11
534 306 39 26 nej.

149 360 41 22 Vill
213 361 85 21 ståndet
321 362 47 20 med
391 362 98 21 afseende
505 363 12 21 å
532 369 83 15 momm.
632 366 19 22 a)
671 363 39 21 och
725 363 21 26 b)
764 364 7 20 i
786 364 115 21 utskottets

80 388 134 22 betänkande
231 390 91 21 vidhålla
337 390 46 21 sina
398 390 56 21 förut
470 391 80 21 fattade
566 391 75 26 beslut,
657 391 52 22 eller
723 392 61 21 icke?

148 446 79 21 Vinner
253 447 40 25 nej,
316 447 39 21 har
377 448 89 26 ståndet,
489 448 47 21 med
558 448 129 27 frångående
709 449 22 21 af
751 449 45 21 sina
811 449 90 27 tidigare

80 474 76 26 beslut,
172 475 6 20 i
194 475 61 21 dessa
271 476 58 20 delar
345 476 87 21 anslutit
448 476 31 26 sig
495 476 30 21 till
541 477 115 21 utskottets
673 477 137 21 betänkande.

148 531 130 22 Besvarades
296 532 47 21 med
359 533 152 26 öfvervägande
525 534 28 26 ja,
569 534 5 20 i
587 534 49 26 följd
645 534 74 21 hvaraf
726 534 85 22 ståndet
819 534 81 22 således

80 560 130 21 beträifande
230 567 63 15 mom.
315 562 22 24 b)
359 562 7 20 i
384 562 114 22 utskottets
513 563 57 21 förra
585 562 141 28 betänkande,
742 563 80 21 hviiket
837 570 63 14 mom.

79 588 6 21 i
109 589 59 21 detta
190 596 74 14 senare
279 590 145 27 återhemtats,
441 591 55 21 velat
511 592 61 20 hafva
588 592 40 20 den
641 592 88 26 ändring
745 592 35 21 det
796 592 104 21 tillförene

80 617 91 26 beslutit,
187 618 75 21 införd.

147 676 186 21 Resolutionernas
350 676 55 22 N:ris
422 678 55 20 1—4
493 677 126 26 godkändes.

146 733 152 21 Resolutionen
313 733 42 21 N:o
371 734 20 20 5.

146 784 110 22 Professor
279 784 165 22 Ehrström:
474 785 109 22 Professor
605 786 62 21 Cleve
683 786 38 21 har
735 786 117 22 framhållit
867 789 32 19 att

78 812 237 22 utskottsbetänkandet
335 813 46 21 icke
402 814 117 21 innehåller
541 816 68 25 någon
631 815 64 21 sådan
715 815 135 26 redogörelse
866 815 33 21 för

78 841 208 29 fängelsereformens
296 842 51 23 kraf,
363 848 44 15 som
424 843 67 21 skulle
507 844 67 20 utvisa
590 846 31 18 att
637 844 103 21 utskottet
755 850 49 15 vore
821 844 77 21 bekant

78 870 47 21 med
141 870 64 21 detta.
238 871 67 21 Afven
322 871 67 21 denna
404 871 55 21 kläm
475 871 74 21 liksom
566 872 150 26 motiveringen
732 872 32 22 till
777 873 122 21 densamma

78 900 54 20 visar
155 901 32 19 att
208 899 73 27 frågan
297 902 24 18 är
335 900 80 26 ganska
430 900 129 22 främmande
575 900 32 22 för
622 901 110 21 utskottet.
762 901 65 21 Detta
843 901 55 21 läns-

77 927 91 27 fängelse
189 928 5 21 i
214 928 94 27 Nylands
331 928 40 26 län,
391 928 83 27 beläget
489 929 38 21 här
542 930 7 20 i
564 929 137 26 Helsingfors,
717 929 65 21 finnes
798 931 51 20 nära
864 930 33 20 till

76 956 74 26 hands,
174 957 61 21 hvem
258 964 45 14 som
325 957 54 21 helst
401 957 42 21 kan
467 959 48 25 taga
538 958 117 21 kännedom
677 964 32 15 om
726 958 116 22 detsamma
858 959 39 21 och

76 985 54 21 skall
153 985 73 22 dervid
250 986 83 26 mycket
356 988 58 19 snart
437 985 62 27 finna,
520 988 31 19 att
567 986 35 22 det
617 987 86 21 alldeles
717 987 46 21 icke
779 989 118 19 motsvarar

78 1014 34 21 det
127 1014 179 27 fängelsesystem,
322 1020 45 15 som
383 1016 23 19 är
421 1014 69 22 afsedt
505 1015 32 21 för
547 1015 77 21 landet.
645 1015 70 26 Enligt
727 1016 58 20 detta
795 1015 102 27 fängelse-

76 1045 79 24 system.
178 1042 59 22 skola
260 1043 45 21 deri
328 1042 115 22 inneslutas
465 1043 46 21 icke
534 1043 55 21 blott
611 1043 219 27 ransakningsfängar,
846 1046 52 19 utan

75 1070 61 22 äfven
160 1072 84 24 sådana,
268 1078 45 14 som
336 1071 93 27 undergå
452 1071 159 27 fängelsestraff.
641 1072 106 26 Systemet
765 1072 61 24 afser,
843 1072 55 21 hvad

76 1100 26 21 de
118 1100 129 20 sistnämnde
263 1099 106 26 beträffar,
385 1102 32 19 att
431 1100 68 21 införa
509 1101 46 21 icke
565 1100 55 22 blott
631 1100 134 22 arbetsceller
776 1102 50 20 utan
837 1101 61 21 äfven

76 1127 63 22 celler
162 1128 32 21 för
216 1128 127 21 förvarande
365 1128 23 21 af
401 1135 26 14 en
443 1129 33 20 del
492 1129 79 26 fångar.
601 1129 84 21 Sådana
700 1129 63 21 celler
778 1129 66 21 finnas
860 1129 38 21 der

75 1156 52 22 icke.
152 1157 205 27 Fängelsesystemet
372 1157 105 21 utsträckt
492 1157 59 22 äfven
569 1157 31 22 till
611 1157 219 27 ransakningsfångar,
841 1157 56 22 kräf-

76 1191 42 20 ver,
142 1187 31 20 att
196 1185 60 22 dessa
279 1186 24 21 så
325 1185 44 22 vidt
385 1185 80 28 möjligt
480 1188 24 19 är
519 1186 59 21 skola
594 1186 66 21 hållas
676 1192 25 15 en
717 1186 52 21 hvar
783 1187 7 20 i
805 1192 25 15 en
847 1187 49 25 cell;

76 1215 31 20 uti
131 1214 122 21 länshäktet
275 1214 67 21 finnes
357 1215 61 26 ingen
435 1215 54 20 enda
505 1214 44 22 cell.
580 1215 41 21 Det
637 1215 78 27 anslag,
731 1221 45 15 som
791 1215 33 21 för
839 1215 59 26 detta

75 1242 111 22 länshäkte
202 1245 23 19 är
240 1243 95 27 begärdt,
352 1243 54 21 afser
419 1243 44 26 just
479 1243 47 22 dess
541 1243 131 22 försättande
687 1243 6 20 i
709 1243 76 22 sådant
795 1243 60 22 skick
865 1246 33 19 att

76 1272 36 21 det
135 1271 70 22 bättre
228 1271 133 22 motsvarade
381 1271 68 22 tidens
465 1271 48 22 kraf
527 1272 39 21 och
582 1272 122 27 fordringar.
735 1272 48 21 Med
799 1272 99 21 afseende

76 1300 50 21 derå
141 1301 42 20 kan
198 1300 69 27 ingen,
283 1307 45 14 som
345 1300 80 21 känner
439 1300 166 24 förhållandena,
620 1301 27 26 på
663 1301 64 26 något
737 1302 44 19 sätt
791 1307 51 14 vara
855 1301 43 20 till-

75 1329 112 21 fredsstäld
208 1329 49 21 med
277 1329 39 21 den
331 1329 132 26 motivering,
479 1335 45 15 som
540 1329 105 21 utskottet
660 1329 38 21 har
713 1329 80 22 bestått
808 1329 6 21 i
827 1331 71 20 ämnet

76 1357 39 22 och
138 1359 56 19 ännu
214 1357 81 22 mindre
318 1357 48 22 med
388 1357 40 22 den
450 1357 158 27 ifrågavarande
631 1358 106 21 klämmen.
773 1357 41 27 Jag
829 1357 68 22 skulle

75 1385 33 22 för
130 1387 41 20 min
195 1386 34 21 del
251 1388 56 19 ännu
322 1387 53 26 våga
390 1386 86 21 förorda
491 1388 32 19 att
539 1387 58 20 detta
611 1386 74 27 anslag
699 1386 34 21 för
747 1386 150 27 länsfängelset

75 1414 7 21 i
98 1414 131 27 Helsingfors
244 1415 66 21 måtte
326 1415 22 21 af
362 1415 156 26 presteståndet
533 1414 92 27 beviljas.

144 1471 89 21 Prosten
255 1471 83 26 Hjelt:
369 1470 110 22 Utskottet
502 1471 39 20 har
561 1470 102 27 tillstyrkt
683 1473 31 18 att
730 1471 91 24 300,000
836 1471 61 20 mark

75 1499 67 22 skulle
166 1499 70 21 anslås
258 1499 32 21 till
313 1499 132 22 länehäktets
467 1499 8 21 i
494 1499 132 26 Helsingfors
649 1498 131 23 försättande
800 1499 6 21 i
822 1499 75 22 sådant

75 1528 66 28 skick,
156 1534 45 16 som
217 1528 31 21 tid
264 1528 39 22 och
319 1527 180 28 omständigheter
514 1527 72 22 fordra
601 1527 39 22 och
656 1528 67 21 denna
738 1534 83 16 summa
831 1527 66 22 finnes
