1073 1809
212 160 55 20 2714
383 164 159 18 Presteståndet
559 165 54 17 1877.
637 164 20 17 11
670 164 111 18 december.

182 234 89 20 kassans
293 234 7 20 i
322 233 101 21 Finlands
442 233 56 21 bank
513 233 68 27 lägsta
597 232 76 27 belopp
688 232 83 27 antagit
786 232 39 22 den
841 232 23 21 af
877 232 25 22 hr
917 232 86 22 Donner

182 262 79 26 afgifna
284 262 157 21 reservationen
463 262 48 21 med
532 262 116 26 stilisering
670 262 6 20 i
699 261 64 27 öfrigt
778 262 6 20 i
800 261 93 27 enlighet
908 262 47 20 med
971 264 33 19 ut-

182 291 91 21 skottets
288 290 79 26 förslag
381 293 56 19 samt
451 291 6 21 i
473 290 154 27 sammanhang
642 290 86 21 dermed
743 290 115 22 behandlat
868 290 40 21 den
919 290 83 22 härtills

181 319 120 27 bordlagda
316 320 107 26 ingressen
439 318 39 22 och
493 319 160 21 slutmomentet
668 319 7 21 i
685 318 173 22 bankutskottets
869 319 133 21 betänkande

182 348 41 21 N:o
245 349 14 21 4
281 348 108 26 angående
411 348 79 26 förslag
512 348 32 21 till
567 348 146 26 förändringar
728 348 7 20 i
751 347 197 27 bankreglementet
963 348 39 21 och

184 377 73 21 dervid
272 377 87 21 beslutit
375 378 31 20 att
421 377 107 26 ingressen
544 376 68 22 skulle
627 376 94 26 undergå
737 376 65 22 sådan
813 377 89 27 ändring
916 376 86 22 hvartill

182 406 95 21 ståndets
292 406 7 20 i
314 406 75 26 frågan
404 405 81 22 fattade
499 405 70 22 beslut
584 405 122 21 föranledde
721 405 107 22 äfvensom
843 406 95 26 godkänt
950 406 51 20 slut-

181 436 128 24 momentet;
334 434 20 27 b)
379 434 94 27 godkänt
493 434 151 26 lagutskottets
666 433 134 22 betänkande
822 435 7 20 i
852 434 113 27 anledning
980 434 23 21 af

182 463 77 27 nådiga
279 463 158 27 propositionen
460 463 107 27 angående
589 469 25 15 en
637 462 124 27 förordning
783 469 34 15 om
839 463 162 27 rättegången
988 458 16 36 i

181 492 56 21 vissa
259 492 49 25 mål,
331 498 44 15 som
398 492 57 21 förut
476 492 50 20 hört
546 492 32 20 till
593 491 155 27 krigsdomstol,
764 494 56 18 samt
834 498 34 14 om
884 490 61 22 straff
959 491 39 21 och

181 526 70 15 annan
273 520 80 27 påföljd
371 520 7 21 i
392 520 67 26 några
473 520 42 21 mål
530 520 71 21 hvilka
617 522 49 18 röra
681 526 100 20 personer
795 522 58 19 utom
869 520 129 26 krigsstaten

181 548 108 22 äfvensom
313 549 55 21 huru
389 548 101 27 häktning
512 549 35 21 må
569 548 21 21 af
611 548 114 27 krigsbefäl
747 549 133 23 verkställas;
903 552 19 22 c)
938 549 60 26 gillat

182 579 153 20 sammansatta
357 578 43 26 lag-
422 578 39 20 och
477 578 214 21 ekonomiutskottets
706 577 292 27 sammanjemkningsförslag

181 607 7 20 i
204 606 74 26 frågan
294 612 33 15 om
344 606 117 21 ordnandet
472 606 22 21 af
504 606 188 26 skjutshållningen
704 606 39 21 och
754 606 179 27 gästgifverierna,
943 608 55 19 samt

182 634 121 27 derigenom
326 634 67 27 afböjt
414 634 167 26 presteståudets
604 634 123 27 inbjudning
744 635 6 20 i
765 634 85 26 frågan;
866 635 23 24 d)
904 634 95 27 godkänt

181 664 153 20 sammansatta
355 664 44 25 lag-
419 663 38 21 och
480 663 213 21 ekonomiutskottets
716 663 132 21 betänkande
866 664 7 20 i
888 664 110 26 petitions-

181 692 74 26 frägan
277 698 34 15 om
334 692 163 21 underlättande
512 691 21 22 af
545 691 171 27 jordafsöndring
731 692 39 21 och
786 692 19 27 e)
821 692 94 26 godkänt
931 692 67 26 lagut-

182 720 91 22 skottets
296 720 134 22 betänkande
452 721 6 20 i
481 720 200 27 petitionsfrägorna
702 726 34 16 om
759 720 147 27 upphäfvande
922 721 24 21 af
958 722 13 20 5
988 721 10 25 $

182 751 12 19 2
210 750 48 26 kap.
276 749 25 21 G.
318 749 23 21 B.
359 749 38 21 och
413 755 33 15 om
462 750 72 26 nädigt
549 749 90 21 initiativ
655 749 32 21 till
702 749 88 27 ändring
805 749 22 21 af
836 749 163 27 landtdagsord-

181 778 77 26 ningen
280 778 7 20 i
310 778 53 27 syfte
379 778 44 21 dels
439 780 32 19 att
486 784 25 15 en
526 778 96 21 bestämd
637 778 85 21 kortare
738 778 73 26 period
826 778 33 22 för
874 778 125 22 ständernas

181 807 171 21 sammanträden
372 807 68 21 blefve
456 806 97 22 faststäld
569 806 39 22 och
624 807 44 21 dels
684 809 31 19 att
730 808 33 20 val
779 807 23 21 af
814 806 163 28 landtdagsmän
992 807 7 21 i

181 838 85 24 preste-,
289 836 99 26 borgare-
410 836 39 21 och
470 835 159 22 bondeständen
649 836 85 20 komme
750 837 32 19 att
797 836 36 21 ske
848 836 34 21 för
896 836 36 21 två
948 836 51 21 eller

181 866 33 19 tre
236 864 134 26 landtdagar;
394 864 39 22 och
451 865 16 26 f)
482 864 61 27 gillat
559 864 241 28 bevillningsutskottets
815 864 78 27 förslag
908 865 32 21 till
955 871 44 15 om-

181 893 238 27 röstningsproposition
441 894 6 20 i
469 893 102 21 förstärkt
589 893 82 21 utskott
686 894 7 20 i
707 893 74 26 frägan
797 899 33 15 om
845 894 118 25 utgörande
979 894 23 21 af

181 923 60 20 extra
256 922 114 26 bevillning
384 922 33 20 för
431 922 75 21 särade
522 922 39 21 och
577 922 59 26 sjuke
651 922 7 20 i
674 928 28 15 nu
717 922 108 26 pägäende
840 922 47 27 krig
902 924 55 19 samt
967 922 33 21 till

181 950 118 22 ledamöter
319 950 7 21 i
346 950 36 21 det
396 950 116 22 förstärkta
527 951 106 21 utskottet
647 952 67 20 utsett
729 950 127 22 friherrarne
871 957 18 14 v.
905 951 57 21 Troil
978 951 20 21 S.

181 979 40 25 W.,
237 980 25 20 de
278 979 21 21 Ja
314 978 106 28 Chapelle,
442 979 67 26 Claes,
524 979 77 22 Wrede
616 979 27 21 H.
659 980 24 20 A.
700 979 39 22 och
755 986 18 14 v.
789 980 56 20 Born
861 980 24 20 V.
900 980 29 20 M.
945 982 55 19 samt

180 1008 38 21 hrr
239 1008 118 22 Schauman
373 1009 32 23 A.,
421 1008 105 21 Forselles
539 1008 23 20 P.
577 1009 31 25 E.,
625 1008 122 27 Lagerborg
761 1008 32 27 R.,
808 1008 90 28 Pipping
912 1008 88 26 Fridolf,

180 1036 150 28 Björkenheim
349 1036 32 27 R.,
397 1036 76 28 Antell,
488 1037 156 21 Nordenskiöld
660 1038 25 20 N.
701 1037 24 21 O.
742 1037 39 21 och
797 1037 132 27 Silfversvan,
946 1040 54 19 samt

249 1094 33 21 2:0
298 1093 47 22 från
362 1094 129 21 hedervärda
506 1094 154 22 bondeståndet
675 1094 24 21 af
713 1094 40 22 den
763 1096 12 18 6
787 1095 38 21 och
837 1096 12 20 7
860 1095 79 21 dennes
952 1096 48 20 med

180 1122 201 27 tillkännagifvande
397 1125 32 19 att
443 1123 92 21 nämnda
549 1123 62 21 ständ
627 1124 21 26 a)
661 1124 48 20 med
720 1124 154 26 godkännande
886 1124 7 21 i
904 1124 63 26 öfrigt
978 1124 24 21 af

181 1153 152 20 sammansatta
347 1152 42 26 lag-
407 1152 38 20 och
459 1152 214 21 ekonomiutskottets
684 1152 134 21 betänkande
829 1158 33 16 om
874 1152 126 22 utfärdande

181 1180 22 21 af
222 1186 27 21 ny
267 1180 124 27 förordning
405 1180 91 21 rörande
511 1180 98 27 flottning
624 1181 23 21 af
660 1182 130 25 skogsalster
804 1181 90 26 vidtagit
909 1181 91 27 följande

181 1209 114 26 ändringar
318 1209 53 21 deri:
393 1209 7 21 i
415 1208 12 28 &
444 1210 12 20 9
472 1215 62 15 mom.
551 1210 11 20 2
579 1209 71 26 utbytt
665 1209 202 27 tidsbestämningen
882 1212 32 18 ett
929 1210 23 20 är
967 1210 33 21 till

180 1237 81 21 femton
283 1238 101 20 månader
407 1237 39 21 och
468 1237 165 21 äterremitterat
656 1244 61 15 mom.
741 1238 12 20 3
776 1238 32 21 för
828 1238 172 27 omformulering

180 1265 100 22 sålunda:
303 1265 100 27 ,Sjunket
422 1266 59 21 virke
501 1266 110 21 betraktas
626 1266 69 21 såsom
711 1266 123 28 öfvergifvet
850 1266 39 22 och
905 1267 95 21 tillfaller

181 1300 76 20 egaren
280 1294 23 21 af
323 1294 154 27 vattendraget.
508 1294 71 25 Virke,
603 1301 44 15 som
665 1295 7 21 i
687 1295 117 27 sjunkande
819 1295 95 21 tillständ
929 1297 24 19 är
968 1296 32 21 uti

179 1324 83 20 vattnet
284 1323 182 27 upprättstående,
490 1330 50 15 vare
561 1324 134 26 virkesegare
715 1324 52 22 eller
787 1324 212 27 flottningsmanskap

180 1352 75 25 pligtig
278 1354 32 18 att
331 1352 146 25 undanskaffa,
500 1358 48 14 men
570 1352 122 20 underlåtes
715 1352 59 21 detta
797 1353 34 19 må
849 1354 151 25 vattenegaren

180 1380 118 20 detsamma
313 1381 94 24 upptaga
421 1379 40 21 och
476 1380 105 25 behålla",
598 1380 75 20 tillsatt
689 1380 35 20 det
740 1380 3 20 i
763 1380 6 27 &
781 1381 25 20 12
817 1386 63 15 mom.
893 1382 9 18 1
914 1380 8 20 i
932 1380 68 21 finska

180 1409 72 19 texten
267 1407 122 27 uteglömda
403 1407 79 22 årtalet
497 1403 15 37 ,,
512 1408 68 21 1873"
596 1408 54 21 efter
666 1408 61 22 ordet
742 1408 164 26 ,Maaliskuuta*
922 1408 40 22 och
977 1408 23 28 b)

180 1436 23 21 af
215 1435 93 27 följande
324 1436 88 27 lydelse:

248 1492 132 29 »Föredrogs
397 1494 32 20 1:0
445 1493 173 22 bankutskottets
633 1493 134 23 betänkande
783 1494 39 22 N:o
839 1497 12 19 7
867 1495 7 21 i
887 1495 113 27 anledning

179 1521 24 21 af
218 1522 63 21 väckt
295 1522 80 26 förslag
390 1528 35 15 om
439 1523 148 27 utsträckning
602 1522 22 21 af
637 1522 100 22 Finlands
753 1523 66 21 banks
835 1524 164 22 sedelemission.

180 1551 41 27 2:0)
237 1556 79 16 samma
331 1551 93 21 utskotts
440 1550 134 23 betänkande
589 1550 40 23 N:o
645 1552 12 21 8
673 1552 6 20 i
695 1552 112 27 anledning
816 1552 24 21 af
848 1553 63 21 väckt
920 1552 80 28 förslag
