1078 1811
207 165 54 20 2992
404 170 160 17 Presteständet
577 170 54 17 1877.
656 170 24 16 19
692 170 113 17 december.

178 237 73 27 tingad
273 237 66 26 deraf,
355 237 104 22 huruvida
480 238 61 20 dessa
562 237 98 22 embeten
681 237 33 21 stä
735 237 31 22 uti
787 239 30 20 ett
835 239 97 19 närmare
948 237 52 21 eller

178 266 100 27 fjärmare
301 266 131 21 förhällande
455 266 33 21 till
508 267 27 20 de
554 266 99 26 religiösa
674 266 206 27 angelägenheterna
898 266 7 21 i
920 265 78 22 landet.

177 295 41 27 Jag
233 296 66 20 mäste
315 295 82 21 säledes
413 295 32 20 för
460 295 43 20 min
519 295 34 21 del
568 295 94 21 förkasta
678 295 58 20 detta
752 295 120 27 lagförslag.

247 352 153 26 Kyrkoherden
429 351 191 22 Fredrikson:
653 347 67 26 Äfven
745 352 37 26 jag
808 352 42 20 kan
876 351 46 21 icke
945 351 57 21 finna

179 381 43 26 mig
237 380 146 21 tillfredsstäld
399 380 47 21 med
462 380 59 21 detta
535 380 85 26 förslag.
650 380 113 26 Förslaget
777 382 123 24 utestänger
911 379 90 22 visserli-

178 416 41 20 gen
240 408 47 22 frän
310 408 126 28 presterliga
458 409 97 21 embeten
579 409 39 21 och
641 409 67 21 andra
729 409 96 27 tjenster,
841 408 82 22 hvilkas
944 409 58 21 inne-

180 437 87 22 hafvare
288 437 27 21 ha
335 437 31 27 sig
388 437 71 27 älagdt
479 440 32 18 att
529 437 112 22 undervisa
662 438 8 20 i
688 437 167 25 kristendomen,
870 437 132 22 främmande

180 467 87 20 kristna.
298 465 44 22 Och
362 468 32 19 att
410 466 81 27 kyrkan
507 467 6 20 i
529 466 47 21 vårt
590 466 50 21 land
655 467 45 25 bör,
716 466 59 21 såväl
790 472 44 15 som
850 466 72 27 hvarje
938 468 65 19 annat

180 494 203 28 religionssamfand,
403 495 27 21 ha
453 496 44 19 rätt
518 497 32 19 att
569 495 7 20 i
596 495 58 26 fråga
674 501 33 15 om
726 495 276 26 religionsundervisningen

180 524 41 21 och
235 523 132 22 tillsättande
383 524 21 21 af
418 524 45 21 sina
479 523 136 26 embetsmän,
630 524 47 21 med
693 525 31 20 ett
739 524 38 21 ordi
806 523 45 21 sina
862 523 46 21 inre
918 523 84 27 angelä-

179 553 102 26 genheter
303 554 59 25 styra
385 552 39 21 och
445 553 117 20 bestämma
583 552 31 27 sig
633 553 49 26 sjelf
699 554 52 19 utan
767 555 32 18 att
814 552 64 27 några
893 553 67 20 andra
976 554 27 19 än

181 582 33 25 de,
229 587 46 15 som
295 583 36 19 äro
351 581 137 21 medlemmar
503 581 23 21 af
540 581 69 21 denna
624 581 72 27 kyrka,
711 582 5 20 i
733 581 62 21 dessa
809 581 71 26 frägor
896 581 28 21 ha
938 581 66 27 nägot

181 612 32 19 att
228 612 57 24 säga,
301 612 24 18 är
339 609 34 21 väl
389 610 110 21 obestridt.
523 609 47 21 Men
587 612 31 18 att
633 610 101 27 förslaget
744 611 39 25 gör
793 610 43 20 alla
846 610 66 20 andra
923 612 80 19 statens

182 638 96 22 embeten
301 638 47 21 med
372 639 107 25 undantag
498 639 23 21 af
537 638 159 27 läraretjensten
712 640 6 20 i
735 638 90 22 historia
840 638 39 22 och
894 638 87 22 domare
996 638 8 21 i

181 668 56 20 vissa
260 667 41 21 mäl
323 667 132 27 tillgängliga
476 667 33 21 för
529 667 131 22 främmande
680 667 167 22 trosbekännare
863 667 39 21 och
918 667 85 22 dermed

181 696 105 21 förklarar
307 696 39 21 den
367 695 97 27 religiösa
484 696 141 21 bekännelsen
642 696 126 22 ätminstone
783 696 6 21 i
806 696 67 27 nägon
889 696 48 21 män
953 702 51 15 vara

182 728 50 18 utan
249 724 108 28 betydelse
372 725 6 21 i
394 725 98 21 afseende
508 725 13 21 ä
535 726 81 20 statens
631 726 93 26 tjenster,
740 726 41 21 kan
795 725 36 27 jag
847 725 16 27 ej
880 725 124 27 obetingadt

181 754 118 26 godkänna.

250 783 41 26 Jag
310 785 45 19 tror
375 784 32 20 att
425 783 35 21 det
475 790 36 20 ges
527 784 88 26 tjenster
630 783 51 21 eller
696 783 104 27 embeten,
817 783 34 21 vid
866 782 81 22 hvilkas
963 783 41 22 till-

183 812 98 20 sättande
298 812 35 21 det
349 813 23 20 är
387 812 130 26 tillräckligt,
533 819 33 15 om
583 812 40 21 den
634 812 133 21 förvaltande
779 814 24 19 är
813 818 25 14 en
849 818 49 14 man
908 812 23 21 af
939 812 66 22 heder

184 840 49 21 med
254 840 96 22 bestämd
373 840 62 26 afsigt
455 843 32 19 att
502 841 90 27 fullgöra
607 841 54 21 hvad
676 843 103 19 samvetet
794 842 7 20 i
817 847 40 15 ena
872 840 52 22 eller
939 842 66 21 andra

182 868 59 22 fallet
256 869 86 27 älägger
357 870 83 20 honom.
471 870 44 21 Der
530 871 23 21 sä
568 872 25 20 är
608 870 37 26 (pä
660 870 101 21 omräden
777 870 22 21 af
814 870 39 21 den
869 871 34 19 art
914 872 32 18 att
957 870 48 22 reli-

182 898 75 25 gionen
273 898 46 21 icke
337 898 42 21 kan
395 899 73 26 trycka
485 900 67 25 någon
568 899 90 26 stämpel
673 898 27 27 pä
716 898 57 27 den),
789 899 38 21 har
842 900 70 19 staten
928 898 18 27 ej
962 901 43 20 rätt

183 928 32 19 att
230 926 106 27 uppställa
351 927 84 21 fordran
451 927 22 21 af
487 934 25 14 en
528 927 41 22 viss
585 927 233 27 religionsbekännelse.
841 927 48 21 Men
900 927 52 27 (alla
964 930 41 19 sta-

183 957 46 19 tens
248 955 96 22 embeten
363 958 36 19 äro
416 956 46 21 icke
477 956 87 21 sädana.
594 957 62 20 Vissa
672 955 96 22 embeten
785 958 36 19 äro
837 955 65 26 enligt
918 963 27 14 nu
961 957 44 27 gäl-

184 984 62 21 lande
261 984 199 27 samfundsordning
476 985 21 20 af
513 985 39 21 den
568 985 150 26 beskaffenhet,
730 987 32 19 att
773 991 48 16 man
829 985 46 21 icke
884 985 42 21 kan
935 985 69 22 såsom

183 1013 95 26 hederlig
293 1019 49 15 man
358 1013 91 22 förvalta
465 1013 40 21 den
520 1017 51 18 utan
587 1016 32 19 att
634 1015 6 20 i
656 1014 40 21 den
711 1014 85 27 inlägga
808 1014 64 26 nägot
883 1013 21 21 af
914 1014 32 21 sin
957 1015 49 21 reli-

183 1041 60 27 giösa
263 1041 142 27 uppfattning.
434 1042 43 21 Der
500 1043 24 20 sä
545 1043 40 26 är),
606 1043 37 21 der
663 1043 92 20 embetet
775 1045 24 19 är
815 1043 21 21 af
851 1043 39 20 den
906 1043 100 28 ömtäliga

184 1072 69 24 natur,
273 1072 32 19 att
327 1071 40 21 den
382 1071 98 26 religiösa
495 1071 128 22 karaktären
641 1072 38 20 hos
692 1071 233 22 embetsinnehafvaren
939 1072 67 21 mäste

183 1105 51 15 vara
255 1099 21 20 af
298 1099 107 27 betydelse
429 1099 33 21 för
481 1100 103 21 embetets
602 1101 95 25 utöfning
722 1101 49 26 (kan
786 1101 87 20 inverka
889 1100 27 27 pä
931 1101 75 26 sjelfva

184 1127 218 27 statsfunktionerna),
419 1128 37 21 der
477 1130 24 19 är
522 1129 35 20 det
572 1131 81 19 statens
668 1129 54 21 bäde
738 1130 43 19 rätt
797 1129 38 21 och
850 1129 53 26 pligt
918 1131 32 19 att
964 1129 42 22 för-

185 1156 63 21 säkra
270 1156 32 27 sig
323 1163 34 14 om
379 1157 44 21 sina
438 1157 137 26 tjenstemäns
596 1158 94 25 religion,
705 1157 47 21 icke
767 1157 87 27 religion
869 1158 6 20 i
891 1157 115 22 allmänhet

185 1187 52 18 utan
259 1185 88 26 religion
366 1185 6 21 i
391 1192 25 14 en
435 1187 42 20 viss
493 1185 52 22 form
562 1186 39 21 och
617 1186 35 21 det
667 1187 6 20 i
689 1187 40 20 den
744 1185 172 27 fullkomligaste.
946 1187 60 21 Inom

186 1214 36 20 det
243 1212 96 22 enskilda
361 1214 59 20 lifvet
434 1213 40 21 bör
489 1214 6 21 i
511 1214 118 26 möjligaste
645 1214 65 21 mätto
726 1214 85 26 religiös
827 1214 63 21 frihet
904 1214 102 22 förunnas

185 1241 42 21 alla
243 1241 39 21 och
297 1242 91 26 enhvar;
404 1242 27 26 pä
447 1242 214 22 statsfunktionernas
676 1242 87 22 omräde
779 1242 41 22 kan
835 1242 18 26 ej
869 1244 70 20 staten
954 1243 54 21 und-

186 1270 50 20 vika
251 1272 32 19 att
297 1276 26 20 ge
338 1270 107 22 företräde
461 1271 22 21 ät
498 1271 39 21 den
553 1277 40 15 ena
608 1271 51 21 eller
670 1272 66 21 andra
747 1271 115 27 religionen
872 1272 71 21 säsom
953 1272 55 22 före-

185 1298 103 22 trädesvis
304 1299 86 27 lämplig
405 1299 31 21 för
452 1300 47 20 dess
515 1300 104 21 ändamäl.

254 1327 26 21 Vi
301 1327 98 21 bekänna
421 1334 34 14 oss
479 1328 31 21 till
529 1328 39 22 den
593 1328 240 27 evangelisk-lutherska
851 1328 156 22 kristendomen

186 1354 39 20 och
245 1355 61 20 hafva
321 1356 46 20 från
389 1356 37 20 vär
444 1356 130 26 ståndpunkt
589 1359 44 17 rätt
648 1359 32 18 att
695 1357 21 20 få
732 1357 41 20 den
786 1357 79 20 erkänd
880 1357 71 21 såsom
968 1358 39 20 den

186 1382 139 26 lämpligaste.
355 1384 49 20 Alla
419 1383 51 21 våra
485 1384 223 21 samhällsfunktioner
719 1384 56 22 hvila
785 1384 28 26 pä
824 1384 39 21 den
874 1385 134 27 evangeliska

185 1410 170 22 kristendomens
375 1412 74 26 grund.
480 1412 41 21 Vid
543 1412 42 22 alla
599 1413 101 26 vigtigare
719 1413 40 21 och
774 1418 59 16 mera
848 1413 160 27 betydelsefulla

186 1438 98 22 tillfällen
307 1440 93 28 aflägges
421 1447 26 15 en
469 1440 128 23 bekännelse
617 1441 32 21 till
672 1441 69 21 denna
761 1442 137 21 kristendom.
928 1442 33 22 Då
980 1448 28 16 nu

186 1468 58 21 såväl
266 1469 181 21 domareembetet
469 1476 45 15 som
535 1470 25 22 de
581 1470 106 27 egentliga
706 1470 187 28 läraretjensterna
908 1471 34 21 vid
958 1471 51 21 våra

186 1496 248 29 uppfostringsanstalter
453 1511 27 2 —
498 1500 93 20 särdeles
610 1500 7 19 i
637 1499 240 22 elementarläroverken
895 1500 39 21 och
954 1500 54 21 folk-

187 1525 99 22 skolorna
302 1539 27 3 —
344 1527 65 27 enligt
425 1527 47 21 mitt
488 1528 96 21 omdöme
600 1530 37 19 äro
652 1528 38 21 hos
706 1534 35 15 oss
757 1528 20 21 af
792 1529 40 21 den
845 1529 117 27 anordning
976 1531 33 20 att

186 1554 108 23 desamma
310 1557 67 21 önska
391 1556 64 22 verka
471 1557 56 21 inom
543 1557 113 26 desamma,
666 1557 60 21 skola
736 1557 66 22 verka
813 1558 5 21 i
830 1557 40 21 den
880 1557 129 28 evangelisk-
