1078 1811
295 151 158 18 Presteståndet
465 153 53 17 1877.
542 153 26 17 29
579 153 114 18 december.
830 147 55 21 3109

95 220 101 27 rådande,
218 223 50 20 utan
291 223 32 20 att
344 228 48 15 man
413 221 48 22 ville
482 222 84 21 komma
586 222 31 21 till
633 222 65 26 något
712 221 56 27 slags
783 221 132 28 bestämning

95 249 68 22 under
177 249 94 22 normala
286 249 150 22 förhållanden.
466 251 62 20 Hvad
542 251 47 21 åter
604 251 76 21 doktor
695 250 107 22 Lindelöfs
817 251 97 20 anmärk-

95 278 51 26 ning
167 277 106 25 beträffar,
296 279 56 20 lärer
374 278 36 21 det
432 279 105 26 verkligen
558 285 49 15 vara
622 280 29 24 så,
666 280 32 20 att
712 278 64 22 finskt
792 279 21 20 öl
828 278 86 22 tullfritt

95 306 32 21 får
149 306 56 21 föras
227 306 20 21 in
270 306 32 21 till
324 306 108 28 Ryssland.
464 307 48 21 Men
533 307 36 21 det
586 306 32 22 lär
633 313 49 15 vara
697 306 64 26 fallet,
778 309 31 19 att
824 306 91 22 Finland

95 334 46 22 icke
163 334 41 22 kan
228 334 96 28 begagna
345 335 32 27 sig
397 335 23 21 af
441 336 68 21 denna
531 337 49 25 rätt,
596 342 47 15 men
657 334 104 29 Ryssland
776 336 83 27 mycket
874 335 40 26 väl,

95 369 45 16 som
162 363 46 21 icke
229 363 39 22 har
290 364 69 26 någon
381 364 183 26 bevillningsskatt
585 365 27 27 på
634 365 37 21 sitt
693 364 26 21 öl.
748 364 42 27 Jag
807 364 36 21 vill
858 366 57 19 ännu

94 392 84 28 påpeka
199 399 25 14 en
247 393 44 21 sak.
321 392 111 22 Utskottet
453 393 55 21 hade
530 392 31 28 sig
582 393 85 27 bekant,
687 395 32 19 att
741 399 48 15 man
807 394 27 26 på
850 393 65 21 andra

95 421 60 22 sidan
177 420 95 27 Rajajoki
289 421 68 21 håller
370 422 27 26 på
413 423 32 19 att
459 422 80 21 inrätta
554 423 31 20 ett
599 421 224 28 monstre-ölbryggeri
838 421 77 22 enkom

93 449 34 22 för
141 449 96 28 Finland,
253 449 38 22 allt
305 450 34 21 för
353 451 32 20 att
400 449 94 28 begagna
509 451 31 26 sig
555 450 23 22 af
590 450 187 27 konjunkturerna.

162 559 162 26 Deputationen,
346 565 45 15 som
415 559 69 27 afgätt
504 559 32 22 till
558 559 147 27 ridderskapet
727 559 39 22 och
782 559 61 21 adeln
859 561 55 19 samt

93 587 154 21 bondeståndet
269 587 48 21 med
339 587 124 27 inbjudning
484 588 7 20 i
510 587 177 27 jernvägsfrågan,
708 588 76 21 ankom
805 587 52 22 härå
875 587 38 21 och

93 616 94 21 frambar
202 616 99 21 ståndens
317 616 102 26 helsning.

162 720 89 21 Prosten
274 719 146 22 Hackzell:
450 720 111 22 Utskottet
586 720 53 21 hade
660 722 31 25 sig
711 720 44 27 just
775 720 85 25 bekant,
883 721 32 20 att

93 748 62 27 ingen
170 748 39 22 tull
224 749 27 27 på
265 748 65 22 finskt
345 749 20 21 öl
380 748 6 21 i
402 748 104 28 Ryssland
520 748 73 22 finnes.
615 749 49 21 Men
680 749 26 21 då
720 749 7 21 i
744 749 24 21 de
784 748 130 22 tullbestäm-

93 777 80 27 ningar,
194 784 44 14 som
253 777 68 21 finnas
336 777 88 21 emellan
440 778 103 27 Ryssland
559 778 38 21 och
614 778 95 26 Finland,
724 779 104 25 upptages
844 777 69 26 också,

94 808 32 19 att
145 806 19 21 öl
181 806 31 21 hit
226 806 32 21 får
273 806 86 21 tullfritt
374 806 86 26 införas,
477 806 71 27 tyckte
563 806 111 26 utskottet,
689 808 33 19 att
737 806 27 21 då
778 806 56 21 accis
848 805 66 22 redan

93 834 67 22 finnes
175 834 39 22 här
228 835 7 20 i
250 835 46 21 vårt
311 834 49 22 land
376 847 27 3 —
420 836 12 20 5
448 836 62 26 penni
526 835 32 21 för
572 835 84 21 kannan
672 847 25 3 —
714 835 37 21 vår
766 834 149 21 ölfabrikation

95 863 46 22 icke
156 863 71 22 kunde
242 864 132 21 annorlunda
389 863 119 28 befrämjas,
523 866 26 19 än
564 866 32 19 att
611 863 142 22 förhållandet
767 863 68 21 skulle
851 862 63 22 blifva

93 892 119 27 utjemnadt
240 898 76 20 genom
338 892 194 27 tullagstiftningen.
562 892 110 22 Utskottet
694 892 55 21 hade
771 898 41 20 nog
834 892 81 21 kunnat

93 920 78 22 föreslå
187 927 25 15 en
227 921 60 25 accis,
304 927 47 15 men
367 921 36 21 det
418 921 64 26 ansåg
496 921 76 21 sådant
583 921 81 26 obilligt
673 921 33 20 för
716 921 41 21 den
767 920 67 22 finska
844 926 71 22 varan,

95 949 27 22 då
138 949 39 22 den
193 950 64 21 redan
273 949 82 22 betalar
371 951 12 20 5
399 950 62 27 penni
476 950 33 21 för
524 950 90 25 kannan,
625 949 38 22 och
676 949 76 22 sådant
762 949 54 22 hade
828 949 87 22 alldeles

94 978 60 21 ländt
169 978 39 21 den
225 978 66 22 finska
307 978 175 21 ölfabrikationen
498 979 32 20 till
545 979 71 21 skada.
641 978 77 21 Derför
728 979 66 26 ansåg
804 978 110 25 utskottet,

95 1009 32 19 att
137 1013 26 16 en
174 1007 99 27 tullafgift
284 1007 67 22 borde
361 1007 115 22 fastställas
488 1007 39 22 och
537 1007 92 27 föreslog
639 1013 25 15 en
675 1007 89 27 petition
772 1007 6 20 i
787 1007 59 22 detta
853 1006 61 28 syfte.

165 1059 142 28 Domprosten
322 1059 130 22 Renvall:
483 1059 33 22 Då
530 1065 74 22 genom
621 1059 39 21 den
676 1059 132 27 upplysning,
821 1065 44 15 som
876 1058 40 22 här

95 1089 115 26 lemnades,
227 1089 36 20 det
277 1087 68 23 finska
361 1088 42 21 ölet
419 1088 38 21 och
472 1090 86 25 portern
574 1088 32 21 får
620 1087 86 22 tullfritt
720 1087 78 22 införas
814 1087 30 22 till
852 1087 63 27 Ryss-

95 1117 56 26 land,
174 1123 61 20 synes
257 1117 36 21 det
315 1117 42 26 mig
379 1123 49 15 vara
447 1117 23 21 så
492 1117 82 27 mycket
590 1123 56 15 mera
662 1116 109 27 olämpligt
786 1116 39 21 och
840 1117 75 20 nästan

95 1147 58 20 svårt
168 1147 31 20 att
214 1145 89 28 belägga
319 1146 35 21 det
369 1145 63 27 ryska
447 1145 43 21 ölet
504 1145 39 22 och
559 1148 92 24 portern,
665 1151 45 15 som
726 1145 32 21 hit
772 1145 84 26 införes,
867 1144 48 21 med

95 1174 45 22 tull.
171 1175 42 20 Det
232 1174 41 22 kan
293 1174 23 27 ju
337 1174 46 21 icke
400 1173 111 26 försvaras,
528 1176 37 25 att,
582 1174 26 21 då
623 1174 36 21 det
672 1173 68 22 finska
756 1173 43 22 ölet
814 1173 39 22 och
867 1179 49 20 por-

95 1206 47 18 tern
162 1203 86 21 tullfritt
266 1203 33 21 får
320 1202 78 21 införas
416 1202 32 21 till
462 1203 110 26 Ryssland,
588 1203 36 21 det
639 1202 62 27 ryska
716 1203 43 21 ölet
774 1202 39 21 och
828 1204 87 24 portern

95 1231 68 22 skulle
183 1231 145 27 tullbeläggas.
357 1230 35 22 Nu
407 1233 24 19 är
446 1231 35 21 det
496 1231 95 21 deremot
605 1238 27 14 en
647 1230 67 27 afgift,
728 1237 45 15 som
790 1230 31 21 till
836 1236 80 16 samma

96 1260 83 27 belopp,
202 1266 45 16 som
270 1261 36 21 det
328 1260 67 21 finska
419 1259 43 22 ölet
484 1260 39 21 och
543 1262 87 25 portern
652 1260 67 21 måste
742 1259 92 27 erlägga,
848 1258 68 22 skulle

96 1289 86 26 åläggas
204 1289 61 21 äfven
286 1289 35 21 det
340 1289 63 27 ryska
424 1288 43 22 ölet
486 1288 40 22 och
540 1291 93 25 portern.
662 1288 43 22 Det
720 1290 23 19 är
758 1294 26 15 en
799 1287 117 27 fullkomlig

97 1317 139 28 reciprocitet.

167 1369 88 21 Prosten
277 1368 81 28 Hjelt:
388 1368 43 22 Det
450 1370 24 20 är
494 1368 34 22 väl
550 1368 109 27 naturligt,
680 1370 32 20 att
733 1368 40 22 den
788 1368 129 26 omständig-

96 1398 63 21 heten
180 1398 53 21 först
253 1398 27 21 då
300 1398 41 20 kan
364 1399 60 25 tagas
446 1397 7 21 i
469 1397 145 26 betraktande,
629 1399 39 19 när
682 1398 55 26 ånyo
748 1398 73 24 någon
836 1396 82 21 tullför-

99 1426 62 26 ening
176 1426 95 21 kommer
285 1428 32 19 att
333 1432 38 20 ega
382 1432 45 14 rum
440 1426 88 20 emellan
539 1425 90 21 Finland
640 1425 38 21 och
688 1424 110 27 Ryssland,
808 1424 39 22 och
858 1424 59 22 kom-

98 1459 45 15 mer
164 1453 35 21 det
219 1454 63 26 ryska
297 1453 43 21 ölet
355 1454 32 19 att
402 1452 99 32 beläggas
516 1453 48 21 med
579 1452 131 26 införseltull,
726 1453 23 20 så
764 1454 24 18 är
803 1452 36 20 det
854 1452 63 20 också

98 1481 108 27 naturligt,
221 1483 32 19 att
267 1480 105 27 Ryssland
387 1481 13 21 &
415 1480 31 21 sin
462 1481 46 21 sida
522 1480 99 27 pälägger
636 1480 40 21 den
692 1480 68 21 finska
772 1480 145 26 ölproduktio-

99 1515 41 16 nen
159 1515 26 16 en
203 1508 106 33 tullafgift,
325 1509 24 21 sä
363 1510 32 20 att
410 1510 31 20 ett
456 1509 104 34 reciprokt
576 1508 131 21 förhållande
722 1508 96 21 kommer
833 1509 32 20 att
879 1513 39 22 ega

101 1544 52 16 rum.
183 1537 48 22 Men
251 1537 36 28 jag
309 1537 80 28 tycker,
411 1539 33 20 att
466 1537 36 22 det
524 1539 24 19 är
570 1536 82 28 mycket
674 1537 76 26 bättre,
773 1538 39 25 att,
827 1537 27 21 dä
869 1542 48 16 man
