<?xml version="1.0" encoding="UTF-8"?>
<alto xmlns="http://www.loc.gov/standards/alto/ns-v3#" xmlns:xlink="http://www.w3.org/1999/xlink" xmlns:xsi="http://www.w3.org/2001/XMLSchema-instance" xsi:schemaLocation="http://www.loc.gov/standards/alto/ns-v3# http://www.loc.gov/alto/v3/alto-3-0.xsd">
	<Description>
		<MeasurementUnit>pixel</MeasurementUnit>
		<sourceImageInformation>
			<fileName>/tmp/tess_qt0ng54u_input.PNG</fileName>
		</sourceImageInformation>
		<OCRProcessing ID="OCR_0">
			<ocrProcessingStep>
				<processingSoftware>
					<softwareName>tesseract 5.3.4</softwareName>
				</processingSoftware>
			</ocrProcessingStep>
		</OCRProcessing>
	</Description>
	<Layout>
		<Page WIDTH="1081" HEIGHT="1803" PHYSICAL_IMG_NR="0" ID="page_0">
			<PrintSpace HPOS="0" VPOS="0" WIDTH="1081" HEIGHT="1803">
				<ComposedBlock ID="cblock_0" HPOS="198" VPOS="156" WIDTH="564" HEIGHT="24">
					<TextBlock ID="block_0" HPOS="198" VPOS="156" WIDTH="564" HEIGHT="24">
						<TextLine ID="line_0" HPOS="198" VPOS="156" WIDTH="564" HEIGHT="24">
							<String ID="string_0" HPOS="198" VPOS="156" WIDTH="55" HEIGHT="20" WC="0.95" CONTENT="3408"/><SP WIDTH="137" VPOS="156" HPOS="253"/>
							<String ID="string_1" HPOS="390" VPOS="159" WIDTH="158" HEIGHT="17" WC="0.91" CONTENT="Presteståndet"/><SP WIDTH="12" VPOS="159" HPOS="548"/>
							<String ID="string_2" HPOS="560" VPOS="160" WIDTH="56" HEIGHT="16" WC="0.96" CONTENT="1878."/><SP WIDTH="20" VPOS="160" HPOS="616"/>
							<String ID="string_3" HPOS="636" VPOS="160" WIDTH="26" HEIGHT="16" WC="0.96" CONTENT="23"/><SP WIDTH="11" VPOS="160" HPOS="662"/>
							<String ID="string_4" HPOS="673" VPOS="159" WIDTH="89" HEIGHT="21" WC="0.94" CONTENT="januari."/>
						</TextLine>
					</TextBlock>
				</ComposedBlock>
				<GraphicalElement ID="cblock_1" HPOS="169" VPOS="188" WIDTH="818" HEIGHT="3"></GraphicalElement >
				<ComposedBlock ID="cblock_2" HPOS="169" VPOS="226" WIDTH="818" HEIGHT="58">
					<TextBlock ID="block_1" HPOS="169" VPOS="226" WIDTH="818" HEIGHT="58">
						<TextLine ID="line_1" HPOS="238" VPOS="226" WIDTH="749" HEIGHT="24">
							<String ID="string_5" HPOS="238" VPOS="228" WIDTH="39" HEIGHT="22" WC="0.96" CONTENT="och"/><SP WIDTH="15" VPOS="228" HPOS="277"/>
							<String ID="string_6" HPOS="292" VPOS="228" WIDTH="68" HEIGHT="21" WC="0.96" CONTENT="skulle"/><SP WIDTH="21" VPOS="228" HPOS="360"/>
							<String ID="string_7" HPOS="381" VPOS="228" WIDTH="154" HEIGHT="22" WC="0.96" CONTENT="underrättelse"/><SP WIDTH="16" VPOS="228" HPOS="535"/>
							<String ID="string_8" HPOS="551" VPOS="227" WIDTH="71" HEIGHT="22" WC="0.96" CONTENT="härom"/><SP WIDTH="16" VPOS="227" HPOS="622"/>
							<String ID="string_9" HPOS="638" VPOS="227" WIDTH="108" HEIGHT="21" WC="0.96" CONTENT="meddelas"/><SP WIDTH="14" VPOS="227" HPOS="746"/>
							<String ID="string_10" HPOS="760" VPOS="227" WIDTH="58" HEIGHT="21" WC="0.96" CONTENT="såväl"/><SP WIDTH="16" VPOS="227" HPOS="818"/>
							<String ID="string_11" HPOS="834" VPOS="226" WIDTH="153" HEIGHT="22" WC="0.96" CONTENT="bondeståndet"/>
						</TextLine>
						<TextLine ID="line_2" HPOS="169" VPOS="256" WIDTH="533" HEIGHT="28">
							<String ID="string_12" HPOS="169" VPOS="263" WIDTH="45" HEIGHT="16" WC="0.96" CONTENT="som"/><SP WIDTH="16" VPOS="263" HPOS="214"/>
							<String ID="string_13" HPOS="230" VPOS="258" WIDTH="26" HEIGHT="20" WC="0.96" CONTENT="de"/><SP WIDTH="16" VPOS="258" HPOS="256"/>
							<String ID="string_14" HPOS="272" VPOS="256" WIDTH="66" HEIGHT="28" WC="0.93" CONTENT="öfriga"/><SP WIDTH="15" VPOS="256" HPOS="338"/>
							<String ID="string_15" HPOS="353" VPOS="256" WIDTH="137" HEIGHT="22" WC="0.91" CONTENT="medstånden"/><SP WIDTH="15" VPOS="256" HPOS="490"/>
							<String ID="string_16" HPOS="505" VPOS="256" WIDTH="39" HEIGHT="22" WC="0.96" CONTENT="och"/><SP WIDTH="14" VPOS="256" HPOS="544"/>
							<String ID="string_17" HPOS="558" VPOS="256" WIDTH="144" HEIGHT="27" WC="0.96" CONTENT="lagutskottet."/>
						</TextLine>
					</TextBlock>
				</ComposedBlock>
				<ComposedBlock ID="cblock_3" HPOS="170" VPOS="312" WIDTH="818" HEIGHT="57">
					<TextBlock ID="block_2" HPOS="170" VPOS="312" WIDTH="818" HEIGHT="57">
						<TextLine ID="line_3" HPOS="239" VPOS="312" WIDTH="749" HEIGHT="29">
							<String ID="string_18" HPOS="239" VPOS="314" WIDTH="69" HEIGHT="22" WC="0.95" CONTENT="Sedan"/><SP WIDTH="16" VPOS="314" HPOS="308"/>
							<String ID="string_19" HPOS="324" VPOS="314" WIDTH="168" HEIGHT="27" WC="0.94" CONTENT="morgondagens"/><SP WIDTH="14" VPOS="314" HPOS="492"/>
							<String ID="string_20" HPOS="506" VPOS="314" WIDTH="85" HEIGHT="27" WC="0.95" CONTENT="plenum"/><SP WIDTH="15" VPOS="314" HPOS="591"/>
							<String ID="string_21" HPOS="606" VPOS="315" WIDTH="78" HEIGHT="20" WC="0.95" CONTENT="utsatts"/><SP WIDTH="15" VPOS="315" HPOS="684"/>
							<String ID="string_22" HPOS="699" VPOS="313" WIDTH="32" HEIGHT="21" WC="0.96" CONTENT="till"/><SP WIDTH="14" VPOS="313" HPOS="731"/>
							<String ID="string_23" HPOS="745" VPOS="313" WIDTH="27" HEIGHT="21" WC="0.92" CONTENT="kl."/><SP WIDTH="13" VPOS="313" HPOS="772"/>
							<String ID="string_24" HPOS="785" VPOS="312" WIDTH="41" HEIGHT="23" WC="0.92" CONTENT="tolf"/><SP WIDTH="8" VPOS="312" HPOS="826"/>
							<String ID="string_25" HPOS="834" VPOS="312" WIDTH="91" HEIGHT="28" WC="0.96" CONTENT="middag,"/><SP WIDTH="11" VPOS="312" HPOS="925"/>
							<String ID="string_26" HPOS="936" VPOS="312" WIDTH="52" HEIGHT="22" WC="0.96" CONTENT="slöts"/>
						</TextLine>
						<TextLine ID="line_4" HPOS="170" VPOS="342" WIDTH="671" HEIGHT="27">
							<String ID="string_27" HPOS="170" VPOS="343" WIDTH="147" HEIGHT="21" WC="0.96" CONTENT="diskussionen"/><SP WIDTH="16" VPOS="343" HPOS="317"/>
							<String ID="string_28" HPOS="333" VPOS="342" WIDTH="90" HEIGHT="22" WC="0.96" CONTENT="klockan"/><SP WIDTH="15" VPOS="342" HPOS="423"/>
							<String ID="string_29" HPOS="438" VPOS="345" WIDTH="31" HEIGHT="19" WC="0.96" CONTENT="ett"/><SP WIDTH="15" VPOS="345" HPOS="469"/>
							<String ID="string_30" HPOS="484" VPOS="343" WIDTH="38" HEIGHT="21" WC="0.96" CONTENT="och"/><SP WIDTH="16" VPOS="343" HPOS="522"/>
							<String ID="string_31" HPOS="538" VPOS="349" WIDTH="25" HEIGHT="15" WC="0.93" CONTENT="en"/><SP WIDTH="15" VPOS="349" HPOS="563"/>
							<String ID="string_32" HPOS="578" VPOS="344" WIDTH="62" HEIGHT="25" WC="0.91" CONTENT="qvart"/><SP WIDTH="16" VPOS="344" HPOS="640"/>
							<String ID="string_33" HPOS="656" VPOS="342" WIDTH="52" HEIGHT="21" WC="0.96" CONTENT="efter"/><SP WIDTH="16" VPOS="342" HPOS="708"/>
							<String ID="string_34" HPOS="724" VPOS="342" WIDTH="117" HEIGHT="26" WC="0.96" CONTENT="middagen."/>
						</TextLine>
					</TextBlock>
				</ComposedBlock>
				<ComposedBlock ID="cblock_4" HPOS="747" VPOS="398" WIDTH="95" HEIGHT="18">
					<TextBlock ID="block_3" HPOS="747" VPOS="398" WIDTH="95" HEIGHT="18">
						<TextLine ID="line_5" HPOS="747" VPOS="398" WIDTH="95" HEIGHT="18">
							<String ID="string_35" HPOS="747" VPOS="398" WIDTH="22" HEIGHT="18" WC="0.96" CONTENT="In"/><SP WIDTH="12" VPOS="398" HPOS="769"/>
							<String ID="string_36" HPOS="781" VPOS="398" WIDTH="61" HEIGHT="18" WC="0.95" CONTENT="fidem:"/>
						</TextLine>
					</TextBlock>
				</ComposedBlock>
				<ComposedBlock ID="cblock_5" HPOS="652" VPOS="433" WIDTH="266" HEIGHT="27">
					<TextBlock ID="block_4" HPOS="652" VPOS="433" WIDTH="266" HEIGHT="27">
						<TextLine ID="line_6" HPOS="652" VPOS="433" WIDTH="266" HEIGHT="27">
							<String ID="string_37" HPOS="652" VPOS="433" WIDTH="52" HEIGHT="22" WC="0.96" CONTENT="Carl"/><SP WIDTH="13" VPOS="433" HPOS="704"/>
							<String ID="string_38" HPOS="717" VPOS="433" WIDTH="49" HEIGHT="22" WC="0.93" CONTENT="Joh."/><SP WIDTH="17" VPOS="433" HPOS="766"/>
							<String ID="string_39" HPOS="783" VPOS="433" WIDTH="135" HEIGHT="27" WC="0.90" CONTENT="Lindegvist."/>
						</TextLine>
					</TextBlock>
				</ComposedBlock>
				<ComposedBlock ID="cblock_6" HPOS="172" VPOS="656" WIDTH="817" HEIGHT="36">
					<TextBlock ID="block_5" HPOS="172" VPOS="656" WIDTH="817" HEIGHT="36">
						<TextLine ID="line_7" HPOS="172" VPOS="656" WIDTH="817" HEIGHT="36">
							<String ID="string_40" HPOS="172" VPOS="658" WIDTH="151" HEIGHT="34" WC="0.92" CONTENT="Onsdagen"/><SP WIDTH="22" VPOS="658" HPOS="323"/>
							<String ID="string_41" HPOS="345" VPOS="658" WIDTH="56" HEIGHT="26" WC="0.96" CONTENT="den"/><SP WIDTH="24" VPOS="658" HPOS="401"/>
							<String ID="string_42" HPOS="425" VPOS="657" WIDTH="37" HEIGHT="27" WC="0.96" CONTENT="23"/><SP WIDTH="18" VPOS="657" HPOS="462"/>
							<String ID="string_43" HPOS="480" VPOS="657" WIDTH="121" HEIGHT="28" WC="0.93" CONTENT="Januari"/><SP WIDTH="23" VPOS="657" HPOS="601"/>
							<String ID="string_44" HPOS="624" VPOS="657" WIDTH="123" HEIGHT="27" WC="0.90" CONTENT="kloekan"/><SP WIDTH="22" VPOS="657" HPOS="747"/>
							<String ID="string_45" HPOS="769" VPOS="656" WIDTH="53" HEIGHT="28" WC="0.93" CONTENT="tolf"/><SP WIDTH="20" VPOS="656" HPOS="822"/>
							<String ID="string_46" HPOS="842" VPOS="657" WIDTH="36" HEIGHT="34" WC="0.96" CONTENT="pä"/><SP WIDTH="19" VPOS="657" HPOS="878"/>
							<String ID="string_47" HPOS="897" VPOS="657" WIDTH="92" HEIGHT="34" WC="0.96" CONTENT="dagen"/>
						</TextLine>
					</TextBlock>
				</ComposedBlock>
				<ComposedBlock ID="cblock_7" HPOS="171" VPOS="725" WIDTH="818" HEIGHT="81">
					<TextBlock ID="block_6" HPOS="171" VPOS="725" WIDTH="818" HEIGHT="81">
						<TextLine ID="line_8" HPOS="240" VPOS="725" WIDTH="749" HEIGHT="29">
							<String ID="string_48" HPOS="240" VPOS="727" WIDTH="171" HEIGHT="22" WC="0.90" CONTENT="sammanträdde"/><SP WIDTH="23" VPOS="727" HPOS="411"/>
							<String ID="string_49" HPOS="434" VPOS="727" WIDTH="33" HEIGHT="21" WC="0.93" CONTENT="till"/><SP WIDTH="22" VPOS="727" HPOS="467"/>
							<String ID="string_50" HPOS="489" VPOS="726" WIDTH="83" HEIGHT="28" WC="0.91" CONTENT="plenum"/><SP WIDTH="24" VPOS="726" HPOS="572"/>
							<String ID="string_51" HPOS="596" VPOS="726" WIDTH="166" HEIGHT="27" WC="0.92" CONTENT="presteständets"/><SP WIDTH="15" VPOS="726" HPOS="762"/>
							<String ID="string_52" HPOS="777" VPOS="726" WIDTH="97" HEIGHT="26" WC="0.93" CONTENT="samtliga"/><SP WIDTH="15" VPOS="726" HPOS="874"/>
							<String ID="string_53" HPOS="889" VPOS="725" WIDTH="100" HEIGHT="22" WC="0.92" CONTENT="medlem-"/>
						</TextLine>
						<TextLine ID="line_9" HPOS="171" VPOS="754" WIDTH="818" HEIGHT="28">
							<String ID="string_54" HPOS="171" VPOS="762" WIDTH="46" HEIGHT="15" WC="0.95" CONTENT="mar"/><SP WIDTH="15" VPOS="762" HPOS="217"/>
							<String ID="string_55" HPOS="232" VPOS="756" WIDTH="47" HEIGHT="21" WC="0.93" CONTENT="med"/><SP WIDTH="17" VPOS="756" HPOS="279"/>
							<String ID="string_56" HPOS="296" VPOS="756" WIDTH="108" HEIGHT="25" WC="0.92" CONTENT="undantag"/><SP WIDTH="14" VPOS="756" HPOS="404"/>
							<String ID="string_57" HPOS="418" VPOS="755" WIDTH="23" HEIGHT="22" WC="0.96" CONTENT="af"/><SP WIDTH="13" VPOS="755" HPOS="441"/>
							<String ID="string_58" HPOS="454" VPOS="755" WIDTH="54" HEIGHT="26" WC="0.96" CONTENT="dem,"/><SP WIDTH="15" VPOS="755" HPOS="508"/>
							<String ID="string_59" HPOS="523" VPOS="761" WIDTH="44" HEIGHT="16" WC="0.96" CONTENT="som"/><SP WIDTH="17" VPOS="761" HPOS="567"/>
							<String ID="string_60" HPOS="584" VPOS="755" WIDTH="48" HEIGHT="21" WC="0.96" CONTENT="med"/><SP WIDTH="16" VPOS="755" HPOS="632"/>
							<String ID="string_61" HPOS="648" VPOS="755" WIDTH="48" HEIGHT="21" WC="0.93" CONTENT="dem"/><SP WIDTH="14" VPOS="755" HPOS="696"/>
							<String ID="string_62" HPOS="710" VPOS="755" WIDTH="57" HEIGHT="21" WC="0.92" CONTENT="förut"/><SP WIDTH="15" VPOS="755" HPOS="767"/>
							<String ID="string_63" HPOS="782" VPOS="755" WIDTH="101" HEIGHT="27" WC="0.92" CONTENT="beviljadt"/><SP WIDTH="11" VPOS="755" HPOS="883"/>
							<String ID="string_64" HPOS="894" VPOS="754" WIDTH="95" HEIGHT="22" WC="0.92" CONTENT="tillständ"/>
						</TextLine>
						<TextLine ID="line_10" HPOS="171" VPOS="784" WIDTH="349" HEIGHT="22">
							<String ID="string_65" HPOS="171" VPOS="791" WIDTH="51" HEIGHT="14" WC="0.92" CONTENT="voro"/><SP WIDTH="17" VPOS="791" HPOS="222"/>
							<String ID="string_66" HPOS="239" VPOS="784" WIDTH="45" HEIGHT="22" WC="0.92" CONTENT="frän"/><SP WIDTH="17" VPOS="784" HPOS="284"/>
							<String ID="string_67" HPOS="301" VPOS="787" WIDTH="60" HEIGHT="19" WC="0.92" CONTENT="orten"/><SP WIDTH="15" VPOS="787" HPOS="361"/>
							<String ID="string_68" HPOS="376" VPOS="784" WIDTH="144" HEIGHT="21" WC="0.91" CONTENT="fränvarande."/>
						</TextLine>
					</TextBlock>
				</ComposedBlock>
				<ComposedBlock ID="cblock_8" HPOS="173" VPOS="841" WIDTH="814" HEIGHT="50">
					<TextBlock ID="block_7" HPOS="173" VPOS="841" WIDTH="814" HEIGHT="50">
						<TextLine ID="line_11" HPOS="240" VPOS="841" WIDTH="747" HEIGHT="28">
							<String ID="string_69" HPOS="240" VPOS="841" WIDTH="170" HEIGHT="22" WC="0.89" CONTENT="Sammanträdet"/><SP WIDTH="24" VPOS="841" HPOS="410"/>
							<String ID="string_70" HPOS="434" VPOS="842" WIDTH="107" HEIGHT="27" WC="0.89" CONTENT="öppnades"/><SP WIDTH="21" VPOS="842" HPOS="541"/>
							<String ID="string_71" HPOS="562" VPOS="841" WIDTH="47" HEIGHT="22" WC="0.96" CONTENT="med"/><SP WIDTH="16" VPOS="841" HPOS="609"/>
							<String ID="string_72" HPOS="625" VPOS="841" WIDTH="21" HEIGHT="21" WC="0.93" CONTENT="af"/><SP WIDTH="16" VPOS="841" HPOS="646"/>
							<String ID="string_73" HPOS="662" VPOS="841" WIDTH="134" HEIGHT="27" WC="0.92" CONTENT="domprosten"/><SP WIDTH="15" VPOS="841" HPOS="796"/>
							<String ID="string_74" HPOS="811" VPOS="841" WIDTH="87" HEIGHT="21" WC="0.93" CONTENT="Renvall"/><SP WIDTH="15" VPOS="841" HPOS="898"/>
							<String ID="string_75" HPOS="913" VPOS="841" WIDTH="74" HEIGHT="21" WC="0.92" CONTENT="förrät-"/>
						</TextLine>
						<TextLine ID="line_12" HPOS="173" VPOS="869" WIDTH="99" HEIGHT="22">
							<String ID="string_76" HPOS="173" VPOS="869" WIDTH="35" HEIGHT="22" WC="0.92" CONTENT="tad"/><SP WIDTH="16" VPOS="869" HPOS="208"/>
							<String ID="string_77" HPOS="224" VPOS="870" WIDTH="48" HEIGHT="21" WC="0.93" CONTENT="bön."/>
						</TextLine>
					</TextBlock>
				</ComposedBlock>
				<ComposedBlock ID="cblock_9" HPOS="171" VPOS="926" WIDTH="819" HEIGHT="57">
					<TextBlock ID="block_8" HPOS="171" VPOS="926" WIDTH="819" HEIGHT="57">
						<TextLine ID="line_13" HPOS="239" VPOS="926" WIDTH="751" HEIGHT="28">
							<String ID="string_78" HPOS="239" VPOS="927" WIDTH="41" HEIGHT="21" WC="0.93" CONTENT="Till"/><SP WIDTH="12" VPOS="927" HPOS="280"/>
							<String ID="string_79" HPOS="292" VPOS="927" WIDTH="104" HEIGHT="26" WC="0.93" CONTENT="justering"/><SP WIDTH="11" VPOS="927" HPOS="396"/>
							<String ID="string_80" HPOS="407" VPOS="926" WIDTH="107" HEIGHT="28" WC="0.93" CONTENT="upplästes"/><SP WIDTH="16" VPOS="926" HPOS="514"/>
							<String ID="string_81" HPOS="530" VPOS="927" WIDTH="102" HEIGHT="22" WC="0.93" CONTENT="särskilda"/><SP WIDTH="14" VPOS="927" HPOS="632"/>
							<String ID="string_82" HPOS="646" VPOS="927" WIDTH="78" HEIGHT="27" WC="0.92" CONTENT="utdrag"/><SP WIDTH="14" VPOS="927" HPOS="724"/>
							<String ID="string_83" HPOS="738" VPOS="933" WIDTH="25" HEIGHT="15" WC="0.93" CONTENT="ur"/><SP WIDTH="15" VPOS="933" HPOS="763"/>
							<String ID="string_84" HPOS="778" VPOS="927" WIDTH="94" HEIGHT="22" WC="0.92" CONTENT="ständets"/><SP WIDTH="16" VPOS="927" HPOS="872"/>
							<String ID="string_85" HPOS="888" VPOS="927" WIDTH="33" HEIGHT="21" WC="0.93" CONTENT="vid"/><SP WIDTH="15" VPOS="927" HPOS="921"/>
							<String ID="string_86" HPOS="936" VPOS="927" WIDTH="54" HEIGHT="22" WC="0.93" CONTENT="före-"/>
						</TextLine>
						<TextLine ID="line_14" HPOS="171" VPOS="955" WIDTH="385" HEIGHT="28">
							<String ID="string_87" HPOS="171" VPOS="955" WIDTH="81" HEIGHT="27" WC="0.92" CONTENT="gäende"/><SP WIDTH="14" VPOS="955" HPOS="252"/>
							<String ID="string_88" HPOS="266" VPOS="955" WIDTH="84" HEIGHT="28" WC="0.91" CONTENT="plenum"/><SP WIDTH="16" VPOS="955" HPOS="350"/>
							<String ID="string_89" HPOS="366" VPOS="955" WIDTH="60" HEIGHT="22" WC="0.92" CONTENT="förda"/><SP WIDTH="15" VPOS="955" HPOS="426"/>
							<String ID="string_90" HPOS="441" VPOS="955" WIDTH="115" HEIGHT="27" WC="0.92" CONTENT="protokoll."/>
						</TextLine>
					</TextBlock>
				</ComposedBlock>
				<ComposedBlock ID="cblock_10" HPOS="171" VPOS="1012" WIDTH="819" HEIGHT="108">
					<TextBlock ID="block_9" HPOS="171" VPOS="1012" WIDTH="819" HEIGHT="108">
						<TextLine ID="line_15" HPOS="239" VPOS="1012" WIDTH="751" HEIGHT="27">
							<String ID="string_91" HPOS="239" VPOS="1012" WIDTH="91" HEIGHT="22" WC="0.92" CONTENT="Ständet"/><SP WIDTH="21" VPOS="1012" HPOS="330"/>
							<String ID="string_92" HPOS="351" VPOS="1012" WIDTH="33" HEIGHT="21" WC="0.93" CONTENT="till"/><SP WIDTH="16" VPOS="1012" HPOS="384"/>
							<String ID="string_93" HPOS="400" VPOS="1013" WIDTH="118" HEIGHT="21" WC="0.92" CONTENT="kännedom"/><SP WIDTH="15" VPOS="1013" HPOS="518"/>
							<String ID="string_94" HPOS="533" VPOS="1012" WIDTH="133" HEIGHT="22" WC="0.92" CONTENT="meddelades"/><SP WIDTH="15" VPOS="1012" HPOS="666"/>
							<String ID="string_95" HPOS="681" VPOS="1012" WIDTH="107" HEIGHT="27" WC="0.93" CONTENT="ätskilliga"/><SP WIDTH="14" VPOS="1012" HPOS="788"/>
							<String ID="string_96" HPOS="802" VPOS="1013" WIDTH="45" HEIGHT="21" WC="0.92" CONTENT="frän"/><SP WIDTH="15" VPOS="1013" HPOS="847"/>
							<String ID="string_97" HPOS="862" VPOS="1019" WIDTH="55" HEIGHT="20" WC="0.92" CONTENT="resp."/><SP WIDTH="16" VPOS="1019" HPOS="917"/>
							<String ID="string_98" HPOS="933" VPOS="1013" WIDTH="57" HEIGHT="21" WC="0.91" CONTENT="med-"/>
						</TextLine>
						<TextLine ID="line_16" HPOS="171" VPOS="1041" WIDTH="819" HEIGHT="27">
							<String ID="string_99" HPOS="171" VPOS="1041" WIDTH="90" HEIGHT="22" WC="0.93" CONTENT="stånden"/><SP WIDTH="16" VPOS="1041" HPOS="261"/>
							<String ID="string_100" HPOS="277" VPOS="1041" WIDTH="105" HEIGHT="22" WC="0.92" CONTENT="ankomna"/><SP WIDTH="16" VPOS="1041" HPOS="382"/>
							<String ID="string_101" HPOS="398" VPOS="1041" WIDTH="196" HEIGHT="27" WC="0.45" CONTENT="protokollsutdrag"/><SP WIDTH="15" VPOS="1041" HPOS="594"/>
							<String ID="string_102" HPOS="609" VPOS="1041" WIDTH="105" HEIGHT="22" WC="0.96" CONTENT="äfvensom"/><SP WIDTH="11" VPOS="1041" HPOS="714"/>
							<String ID="string_103" HPOS="725" VPOS="1041" WIDTH="103" HEIGHT="22" WC="0.93" CONTENT="särskilda"/><SP WIDTH="9" VPOS="1041" HPOS="828"/>
							<String ID="string_104" HPOS="837" VPOS="1041" WIDTH="153" HEIGHT="22" WC="0.92" CONTENT="utskottsskrif-"/>
						</TextLine>
						<TextLine ID="line_17" HPOS="171" VPOS="1069" WIDTH="819" HEIGHT="27">
							<String ID="string_105" HPOS="171" VPOS="1069" WIDTH="74" HEIGHT="26" WC="0.90" CONTENT="velser,"/><SP WIDTH="17" VPOS="1069" HPOS="245"/>
							<String ID="string_106" HPOS="262" VPOS="1070" WIDTH="71" HEIGHT="21" WC="0.90" CONTENT="hvilka"/><SP WIDTH="15" VPOS="1070" HPOS="333"/>
							<String ID="string_107" HPOS="348" VPOS="1070" WIDTH="98" HEIGHT="26" WC="0.93" CONTENT="samtliga"/><SP WIDTH="14" VPOS="1070" HPOS="446"/>
							<String ID="string_108" HPOS="460" VPOS="1069" WIDTH="46" HEIGHT="22" WC="0.92" CONTENT="icke"/><SP WIDTH="15" VPOS="1069" HPOS="506"/>
							<String ID="string_109" HPOS="521" VPOS="1070" WIDTH="89" HEIGHT="26" WC="0.92" CONTENT="ansägos"/><SP WIDTH="10" VPOS="1070" HPOS="610"/>
							<String ID="string_110" HPOS="620" VPOS="1070" WIDTH="85" HEIGHT="26" WC="0.91" CONTENT="päkalla"/><SP WIDTH="10" VPOS="1070" HPOS="705"/>
							<String ID="string_111" HPOS="715" VPOS="1070" WIDTH="69" HEIGHT="26" WC="0.93" CONTENT="nägon"/><SP WIDTH="8" VPOS="1070" HPOS="784"/>
							<String ID="string_112" HPOS="792" VPOS="1070" WIDTH="75" HEIGHT="26" WC="0.89" CONTENT="ätgärd"/><SP WIDTH="10" VPOS="1070" HPOS="867"/>
							<String ID="string_113" HPOS="877" VPOS="1070" WIDTH="46" HEIGHT="21" WC="0.93" CONTENT="frän"/><SP WIDTH="11" VPOS="1070" HPOS="923"/>
							<String ID="string_114" HPOS="934" VPOS="1070" WIDTH="56" HEIGHT="21" WC="0.93" CONTENT="stän-"/>
						</TextLine>
						<TextLine ID="line_18" HPOS="172" VPOS="1098" WIDTH="111" HEIGHT="22">
							<String ID="string_115" HPOS="172" VPOS="1099" WIDTH="46" HEIGHT="21" WC="0.96" CONTENT="dets"/><SP WIDTH="14" VPOS="1099" HPOS="218"/>
							<String ID="string_116" HPOS="232" VPOS="1098" WIDTH="51" HEIGHT="21" WC="0.96" CONTENT="sida."/>
						</TextLine>
					</TextBlock>
				</ComposedBlock>
				<ComposedBlock ID="cblock_11" HPOS="171" VPOS="1155" WIDTH="820" HEIGHT="113">
					<TextBlock ID="block_10" HPOS="171" VPOS="1155" WIDTH="820" HEIGHT="113">
						<TextLine ID="line_19" HPOS="241" VPOS="1155" WIDTH="749" HEIGHT="27">
							<String ID="string_117" HPOS="241" VPOS="1155" WIDTH="96" HEIGHT="22" WC="0.92" CONTENT="Anlände"/><SP WIDTH="23" VPOS="1155" HPOS="337"/>
							<String ID="string_118" HPOS="360" VPOS="1155" WIDTH="39" HEIGHT="21" WC="0.93" CONTENT="och"/><SP WIDTH="17" VPOS="1155" HPOS="399"/>
							<String ID="string_119" HPOS="416" VPOS="1157" WIDTH="104" HEIGHT="31" WC="0.92" CONTENT="emottogs"/><SP WIDTH="14" VPOS="1157" HPOS="520"/>
							<String ID="string_120" HPOS="534" VPOS="1155" WIDTH="209" HEIGHT="22" WC="0.92" CONTENT="ceremonimästaren"/><SP WIDTH="16" VPOS="1155" HPOS="743"/>
							<String ID="string_121" HPOS="759" VPOS="1155" WIDTH="72" HEIGHT="27" WC="0.90" CONTENT="grefve"/><SP WIDTH="14" VPOS="1155" HPOS="831"/>
							<String ID="string_122" HPOS="845" VPOS="1155" WIDTH="33" HEIGHT="23" WC="0.96" CONTENT="W."/><SP WIDTH="16" VPOS="1155" HPOS="878"/>
							<String ID="string_123" HPOS="894" VPOS="1155" WIDTH="96" HEIGHT="27" WC="0.96" CONTENT="Armfelt,"/>
						</TextLine>
						<TextLine ID="line_20" HPOS="172" VPOS="1184" WIDTH="819" HEIGHT="27">
							<String ID="string_124" HPOS="172" VPOS="1189" WIDTH="46" HEIGHT="16" WC="0.93" CONTENT="som"/><SP WIDTH="20" VPOS="1189" HPOS="218"/>
							<String ID="string_125" HPOS="238" VPOS="1184" WIDTH="72" HEIGHT="26" WC="0.92" CONTENT="inbjöd"/><SP WIDTH="15" VPOS="1184" HPOS="310"/>
							<String ID="string_126" HPOS="325" VPOS="1184" WIDTH="85" HEIGHT="21" WC="0.92" CONTENT="ständet"/><SP WIDTH="15" VPOS="1184" HPOS="410"/>
							<String ID="string_127" HPOS="425" VPOS="1186" WIDTH="32" HEIGHT="19" WC="0.96" CONTENT="att"/><SP WIDTH="15" VPOS="1186" HPOS="457"/>
							<String ID="string_128" HPOS="472" VPOS="1184" WIDTH="7" HEIGHT="21" WC="0.93" CONTENT="i"/><SP WIDTH="13" VPOS="1184" HPOS="479"/>
							<String ID="string_129" HPOS="492" VPOS="1191" WIDTH="86" HEIGHT="20" WC="0.92" CONTENT="morgon"/><SP WIDTH="16" VPOS="1191" HPOS="578"/>
							<String ID="string_130" HPOS="594" VPOS="1184" WIDTH="108" HEIGHT="22" WC="0.92" CONTENT="öfvervara"/><SP WIDTH="14" VPOS="1184" HPOS="702"/>
							<String ID="string_131" HPOS="716" VPOS="1185" WIDTH="144" HEIGHT="26" WC="0.92" CONTENT="gudstjensten"/><SP WIDTH="16" VPOS="1185" HPOS="860"/>
							<String ID="string_132" HPOS="876" VPOS="1185" WIDTH="6" HEIGHT="21" WC="0.96" CONTENT="i"/><SP WIDTH="16" VPOS="1185" HPOS="882"/>
							<String ID="string_133" HPOS="898" VPOS="1173" WIDTH="93" HEIGHT="33" WC="0.92" CONTENT="Nikolai-"/>
						</TextLine>
						<TextLine ID="line_21" HPOS="173" VPOS="1212" WIDTH="818" HEIGHT="28">
							<String ID="string_134" HPOS="173" VPOS="1212" WIDTH="82" HEIGHT="27" WC="0.96" CONTENT="kyrkan"/><SP WIDTH="15" VPOS="1212" HPOS="255"/>
							<String ID="string_135" HPOS="270" VPOS="1214" WIDTH="55" HEIGHT="19" WC="0.93" CONTENT="samt"/><SP WIDTH="15" VPOS="1214" HPOS="325"/>
							<String ID="string_136" HPOS="340" VPOS="1212" WIDTH="90" HEIGHT="21" WC="0.96" CONTENT="derefter"/><SP WIDTH="16" VPOS="1212" HPOS="430"/>
							<String ID="string_137" HPOS="446" VPOS="1212" WIDTH="32" HEIGHT="21" WC="0.93" CONTENT="för"/><SP WIDTH="14" VPOS="1212" HPOS="478"/>
							<String ID="string_138" HPOS="492" VPOS="1213" WIDTH="138" HEIGHT="27" WC="0.91" CONTENT="landtdagens"/><SP WIDTH="15" VPOS="1213" HPOS="630"/>
							<String ID="string_139" HPOS="645" VPOS="1213" WIDTH="117" HEIGHT="22" WC="0.92" CONTENT="afslutande"/><SP WIDTH="15" VPOS="1213" HPOS="762"/>
							<String ID="string_140" HPOS="777" VPOS="1213" WIDTH="79" HEIGHT="22" WC="0.96" CONTENT="infinna"/><SP WIDTH="14" VPOS="1213" HPOS="856"/>
							<String ID="string_141" HPOS="870" VPOS="1214" WIDTH="32" HEIGHT="26" WC="0.93" CONTENT="sig"/><SP WIDTH="15" VPOS="1214" HPOS="902"/>
							<String ID="string_142" HPOS="917" VPOS="1214" WIDTH="13" HEIGHT="21" WC="0.53" CONTENT="ä"/><SP WIDTH="10" VPOS="1214" HPOS="930"/>
							<String ID="string_143" HPOS="940" VPOS="1213" WIDTH="51" HEIGHT="22" WC="0.93" CONTENT="riks-"/>
						</TextLine>
						<TextLine ID="line_22" HPOS="171" VPOS="1241" WIDTH="327" HEIGHT="27">
							<String ID="string_144" HPOS="171" VPOS="1241" WIDTH="59" HEIGHT="22" WC="0.95" CONTENT="salen"/><SP WIDTH="15" VPOS="1241" HPOS="230"/>
							<String ID="string_145" HPOS="245" VPOS="1241" WIDTH="6" HEIGHT="20" WC="0.93" CONTENT="i"/><SP WIDTH="19" VPOS="1241" HPOS="251"/>
							<String ID="string_146" HPOS="270" VPOS="1241" WIDTH="117" HEIGHT="27" WC="0.92" CONTENT="Kejserliga"/><SP WIDTH="15" VPOS="1241" HPOS="387"/>
							<String ID="string_147" HPOS="402" VPOS="1241" WIDTH="96" HEIGHT="26" WC="0.92" CONTENT="palatset."/>
						</TextLine>
					</TextBlock>
				</ComposedBlock>
				<ComposedBlock ID="cblock_12" HPOS="172" VPOS="1297" WIDTH="819" HEIGHT="50">
					<TextBlock ID="block_11" HPOS="172" VPOS="1297" WIDTH="819" HEIGHT="50">
						<TextLine ID="line_23" HPOS="247" VPOS="1297" WIDTH="744" HEIGHT="28">
							<String ID="string_148" HPOS="247" VPOS="1297" WIDTH="104" HEIGHT="22" WC="0.92" CONTENT="Ständets"/><SP WIDTH="26" VPOS="1297" HPOS="351"/>
							<String ID="string_149" HPOS="377" VPOS="1297" WIDTH="137" HEIGHT="22" WC="0.93" CONTENT="medlemmar"/><SP WIDTH="24" VPOS="1297" HPOS="514"/>
							<String ID="string_150" HPOS="538" VPOS="1298" WIDTH="100" HEIGHT="22" WC="0.93" CONTENT="ätskildes"/><SP WIDTH="23" VPOS="1298" HPOS="638"/>
							<String ID="string_151" HPOS="661" VPOS="1297" WIDTH="57" HEIGHT="28" WC="0.89" CONTENT="häråj"/><SP WIDTH="15" VPOS="1297" HPOS="718"/>
							<String ID="string_152" HPOS="733" VPOS="1298" WIDTH="90" HEIGHT="22" WC="0.96" CONTENT="klockan"/><SP WIDTH="24" VPOS="1298" HPOS="823"/>
							<String ID="string_153" HPOS="847" VPOS="1299" WIDTH="29" HEIGHT="21" WC="0.96" CONTENT="tio"/><SP WIDTH="25" VPOS="1299" HPOS="876"/>
							<String ID="string_154" HPOS="901" VPOS="1299" WIDTH="90" HEIGHT="22" WC="0.96" CONTENT="minuter"/>
						</TextLine>
						<TextLine ID="line_24" HPOS="172" VPOS="1325" WIDTH="95" HEIGHT="22">
							<String ID="string_155" HPOS="172" VPOS="1325" WIDTH="44" HEIGHT="22" WC="0.96" CONTENT="före"/><SP WIDTH="16" VPOS="1325" HPOS="216"/>
							<String ID="string_156" HPOS="232" VPOS="1327" WIDTH="35" HEIGHT="20" WC="0.96" CONTENT="ett."/>
						</TextLine>
					</TextBlock>
				</ComposedBlock>
				<ComposedBlock ID="cblock_13" HPOS="648" VPOS="1381" WIDTH="274" HEIGHT="65">
					<TextBlock ID="block_12" HPOS="648" VPOS="1381" WIDTH="274" HEIGHT="65">
						<TextLine ID="line_25" HPOS="747" VPOS="1381" WIDTH="94" HEIGHT="19">
							<String ID="string_157" HPOS="747" VPOS="1381" WIDTH="22" HEIGHT="18" WC="0.96" CONTENT="In"/><SP WIDTH="11" VPOS="1381" HPOS="769"/>
							<String ID="string_158" HPOS="780" VPOS="1382" WIDTH="61" HEIGHT="18" WC="0.96" CONTENT="fidem:"/>
						</TextLine>
						<TextLine ID="line_26" HPOS="648" VPOS="1416" WIDTH="274" HEIGHT="30">
							<String ID="string_159" HPOS="648" VPOS="1416" WIDTH="56" HEIGHT="22" WC="0.96" CONTENT="Carl."/><SP WIDTH="17" VPOS="1416" HPOS="704"/>
							<String ID="string_160" HPOS="721" VPOS="1417" WIDTH="49" HEIGHT="22" WC="0.93" CONTENT="Joh."/><SP WIDTH="17" VPOS="1417" HPOS="770"/>
							<String ID="string_161" HPOS="787" VPOS="1417" WIDTH="135" HEIGHT="29" WC="0.90" CONTENT="Lindeqvist."/>
						</TextLine>
					</TextBlock>
				</ComposedBlock>
				<GraphicalElement ID="cblock_14" HPOS="1074" VPOS="1296" WIDTH="7" HEIGHT="507"></GraphicalElement >
			</PrintSpace>
		</Page>
	</Layout>
</alto>
