1092 1800
170 148 58 22 3368
379 152 160 18 Presteståndet
551 154 54 17 1878.
630 154 23 16 18
665 153 88 21 januari.

240 222 90 21 Prosten
354 222 80 21 Roos:
464 221 46 27 Mig
532 228 60 20 synes
608 221 46 21 icke
669 221 69 27 någon
755 222 107 26 synnerlig
877 221 44 27 vigt
936 222 58 26 ligga

172 251 72 26 derpä,
266 257 34 15 om
322 250 12 27 $
358 251 25 20 19
406 253 94 23 antages,
523 250 50 21 eller
590 250 25 26 ej.
645 251 94 25 Antages
763 250 39 20 den
826 250 112 26 nämligen,
955 250 40 21 har

172 279 86 21 ståndet
280 279 86 21 dermed
390 278 115 27 ingalunda
525 279 146 21 sanktionerat
695 279 25 20 de
742 278 57 22 förut
813 278 82 27 utgifna
911 278 81 22 förord-

172 308 105 26 ningarna
300 308 109 26 angående
432 308 159 26 grekisk-ryska
613 306 176 22 trosbekännares
812 307 133 21 förhållande
961 307 33 21 till

173 336 67 22 andra
264 336 173 27 kyrkosamfund.
468 336 93 27 Antages
585 336 39 21 den
647 336 46 20 åter
715 336 25 26 ej,
763 336 24 21 så
802 335 62 27 följer
879 336 116 27 ingalunda

172 365 67 26 deraf,
264 368 31 18 att
317 365 165 25 dissenterlagen
498 365 67 21 skulle
581 364 90 22 omfatta
687 364 62 21 äfven
767 364 160 28 grekisk-ryska
940 367 53 19 tros-

173 394 127 22 bekännare.
322 394 100 21 Tvärtom
437 394 57 21 visar
507 394 43 26 just
566 394 40 21 den
621 393 147 28 förhoppning,
785 399 44 15 som
847 393 76 22 uttalas
939 394 6 20 i
962 394 32 20 in-

173 429 93 21 gressen,
290 425 32 19 att
342 424 69 20 denna
433 423 35 26 lag
484 422 18 27 ej
518 423 55 21 afser
589 422 160 27 grekisk-ryska
765 422 174 24 trosbekännare,
954 422 41 21 lik-

173 458 45 15 som
245 452 63 21 också
331 451 35 22 det
381 451 149 25 förhållandet,
549 454 31 18 att
595 451 124 28 paragrafen
735 451 39 21 har
787 451 108 25 förevarit,
911 457 48 15 men
974 451 21 28 ej

172 481 82 21 kunnat
274 481 124 26 godkännas
419 480 23 21 af
464 480 35 21 två
522 480 67 26 stånd,
613 480 66 26 enligt
702 481 25 20 73
743 481 10 25 $
770 482 38 25 gör
824 480 41 24 det,
881 481 32 20 att
929 480 66 21 saken

173 509 110 22 förblifver
305 509 35 21 vid
364 509 34 21 det
410 509 76 26 gamla.
517 509 72 21 Likväl
606 515 62 15 anser
680 509 42 27 jag,
739 511 32 18 att
786 509 105 21 utskottet
905 508 89 21 alldeles

173 539 47 20 icke
236 538 48 21 bort
299 537 70 22 införa
385 538 68 21 denna
465 538 101 27 paragraf
580 538 139 21 tillsammans
735 538 48 20 med
799 538 24 21 de
840 537 67 27 öfriga
917 537 7 21 i
935 538 59 21 detta

172 566 189 27 petitionsförslag.
392 566 151 21 Förhållandet
562 573 37 14 var
614 566 81 26 sådant,
711 568 32 19 att
758 567 34 20 vid
808 567 115 20 utskottets
939 572 57 15 sam-

174 595 111 22 manträde
307 595 97 21 sistlidne
428 595 79 27 onsdag
530 595 65 26 ansåg
617 595 104 21 utskottet
744 595 91 21 nämnde
860 595 101 27 paragraf
975 595 20 27 ej

173 625 72 20 kunna
268 624 96 25 hitföras,
386 626 51 18 utan
454 624 51 21 böra
521 624 129 21 bortlemnas
665 624 68 20 såsom
750 624 61 20 äfven
827 624 6 20 i
850 624 35 20 det
901 623 94 21 öfversta

174 653 84 27 stycket
274 653 38 21 sid.
328 654 13 20 3
357 653 116 26 uppgifves,
490 659 46 14 men
552 653 35 20 vid
603 653 51 21 sista
672 653 166 20 sammanträdet
853 652 100 27 föredrog
968 658 26 15 en

172 682 95 21 ledamot
290 682 26 20 de
338 681 52 26 skäl,
410 688 44 14 som
470 680 68 22 finnas
553 684 106 24 upptagne
675 682 6 19 i
697 682 66 20 andra
779 681 88 27 stycket,
883 681 28 27 på
926 681 68 27 grund

172 710 76 22 hvaraf
270 710 39 22 den
329 710 80 27 åsigten
426 711 94 25 segrade,
542 712 32 19 att
595 710 124 26 paragrafen
735 710 65 21 borde
815 710 84 26 intagas
914 710 7 20 i
936 714 58 16 vote-

172 739 167 26 ringsförslaget.
356 739 33 21 Nu
406 745 62 21 synas
480 740 43 26 mig
538 739 65 21 likväl
619 740 25 20 de
659 739 52 26 skäl,
727 745 44 15 som
788 740 36 20 äro
836 738 97 24 anförda,
944 745 51 15 vara

173 767 24 22 så
212 768 101 20 haltande
328 768 31 20 att
373 768 36 26 jag
424 768 18 26 ej
459 768 40 20 kan
515 770 64 18 annat
593 770 26 18 än
635 769 97 19 utvotera
748 768 68 20 denna
831 767 106 27 paragraf,
953 767 40 21 lik-

173 802 45 16 som
234 796 61 21 äfven
312 798 11 19 9
340 796 12 28 &
367 796 27 27 pä
410 796 25 20 de
451 796 99 27 grunder,
563 802 45 15 som
625 796 22 20 af
660 798 73 24 pastor
749 796 55 27 Lyra
819 798 36 19 äro
872 796 85 26 angifna

242 854 83 20 Doktor
347 853 175 21 Nordström:
553 853 29 21 Af
603 853 39 21 den
665 853 124 26 diskussion,
811 859 44 15 som
878 853 6 21 i
908 853 85 21 ståndet

175 881 99 27 föregått,
297 882 39 20 har
354 882 36 26 jag
406 882 36 20 allt
459 888 58 14 mera
532 882 71 20 blifvit
617 882 97 26 bestyrkt
729 882 7 20 i
752 882 39 20 den
808 882 54 26 åsigt
875 882 37 26 jag
927 882 66 20 redan

174 910 7 20 i
197 910 141 27 lagutskottet
361 910 91 26 hyllade,
471 913 31 18 att
517 910 46 21 icke
579 911 68 20 denna
663 910 165 26 dissenterfråga
849 910 65 21 borde
928 910 65 21 blifva

172 938 89 22 föremål
277 938 33 21 för
324 938 103 21 förstärkt
442 939 92 21 utskotts
549 939 122 26 afgörande.
687 938 41 27 Jag
743 939 60 21 delar
819 940 39 20 den
874 938 54 28 åsigt
943 945 50 20 pro-

172 969 47 19 sten
242 967 59 27 Hjelt
324 968 38 20 och
386 968 49 20 flere
457 968 66 20 andra
545 968 39 21 här
607 967 63 21 hafva
693 967 104 21 förfäktat
812 967 6 20 i
834 967 80 27 frågan,
931 973 63 15 anser

172 996 71 24 också,
258 999 32 18 att
307 996 157 26 presteståndet
480 996 16 27 ej
513 996 39 21 har
567 996 98 22 omfattat
682 996 164 27 dissenterlagen
862 996 7 21 i
885 996 48 22 dess
948 996 45 21 hel-

172 1024 42 25 hel,
231 1025 27 21 dä
272 1024 158 28 presterskapet
446 1025 61 21 derur
523 1026 38 20 har
577 1025 96 21 uteslutit
690 1025 39 21 den
746 1026 26 20 19
787 1025 12 27 $
815 1025 38 21 och
869 1026 75 20 endast
955 1031 38 15 an-

172 1054 54 26 tagit
242 1054 150 26 inbjudningen
408 1060 33 14 om
457 1054 151 20 fasthållandet
623 1054 22 20 af
660 1054 25 20 de
700 1053 104 21 särskilda
819 1054 152 26 paragraferna
985 1054 6 21 i

172 1082 108 26 förslaget,
304 1082 79 21 sådana
406 1082 84 21 ståndet
512 1083 57 21 förut
587 1082 84 21 affattat
685 1082 53 21 dem.
769 1083 28 21 Sä
812 1083 83 26 mycket
910 1082 84 21 mindre

172 1117 63 15 anser
247 1110 37 27 jag
299 1111 88 21 ärendet
402 1111 73 21 kunna
491 1111 139 21 öfverlemnas
646 1110 32 21 till
693 1111 102 21 förstärkt
811 1111 88 26 utskott,
917 1118 44 14 som
973 1112 20 26 ej

172 1142 33 18 tre
228 1139 73 21 stånds
320 1140 70 20 beslut
413 1140 73 20 derom
502 1140 120 20 förefinnes.
652 1140 159 21 Presteståndet
827 1140 38 20 har
880 1140 66 21 redan
962 1139 30 21 af-

172 1167 45 27 böjt
239 1168 186 26 borgareståndets
447 1168 123 27 inbjudning
585 1170 32 19 att
632 1168 93 21 förklara
741 1168 68 21 denna
825 1169 38 20 sak
878 1168 47 21 icke
941 1169 53 21 böra

172 1196 93 21 förfalla.
295 1197 41 20 Det
359 1196 39 21 bör
419 1196 53 21 dock
494 1203 49 14 vara
559 1199 32 18 tre
610 1196 69 23 stånd,
695 1196 68 21 såsom
781 1198 39 19 den
837 1199 26 18 74
879 1196 11 27 $
906 1198 6 19 i
928 1197 23 21 L.
967 1196 26 21 O.

172 1225 93 26 stadgar,
280 1230 34 15 om
330 1227 31 19 ett
376 1225 85 25 ärende,
478 1225 44 21 deri
536 1225 202 26 sammanjemkning
749 1226 18 26 ej
780 1225 39 21 har
830 1225 81 21 kunnat
921 1225 72 22 ästad-

171 1253 103 26 kommas,
291 1253 55 21 skall
361 1253 32 21 till
409 1253 103 22 förstärkt
527 1254 82 21 utskott
625 1253 130 27 hänskjutas,
772 1261 47 14 men
833 1253 43 27 just
892 1255 6 20 i
911 1256 78 25 preste-

172 1281 96 22 ständets
284 1288 48 15 svar
344 1282 27 27 pä
386 1282 186 27 borgareständets
587 1283 130 26 inbjudning,
735 1283 80 20 hvilket
830 1282 69 27 afoafs
915 1283 39 20 den
967 1283 26 20 14

169 1311 91 26 januari,
282 1310 61 21 heter
365 1311 41 26 det,
426 1313 32 18 att
473 1311 156 26 presteständet
644 1311 67 26 afböjt
727 1311 186 27 borgareständets
929 1311 64 27 äsigt,

172 1340 32 19 att
224 1339 166 25 disseuterlagen
414 1339 17 25 ej
455 1339 55 25 finge
525 1339 89 20 förfalla.
644 1339 31 20 På
691 1340 60 19 dessa
766 1340 92 26 grunder
873 1346 62 14 anser
948 1340 45 25 jag,

171 1369 34 18 att
226 1366 156 26 presteständet
397 1367 65 21 borde
478 1367 93 21 vidhälla
585 1367 37 21 sitt
639 1366 126 27 föregäende
782 1368 68 20 beslut
865 1368 40 20 och
921 1367 74 27 afböja

172 1394 69 22 denna
257 1394 127 22 hemställan
400 1398 31 18 att
446 1395 129 21 öfverlemna
591 1395 98 21 ärendets
704 1395 128 27 behandling
847 1396 32 20 till
890 1396 104 20 förstärkt

171 1424 90 21 utskott.

241 1482 89 21 Prosten
353 1481 166 27 Rosengren:
549 1481 74 22 Säsom
644 1482 37 26 jag
703 1482 64 22 redan
788 1483 55 21 hade
864 1484 51 20 äran
937 1482 54 21 atti

172 1511 32 21 ett
220 1510 128 28 föregäende
362 1510 99 27 yttrande
474 1510 68 21 uttala
556 1511 49 26 mig,
621 1513 31 19 att
665 1512 37 26 jag
717 1511 46 21 icke
774 1511 39 21 har
829 1512 92 26 godkänt
932 1512 60 20 detta

171 1540 153 26 lagutskottets
348 1538 85 28 förslag,
456 1539 88 21 emedan
565 1539 36 27 jag
616 1539 34 21 vid
667 1540 24 20 de
708 1540 25 21 dä
749 1540 138 22 förefallande
903 1542 89 20 omröst-
