1073 1803
205 142 56 21 2694
377 147 159 17 Presteståndet
549 148 53 16 1877.
628 148 24 16 10
665 148 113 16 december.

175 216 7 20 i
197 215 116 22 utskottets
327 215 139 25 betänkande,
481 215 28 26 på
524 215 44 21 helt
582 216 66 20 annat
663 216 43 20 sätt
721 214 139 28 uppkommit.
889 215 109 27 Föröfrigt

175 244 45 22 står
242 244 36 21 det
301 243 64 22 också
386 244 8 20 i
415 244 117 21 utskottets
559 244 134 21 betänkande
720 244 63 21 bland
806 246 64 19 annat
893 243 102 27 följande:

175 272 64 26 »Med
255 272 45 22 skäl
316 272 61 22 torde
391 272 60 22 äfven
467 273 72 20 kunna
553 272 7 21 i
575 272 61 27 fråga
650 274 74 23 sättas,
740 272 103 22 huruvida
859 273 36 20 det
909 272 19 27 ej
939 273 58 20 inne-

175 301 53 21 bure
244 307 25 15 en
285 300 102 22 orättvisa
402 302 44 20 mot
461 301 67 27 öfriga
543 301 190 24 samhällsklasser,
749 304 31 18 att
796 301 75 21 medan
887 302 32 25 de,
930 301 66 26 jämte

173 330 146 26 jordegarene,
336 329 109 27 öfvertaga
457 336 25 14 en
495 330 73 26 börda,
578 336 45 14 som
635 329 75 21 hittills
721 330 110 26 rättsligen
841 330 72 26 ålegat
921 330 76 20 endast

175 358 67 23 desse,
258 358 47 21 dem
321 358 68 21 tillika
404 358 68 21 skulle
487 358 108 21 åhvälfvas
611 358 84 26 deltaga
710 358 6 21 i
732 364 25 15 en
773 358 64 25 skatt,
851 358 47 21 med
910 358 85 21 hvilken

176 386 25 21 de
216 386 57 21 förre
291 386 80 27 friköpt
385 385 32 26 sig
432 385 45 22 från
494 387 39 20 den
550 386 59 26 långt
624 392 58 15 mera
697 386 104 27 tyckande
816 386 133 27 svårigheten
964 389 32 19 att

174 414 90 22 faktiskt
281 415 105 27 uppställa
402 415 99 21 militär."
533 415 130 26 ,Utskottet,
678 415 63 21 hvars
757 415 133 26 hufvudsyfte
905 415 7 21 i
928 415 68 22 denna

173 443 60 27 fråga
256 444 61 25 varit,
340 445 32 20 att
394 443 114 22 bestående
524 444 137 21 ekonomiska
680 443 145 22 förhållanden
841 444 56 26 böra,
913 444 22 21 så
952 444 44 21 vidt

174 472 83 27 möjligt
279 473 29 26 är,
331 472 108 21 orubbade
459 472 95 23 bevaras,
574 473 44 25 har,
633 473 7 21 i
657 472 141 22 betraktande
814 473 22 20 af
849 473 88 22 anförda
952 479 42 16 om-

174 501 151 26 ständigheter,
348 501 46 21 icke
417 501 68 21 funnit
507 501 46 22 skäl
574 501 133 22 förekomma
726 503 32 19 att
776 501 107 28 upphäfva
898 501 25 22 de
936 501 61 27 jord-

174 530 130 26 egendomen
320 530 27 26 pä
361 530 68 27 grund
445 529 20 22 af
479 530 192 26 indelningsverket
687 536 27 15 nu
725 530 110 27 äliggande
847 530 99 25 bördor",
957 530 39 21 och

173 558 55 21 hvad
248 558 33 21 för
300 559 64 25 öfrigt
378 559 9 19 i
401 559 64 20 saken
482 559 41 20 kan
539 558 33 21 för
587 559 113 20 framtiden
717 559 105 21 erfordras
837 559 38 20 har
891 559 105 21 utskottet

173 586 7 21 i
202 586 33 22 sin
257 586 68 22 skilda
347 587 56 21 kläm
425 587 195 27 uppmärksammat
637 588 38 20 der
690 587 36 21 det
741 588 84 25 önskar,
841 590 33 18 att
889 587 32 21 till
937 588 58 20 Hans

172 615 120 27 Kejserliga
312 615 101 27 Majestät
433 616 52 20 skall
508 616 112 21 framföras
638 615 61 21 äfven
715 616 36 21 det
769 619 30 18 1:0
816 618 32 19 att
863 616 28 21 dä
905 616 7 20 i
928 616 67 22 sinom

174 644 31 21 tid
221 644 79 26 förslag
315 645 106 26 uppgöres
436 644 32 21 till
483 650 27 20 ny
526 644 136 26 beskattning
677 644 32 21 för
725 645 26 21 de
766 644 91 22 militära
870 645 125 26 utgifternas

173 672 136 22 bestridande
331 672 90 22 särskild
443 673 97 27 pröfoing
558 672 67 22 måtte
640 679 65 21 egnas
720 673 79 27 frågan,
815 673 103 21 huruvida
934 674 39 20 och
988 674 7 20 i

172 701 57 21 hvad
249 701 48 21 män
318 701 73 21 dervid
412 701 64 21 borde
496 704 60 23 tagas
577 702 81 25 hänsyn
673 702 32 20 till
721 702 26 20 de
761 702 48 21 frän
824 702 117 21 rusthällen
956 702 39 21 och

172 731 89 20 rotarna
275 729 106 27 utgående
395 729 174 27 vakansafgifter;

242 760 55 20 samt
317 760 32 19 att
371 759 35 20 det
423 758 79 27 jämväl
518 759 66 21 måtte
599 758 66 22 blifva
681 759 86 21 föremål
783 759 33 22 för
831 759 163 28 undersökning,

172 787 104 21 huruvida
299 793 26 15 en
347 787 104 27 reglering
473 794 50 15 vore
543 787 100 28 påkallad
663 787 46 22 med
732 787 98 23 afseende
848 789 13 20 å
875 791 120 24 augments-

172 817 113 20 räntornas
306 815 132 22 förhållande
460 816 32 21 till
515 817 126 21 rusthållens
664 817 122 21 nuvarande
804 817 143 27 skyldigheter
962 817 33 22 för

172 845 69 21 såvidt
263 844 76 22 sådant
360 845 42 21 läte
417 845 31 26 sig
464 847 51 25 göra
531 848 50 18 utan
597 845 90 27 verkligt
702 845 84 27 intrång
800 846 7 21 i
823 846 114 21 bestående
952 846 42 21 för-

172 873 293 27 mögenhetsförhällanden*.
495 873 87 22 Således
604 880 62 21 synes
687 874 36 21 det
744 875 42 26 mig
803 875 46 21 icke
865 875 129 27 nödvändigt

171 903 34 20 att
224 901 116 28 bordlägga
360 902 68 21 denna
444 903 103 26 paragraf.
578 903 47 20 Den
641 903 60 20 torde
716 903 47 21 icke
778 904 63 21 vinna
857 903 70 28 derpå,
943 906 50 19 utan

171 931 44 20 kan
230 931 41 21 den
285 937 66 20 gerna
366 931 83 26 afgöras
464 931 6 21 i
487 931 92 27 enlighet
594 931 47 22 med
659 931 114 22 utskottets
789 932 140 21 betänkande.

239 987 90 22 Prosten
361 987 125 22 Johnsson
499 988 142 22 understödde
654 989 106 26 professor
770 989 113 22 Forsmans
894 989 99 22 anhållan

171 1022 35 15 om
221 1016 137 27 paragrafens
373 1016 160 27 bordläggning.

239 1072 34 21 Då
288 1074 77 20 tvänne
380 1073 137 21 medlemmar
532 1073 90 21 sålunda
637 1073 88 22 anhållit
738 1080 34 15 om
783 1075 137 26 paragrafens
931 1074 62 22 bord-

170 1101 100 26 läggning
292 1101 45 21 blef
358 1101 121 22 densamma
502 1102 110 26 bordlagd,
631 1105 62 20 samt,
711 1104 52 19 enär
778 1103 58 21 tiden
851 1103 64 22 redan
932 1103 61 22 fram-

170 1129 77 21 skridit
269 1129 31 21 till
323 1129 90 22 klockan
435 1130 46 21 half
502 1131 30 20 tio
555 1130 172 28 eftermiddagen,
749 1131 82 22 afbröts
846 1132 147 22 diskussionen

171 1157 91 22 rörande
287 1158 144 21 betänkandet
456 1159 39 20 och
519 1159 96 22 ståndets
638 1159 137 22 medlemmar
797 1160 108 26 ätskildes,
928 1162 63 20 sedan

170 1187 62 20 nästa
254 1187 163 25 sammanträde,
440 1188 7 20 i
468 1193 94 21 morgon,
583 1190 68 19 utsatt
670 1188 33 21 till
723 1188 90 21 klockan
834 1189 29 20 tio
878 1189 46 22 före
940 1189 53 21 mid-

170 1215 73 26 dagen.

747 1263 21 18 In
779 1263 62 18 fidem:

661 1303 50 21 Carl
725 1303 48 22 Joh.
789 1303 133 28 Lindegvist.
