1078 1806
199 158 55 20 3104
395 160 160 18 Presteståndet
567 160 54 17 1877.
645 160 26 16 29
685 160 111 16 december.

170 230 66 22 rande
261 230 6 21 i
295 229 79 25 landet,
396 228 19 26 c)
436 228 155 26 godkännande
615 227 22 21 af
658 226 107 22 allmänna
788 226 211 22 besvärsutskottets-

170 257 295 28 sammanjemkningsförslag
486 257 7 20 i
516 256 113 26 anledning
650 255 22 21 af
691 256 97 20 besluten
810 255 36 21 vid
868 254 123 22 behandlin-

171 293 40 21 gen
234 287 23 21 af
277 286 142 27 petitionerna
439 292 34 14 om
491 285 122 21 inrättande
634 284 23 21 af
676 283 69 21 finska
767 283 223 26 fruntimmersskolor,

172 316 20 26 d)
210 315 155 27 godkännande
381 314 22 21 af
418 314 172 21 bankutskottets
605 312 295 28 sammanjemkningsförslag
914 312 78 22 beträf-

170 344 64 22 fande
254 344 173 22 bankutskottets
448 343 134 21 betänkande
603 348 34 15 n:o
653 342 13 20 4
682 342 109 26 angående
807 341 79 27 förslag
901 341 33 21 till
950 341 42 21 för-

171 374 114 26 ändringar
305 372 6 22 i
334 372 195 26 bankreglementet
549 371 39 21 och
605 377 34 15 n:o
656 372 12 19 7
684 370 6 21 i
706 370 115 27 anledning
835 370 23 21 af
871 370 63 21 väckt
949 370 43 21 för-

174 402 45 26 slag
235 408 33 15 om
283 400 147 27 utsträckning
442 400 24 21 af
478 400 102 21 Finlands
595 400 67 21 banks
677 399 165 25 sedelemission,
859 399 19 26 e)
889 398 103 22 likaledes

171 430 155 26 godkännande
349 429 23 21 af
392 435 81 15 samma
495 429 93 21 utskotts
603 427 295 27 sammanjemkningsförslag
913 427 79 21 beträf-

176 459 63 22 fande
258 458 145 22 betänkandet
421 464 34 15 n:o
476 460 13 19 8
503 458 8 20 i
526 457 114 26 anledning
655 456 23 21 af
692 456 63 21 väckt
770 456 79 27 förslag
864 463 33 14 om
914 456 79 21 minsk-

173 488 51 27 ning
244 488 23 21 af
285 488 41 21 den
347 487 120 28 metalliska
482 487 88 20 kassans
585 486 8 21 i
608 485 101 21 Finlands
724 485 58 21 bank
796 485 113 21 faststälda
924 485 69 27 lägsta

173 517 83 26 belopp,
272 516 16 26 f)
304 515 154 28 godkännande
473 515 22 21 af
509 515 151 27 lagutskottets
675 514 135 21 betänkande
825 515 6 20 i
847 512 114 29 anledning
972 513 23 22 af

173 546 37 21 två
229 545 36 21 vid
285 544 142 22 innevarande
441 544 102 26 landtdag
558 544 76 21 väckta
650 543 78 26 förslag
744 549 33 15 om
793 543 132 26 underdånig
940 543 54 27 peti-

174 575 45 20 tion
235 574 108 26 angående
359 573 110 20 införande
485 572 23 21 af
521 572 215 27 länsrepresentation
752 572 7 20 i
774 571 96 26 Finland,
886 572 22 27 g)
924 571 70 22 beslut

174 603 90 21 rörande
279 603 152 26 lagutskottets
447 601 52 27 ånyo
515 601 60 27 gifna
589 601 133 20 betänkande
739 600 7 21 i
761 600 113 27 anledning
884 600 24 21 af
917 600 77 27 nådiga

174 631 158 27 propositionen
349 630 107 27 angående
472 630 121 27 inteckning
609 629 7 21 i
632 629 96 21 enskilda
736 629 258 27 jernvägsanläggningar,

175 661 23 26 h)
221 660 69 21 beslut
312 659 131 21 beträffande
467 665 24 14 en
513 658 110 21 skrifvelse
645 657 47 22 från
717 659 153 20 sammansatta
891 657 43 28 lag-
955 657 39 22 och

174 689 206 20 ekonomiutskottet
404 687 5 20 i
432 687 75 26 frågan
534 693 34 15 om
591 686 188 27 tingsgästningen,
802 687 16 26 i)
840 687 155 25 godkännande

176 717 22 20 af
219 717 170 20 statsutskottets
412 715 134 21 betänkande
568 721 34 15 n:o
624 716 24 19 15
666 715 6 20 i
688 715 115 26 anledning
817 715 24 20 af
854 715 77 26 nådiga
946 721 49 20 pro-

175 745 119 26 positionen
318 745 89 20 rörande
429 743 240 28 hypoteksföreningens
685 743 7 20 i
707 743 72 21 landet
797 743 144 27 underdåniga
959 749 36 15 an-

175 774 90 26 sökning
288 779 34 15 om
347 773 116 21 understöd
485 773 39 20 och
545 771 22 28 k)
590 772 70 21 beslut
678 771 131 22 beträffande
824 773 31 20 ett
868 772 128 26 protokolls-

176 802 77 27 utdrag
268 802 45 21 från
329 801 148 26 ridderskapet
492 801 39 21 och
546 801 62 21 adeln
624 801 7 20 i
644 800 184 27 jernvägsfrågan;
844 803 55 18 samt

245 870 34 20 2:0
299 869 46 21 från
368 869 131 21 hedervärda
519 868 153 21 bondeståndet
688 868 20 21 af
723 868 40 21 den
779 869 24 20 21
822 868 38 21 och
876 869 26 20 22
919 868 77 22 dennes

178 898 48 21 med
241 897 200 27 tillkännagifvande
457 897 22 22 af
492 897 95 21 ståndets
602 897 21 27 a)
638 897 70 20 beslut
718 897 131 21 beträffande
859 897 138 27 värnepligts-

178 927 115 21 utskottets
315 926 133 21 betänkande
471 932 34 15 n:o
521 927 12 20 2
549 927 6 20 i
571 926 112 26 anledning
706 926 22 21 af
748 925 77 27 nådiga
839 926 158 26 propositionen

178 962 33 14 om
230 955 114 21 anvisande
364 955 22 20 af
400 954 68 21 medel
484 954 31 21 till
530 955 134 20 bestridande
680 954 21 21 af
716 955 141 20 kostnaderna
872 955 32 20 för
919 954 79 21 allmän

177 984 128 26 värnepligts
323 983 109 22 införande
447 984 7 20 i
470 983 77 27 landet,
566 983 38 22 och
621 983 22 26 b)
658 983 155 26 godkännande
827 983 23 21 af
862 983 136 22 statsutskot-

178 1014 41 19 tets
248 1012 133 21 betänkande
407 1018 33 15 n:o
471 1013 24 19 15
521 1012 6 21 i
553 1011 112 28 anledning
692 1011 22 21 af
740 1011 76 27 nådiga
840 1011 157 27 propositionen

177 1041 90 20 rörande
289 1040 238 27 hypoteksföreningens
547 1042 6 19 i
575 1040 72 21 landet
666 1040 145 27 underdåniga
830 1041 116 26 ansökning
964 1047 33 14 om

177 1069 122 21 understöd.

247 1234 120 27 Föredrogs
383 1234 238 27 bevillningsutskottets
637 1234 134 21 betänkande
786 1240 34 15 n:o
837 1235 12 20 3
864 1234 6 21 i
887 1234 113 27 anledning

178 1262 21 22 af
214 1263 58 21 Hans
284 1263 117 26 Kejserliga
413 1263 110 26 Majestäts
534 1263 76 26 nådiga
622 1263 131 26 proposition
765 1263 108 26 angående
883 1263 117 26 utgörande

178 1291 21 22 af
214 1291 114 26 bevillning
343 1291 32 21 för
391 1292 54 20 1878
461 1291 39 21 och
515 1291 120 27 påföljande
650 1291 30 22 år.

247 1358 39 21 Om
311 1359 35 20 det
367 1358 57 21 förra
446 1358 21 21 af
489 1359 25 20 de
535 1359 27 26 på
583 1365 46 20 pag.
648 1359 12 20 9
678 1359 172 20 förekommande
865 1359 135 20 resolutions-

178 1387 106 26 förslagen
300 1387 91 26 uppstod
406 1386 90 27 följande
513 1387 126 21 diskussion:

245 1456 143 27 Domprosten
403 1455 118 22 Renvall:
543 1455 39 25 Då,
596 1455 66 27 enligt
676 1455 50 22 flere
737 1455 79 28 gånger
826 1455 93 22 lemnadt
930 1455 72 28 nådigt

178 1484 210 27 tillkännagifvande,
407 1484 125 22 ständernas
547 1484 128 22 medverkan
690 1485 46 21 icke
752 1485 39 20 har
806 1484 67 21 blifvit
889 1485 66 21 äskad
970 1485 32 21 för

179 1513 190 28 tullagstiftningen
394 1513 39 22 och
460 1513 146 22 tullsatsernas
627 1513 165 28 bestämmande,
813 1519 60 22 synes
899 1514 36 21 det
960 1513 42 28 mig

178 1543 47 22 icke
246 1543 7 20 i
272 1543 33 21 sin
329 1542 88 27 ordning
439 1544 32 20 att
493 1542 39 21 här
554 1543 125 26 petitionera
694 1549 33 15 om
743 1542 153 28 en'tullafgifts
911 1542 91 23 bestäm-
