1075 1800
308 144 159 18 Presteståndet
480 145 53 17 1877.
557 146 21 16 17
591 146 110 17 december.
825 140 54 20 2913

90 212 49 21 Men
162 219 34 15 om
218 212 7 21 i
248 220 25 14 en
289 213 100 21 kommun
404 212 66 22 finnes
485 214 71 21 femtio
572 214 153 27 värnepligtige
740 214 51 21 eller
807 216 30 19 ett
853 216 56 19 ännu

90 242 69 20 större
182 241 59 21 antal
263 241 39 21 och
325 241 142 28 utlottningen
489 242 123 21 verkställes
630 242 90 26 tidigare
735 242 28 27 på
778 242 63 21 våren
857 242 52 21 eller

90 275 120 15 sommaren
226 270 40 21 och
281 269 80 22 enhvar
376 270 88 21 sålunda
482 270 39 21 har
535 270 85 21 erhållit
635 271 31 20 sin
682 270 110 22 bestämda
806 276 102 21 nummer,

90 297 24 22 så
134 299 42 20 kan
195 304 55 20 man,
266 299 68 20 såsom
350 299 64 20 redan
431 300 24 19 är
469 299 91 26 anfördt,
576 299 100 27 temligen
691 305 55 20 noga
761 299 100 26 beräkna,
877 300 32 19 att

90 329 32 18 ett
144 327 82 20 mindre
246 327 57 20 antal
318 339 28 3 —
361 327 30 20 lät
406 333 50 15 vara
472 327 23 20 af
508 328 57 21 detta
580 327 58 21 antal
654 327 44 21 åtta
714 328 52 21 eller
781 327 29 21 tio
827 339 26 3 —
868 327 41 22 blir

90 355 42 24 det,
148 361 45 15 som
210 355 39 21 bör
263 356 86 21 komma
365 357 32 19 att
411 357 84 25 uttagas
511 356 32 21 till
558 356 59 20 aktiv
632 355 70 27 tjenst.
733 355 49 22 Alla
800 356 25 21 de
841 355 68 28 öfriga

90 383 65 27 fyrtio
171 384 153 27 värnepligtige
339 384 69 21 skulle
423 385 116 20 emellertid
555 385 47 20 med
613 384 73 26 temlig
695 384 80 21 visshet
785 391 50 14 vara
845 384 64 21 säkra

90 415 33 18 att
137 412 66 21 blifva
219 412 119 21 öfverförda
353 413 34 20 till
402 419 103 14 reserven.
536 413 86 21 Således
640 413 64 20 redan
720 413 34 21 vid
769 413 117 26 lottningen
902 413 7 20 i

89 440 51 23 Juni
162 441 78 21 mänad
259 441 71 21 kunna
350 441 25 21 de
391 444 77 24 antaga
483 448 26 15 en
525 441 64 22 sädan
605 441 65 27 tjenst
684 441 40 22 och
740 447 50 16 vara
805 441 63 21 säkra
882 441 28 27 pä

91 472 32 19 att
146 470 46 21 icke
215 470 65 21 blifva
303 470 113 21 inkallade.
447 470 38 21 Om
501 470 118 27 lottningen
635 470 45 21 åter
694 470 126 21 verkställes
835 476 74 15 senare

91 498 28 27 på
133 499 83 26 hösten,
232 501 24 18 är
270 499 49 21 hela
334 499 81 21 antalet
430 499 23 20 af
466 499 152 27 värnepligtige
633 499 7 20 i
656 499 69 21 denna
739 499 118 21 osäkerhet.

160 555 110 22 Professor
292 555 92 22 Cleve:
414 556 41 27 Jag
477 556 39 21 har
536 556 74 27 begärt
625 556 61 21 ordet
700 556 47 21 icke
763 556 32 21 för
811 558 32 19 att
858 556 51 21 söka

91 591 76 21 genom
183 591 24 15 en
224 584 65 22 kritik
305 585 62 27 skilja
382 585 89 21 emellan
488 585 25 21 de
528 585 35 21 två
578 585 78 27 förslag
671 585 39 21 här
723 585 108 27 föreligga,
851 591 58 15 nem-

92 614 56 26 ligen
164 614 114 20 utskottets
294 614 39 20 och
349 614 77 20 doktor
441 613 95 25 Geitlins,
552 616 50 18 utan
618 614 75 20 endast
708 613 32 21 för
755 616 32 18 att
802 614 108 20 vördsamt

91 642 54 21 fästa
169 642 214 26 uppmärksamheten
405 642 36 20 vid
464 648 25 15 en
511 642 74 21 formel
608 642 163 26 omständighet,
787 648 45 15 som
849 648 61 21 synes

92 671 42 25 mig
150 670 6 20 i
173 671 59 20 detta
246 671 100 20 afseende
360 670 133 27 synnerligen
504 670 114 27 betänklig.
642 671 42 20 Det
694 672 23 19 är
728 671 105 26 nämligen
844 670 66 25 fallet,

91 701 33 18 att
144 699 154 25 presteståndet
314 705 28 14 nu
354 699 64 20 redan
431 699 53 20 efter
495 705 24 14 en
531 699 124 26 föregående
667 699 119 21 diskussion
797 699 37 20 och
846 699 64 20 fram-

92 727 70 21 stälda
177 727 114 26 petitioner
306 727 38 21 har
360 727 82 27 antagit
457 728 25 20 de
498 727 85 26 kapitel,
598 727 72 21 hvilka
686 727 77 21 doktor
778 727 78 21 Geitlin
871 727 40 20 har

92 756 51 21 stält
164 756 6 20 i
193 755 66 28 fråga.
289 756 43 26 Jag
354 757 34 20 vet
410 755 25 28 ej,
458 756 54 20 huru
534 755 166 27 presteståndets
721 755 106 27 protokoll
843 755 66 22 skulle

92 785 86 20 komma
194 787 32 18 att
241 785 91 26 gestalta
348 785 33 26 sig
395 791 41 18 om,
455 785 64 21 sedan
534 785 95 26 kapitlen
644 791 28 14 nu
687 785 101 26 paragraf
802 784 32 21 för
849 790 61 21 para-

92 813 50 28 graf
163 813 64 21 hafva
249 814 110 26 godkänts,
382 813 35 21 det
436 813 68 21 skulle
519 815 60 24 sägas
595 813 33 24 ,vi
644 813 157 21 återremittera
817 813 45 21 dem
879 812 32 21 till

92 842 106 21 utskottet
213 842 32 21 för
260 845 32 18 att
308 842 141 21 omarbetas”.
472 842 41 21 Det
528 844 23 19 är
567 848 24 14 en
608 841 139 28 förlägenhet,
763 841 46 21 från
825 841 84 22 hvilken

92 871 129 21 åtminstone
238 871 36 27 jag
293 871 33 21 för
341 871 42 20 min
399 871 32 20 del
449 871 17 26 ej
483 871 40 21 kan
538 872 91 19 komma.
660 870 44 27 Mig
720 877 61 20 synes
797 870 112 27 nämligen,

93 901 38 26 att,
146 899 34 21 för
196 902 32 19 att
244 900 75 20 doktor
335 899 91 22 Geitlins
441 900 79 26 förslag
534 899 68 21 skulle
617 900 81 20 kunnat
712 901 94 24 antagas,
817 899 35 21 det
862 899 49 20 bort

92 928 129 21 framställas
237 928 49 26 förr,
303 930 26 19 än
346 928 145 21 diskussionen
507 928 23 21 af
543 930 61 19 dessa
618 927 81 28 kapitel
714 928 103 21 slutförts.

161 985 153 27 Kyrkoherden
331 984 151 22 Stenbäck:
512 985 41 27 Jag
568 987 24 18 är
606 985 145 20 förekommen
767 984 23 21 af
803 984 108 27 professor

94 1013 70 22 Cleve.
194 1014 68 21 Afven
284 1014 36 27 jag
335 1019 68 19 anser,
419 1016 31 18 att
465 1014 6 19 i
486 1013 151 28 frägavarande
652 1013 79 27 förslag
746 1013 73 21 stricte
834 1013 77 21 strider

93 1045 44 19 mot
160 1043 25 20 de
207 1043 75 22 beslut,
298 1048 44 15 som
358 1042 155 26 presteständet
528 1042 76 21 hittills
618 1042 39 21 har
672 1042 7 20 i
694 1041 75 28 frågan
785 1041 63 22 fattat
863 1043 48 20 med

92 1071 100 21 afseende
208 1071 12 21 &
236 1071 18 26 ej
270 1072 75 20 endast
361 1071 25 21 de
401 1071 24 20 af
439 1071 76 21 doktor
530 1071 78 21 Geitlin
624 1071 119 26 äberopade
758 1071 19 25 9,
795 1071 25 20 10
832 1070 39 21 och
886 1073 23 18 11

94 1100 55 27 kap.,
172 1102 51 19 utan
246 1101 64 20 ocksä
332 1101 36 20 det
390 1099 75 26 beslut,
487 1106 45 15 som
553 1099 23 21 af
592 1103 86 23 prosten
694 1099 59 27 Hjelt
768 1099 80 21 anförts
864 1099 48 21 med

93 1128 115 28 aniedning
224 1129 22 21 af
260 1129 145 21 diskussionen
421 1134 34 15 om
471 1130 13 18 4
498 1129 18 27 &,
533 1128 26 21 dä
574 1128 82 21 ständet
672 1134 76 22 genom
761 1134 24 14 en
796 1128 116 26 uttrycklig

93 1157 117 22 resolution
234 1157 122 21 förkastade
379 1158 36 20 det
436 1157 23 21 af
480 1158 76 20 doktor
573 1157 125 21 Nordström
713 1157 74 27 gjorda
802 1156 109 28 förslaget.

93 1186 42 27 Jag
151 1192 62 16 anser
228 1187 112 26 nämligen,
357 1187 32 20 att
404 1186 59 21 detta
478 1186 23 21 af
514 1186 76 21 doktor
606 1185 79 22 Geitlin
700 1192 29 15 nu
744 1185 118 27 framlagda
872 1185 40 22 och

94 1216 78 21 doktor
186 1215 126 21 Nordström
329 1215 27 21 dä
371 1215 120 21 försvarade
506 1215 78 26 förslag
600 1215 51 20 bära
666 1221 26 14 en
707 1214 69 27 tydlig
790 1214 123 27 själsfränd-

93 1244 61 27 skap,
175 1244 40 21 och
234 1244 44 27 just
294 1244 48 21 med
357 1243 98 21 afseende
471 1243 55 26 derä,
542 1245 32 19 att
589 1243 35 21 det
640 1242 59 27 gäfve
714 1242 85 21 tillfälle
815 1243 22 21 ät
851 1243 61 21 kom-

94 1278 102 15 munerna
219 1275 31 18 att
272 1279 76 20 genom
370 1272 145 26 köpslagande
537 1271 51 22 eller
604 1271 96 26 värfning
716 1271 147 22 ästadkomma
877 1272 36 20 det

95 1301 139 26 erforderliga
250 1301 87 25 antalet,
353 1307 50 14 vore
418 1300 59 21 detta
491 1300 7 21 i
514 1300 52 21 strid
582 1300 47 21 med
646 1300 60 21 äfven
725 1300 36 21 det
776 1300 75 25 beslut,
867 1306 45 15 som

94 1329 85 21 ståndet
195 1330 81 20 fattade
291 1329 48 21 med
354 1329 100 21 afseende
469 1329 13 20 &
497 1330 26 19 73
539 1329 18 26 S,
574 1329 36 20 der
626 1328 83 21 tillfälle
725 1327 33 22 för
771 1328 99 26 frivillige
880 1330 33 18 att

95 1357 151 22 företrädesvis
260 1358 84 21 inträda
359 1358 7 20 i
381 1357 60 21 aktiv
456 1357 64 26 tjenst
534 1357 101 26 medgafs.
659 1357 33 20 Dä
702 1357 152 20 kommunerna
866 1357 46 20 icke

95 1387 71 20 kunna
188 1387 48 20 fullt
260 1387 63 20 exakt
345 1388 48 19 veta
411 1387 80 20 antalet
506 1385 24 21 af
542 1386 26 21 de
583 1385 160 27 värnepligtige,
759 1392 45 14 som
820 1385 33 21 för
867 1385 46 20 äret

95 1415 61 20 skola
172 1415 83 20 inträda
270 1416 6 19 i
292 1415 60 20 aktiv
368 1415 69 26 tjenst,
453 1416 23 19 är
492 1414 35 20 det
541 1416 67 19 större
624 1413 116 27 möjlighet,
757 1415 31 19 att
804 1413 35 21 det
851 1413 62 21 verk-

95 1443 43 26 liga
160 1442 238 27 frivillighetssystemet
419 1442 41 21 kan
483 1441 63 22 blifva
568 1443 92 20 användt
682 1442 6 19 i
711 1441 47 22 värt
772 1441 50 21 land
837 1453 27 3 —
877 1441 36 27 jag

96 1477 72 14 menar
191 1473 31 19 ett
245 1471 74 21 sädant
343 1473 84 25 system,
451 1471 37 20 der
509 1470 25 20 de
549 1470 125 26 uppbädade
688 1476 128 20 personerna
831 1469 24 21 af
868 1470 45 19 inre

96 1499 48 27 håg,
160 1500 52 21 drift
228 1500 38 21 och
282 1500 82 26 verklig
379 1499 26 21 fri
420 1499 51 27 vilja
486 1499 83 20 anmäla
584 1498 31 27 sig
630 1499 34 20 till
678 1497 73 22 aktiva
766 1498 72 21 armén
850 1510 24 3 --
887 1499 26 20 än

96 1535 41 21 om,
159 1529 65 27 enligt
246 1529 76 22 doktor
344 1528 137 22 Nordströms
503 1527 79 27 förslag
604 1527 40 22 och
658 1527 86 21 hvartill
759 1527 61 21 äfven
836 1527 77 21 doktor

811 1561 34 17 183
