1078 1809
198 152 55 22 3008
366 187 4 1 —
386 150 156 42 Presteständet
558 158 64 31 1877.
623 158 36 30 19
672 158 113 30 december.

168 226 47 21 icke
237 226 71 20 kunna
330 225 102 21 beklädas
450 225 21 21 af
486 225 121 21 bekönnare
623 226 22 20 af
659 226 130 21 främmande
804 226 80 20 kristen
899 226 92 21 troslära

169 259 104 23 upptagas
285 254 235 22 vicekanslersembetet
530 254 34 21 vid
575 254 151 24 universitetet,
738 254 136 22 ordförande-
884 254 40 22 och
934 254 57 22 leda-

169 283 226 26 motsbefattningarna
424 284 6 19 i
459 282 160 27 öfverstyrelsen
640 282 32 21 för
691 282 154 26 skolväsendet,
866 283 125 26 läraretjen-

169 314 72 19 sterna
263 312 36 25 vid
320 311 81 22 landets
421 311 104 22 allmänna
541 311 103 27 läroverk,
660 311 46 22 frän
722 311 47 22 dem
786 311 53 22 dock
855 311 136 28 undantagna

170 341 161 26 läraretjensten
355 341 6 20 i
375 341 122 20 matematik
513 340 38 21 och
567 341 100 20 moderna
682 341 65 26 spräk
762 340 106 21 äfvensom
884 341 108 21 exercitie-

169 369 273 26 mästarebefattningarna;
465 369 122 26 ytterligare
609 369 67 21 skulle
698 369 61 21 äfven
781 369 80 21 lärare-
883 369 39 21 och
937 369 54 22 lära-

170 397 231 27 rinnebefattningarna
428 397 33 21 vid
484 397 144 22 folkskolorna
650 397 6 21 i
682 397 109 22 lutherska
816 397 176 28 församlingarna

170 427 121 26 uppräknas
308 426 63 21 bland
387 426 53 24 dem,
455 432 44 15 som
516 426 17 26 ej
549 426 71 21 kunna
635 426 106 21 anförtros
756 427 22 20 ät
793 426 130 22 främmande
937 429 54 19 tros-

170 455 128 26 bekännare,
314 455 39 21 och
366 455 66 20 borde
447 455 126 26 paragrafen
589 454 32 21 för
637 457 31 18 att
683 455 5 20 i
705 455 76 21 sädant
791 455 98 22 afseende
900 455 92 22 omredi-

170 490 61 21 geras
247 483 32 22 till
294 483 139 26 lagutskottet
449 484 170 21 äterremitteras.

239 541 13 26 $
267 541 13 20 3
295 540 122 27 godkändes
432 542 51 19 utan
500 540 122 22 diskussion.

239 597 98 22 Rörande
352 597 11 27 $
379 598 14 19 4
408 597 71 20 anhöll

240 655 141 26 Domprosten
397 653 122 22 Renvall
535 661 33 14 om
585 654 61 22 ordet
661 655 39 20 och
714 655 81 26 yrkade
809 655 28 27 pä
852 655 68 21 denna
932 661 60 20 para-

171 683 57 26 grafs
251 682 105 27 utgäende
379 683 86 20 emedan
488 683 49 21 herr
559 683 134 27 domprosten
710 684 18 25 ej
745 684 64 25 ansäg
825 683 36 22 det
876 683 31 22 för
923 685 68 25 nägon

171 711 55 22 finsk
251 711 138 26 medborgare
411 710 126 29 tillständigt
561 714 32 19 att
616 711 83 27 öfvergä
720 711 32 22 till
767 713 69 26 nägon
851 712 45 22 icke
911 712 80 21 kristen

172 740 134 22 bekännelse.

241 797 32 22 Då
288 797 62 27 ingen
365 798 71 21 vidare
451 797 48 22 ville
514 799 57 26 yttra
585 798 32 27 sig
627 797 132 22 framstäldes
770 798 31 21 till
814 798 94 22 ständets
919 798 74 34 besva-

172 826 65 21 rande
253 833 25 14 en
294 815 28 32 sä
332 826 91 27 lydande
438 827 141 26 proposition:

241 883 42 21 Vill
302 883 85 21 ståndet
406 883 112 26 godkänna
539 885 12 26 $
567 885 13 20 4
595 883 6 21 i
617 883 160 27 ifrågavarande
792 884 134 21 betänkande
942 885 50 21 eller

173 912 59 21 icke?
249 911 79 22 Vinner
344 912 33 27 nej
394 912 38 21 har
446 912 85 21 ståndet
546 912 85 22 beslutit
647 912 136 27 paragrafens
798 913 128 27 uteslutning
946 913 46 22 från

173 940 244 27 författningsförslaget.

241 997 131 22 Besvarades
391 998 46 21 med
453 999 12 20 5
479 998 23 26 ja
517 998 39 21 och
572 999 25 20 25
614 998 32 27 nej
663 998 39 22 och
717 998 68 22 skulle
799 998 124 28 paragrafen
939 999 53 22 såle-

174 1027 36 21 des
226 1033 24 14 ur
265 1026 237 27 författningsförslaget
517 1027 108 21 uteslutas.

242 1085 11 25 8
269 1085 12 20 5
297 1083 121 28 godkändes
433 1084 101 27 enhälligt
549 1084 38 21 och
603 1086 50 19 utan
670 1084 123 22 diskussion.

241 1209 56 22 Derå
313 1210 108 26 åtskiljdes
436 1211 96 21 ståndets
547 1211 137 21 medlemmar
699 1211 28 21 kl.
744 1212 47 27 2,45
808 1212 90 22 minuter
913 1213 33 21 för
961 1214 31 20 att

173 1238 46 21 åter
234 1239 157 21 sammanträda
405 1239 28 20 kl.
449 1240 13 20 5
479 1239 171 28 eftermiddagen.

743 1297 21 17 In
776 1297 60 17 fidem:

658 1325 50 22 Carl
721 1326 50 21 Joh.
788 1326 135 28 Lindeqvist.
