1081 1809
198 152 54 20 3178
390 156 159 17 Presteständet
561 157 58 17 1878.
642 156 12 18 7
664 156 88 21 januari.

169 224 39 21 och
224 223 34 22 väl
273 224 111 21 motiverat
400 224 122 25 detsamma,
538 224 85 21 hvarför
636 224 35 26 jag
686 223 96 22 biträder
797 224 35 20 det
847 224 85 26 förslag,
944 229 45 16 som

168 254 86 25 prosten
276 252 58 27 Hjelt
355 252 73 28 gjorde
450 254 33 19 att
505 252 87 27 inbjuda
614 252 98 26 borgare-
728 252 40 22 och
784 252 159 22 bondeständen
958 254 32 20 att

168 281 74 21 härom
257 280 32 28 sig
304 281 79 21 förena.

236 332 77 23 Pastor
333 333 81 21 Lilius
437 333 65 27 ansäg
524 333 36 21 det
574 333 56 21 blott
644 339 50 15 vara
710 339 26 15 en
752 333 89 26 omgäng
856 334 32 20 att
903 332 87 27 inbjuda

169 362 26 21 de
220 361 68 28 bägge
311 362 160 26 ifrägavarande
496 362 96 27 ständen,
616 362 88 21 emedan
727 362 150 27 inbjudningen
899 360 90 29 troligen

168 391 84 21 komme
274 392 31 20 att
327 390 86 26 afböjas.
444 390 42 22 För
508 391 62 27 öfrigt
591 390 93 22 innehöll
703 391 25 27 ju
750 390 194 26 bankreglementet
959 392 31 20 att

169 420 41 20 den
233 420 119 21 metalliska
374 419 77 21 kassan
474 421 54 25 finge
549 419 133 27 tillfälligtvis
704 420 74 26 nedgä,
794 419 55 21 blott
864 419 40 21 den
920 419 70 21 seder-

169 454 59 16 mera
242 448 121 27 uppdrifves
379 447 32 21 till
426 448 38 21 sitt
479 448 83 26 vanliga
577 448 76 26 belopp
669 448 39 22 och
723 450 71 25 syntes
810 448 36 20 det
860 447 36 21 tal.
908 448 82 21 derföre

169 482 45 16 som
232 483 33 15 om
282 476 158 28 presteständet
454 477 71 21 kunde
540 477 49 26 nöja
604 476 30 27 sig
650 477 47 21 med
708 477 76 21 sakens
794 476 132 22 närvarande
937 476 53 26 läge.

237 528 89 21 Prosten
342 527 83 27 Hjelt:
454 528 42 21 Det
510 530 24 18 är
550 534 24 14 en
591 527 82 27 mycket
688 527 52 22 härd
752 527 131 27 bestämning
895 528 33 20 för
940 527 51 21 ban-

169 556 40 22 ken
232 556 34 22 vid
288 556 141 26 öfvergängen
450 556 32 21 till
504 557 40 20 den
564 562 42 21 nya
625 556 124 28 myntfoten,
764 558 23 25 ty
802 556 36 21 det
853 558 23 19 är
888 556 24 26 ju
927 556 65 26 gifvet

169 587 32 19 att
222 585 27 21 dä
272 586 35 20 det
330 591 40 21 nya
392 587 81 25 myntet
496 585 94 21 kommer
609 586 32 20 att
656 585 90 27 präglas,
762 590 26 16 en
803 587 44 19 stor
862 584 34 22 del
912 584 22 22 af
947 585 44 21 det-

169 620 81 15 samma
264 614 39 26 gär
317 618 24 17 ut
356 614 32 20 till
403 614 103 27 Ryssland
522 614 39 20 och
577 613 60 22 äfven
653 614 33 20 till
696 613 102 25 utlandet,
810 613 134 27 hvarigenom
956 614 36 20 det

169 642 41 22 blir
233 642 95 27 omöjligt
346 644 32 19 att
393 642 105 22 bibehälla
514 642 40 21 den
569 642 121 21 metalliska
704 642 77 21 kassan
796 642 24 20 sä
834 641 42 27 hög
890 648 46 15 som
952 642 40 21 den

169 671 7 21 i
192 671 137 26 reglementet
344 673 24 19 är
382 671 97 21 bestämd
494 670 50 22 eller
559 671 27 21 20
602 671 95 27 miljoner
712 670 67 22 mark.
796 670 32 21 Dä
844 671 66 21 mäste
921 672 71 19 natur-

170 700 70 26 ligtvis
262 699 32 21 för
316 701 32 19 att
372 700 38 21 den
434 699 53 21 skall
509 699 71 21 kunna
602 699 154 27 upprätthällas
776 699 34 21 vid
827 699 39 21 den
883 699 109 21 bestämda

169 734 103 20 summan,
295 734 48 15 man
366 728 72 21 skrida
458 728 32 20 till
510 728 42 23 län,
568 734 46 15 men
630 730 32 19 ett
676 728 34 21 län
723 728 67 20 under
805 728 61 21 dessa
881 728 56 21 tider
952 727 40 21 blir

170 757 53 27 dyrt,
246 756 83 27 mycket
351 757 32 21 för
406 756 47 27 dyrt
474 756 38 21 och
535 756 67 21 skulle
622 756 71 21 kunna
707 756 103 21 undvikas
826 756 119 26 derigenom
960 758 32 19 att

170 791 48 15 man
241 784 55 22 läter
318 785 99 21 metallen
441 785 68 26 nedgä
532 785 32 21 till
584 786 25 20 15
626 785 101 26 miljoner.
757 784 33 22 Dä
805 784 67 22 skulle
889 785 42 23 det,
946 790 46 16 som

171 820 47 14 man
234 813 32 21 för
281 814 130 21 närvarande
428 820 50 20 eger
493 813 81 21 utöfver
591 814 25 20 15
632 814 96 25 miljoner
743 813 98 27 möjligen
857 813 89 21 betäcka
957 813 35 21 det

170 848 45 14 som
237 842 95 21 kommer
351 844 31 19 att
405 842 5 20 i
433 842 71 20 landet
520 842 110 21 cirkulera.
660 842 33 21 Dä
708 841 82 21 ändock
805 848 25 15 en
846 842 123 26 deputation
985 842 7 20 i

170 870 245 26 karta-sigillata-frägan
438 870 95 21 kommer
548 872 32 20 att
594 871 54 26 afgä,
665 870 70 21 kunde
751 870 39 22 den
806 870 60 22 äfven
882 870 20 21 få
917 870 7 21 i
939 876 53 21 upp-

171 898 52 27 drag
238 900 30 21 att
284 898 117 23 framställa
416 898 59 22 detta
490 898 84 28 förslag.

238 1003 83 21 Ankom
338 1009 25 15 en
380 1003 122 27 deputation
518 1004 46 20 frän
580 1002 154 22 bondeständet
750 1003 73 21 anförd
839 1003 22 21 af
870 1003 122 27 landtdags-

170 1037 89 15 mannen
282 1031 168 26 Hannuksela,
476 1038 45 15 som
544 1032 71 26 inbjöd
637 1032 156 25 presteständet
814 1034 31 18 att
866 1032 46 21 med
935 1032 57 22 frän-

170 1060 80 26 gående
266 1060 22 21 af
301 1060 46 21 sina
362 1060 70 20 beslut
448 1060 129 21 beträffande
592 1060 24 27 SS
631 1061 31 25 11,
683 1061 23 20 14
722 1060 39 22 och
774 1061 22 20 15
833 1060 73 22 *)förena
916 1060 31 27 sig
958 1067 33 15 om

172 1088 164 22 bondeständets
354 1088 67 22 beslut
436 1088 6 21 i
459 1089 60 21 dessa
534 1089 97 27 punkter.

239 1146 155 26 Deputationen
410 1146 127 21 betackades
552 1146 39 21 och
607 1145 102 23 afträdde.

238 1248 56 22 Herr
309 1248 163 22 talmannen
487 1249 123 21 framstälde
625 1249 91 27 följande
731 1250 142 27 proposition:

238 1300 41 21 Vill
301 1301 157 25 presteständet
479 1301 84 21 biträda
586 1301 116 21 utskottets
717 1301 91 26 mening,
823 1302 31 20 att
870 1301 72 27 frågan
958 1308 34 14 om

170 1328 135 26 nedsättning
327 1328 22 21 af
370 1330 118 20 metalliska
510 1330 87 21 kassans
618 1330 6 20 i
644 1330 101 21 Finlands
761 1330 56 20 bank
832 1330 66 26 lägsta
916 1330 75 26 belopp

169 1356 34 21 för
218 1356 67 21 denna
300 1357 56 25 gäng
371 1357 39 21 bör
424 1357 89 27 förfalla,
530 1358 51 20 eller
596 1358 60 21 icke?

238 1406 79 22 Vinner
332 1407 40 27 nej,
388 1407 39 22 har
441 1408 85 21 ständet
541 1408 85 22 anslutit
642 1408 32 26 sig
688 1408 32 21 till
736 1410 86 24 prosten
833 1408 69 27 Hjelts
915 1408 77 27 förslag

169 1437 32 21 att
217 1435 31 22 till
264 1435 100 27 borgare-
380 1436 38 22 och
434 1436 158 22 bondeständen
608 1436 63 22 afläta
687 1436 124 28 inbjudning
826 1439 32 20 att
872 1437 74 22 förena
961 1437 32 27 sig

237 1521 17 23 *)
272 1522 56 18 Dessa
346 1522 20 23 $$
383 1522 73 18 hänföra
474 1522 26 22 sig
517 1522 27 17 till
562 1523 34 17 den
611 1522 72 19 afsedda
696 1522 127 24 författningen
835 1528 28 13 om
876 1523 86 23 reglering
974 1524 18 17 af

170 1545 138 23 presterskapets
320 1545 81 23 aflöning.
425 1545 43 18 Jmf.
481 1550 37 18 pag.
532 1546 49 18 3189.
823 1546 41 23 Utg.
876 1552 47 12 anm.
