1078 1803
265 155 160 17 Presteständet
438 156 55 16 1877.
516 156 28 16 30
556 156 115 17 november.
794 150 55 21 2341

55 223 25 21 så
101 222 153 22 fluktuerande.
284 223 113 22 Gentemot
419 224 25 20 de
468 224 67 26 öfriga
549 224 180 25 invändningarna
744 226 57 19 emot
816 230 62 20 para-

55 250 74 27 grafen
146 251 85 21 röstade
245 251 35 21 tal.
296 252 33 20 för
344 252 48 20 dess
406 252 119 26 antagande
540 252 133 21 oförändrad.

124 307 91 21 Prosten
231 307 89 27 Hjelt:
351 308 74 21 Denna
440 308 34 26 lag
489 314 61 21 synes
562 314 50 15 vara
624 308 55 26 bygd
692 308 27 26 på
730 314 79 15 samma
821 308 56 27 prin-

56 335 40 27 cip,
117 342 46 15 som
186 335 55 21 förut
258 337 57 26 gjort
337 337 31 26 sig
388 336 97 27 gällande
500 337 8 21 i
523 337 37 21 vår
574 336 134 27 lagstiftning,
725 336 104 27 nämligen
845 338 32 20 att

56 363 43 22 alla
114 364 33 26 de,
163 371 58 18 ,,som
237 365 13 21 å
265 365 72 21 landet
352 365 97 21 hemman
466 371 38 20 ega
520 364 52 22 eller
586 364 73 26 bruka,
670 364 60 22 skola
742 367 65 24 vägar
816 365 61 26 rödja

57 393 39 21 och
118 393 65 21 broar
206 393 87 27 bygga",
316 393 79 22 hvilket
417 393 116 27 stadgande
556 393 24 22 så
600 399 54 21 noga
668 393 100 28 iakttogs,
784 395 32 19 att
831 393 45 22 icke

57 422 82 26 engång
154 422 40 21 den
209 421 7 21 i
231 423 23 20 så
267 423 75 26 många
354 422 112 21 afseenden
479 423 135 26 undantagna
625 421 159 28 privilegierade
796 422 83 26 jorden,

55 450 22 27 ja
99 450 46 21 icke
168 456 36 15 ens
226 451 146 26 kungsgårdar
395 450 38 22 och
456 451 127 26 ladugårdar
601 457 49 14 voro
667 450 91 22 derifrån
773 451 47 20 fria.
850 451 29 20 Af

57 479 40 21 den
117 479 140 26 anledningen
273 479 41 22 kan
327 480 36 26 jag
379 479 45 22 icke
439 480 111 26 godkänna
566 479 39 21 den
621 479 22 21 af
656 479 136 27 domprosten
807 479 70 21 Horn-

56 507 54 27 borg
125 507 74 27 gjorda
214 508 172 26 anmärkningen,
403 509 87 20 emedan
505 508 102 26 köpingar
622 508 96 26 vanligen
733 510 37 19 äro
786 507 90 27 anlagda

57 537 28 26 på
105 536 109 21 hemmans
234 537 66 25 mark,
321 543 46 15 som
382 537 65 21 redan
462 537 57 21 förut
534 536 61 21 hafva
609 536 267 27 vägbyggnadsskyldighet

58 565 39 20 och
119 565 48 20 dem
189 565 80 21 således
291 565 68 21 skulle
382 565 106 21 åhvälfvas
510 571 26 14 en
551 565 76 21 dubbel
643 564 232 28 byggnadsskyldighet.

57 592 50 22 Men
122 594 31 20 ett
169 595 63 19 annat
247 593 131 22 förhållande
393 595 24 20 är
432 594 47 21 med
495 594 26 20 de
537 600 15 14 s.
568 594 20 20 k.
604 593 210 21 landthandlandene.
835 593 42 21 Det

58 624 25 18 är
103 622 23 26 ju
148 622 71 26 kändt,
243 624 32 19 att
290 622 193 22 landthandlanden
500 622 6 20 i
522 622 25 21 de
562 621 61 23 flesta
638 622 146 26 församlingar
799 621 33 21 får
846 622 31 27 sig

58 651 57 21 åsatt
130 656 24 16 en
171 651 41 21 viss
227 651 132 24 mantalsdel,
375 651 64 26 enligt
454 650 84 22 hvilken
550 650 53 22 hans
615 650 58 28 afgift
685 650 33 22 till
728 650 58 22 såväl
795 650 82 22 kronan

58 685 46 15 som
129 680 156 26 presterskapet
310 680 67 26 utgår.
408 680 84 21 Honom
516 680 40 20 kan
582 680 27 26 på
630 686 80 15 samma
729 681 43 19 sätt
790 685 45 15 som
852 680 25 21 de

59 708 66 26 öfriga
141 708 6 21 i
163 709 68 20 denna
246 708 100 27 paragraf
361 709 126 21 omnämnda
502 708 129 22 industriella
641 708 168 26 inrättningarna
818 708 57 27 åläg-

59 743 37 20 gas
122 743 26 15 en
173 737 41 21 viss
237 737 171 27 penningeafgift,
434 739 22 25 ty
484 737 35 21 det
542 737 65 22 finnes
628 736 132 27 ingenstädes
780 737 6 20 i
808 737 68 21 denna

57 765 124 26 författning
202 765 67 27 sagdt,
293 767 31 20 att
347 767 26 20 de
392 766 130 21 industriella
541 766 167 25 inrättningarna
724 765 54 21 skall
791 765 85 27 åläggas

57 793 143 28 skyldigheter
222 796 31 19 att
276 795 123 21 underhålla
422 801 26 15 en
471 795 41 20 viss
535 794 33 21 del
584 794 21 22 af
619 794 134 26 landsvägen,
768 796 51 19 utan
835 795 13 20 4
863 794 12 27 $

57 823 130 26 förutsätter,
202 824 31 19 att
248 823 46 21 från
310 823 45 22 dem
372 823 53 22 skall
440 824 51 25 utgå
506 829 25 15 en
547 824 41 21 viss
603 823 147 27 pennigeskatt
764 822 53 22 efter
829 823 46 20 dem

57 851 107 21 tilldeladt
186 852 83 20 mantal.
301 851 74 22 Denna
397 852 60 26 afgift
480 852 60 21 torde
562 852 46 21 icke
631 851 62 21 blifva
708 851 23 21 så
746 851 129 26 graverande

57 879 33 22 för
111 879 212 28 landthandlandene,
347 883 21 24 ty
384 880 95 26 vanligen
502 881 78 20 äsättes
603 880 46 21 dem
673 880 36 26 1/,,
731 879 78 22 mantal
825 879 50 22 eller

57 909 66 26 något
138 909 41 27 dyl.
200 908 39 27 Jag
249 908 142 22 understöder
401 909 83 21 derföre
496 909 52 26 dem,
560 915 44 15 som
615 908 55 27 vilja,
681 911 32 18 att
723 909 61 21 ordet
791 908 85 25 ,,landt-

57 937 133 22 handlande"
206 937 53 22 skall
274 937 7 21 i
297 939 67 20 denna
379 937 99 28 paragraf
492 937 83 22 införas.

125 995 143 24 Domprosten
289 995 70 26 Borg
374 1001 37 15 var
427 1001 49 15 ense
491 995 47 21 med
554 996 85 25 prosten
654 993 58 27 Hjelt
727 995 51 25 deri,
794 995 31 20 att
840 994 36 21 det

57 1023 46 22 icke
118 1023 67 21 borde
200 1023 63 22 blifva
278 1024 59 26 fråga
353 1030 33 15 om
402 1024 68 25 någon
486 1023 119 28 skyldighet
619 1023 33 21 för
666 1023 104 27 köpingar
785 1025 32 19 att
832 1023 43 21 del-

58 1054 51 24 taga
129 1052 6 20 i
151 1053 61 24 väga-
228 1053 38 20 och
282 1052 143 26 brobyggnad.
455 1052 42 21 Det
513 1059 38 14 var
566 1052 83 24 bekant,
666 1053 38 24 att,
720 1052 27 20 då
762 1052 26 20 H.
803 1051 27 22 K.
845 1051 28 21 M.

58 1080 35 21 vid
115 1080 54 21 1867
188 1081 34 20 års
237 1080 101 26 landtdag
353 1080 73 26 gjorde
441 1080 129 27 proposition
586 1080 7 20 i
608 1085 80 15 samma
704 1080 84 25 ärende,
803 1080 74 20 nämli-

57 1115 40 20 gen
113 1110 49 24 väg-
178 1108 38 21 och
231 1108 144 27 brobyggnad,
390 1109 100 20 motsatte
505 1109 31 26 sig
550 1107 176 27 borgareståndet
741 1107 136 26 deltagandet

57 1137 7 20 1
80 1137 66 21 sådan
161 1139 65 24 tunga
241 1137 39 21 och
296 1138 22 20 af
332 1137 67 21 denna
415 1137 62 21 orsak
492 1137 54 21 hade
561 1137 27 20 H.
603 1136 26 21 K.
643 1135 27 22 M.
682 1143 27 14 nu
720 1136 96 21 uteslutit
828 1135 48 22 hela

57 1165 69 21 denna
148 1165 65 26 fråga.
241 1166 11 21 I
275 1166 63 25 öfrigt
353 1167 99 19 motsatte
467 1166 31 25 sig
514 1165 34 21 tal.
566 1165 120 26 förändring
701 1165 23 20 af
738 1165 60 20 ordet
814 1163 62 26 ,tull-

56 1194 162 27 mjölqvarnar",
239 1201 48 14 men
309 1194 93 21 önskade
420 1194 6 20 i
441 1194 67 21 likhet
523 1193 47 21 med
585 1195 85 24 prosten
685 1193 65 26 Hjelt,
766 1192 109 21 införande

56 1223 7 20 i
79 1222 124 27 paragrafen
225 1223 22 20 af
265 1223 62 21 ordet
349 1222 213 25 ,,landthandlande".
592 1222 64 21 Detta
678 1222 50 27 yrke
743 1221 71 21 kunde
829 1221 46 22 icke

57 1257 61 15 anses
133 1257 51 16 vara
199 1251 23 21 så
237 1251 6 21 i
258 1251 31 21 sin
305 1251 80 27 början,
401 1253 31 19 att
448 1257 48 15 man
511 1251 39 20 här
565 1249 67 23 skulle
648 1252 51 25 göra
714 1252 30 19 ett
759 1250 114 27 undantag,

57 1280 27 21 då
99 1286 48 14 man
162 1279 46 22 icke
223 1280 125 26 undantagit
363 1279 35 22 det
414 1280 6 20 i
434 1279 60 27 fråga
510 1286 34 15 om
559 1279 233 26 skjutsningsbesväret.

125 1336 77 21 Pastor
216 1337 70 26 Lyra
301 1336 93 21 önskade
409 1337 27 26 på
451 1337 66 20 redan
532 1336 89 21 anförda
635 1336 47 21 skäl
697 1336 65 21 bland
777 1337 48 24 väg-
836 1335 41 22 och

57 1365 232 27 brobyggnadskyldige
313 1365 69 21 införa
403 1365 200 27 ,landthandlande*
621 1365 40 20 och
675 1363 132 28 ,köpingar*.
837 1364 39 21 Att

56 1394 176 25 borgareständet
254 1394 34 20 vid
313 1394 53 21 1867
389 1394 34 21 ärs
445 1393 101 26 landtdag
568 1395 88 19 motsatt
675 1393 31 26 sig
728 1394 31 19 ett
776 1392 100 21 liknande

56 1422 79 26 förslag
155 1423 97 25 utgjorde
272 1422 48 21 icke
342 1423 65 25 nägot
429 1422 45 20 skäl
494 1422 32 20 för
546 1421 156 26 presteständet
721 1421 34 20 vid
773 1421 53 20 1877
841 1420 34 21 ärs

56 1450 102 26 landtdag
179 1452 33 18 att
233 1450 46 20 icke
301 1449 87 21 förorda
410 1450 42 24 det,
474 1449 6 21 i
501 1449 36 21 fall
556 1449 85 21 ständet
661 1454 77 15 annars
760 1448 66 26 ansäg
840 1448 36 20 det

56 1478 74 27 billigt.
151 1478 63 20 Utom
231 1478 61 20 dessa
307 1478 94 20 önskade
416 1478 37 20 tal.
468 1477 33 21 till
516 1477 26 21 de
556 1476 245 28 vägbyggnadsskyldige
816 1476 61 21 äfven

56 1507 89 21 hänföra
165 1506 118 28 ,grufvor*.
313 1506 118 22 Ständerna
450 1506 56 21 hade
524 1506 66 21 redan
605 1506 57 21 förut
680 1505 110 27 föreslagit
805 1505 74 21 dessas

56 1535 118 28 införande,
196 1542 47 15 men
266 1536 26 21 de
313 1535 54 22 hade
388 1535 54 21 dock
457 1534 127 22 utelemnats
599 1535 6 21 i
622 1534 39 21 den
676 1534 89 27 Kejserl.
780 1534 99 27 proposi-
