1073 1800
215 156 56 20 2484
410 159 161 19 Presteståndet
583 160 56 17 1877.
659 160 14 16 4
685 160 113 17 december.

186 230 32 20 att
233 227 175 28 församlingarna
423 228 98 21 stundom
540 228 111 26 påtvingas
665 234 26 14 en
706 227 75 26 lärare,
797 233 45 15 som
858 227 26 21 de
899 226 47 22 icke
960 226 50 27 vilja

185 258 68 21 hafva.
279 257 41 21 Om
335 264 29 14 nu
382 256 59 22 detta
456 257 45 21 icke
517 256 197 22 öfverensstämmer
729 256 48 21 med
792 256 115 26 begreppet
922 261 34 15 om
970 255 40 21 den

186 286 82 21 kristna
282 286 160 26 församlingens
458 285 130 27 rättigheter,
603 286 23 20 så
641 284 199 22 öfverensstämmer
854 284 37 22 det
906 283 32 22 väl
954 286 57 19 ännu

186 315 82 21 mindre
292 316 32 19 att
346 314 217 26 församlingsläraren
585 314 7 20 i
621 313 262 27 dissentersförsamlingar
902 312 53 22 skall
977 316 33 18 ut-

185 346 88 19 nämnas
295 342 23 22 af
338 342 118 28 Kejserliga
475 344 87 20 senaten
584 342 27 22 dä
632 342 117 27 Kejserliga
765 344 85 20 senaten
866 344 24 19 är
904 342 24 20 af
940 347 69 15 annan

186 372 174 22 trosbekännelse
381 374 27 18 än
428 370 293 27 dissentersförsamlingarna.
751 371 41 26 Jag
814 370 39 22 har
874 370 48 22 icke
940 372 70 20 ansett

186 400 262 26 dissentersförsamlingen
474 402 75 24 utgöra
574 406 25 15 en
626 399 121 27 församling
773 400 23 21 af
816 399 43 21 idel
884 399 126 26 rättfärdiga

186 429 40 21 och
248 428 102 22 infallibla
373 434 105 21 personer,
502 429 68 21 säsom
594 428 38 21 här
647 428 95 27 yttrades
757 430 32 19 att
804 429 69 25 nägon
889 428 39 21 här
942 427 68 22 skulle

186 457 62 22 hafva
270 459 58 24 sagt;
352 459 90 19 tvärtom
465 457 51 21 sade
535 457 37 26 jag
587 459 31 18 att
634 457 67 20 denna
717 456 121 27 församling
854 456 41 21 kan
911 456 100 26 misstaga

185 486 33 27 sig
233 486 34 21 vid
282 485 56 22 valet
353 485 39 22 och
408 485 54 26 välja
478 492 24 15 en
520 485 81 22 mindre
617 485 85 26 lämplig
716 491 83 20 person.
829 485 41 26 Jag
880 485 39 21 har
929 484 81 22 säledes

186 514 46 21 icke
253 515 49 26 hyst
324 514 68 21 denna
407 517 33 18 tro
457 515 26 26 pä
498 513 105 28 mensklig
618 513 143 26 infallibilitet,
777 520 48 15 men
841 513 36 22 det
892 519 62 22 synes
970 513 42 26 mig

185 544 71 21 såsom
270 543 108 26 åtskilliga
397 543 66 21 andra
478 543 67 21 skulle
561 543 60 21 hafva
637 542 68 21 denna
720 544 33 19 tro
769 542 104 27 nämligen
889 544 32 19 att
935 541 76 22 infalli-

186 571 70 22 bilitet
279 572 66 21 finnes
367 571 38 21 hos
426 571 117 26 Kejserliga
557 573 96 23 senaten;
676 573 38 19 när
729 571 40 21 den
784 571 124 26 godkänner
923 577 26 15 en
965 577 45 21 per-

186 607 45 18 son,
247 601 27 21 dä
292 600 69 22 skulle
376 600 36 22 det
426 606 51 15 vara
491 599 128 27 fullkomligt
634 600 72 21 säkert
721 602 32 19 att
768 600 40 22 den
824 606 104 21 personen
943 599 68 22 skulle

186 636 50 14 vara
259 630 40 21 den
323 628 105 28 lämpliga.
458 629 32 21 De
511 628 52 27 skäl,
583 634 46 16 som
651 629 22 21 af
693 629 145 21 försvararene
857 628 21 22 af
895 628 116 22 utskottets

186 657 134 22 betänkande
336 659 37 19 äro
388 657 132 26 framhällna,
537 657 62 21 hafva
613 657 46 21 icke
675 657 80 21 kunnat
768 657 64 21 verka
848 658 28 26 pä
887 657 43 21 min
942 656 70 22 öfver-

186 686 81 27 tygelse
282 686 39 22 och
338 685 81 22 derföre
435 688 73 19 ämnar
520 686 38 26 jag
573 685 129 22 fortfarande
717 688 58 19 rösta
790 686 34 21 för
839 686 40 21 den
894 685 118 27 Kejserliga

186 714 159 28 propositionen
368 715 48 21 med
433 715 26 21 de
474 714 176 26 modifikationer,
666 720 45 16 som
727 714 62 22 hafva
804 714 68 22 blifvit
885 714 125 27 föreslagna.

256 772 142 27 Domprosten
422 771 171 27 Hornborg:
630 771 41 27 Jag
693 772 66 26 ansäg
781 772 43 26 mig
846 771 111 22 nödsakad
979 774 32 19 att

186 802 80 26 begära
288 800 60 22 ordet
371 800 88 21 emedan
479 802 76 19 tvänne
571 800 63 21 ärade
649 800 73 24 talare,
738 800 71 21 hvilka
824 800 54 22 efter
892 800 120 22 hvarandra

186 831 68 26 yttrat
275 829 39 27 sig,
336 830 72 26 syntes
431 828 61 22 hafva
511 829 70 26 utgått
595 828 46 22 från
657 828 87 22 alldeles
760 829 90 27 oriktiga
865 829 146 21 förutsättnin-

186 864 45 20 gar.
262 858 50 21 Man
333 860 71 25 säger:
428 857 97 22 hvarföre
540 857 54 21 skall
610 864 48 15 man
674 858 78 21 bereda
768 858 113 21 dissenters
896 864 26 15 en
937 857 73 27 fördel,

186 893 46 15 som
255 888 37 20 vår
310 886 110 22 lutherska
442 886 68 26 kyrka
530 886 83 26 saknar,
635 886 97 21 hvarföre
752 886 53 22 skall
817 892 52 24 man
884 886 127 22 tillerkänna

186 915 50 21 dem
257 914 133 27 obegränsad
412 915 102 26 rättighet
529 916 33 20 att
577 914 54 27 välja
646 915 32 21 sin
693 915 84 21 lärare?
806 912 31 24 Är
852 915 36 21 det
903 921 27 15 en
944 914 67 22 fördel

188 946 32 18 att
240 943 20 21 få
284 944 54 26 välja
360 949 26 15 en
404 943 93 26 okunnig
512 942 69 22 lärare
594 943 52 21 eller
661 945 23 19 är
699 944 36 20 det
750 950 26 15 en
791 943 68 21 fördel
874 946 32 18 att
922 943 20 21 få
957 943 54 27 välja

188 972 63 21 bland
266 972 103 26 skickliga
384 971 39 21 och
439 972 31 20 för
485 972 37 20 sitt
538 971 41 21 kall
595 971 146 27 qvalificerade
757 978 101 20 personer
872 972 46 22 sina
928 971 82 22 lärare?

186 1000 41 26 Jag
250 1000 110 21 betraktar
382 1000 110 21 lutherska
514 1000 161 26 församlingens
695 1000 121 25 ställning
809 995 14 35 i
839 1000 59 22 detta
914 1000 96 22 afseende

186 1030 70 20 såsom
284 1028 114 28 lyckligare
425 1030 26 19 än
476 1028 269 26 dissenterförsamlingens.
781 1029 40 26 Jag
843 1031 46 19 tror
910 1029 46 21 icke
978 1030 33 20 att

186 1060 70 19 staten
271 1057 40 21 har
325 1057 111 21 inskränkt
450 1057 109 21 lutherska
574 1057 92 27 kyrkans
681 1057 126 27 rättigheter
820 1059 7 19 i
838 1057 59 21 detta
906 1058 105 24 afseende,

187 1088 52 19 utan
260 1088 32 19 att
315 1085 83 27 kyrkan
418 1085 48 27 sjelf
486 1085 77 22 skaffat
579 1086 31 26 sig
625 1085 94 22 fördelen
731 1086 24 21 af
768 1088 32 19 att
816 1085 20 22 få
852 1086 54 26 välja
922 1085 90 24 emellan

187 1114 33 22 för
240 1114 66 22 kallet
326 1114 138 27 uppfostrade
484 1121 107 20 personer.
622 1114 48 22 Alla
692 1114 147 28 förordningar
856 1121 35 15 om
906 1114 106 28 theologie

188 1143 138 21 studerandes
341 1143 81 21 studier
437 1142 34 22 vid
486 1143 152 25 universitetet,
651 1149 35 15 om
696 1145 154 25 prestexamen,
862 1149 35 15 om
909 1143 103 27 pastoral-

186 1178 88 15 examen
295 1171 65 21 hafva
374 1171 122 22 tillkommit
512 1172 27 26 på
561 1171 89 22 initiativ
665 1172 23 21 af
701 1172 88 26 kyrkan.
819 1172 40 26 Jag
874 1172 78 22 förstår
966 1172 46 22 icke

186 1200 74 26 heller,
284 1206 33 15 om
334 1200 36 21 det
385 1199 67 22 blefve
468 1199 58 28 fråga
542 1207 33 15 om
591 1202 32 19 att
638 1200 73 27 pröfva
726 1200 41 21 den
782 1200 106 28 egentliga
902 1200 110 28 qvalifika-

188 1229 44 20 tion
254 1229 33 21 för
308 1229 92 21 embetet
422 1229 39 20 hos
483 1229 204 26 dissentersprester,
708 1229 81 22 hvilket
810 1229 129 27 domkapitel
961 1229 51 22 eller

187 1257 85 22 hvilken
294 1257 116 22 auktoritet
432 1257 86 21 dermed
533 1257 69 22 skulle
616 1260 50 25 taga
681 1257 123 27 befattning.
833 1258 43 27 Jag
892 1258 73 27 tycker
980 1260 32 19 att

186 1286 7 20 i
208 1286 76 21 sakens
304 1288 63 19 natur
382 1285 66 27 ligger
463 1288 32 19 att
510 1293 49 14 man
575 1287 66 20 måste
657 1286 43 21 låta
716 1286 114 22 dissenters
846 1286 65 22 blifva
926 1287 34 20 vid
976 1287 36 21 det

188 1314 81 22 mindre
291 1314 92 27 lyckliga
404 1314 131 22 förhållande
558 1317 32 19 att
611 1315 6 20 i
640 1315 115 21 allmänhet
769 1315 47 22 icke
831 1315 71 22 kunna
916 1315 21 21 få
952 1315 61 22 lärda

187 1345 88 23 prester.
306 1343 40 25 Jag
370 1345 23 17 är
418 1344 6 18 i
448 1343 66 19 likhet
536 1344 47 19 med
602 1343 135 26 domprosten
752 1344 58 26 Borg
824 1345 50 19 fullt
890 1343 122 27 öfvertygad

188 1370 72 20 derom
283 1372 33 19 att
337 1370 7 20 i
367 1370 58 21 detta
447 1370 62 21 stånd
529 1370 116 22 utskottets
667 1371 73 27 tillägg
758 1371 46 21 icke
820 1371 42 21 kan
877 1373 88 24 antagas
980 1373 32 20 att

188 1398 40 22 den
250 1398 119 27 Kejserliga
390 1398 159 28 propositionen
564 1398 96 22 kommer
675 1400 32 20 att
721 1405 62 21 segra
798 1400 34 21 vid
848 1399 163 28 omröstningen.

256 1455 111 22 Professor
389 1456 133 21 Donner:
560 1456 42 21 Det
628 1455 106 23 förefaller
759 1457 42 27 mig
827 1458 70 22 såsom
920 1464 34 15 om
977 1458 35 22 det

187 1484 131 28 högvördiga
340 1484 84 22 ståndet
449 1484 68 22 skulle
539 1485 100 26 antingen
662 1485 61 22 hafva
746 1486 45 22 helt
810 1486 40 22 och
865 1486 67 22 hållet
946 1486 66 28 glömt

188 1514 52 21 eller
262 1514 64 21 också
340 1512 81 23 sväfvat
436 1513 6 21 i
458 1520 25 15 en
498 1513 77 27 lycklig
590 1514 129 27 okunnighet
735 1522 34 15 om
785 1515 26 22 de
826 1516 125 22 förbittrade
965 1517 48 22 stri-

188 1542 43 27 der,
254 1548 46 16 som
322 1541 67 23 under
411 1545 83 19 senaste
516 1543 25 21 år
562 1542 112 28 försiggått
693 1544 6 20 i
714 1544 108 28 Tyskland
837 1545 89 22 emellan
941 1547 70 21 staten
