1081 1798
192 143 56 21 3320
379 147 160 17 Presteståndet
552 147 55 17 1878.
632 148 23 16 15
667 146 93 18 Januari.

285 249 140 35 Tisdagen
443 248 55 27 den
515 248 32 27 15
565 248 121 27 Januari
704 248 39 26 kl.
760 248 27 26 11
805 248 19 26 f.
841 255 35 19 m.

234 318 171 22 Sammanträdet
421 318 106 27 öppnades
543 318 47 20 med
602 318 28 26 på
645 318 90 21 svenska
750 318 87 26 språket
848 316 24 22 af
881 317 106 27 professor

165 348 87 22 Donner
267 348 104 20 förrättad
387 347 47 21 bön.

233 404 42 22 Vid
291 404 62 22 skedt
367 410 81 20 upprop
464 403 102 21 befunnos
581 403 95 21 ståndets
687 403 97 27 samtlige
795 403 140 22 medlemmar
946 403 42 22 till-

166 434 71 21 städes
257 434 48 20 med
323 433 107 26 undantag
445 432 23 21 af
482 435 72 24 pastor
569 432 71 26 Lilius,
655 438 45 15 som
715 432 33 21 till
763 432 52 27 följd
831 432 23 21 af
868 432 120 27 sjukdoms-

166 462 70 22 förfall
252 468 37 15 var
304 461 147 22 frånvarande.

235 605 39 20 Ett
288 604 48 21 utaf
349 604 96 20 ståndets
459 603 96 21 enskilda
570 603 167 21 besvärsutskott
753 602 89 28 afgifvet
857 603 23 21 så
895 603 91 27 lydande

166 633 80 27 förslag
267 632 32 21 till
323 632 131 26 underdånig
474 632 89 26 petition
585 632 5 20 i
614 631 174 27 bränvinsfrågan
806 631 55 22 hade
876 632 112 21 inkommit

167 661 32 21 till
214 662 85 20 ståndet
315 661 39 21 och
370 660 112 22 bordlades
490 661 27 27 *).

235 804 119 26 Föredrogs
374 803 165 21 bondeståndets
556 804 33 20 till
605 803 155 26 presteståndet
775 803 74 27 gjorda
863 802 125 28 inbjudning

168 834 32 19 att
218 832 74 26 frångå
307 832 38 21 sitt
359 832 90 26 tidigare
463 832 80 20 fattade
559 832 69 20 beslut
643 834 38 22 att,
697 832 47 20 med
759 831 137 21 förkastande
910 830 22 22 af
948 831 40 21 den

167 867 75 15 senare
258 860 60 22 delen
333 860 24 21 af
370 861 115 21 utskottets
500 860 165 26 ingressförslag,
682 860 45 21 icke
742 860 95 21 förklara
847 860 69 26 någon
926 866 63 20 para-

166 890 47 26 graf
227 890 7 20 i
250 890 40 21 den
310 896 41 20 nya
372 889 190 26 värnepligtslagen
581 888 68 21 såsom
666 889 91 21 varande
773 888 24 21 af
809 888 180 28 grundlagsnatur

167 918 40 21 och
221 919 8 20 i
244 918 68 21 likhet
331 918 48 21 med
395 917 154 22 bondeståndet
563 920 79 25 antaga
657 917 65 27 sagda
737 918 82 26 ingress
834 917 6 21 i
856 917 48 22 dess
916 917 74 21 helhet

167 947 108 21 äfvensom
290 947 7 20 i
312 946 151 27 sammanhang
479 947 85 20 dermed

236 1004 251 27 Värnepligtsutskottets
510 1004 65 21 andra
597 1003 79 28 förslag
697 1004 32 21 till
747 1003 204 27 sammanjemkning
966 1003 24 22 af

167 1033 100 21 ståndens
283 1033 6 21 i
305 1033 55 20 vissa
376 1033 58 20 delar
449 1033 121 27 skiljaktiga
585 1032 68 21 beslut
668 1033 49 21 med
732 1032 99 21 afseende
841 1033 13 20 å
864 1032 73 26 frågan
953 1038 34 15 om

167 1061 111 22 införande
300 1062 23 20 af
343 1062 78 21 allmän
445 1062 118 26 värnepligt
583 1062 7 20 i
609 1061 79 25 landet,
703 1061 7 20 i
726 1061 80 21 hvilket
826 1061 161 26 sammanjemk-

167 1090 141 27 ningsförslag
323 1091 6 20 i
344 1091 106 20 klämmen
466 1090 12 21 å
493 1090 66 21 första
571 1089 60 22 sidan
647 1090 156 26 presteståndet
818 1089 96 28 inbjudes
929 1091 39 24 att,
980 1089 7 20 i

167 1119 67 21 likhet
256 1119 48 20 med
327 1119 25 20 de
374 1118 69 27 öfriga
465 1119 94 24 stånden,
579 1118 112 27 godkänna
708 1119 108 26 ingressen
832 1118 32 21 till
880 1119 40 20 den
932 1118 55 21 före-

168 1148 73 27 slagna
256 1147 199 27 värnepligtslagen.

236 1204 80 21 Härom
331 1204 92 27 uppstod
438 1204 93 27 följande
546 1204 130 21 diskussion:

235 1260 110 22 Professor
360 1261 144 20 Forsman:
530 1261 69 21 Sedan
615 1261 235 26 värnepligtsutskottet
860 1260 82 21 förenat
952 1260 33 26 sig

168 1296 34 15 om
224 1289 165 22 bondeståndets
410 1289 124 26 inbjudning
556 1289 32 21 till
607 1289 157 27 presteståndet
778 1291 39 24 att,
833 1289 5 20 i
854 1289 68 21 likhet
936 1289 49 20 med

167 1319 26 20 de
215 1318 67 26 öfriga
301 1318 95 25 stånden,
415 1317 114 26 godkänna
543 1318 107 27 ingressen
666 1317 39 22 och
720 1317 81 22 således
817 1317 62 22 äfven
895 1323 33 15 om
944 1317 40 21 den

166 1351 74 21 passus
262 1347 7 19 i
291 1346 114 26 ingressen,
428 1346 136 25 hvarigenom
581 1347 56 20 vissa
652 1345 121 26 paragrafer
788 1346 7 19 i
810 1346 41 20 den
866 1351 42 20 nya
923 1347 62 25 lagen

167 1373 105 22 förklaras
287 1373 52 22 böra
354 1373 22 21 af
389 1374 114 21 ständerna
518 1379 61 15 anses
595 1374 68 20 såsom
678 1373 252 27 grundlagsstadganden,
943 1374 42 20 kan

167 1403 36 20 det
224 1402 53 21 visst
298 1407 50 16 vara
363 1402 7 20 i
385 1401 77 28 många
483 1402 134 21 hänseenden
633 1402 97 26 önskligt,
747 1404 31 19 att
794 1402 18 26 ej
828 1402 158 27 presteståndet

236 1500 15 22 >)
269 1499 90 23 Förslaget
371 1498 37 19 icke
420 1499 67 22 intaget
499 1499 5 16 i
517 1498 82 23 originala
608 1498 107 23 protokollen
723 1499 33 17 och
765 1498 63 18 saknas
836 1498 6 17 i
850 1498 77 18 ståndets
935 1497 57 18 arkiv.

825 1533 39 23 Utg.
876 1538 48 15 anm,
