1073 1814
274 148 159 20 Presteståndet
446 150 55 18 1877.
525 152 24 16 14
561 152 112 18 december.
824 148 55 22 2875

86 218 25 31 är
126 216 145 28 barnalärare;
287 218 44 22 ofta
347 218 99 23 behöfves
461 220 41 21 han
519 221 106 21 dessutom
642 222 33 21 vid
690 222 84 27 vigning
787 223 38 22 och
837 223 72 27 dylika

87 244 106 27 tillfällen;
210 246 107 22 dessutom
332 247 39 22 har
385 247 42 22 han
442 249 122 26 genomgått
579 256 25 15 en
619 250 58 21 kurs.

155 308 78 33 Pastor
253 309 196 22 Westerlund:
478 310 40 28 Jag
539 312 36 21 vill
596 312 88 28 upplysa
703 315 74 25 pastor
795 314 56 26 Lyra
866 320 42 20 om,

86 337 34 20 att
142 338 47 20 mitt
211 338 98 26 yttrande
331 338 19 26 ej
367 344 38 16 var
419 339 44 21 helt
479 340 39 22 och
533 340 65 22 hållet
613 341 76 21 skämt.
719 342 150 22 Förhållandet
885 345 24 19 är

86 371 30 15 nu
136 366 41 26 det,
199 368 34 19 att
254 367 35 21 det
309 366 67 22 finnes
395 368 154 28 församlingar,
566 369 37 22 der
617 369 108 23 klockare-
742 370 39 22 och
796 371 112 27 orgelnist-

86 393 171 29 befattningarna
273 397 36 20 äro
325 396 106 22 förenade.

155 457 62 23 Efter
237 458 88 22 härmed
345 459 92 21 afslutad
459 460 126 27 diskussion,
600 460 134 23 framstäldes
751 461 92 28 följande
858 468 50 21 pro-

86 487 101 26 position:

116 578 4 4 =
155 550 128 22 Godkännes
294 557 28 15 nu
333 551 160 27 ifrågavarande
504 552 11 28 8
524 552 27 22 35
562 553 126 21 oförändrad
697 553 52 21 eller
756 554 57 21 icke?
830 554 78 22 Vinner

87 585 40 44 nej
143 579 40 22 har
197 580 86 21 ståndet
298 580 55 22 velat
368 580 32 22 till
415 581 126 27 paragrafen
551 581 26 28 på
589 582 96 27 lämpligt
695 583 62 22 ställe
767 583 68 22 införa
847 583 61 22 ordet

86 609 135 24 »klockare"”.

155 671 130 22 Besvarades
301 672 47 22 med
364 672 153 27 öfvervägande
530 674 32 27 ja;
578 674 97 22 hvarföre
690 675 81 21 således
782 675 126 27 paragrafen

86 699 25 22 af
124 701 85 21 ståndet
225 701 127 21 oförändrad
367 701 129 27 godkändes.

154 763 135 23 Beträffande
304 766 11 24 $
331 765 26 21 36
373 765 91 27 föreslog

155 827 90 22 Prosten
268 827 149 28 Warelius,
440 831 31 18 att
495 829 45 20 deri
562 828 67 22 skulle
650 830 83 26 intagas
754 830 99 21 klockare
869 830 38 21 och

86 856 132 27 orgelnister,
237 862 45 15 som
304 856 110 23 innehafva
429 858 107 21 ordinarie
551 859 64 26 tjenst
625 858 34 21 vid
676 858 68 27 någon
760 859 80 21 kristen
855 860 51 20 kon-

85 885 165 27 fessionskyrka.

155 949 31 21 Pä
207 948 155 28 framställning
382 949 23 20 af
424 949 49 22 herr
494 950 143 21 talmannen
656 949 43 22 blef
713 951 125 26 paragrafen
854 951 53 22 dock

85 977 131 22 oförändrad
231 977 106 27 godkänd.

154 1042 98 21 Rörande
268 1043 10 25 $
295 1041 26 22 37
337 1041 92 27 föreslog

155 1105 89 21 Prosten
274 1104 159 26 Hackzell,
469 1107 32 19 att
531 1105 62 22 ordet
622 1121 5 8 ,
629 1105 119 24 klockare*
779 1106 68 21 skulle
877 1105 31 22 in-

86 1134 58 22 föras
160 1134 42 21 der.

155 1197 78 21 Pastor
251 1192 95 26 Öller:
377 1196 40 27 Jag
435 1196 68 22 skulle
521 1196 118 27 hemställa,
654 1197 103 21 huruvida
773 1197 36 22 det
824 1198 18 26 ej
857 1204 51 15 vore

88 1225 82 27 möjligt
185 1228 33 19 att
232 1226 36 21 vid
283 1227 12 20 3
312 1232 62 14 mom.
390 1226 21 21 få
426 1226 61 21 ordet
503 1228 129 22 ,,matroser*
649 1226 90 21 ändradt
751 1225 32 22 till
796 1226 111 27 ,,sjöfolk*,

87 1255 25 21 sä
126 1257 31 19 att
174 1254 36 22 det
225 1254 130 22 innefattade
371 1254 60 22 äfven
440 1255 108 27 jungmän,
560 1255 123 27 konstaplar
694 1254 38 22 och
743 1255 77 27 dylike.
841 1256 67 20 Hvar-

86 1283 46 21 före
148 1284 60 21 skola
223 1284 26 21 de
264 1284 66 20 andre
345 1283 117 21 uteslutas?

155 1340 154 28 Kyrkoherden
331 1341 207 21 Fredriksson:
567 1341 40 26 Jag
630 1341 66 21 mäste
714 1340 74 22 förena
803 1342 42 25 mig
861 1341 47 21 med

86 1370 43 20 alla
152 1370 53 25 dem,
227 1376 44 14 som
294 1370 62 21 hafva
377 1369 100 22 hemstält
498 1370 33 21 till
553 1369 84 21 ständet
659 1372 32 18 att
713 1369 66 22 befria
803 1370 106 21 ordinarie

87 1398 106 22 klockare.
224 1398 40 27 Jag
286 1400 45 19 tror
348 1398 115 27 verkligen,
479 1400 31 19 att
525 1398 122 27 isynnerhet
662 1398 27 26 pä
704 1398 151 27 landsbygden,
871 1398 37 21 der

86 1427 88 20 lönerna
197 1428 36 20 äro
257 1426 80 26 snäfva,
359 1426 81 26 ganska
462 1429 58 19 stora
543 1426 130 26 svärigheter
691 1428 36 19 äro
743 1426 100 22 förenade
859 1427 49 20 här-

87 1454 55 26 med,
158 1454 39 22 och
211 1454 37 26 jag
262 1456 35 19 vet
313 1455 25 25 ej,
354 1454 85 21 hvarför
454 1460 48 15 man
518 1454 53 21 skall
587 1454 70 20 kunna
674 1457 49 22 taga
737 1454 32 21 för
784 1454 24 20 sä
822 1454 87 21 alideles

85 1482 72 26 gifvet,
173 1484 32 20 att
223 1482 196 26 tjenstförrättande
441 1482 78 21 sädane
541 1482 125 26 tjenstemän
683 1482 32 21 stä
730 1482 23 20 sä
769 1482 39 20 lätt
823 1483 32 19 att
870 1482 38 21 fäs.

86 1510 43 22 Det
150 1513 24 19 är
193 1511 24 27 ju
237 1510 54 22 ändå
309 1510 65 27 något
389 1510 23 22 sä
427 1510 191 28 maktpäliggande,
633 1512 32 19 att
680 1510 147 27 kyrkosängen
842 1510 67 22 hålles

86 1540 36 21 vid
144 1540 65 22 makt.
240 1541 38 21 Att
301 1546 48 16 man
365 1540 53 22 skall
434 1546 51 15 vara
500 1539 110 22 nödsakad
626 1541 31 20 att
673 1538 56 22 hålla
744 1540 31 21 till
791 1539 54 27 godo
861 1540 48 21 med
