1086 1798
316 144 160 18 Presteständet
489 145 54 17 1878.
568 146 23 16 10
602 146 89 20 januari.
839 141 54 20 3259

103 211 28 27 lig
154 212 126 27 ständerlag,
303 212 32 21 till
358 213 94 21 hvilkens
473 213 140 22 förändrande
634 214 105 21 erfordras
754 213 114 27 Kejsarens
883 214 39 22 och

103 240 141 22 Storfurstens
264 241 153 26 framställning
439 243 55 20 samt
515 244 32 18 tre
568 242 74 21 ständs
664 241 63 26 bifall,
745 248 62 21 synes
823 248 34 15 oss
872 249 50 15 vara

103 268 122 27 tillräckligt
247 269 118 21 säkerstäld
387 269 40 21 och
449 269 111 22 framhälla
581 270 95 21 deremot
690 273 32 18 att
737 270 184 27 proklamerandet

103 297 22 20 af
138 297 55 21 vissa
208 297 121 26 paragrafer
344 299 68 20 säsom
427 298 104 26 grundlag
552 298 74 21 endast
648 299 105 20 försvärar
775 305 26 14 en
823 299 99 21 framtida

103 325 89 21 revision
208 325 22 21 af
244 326 112 21 desamma.
378 325 40 27 Jag
438 326 126 21 ätminstone
573 327 73 26 tycker
657 327 30 24 sä,
698 329 31 19 att
740 329 24 18 är
772 327 35 21 det
816 327 59 26 fräga
887 333 34 16 om

103 360 25 14 en
142 354 97 25 revision,
253 354 84 21 hvilken
347 354 105 27 verkligen
459 357 24 18 är
498 355 32 20 för
544 355 65 21 saken
624 355 96 26 gagnelig
735 355 39 22 och
790 356 61 21 hvars
866 361 55 21 gagn

103 382 22 21 af
144 383 42 20 alla
206 382 42 21 folk
267 383 55 21 inses
338 383 38 21 och
393 384 108 26 erkännes,
517 383 22 22 sä
555 385 23 20 är
594 384 35 21 det
642 385 24 23 ju
680 383 45 22 icke
741 383 45 22 skäl
803 386 31 19 att
850 384 72 22 befara

103 412 32 26 att
157 411 45 21 icke
224 411 42 21 alla
288 411 45 27 fyra
356 411 61 22 stånd
436 412 67 21 skulle
519 418 63 20 gerna
597 412 48 27 ingå
660 412 27 27 pä
701 418 26 15 en
743 412 65 22 sådan
824 413 96 21 revision.

101 439 31 22 Ar
155 440 35 21 det
210 440 96 21 deremot
328 439 59 27 fräga
407 447 33 14 om
463 447 24 14 en
511 441 96 21 revision,
629 447 46 15 som
690 441 27 26 pä
732 443 43 19 sätt
790 441 51 21 eller
856 444 64 18 annat

102 468 91 21 kränker
213 468 68 26 nägon
296 468 35 21 del
346 468 21 21 af
380 468 72 27 folket,
467 470 23 20 sä
505 471 32 19 att
551 469 88 22 sälunda
655 471 14 19 t.
685 475 31 15 ex.
733 469 35 22 det
783 469 64 27 fjerde
863 470 57 21 stän-

103 497 34 20 det
153 496 67 21 skulle
235 497 82 26 tvingas
332 499 32 19 att
379 500 44 18 mot
438 498 30 21 sin
485 497 49 27 vilja
555 498 49 26 ingä
625 498 27 26 pä
674 498 55 21 hvad
751 499 26 20 de
798 501 32 18 tre
853 498 66 27 öfriga

103 525 87 21 ständen
213 525 93 27 beslutit,
329 525 106 22 förefaller
457 526 42 27 mig
517 534 25 14 en
560 527 65 21 sädan
644 527 140 25 väldsätgärd,
799 527 121 27 isynnerhet

102 554 27 20 dä
144 554 72 26 frågan
232 554 66 26 gäller
313 554 196 28 väirnepligtslagen,
525 562 49 14 vara
589 556 6 20 i
610 555 42 27 hög
667 556 52 26 grad
734 556 113 26 betänklig.
878 556 42 21 Det

102 584 23 19 är
141 582 27 27 pä
184 582 59 22 dessa
258 583 46 21 skäl
316 583 37 27 jag
368 583 32 21 för
415 584 41 20 min
473 584 31 20 del
520 584 45 21 icke
580 584 39 21 har
634 584 81 21 kunnat
730 584 73 21 förena
818 584 41 26 mig
872 584 48 21 med

101 612 95 20 ständets
214 611 66 27 öfriga
295 612 136 21 medlemmar
445 612 7 21 i
468 612 103 21 utskottet
586 612 40 21 och
640 613 68 21 skulle
720 612 37 27 jag
771 612 81 22 säledes
867 613 52 27 yrka

102 640 26 26 pä
143 642 32 19 att
190 640 26 21 de
231 640 20 21 at
267 640 114 22 utskottets
396 640 107 27 pluralitet
514 641 94 21 uttalade
619 641 106 26 äsigterna
737 642 67 20 blefve
814 641 104 27 gällande.

171 696 81 22 Rektor
271 697 142 21 Kihlman:
444 697 40 21 Oss
503 698 112 26 föreligger
630 698 40 20 den
686 698 145 26 egendomliga
846 698 72 26 frägan

101 726 32 20 att
149 725 73 24 afgöra
238 725 54 21 hvad
308 726 115 26 nägonting
438 728 29 18 är.
490 726 43 21 Här
548 732 34 15 om
598 727 39 20 den
653 726 40 26 lag,
708 726 83 21 hvilken
803 726 38 21 har
851 726 68 21 blifvit

101 753 122 21 diskuterad
247 754 51 20 eller
321 754 104 20 särskilda
449 754 58 21 delar
530 754 64 26 deraf,
617 756 37 19 äro
678 757 31 19 att
724 754 110 22 betraktas
849 754 69 22 säsom

101 782 103 25 grundlag
220 782 50 21 eller
285 782 52 22 icke.
367 782 56 22 Våra
438 782 93 22 förfäder
545 783 63 21 hafva
623 783 127 21 åtminstone
766 796 26 2 —
807 784 36 20 det
853 785 24 19 är
887 785 31 19 ett

101 810 80 21 faktum
198 823 27 2 —
241 810 108 22 betraktat
371 811 118 21 ordnandet
509 812 24 20 af
552 812 141 20 härväsendet
708 811 50 21 eller
773 812 145 26 krigsmakten

101 838 69 21 såsom
193 845 25 15 en
240 840 173 26 grundlagsfråga
436 840 38 20 och
490 840 73 26 frågan
578 842 24 19 är
617 840 6 20 i
638 840 74 26 sjelfva
726 840 73 21 verket
814 840 24 21 så
853 840 65 26 vigtig

101 867 121 27 isynnerhet
244 874 34 18 nu,
301 868 27 21 då
351 868 46 21 hela
419 868 82 21 landets
522 869 91 26 ungdom
636 868 55 21 skall
706 868 85 26 deltaga
806 869 30 21 uti
851 869 67 26 krigs-

101 898 85 24 tungan,
203 898 31 19 att
256 896 107 27 verkligen
378 897 46 21 icke
440 903 27 15 nu
483 897 68 26 någon
567 897 113 26 anledning
696 897 64 21 borde
776 898 66 21 finnas
858 897 60 21 hvar-

101 924 45 21 före
166 931 47 14 man
235 925 68 21 skulle
324 925 73 27 frångå
415 926 35 21 det
467 925 177 26 betraktelsesätt,
661 932 45 15 som
722 925 24 21 af
759 926 50 21 våra
825 926 93 21 förfäder

101 953 38 21 har
160 953 65 27 hysts.
256 954 42 21 Det
312 955 66 20 borde
393 955 127 20 åtminstone
535 961 49 15 vara
600 955 92 20 särdeles
708 955 73 20 starka
797 955 45 20 skäl
857 955 61 20 hvar-

100 982 33 20 för
147 988 49 15 man
212 982 67 22 skulle
294 983 93 21 förklara
403 984 32 20 att
450 983 73 25 frågan
539 990 33 14 om
589 983 142 26 krigsmakten
747 989 28 15 nu
790 984 46 20 icke
851 983 67 21 skulle

101 1010 108 22 betraktas
232 1012 68 20 såsom
324 1018 26 14 en
372 1012 180 26 grundlagsfråga,
576 1011 27 21 då
626 1012 40 20 den
688 1011 59 21 alltid
770 1011 57 21 förut
841 1012 24 20 så
880 1012 39 21 har

101 1038 67 22 blifvit
184 1039 117 21 betraktad.
331 1040 168 21 Reservanterne
514 1040 61 21 hafva
591 1040 63 21 likväl
670 1042 69 19 ansett
754 1040 31 26 sig
799 1040 61 21 hafva
873 1040 46 21 skäl

101 1068 32 20 till
149 1070 32 18 att
195 1068 86 21 förorda
297 1070 31 19 ett
343 1068 66 27 dylikt
425 1069 171 21 betraktelsesätt
612 1069 38 21 och
666 1068 118 22 framställa
799 1069 62 21 dessa
873 1068 45 22 skäl

101 1097 26 26 på
149 1103 45 20 pag.
218 1098 26 20 45
268 1097 39 21 och
330 1098 33 20 46.
393 1097 46 21 Den
461 1097 127 27 föregående
609 1097 81 21 talaren
714 1097 48 21 herr
785 1097 77 21 Geitlin
880 1097 38 21 har

101 1125 65 21 redan
182 1125 41 21 fäst
239 1126 130 26 högvördiga
381 1126 95 21 ståndets
487 1126 186 27 uppmärksamhet
683 1126 27 26 på
721 1126 35 20 det
766 1126 66 21 första
843 1126 75 26 skälet,

100 1160 45 15 som
168 1156 24 18 är
215 1156 33 19 att
264 1155 201 27 värnepligtslagens
480 1155 141 26 provisoriska
637 1157 62 19 natur
714 1155 67 21 skulle
797 1156 75 25 utgöra
888 1156 31 20 ett

100 1182 75 22 hinder
196 1185 33 19 att
252 1184 94 20 erkänna
369 1183 38 21 den
431 1183 68 21 såsom
521 1184 109 26 grundlag.
660 1183 11 21 I
691 1183 66 21 likhet
779 1184 46 20 med
842 1183 76 21 doktor

100 1211 78 22 Geitlin
200 1218 62 15 anser
281 1212 36 26 jag
332 1212 42 21 alla
389 1212 51 20 våra
455 1212 115 26 menskliga
585 1212 60 26 lagar
660 1212 45 21 icke
721 1218 50 14 vara
787 1212 85 21 stiftade
887 1211 32 21 för

100 1240 110 26 evigheten
226 1243 50 18 utan
293 1241 25 20 de
334 1242 36 20 äro
387 1240 42 22 alla
443 1241 146 25 provisionela,
606 1241 25 21 de
646 1240 56 27 gälla
717 1241 23 20 så
755 1241 62 26 länge
828 1240 32 22 till
871 1240 47 21 dess

100 1269 25 20 de
141 1269 65 21 blifva
222 1269 6 21 i
244 1270 46 25 laga
306 1270 89 25 ordning
410 1269 132 21 förändrade.
568 1270 44 20 Vår
628 1271 83 19 senaste
725 1270 109 25 grundlag,
850 1268 69 22 landt-

100 1297 175 26 dagsordningen,
292 1299 24 19 är
338 1298 45 20 icke
405 1298 59 20 äldre
486 1300 26 18 än
532 1297 46 21 från
601 1298 23 20 år
647 1298 53 20 1869
722 1298 38 20 och
776 1298 65 20 redan
857 1297 61 21 hafva

100 1325 43 21 deri
166 1326 113 25 ändringar
300 1326 69 20 blifvit
390 1326 83 26 gjorda:
497 1326 39 20 den
559 1326 38 20 har
620 1326 83 21 derföre
718 1326 46 20 icke
779 1326 92 26 upphört
887 1328 31 18 att

99 1360 52 14 vara
165 1354 109 26 grundlag.
297 1354 64 21 Detta
377 1354 44 21 skäl
438 1360 61 15 anser
512 1355 36 26 jag
564 1354 81 21 således
656 1354 46 21 icke
714 1360 51 14 vara
775 1354 64 26 något
849 1354 70 26 giltigt

99 1382 52 26 skäl,
174 1382 98 22 hvarföre
293 1383 197 26 värnepligtslagen,
506 1389 44 15 som
566 1383 72 21 träder
653 1383 6 20 i
674 1382 71 21 stället
760 1382 33 21 för
808 1383 61 26 lagen
885 1388 34 15 om

99 1410 198 28 indelningsverket,
320 1411 46 22 icke
388 1411 65 21 borde
477 1411 87 21 likasom
588 1413 68 20 denna
677 1412 34 26 lag
731 1411 69 21 såsom
815 1411 104 26 grundlag

100 1439 115 20 betraktas.
245 1440 41 21 Det
309 1440 66 20 andra
391 1440 75 22 skälet,
481 1445 45 15 som
542 1442 158 18 reservanterne
716 1439 116 26 framhålla,
848 1441 24 19 är
886 1441 33 19 att

100 1469 158 19 reservanterne
280 1468 18 25 ej
318 1468 44 20 inse
377 1468 36 20 det
428 1468 120 26 synnerliga
562 1470 77 23 gagnet
655 1467 60 21 deraf
728 1469 33 19 att
775 1467 66 26 några
857 1473 62 20 para-

99 1495 70 26 grafer
190 1496 7 21 i
219 1496 69 21 denna
310 1497 34 26 lag
366 1496 104 21 förklaras
492 1502 51 15 vara
565 1495 23 22 af
608 1495 183 27 grundlagsnatur.
823 1496 32 21 Då
870 1501 48 16 man

99 1523 70 28 frågar
188 1531 34 14 om
239 1524 64 28 något
318 1526 24 19 är
357 1524 50 22 eller
422 1525 46 21 icke
483 1527 24 18 är
522 1531 61 21 synes
599 1525 35 20 det
650 1524 42 27 mig
707 1527 31 18 att
753 1531 49 14 man
817 1524 55 21 låter
887 1524 31 27 sig
