<?xml version="1.0" encoding="UTF-8"?>
<alto xmlns="http://www.loc.gov/standards/alto/ns-v3#" xmlns:xlink="http://www.w3.org/1999/xlink" xmlns:xsi="http://www.w3.org/2001/XMLSchema-instance" xsi:schemaLocation="http://www.loc.gov/standards/alto/ns-v3# http://www.loc.gov/alto/v3/alto-3-0.xsd">
	<Description>
		<MeasurementUnit>pixel</MeasurementUnit>
		<sourceImageInformation>
			<fileName>/tmp/tess_4_7xi6gv_input.PNG</fileName>
		</sourceImageInformation>
		<OCRProcessing ID="OCR_0">
			<ocrProcessingStep>
				<processingSoftware>
					<softwareName>tesseract 5.3.4</softwareName>
				</processingSoftware>
			</ocrProcessingStep>
		</OCRProcessing>
	</Description>
	<Layout>
		<Page WIDTH="1078" HEIGHT="1803" PHYSICAL_IMG_NR="0" ID="page_0">
			<PrintSpace HPOS="0" VPOS="0" WIDTH="1078" HEIGHT="1803">
				<ComposedBlock ID="cblock_0" HPOS="292" VPOS="150" WIDTH="584" HEIGHT="22">
					<TextBlock ID="block_0" HPOS="292" VPOS="150" WIDTH="584" HEIGHT="22">
						<TextLine ID="line_0" HPOS="292" VPOS="150" WIDTH="584" HEIGHT="22">
							<String ID="string_0" HPOS="292" VPOS="153" WIDTH="158" HEIGHT="18" WC="0.91" CONTENT="Presteståndet"/><SP WIDTH="14" VPOS="153" HPOS="450"/>
							<String ID="string_1" HPOS="464" VPOS="155" WIDTH="52" HEIGHT="17" WC="0.96" CONTENT="1877."/><SP WIDTH="25" VPOS="155" HPOS="516"/>
							<String ID="string_2" HPOS="541" VPOS="155" WIDTH="23" HEIGHT="16" WC="0.96" CONTENT="19"/><SP WIDTH="13" VPOS="155" HPOS="564"/>
							<String ID="string_3" HPOS="577" VPOS="155" WIDTH="111" HEIGHT="17" WC="0.91" CONTENT="december."/><SP WIDTH="22" VPOS="155" HPOS="688"/>
							<String ID="string_4" HPOS="710" VPOS="167" WIDTH="3" HEIGHT="3" WC="0.91" CONTENT="."/><SP WIDTH="110" VPOS="167" HPOS="713"/>
							<String ID="string_5" HPOS="823" VPOS="150" WIDTH="53" HEIGHT="20" WC="0.96" CONTENT="3019"/>
						</TextLine>
					</TextBlock>
				</ComposedBlock>
				<GraphicalElement ID="cblock_1" HPOS="88" VPOS="182" WIDTH="823" HEIGHT="5"></GraphicalElement >
				<ComposedBlock ID="cblock_2" HPOS="84" VPOS="222" WIDTH="823" HEIGHT="683">
					<TextBlock ID="block_1" HPOS="84" VPOS="222" WIDTH="823" HEIGHT="683">
						<TextLine ID="line_1" HPOS="86" VPOS="222" WIDTH="821" HEIGHT="27">
							<String ID="string_6" HPOS="86" VPOS="228" WIDTH="45" HEIGHT="15" WC="0.96" CONTENT="som"/><SP WIDTH="24" VPOS="228" HPOS="131"/>
							<String ID="string_7" HPOS="155" VPOS="222" WIDTH="77" HEIGHT="21" WC="0.93" CONTENT="doktor"/><SP WIDTH="19" VPOS="222" HPOS="232"/>
							<String ID="string_8" HPOS="251" VPOS="222" WIDTH="90" HEIGHT="21" WC="0.92" CONTENT="Andelin"/><SP WIDTH="22" VPOS="222" HPOS="341"/>
							<String ID="string_9" HPOS="363" VPOS="223" WIDTH="113" HEIGHT="26" WC="0.91" CONTENT="påyrkade,"/><SP WIDTH="23" VPOS="223" HPOS="476"/>
							<String ID="string_10" HPOS="499" VPOS="223" WIDTH="39" HEIGHT="21" WC="0.96" CONTENT="och"/><SP WIDTH="22" VPOS="223" HPOS="538"/>
							<String ID="string_11" HPOS="560" VPOS="222" WIDTH="82" HEIGHT="22" WC="0.96" CONTENT="bifaller"/><SP WIDTH="19" VPOS="222" HPOS="642"/>
							<String ID="string_12" HPOS="661" VPOS="229" WIDTH="65" HEIGHT="20" WC="0.96" CONTENT="gerna"/><SP WIDTH="15" VPOS="229" HPOS="726"/>
							<String ID="string_13" HPOS="741" VPOS="223" WIDTH="48" HEIGHT="21" WC="0.96" CONTENT="med"/><SP WIDTH="15" VPOS="223" HPOS="789"/>
							<String ID="string_14" HPOS="804" VPOS="222" WIDTH="43" HEIGHT="20" WC="0.96" CONTENT="min"/><SP WIDTH="15" VPOS="222" HPOS="847"/>
							<String ID="string_15" HPOS="862" VPOS="224" WIDTH="45" HEIGHT="20" WC="0.96" CONTENT="röst"/>
						</TextLine>
						<TextLine ID="line_2" HPOS="87" VPOS="250" WIDTH="819" HEIGHT="22">
							<String ID="string_16" HPOS="87" VPOS="250" WIDTH="78" HEIGHT="22" WC="0.84" CONTENT="dertill."/><SP WIDTH="30" VPOS="250" HPOS="165"/>
							<String ID="string_17" HPOS="195" VPOS="251" WIDTH="61" HEIGHT="21" WC="0.91" CONTENT="Hvad"/><SP WIDTH="22" VPOS="251" HPOS="256"/>
							<String ID="string_18" HPOS="278" VPOS="250" WIDTH="95" HEIGHT="22" WC="0.92" CONTENT="deremot"/><SP WIDTH="23" VPOS="250" HPOS="373"/>
							<String ID="string_19" HPOS="396" VPOS="250" WIDTH="100" HEIGHT="22" WC="0.96" CONTENT="beträffar"/><SP WIDTH="20" VPOS="250" HPOS="496"/>
							<String ID="string_20" HPOS="516" VPOS="252" WIDTH="25" HEIGHT="20" WC="0.96" CONTENT="de"/><SP WIDTH="19" VPOS="252" HPOS="541"/>
							<String ID="string_21" HPOS="560" VPOS="251" WIDTH="46" HEIGHT="21" WC="0.96" CONTENT="från"/><SP WIDTH="15" VPOS="251" HPOS="606"/>
							<String ID="string_22" HPOS="621" VPOS="251" WIDTH="109" HEIGHT="21" WC="0.96" CONTENT="lutherska"/><SP WIDTH="14" VPOS="251" HPOS="730"/>
							<String ID="string_23" HPOS="744" VPOS="252" WIDTH="59" HEIGHT="20" WC="0.96" CONTENT="läran"/><SP WIDTH="16" VPOS="252" HPOS="803"/>
							<String ID="string_24" HPOS="819" VPOS="250" WIDTH="31" HEIGHT="20" WC="0.97" CONTENT="till"/><SP WIDTH="16" VPOS="250" HPOS="850"/>
							<String ID="string_25" HPOS="866" VPOS="250" WIDTH="40" HEIGHT="21" WC="0.96" CONTENT="den"/>
						</TextLine>
						<TextLine ID="line_3" HPOS="87" VPOS="278" WIDTH="820" HEIGHT="28">
							<String ID="string_26" HPOS="87" VPOS="278" WIDTH="106" HEIGHT="22" WC="0.93" CONTENT="mosaiska"/><SP WIDTH="14" VPOS="278" HPOS="193"/>
							<String ID="string_27" HPOS="207" VPOS="278" WIDTH="147" HEIGHT="27" WC="0.92" CONTENT="öfvergångna,"/><SP WIDTH="16" VPOS="278" HPOS="354"/>
							<String ID="string_28" HPOS="370" VPOS="279" WIDTH="23" HEIGHT="21" WC="0.96" CONTENT="så"/><SP WIDTH="16" VPOS="279" HPOS="393"/>
							<String ID="string_29" HPOS="409" VPOS="282" WIDTH="59" HEIGHT="24" WC="0.96" CONTENT="tager"/><SP WIDTH="12" VPOS="282" HPOS="468"/>
							<String ID="string_30" HPOS="480" VPOS="280" WIDTH="36" HEIGHT="26" WC="0.96" CONTENT="jag"/><SP WIDTH="15" VPOS="280" HPOS="516"/>
							<String ID="string_31" HPOS="531" VPOS="279" WIDTH="120" HEIGHT="26" WC="0.96" CONTENT="visserligen"/><SP WIDTH="16" VPOS="279" HPOS="651"/>
							<String ID="string_32" HPOS="667" VPOS="279" WIDTH="32" HEIGHT="21" WC="0.96" CONTENT="för"/><SP WIDTH="15" VPOS="279" HPOS="699"/>
							<String ID="string_33" HPOS="714" VPOS="280" WIDTH="42" HEIGHT="21" WC="0.96" CONTENT="min"/><SP WIDTH="11" VPOS="280" HPOS="756"/>
							<String ID="string_34" HPOS="767" VPOS="278" WIDTH="95" HEIGHT="22" WC="0.96" CONTENT="enskilda"/><SP WIDTH="11" VPOS="278" HPOS="862"/>
							<String ID="string_35" HPOS="873" VPOS="278" WIDTH="34" HEIGHT="22" WC="0.96" CONTENT="del"/>
						</TextLine>
						<TextLine ID="line_4" HPOS="87" VPOS="307" WIDTH="820" HEIGHT="27">
							<String ID="string_36" HPOS="87" VPOS="307" WIDTH="32" HEIGHT="21" WC="0.93" CONTENT="för"/><SP WIDTH="22" VPOS="307" HPOS="119"/>
							<String ID="string_37" HPOS="141" VPOS="307" WIDTH="90" HEIGHT="27" WC="0.91" CONTENT="afgjordt"/><SP WIDTH="19" VPOS="307" HPOS="231"/>
							<String ID="string_38" HPOS="250" VPOS="310" WIDTH="32" HEIGHT="18" WC="0.96" CONTENT="att"/><SP WIDTH="15" VPOS="310" HPOS="282"/>
							<String ID="string_39" HPOS="297" VPOS="314" WIDTH="26" HEIGHT="14" WC="0.96" CONTENT="en"/><SP WIDTH="16" VPOS="314" HPOS="323"/>
							<String ID="string_40" HPOS="339" VPOS="308" WIDTH="57" HEIGHT="26" WC="0.93" CONTENT="dylik"/><SP WIDTH="16" VPOS="308" HPOS="396"/>
							<String ID="string_41" HPOS="412" VPOS="307" WIDTH="112" HEIGHT="27" WC="0.91" CONTENT="öfvergång"/><SP WIDTH="14" VPOS="307" HPOS="524"/>
							<String ID="string_42" HPOS="538" VPOS="308" WIDTH="46" HEIGHT="21" WC="0.96" CONTENT="icke"/><SP WIDTH="15" VPOS="308" HPOS="584"/>
							<String ID="string_43" HPOS="599" VPOS="308" WIDTH="54" HEIGHT="21" WC="0.93" CONTENT="skall"/><SP WIDTH="14" VPOS="308" HPOS="653"/>
							<String ID="string_44" HPOS="667" VPOS="307" WIDTH="153" HEIGHT="27" WC="0.90" CONTENT="ifrågakomma"/><SP WIDTH="15" VPOS="307" HPOS="820"/>
							<String ID="string_45" HPOS="835" VPOS="307" WIDTH="6" HEIGHT="20" WC="0.93" CONTENT="i"/><SP WIDTH="16" VPOS="307" HPOS="841"/>
							<String ID="string_46" HPOS="857" VPOS="307" WIDTH="50" HEIGHT="21" WC="0.90" CONTENT="Fin-"/>
						</TextLine>
						<TextLine ID="line_5" HPOS="86" VPOS="335" WIDTH="818" HEIGHT="27">
							<String ID="string_47" HPOS="86" VPOS="335" WIDTH="49" HEIGHT="21" WC="0.96" CONTENT="land"/><SP WIDTH="16" VPOS="335" HPOS="135"/>
							<String ID="string_48" HPOS="151" VPOS="335" WIDTH="107" HEIGHT="27" WC="0.95" CONTENT="någonsin."/><SP WIDTH="30" VPOS="335" HPOS="258"/>
							<String ID="string_49" HPOS="288" VPOS="335" WIDTH="41" HEIGHT="27" WC="0.95" CONTENT="Jag"/><SP WIDTH="15" VPOS="335" HPOS="329"/>
							<String ID="string_50" HPOS="344" VPOS="336" WIDTH="38" HEIGHT="21" WC="0.96" CONTENT="har"/><SP WIDTH="16" VPOS="336" HPOS="382"/>
							<String ID="string_51" HPOS="398" VPOS="335" WIDTH="63" HEIGHT="23" WC="0.95" CONTENT="likväl"/><SP WIDTH="16" VPOS="335" HPOS="461"/>
							<String ID="string_52" HPOS="477" VPOS="336" WIDTH="45" HEIGHT="21" WC="0.96" CONTENT="icke"/><SP WIDTH="15" VPOS="336" HPOS="522"/>
							<String ID="string_53" HPOS="537" VPOS="336" WIDTH="65" HEIGHT="22" WC="0.96" CONTENT="fattat"/><SP WIDTH="15" VPOS="336" HPOS="602"/>
							<String ID="string_54" HPOS="617" VPOS="336" WIDTH="25" HEIGHT="21" WC="0.96" CONTENT="de"/><SP WIDTH="16" VPOS="336" HPOS="642"/>
							<String ID="string_55" HPOS="658" VPOS="336" WIDTH="64" HEIGHT="22" WC="0.96" CONTENT="orden"/><SP WIDTH="15" VPOS="336" HPOS="722"/>
							<String ID="string_56" HPOS="737" VPOS="337" WIDTH="24" HEIGHT="21" WC="0.96" CONTENT="så"/><SP WIDTH="10" VPOS="337" HPOS="761"/>
							<String ID="string_57" HPOS="771" VPOS="336" WIDTH="76" HEIGHT="25" WC="0.96" CONTENT="farligt,"/><SP WIDTH="12" VPOS="336" HPOS="847"/>
							<String ID="string_58" HPOS="859" VPOS="342" WIDTH="45" HEIGHT="14" WC="0.96" CONTENT="som"/>
						</TextLine>
						<TextLine ID="line_6" HPOS="87" VPOS="363" WIDTH="818" HEIGHT="28">
							<String ID="string_59" HPOS="87" VPOS="363" WIDTH="105" HEIGHT="28" WC="0.96" CONTENT="professor"/><SP WIDTH="23" VPOS="363" HPOS="192"/>
							<String ID="string_60" HPOS="215" VPOS="363" WIDTH="67" HEIGHT="26" WC="0.96" CONTENT="Cleve,"/><SP WIDTH="23" VPOS="363" HPOS="282"/>
							<String ID="string_61" HPOS="305" VPOS="364" WIDTH="88" HEIGHT="21" WC="0.96" CONTENT="emedan"/><SP WIDTH="19" VPOS="364" HPOS="393"/>
							<String ID="string_62" HPOS="412" VPOS="364" WIDTH="37" HEIGHT="27" WC="0.96" CONTENT="jag"/><SP WIDTH="21" VPOS="364" HPOS="449"/>
							<String ID="string_63" HPOS="470" VPOS="364" WIDTH="74" HEIGHT="21" WC="0.96" CONTENT="hänför"/><SP WIDTH="20" VPOS="364" HPOS="544"/>
							<String ID="string_64" HPOS="564" VPOS="366" WIDTH="47" HEIGHT="20" WC="0.96" CONTENT="dem"/><SP WIDTH="15" VPOS="366" HPOS="611"/>
							<String ID="string_65" HPOS="626" VPOS="365" WIDTH="33" HEIGHT="20" WC="0.96" CONTENT="till"/><SP WIDTH="16" VPOS="365" HPOS="659"/>
							<String ID="string_66" HPOS="675" VPOS="370" WIDTH="24" HEIGHT="15" WC="0.96" CONTENT="en"/><SP WIDTH="16" VPOS="370" HPOS="699"/>
							<String ID="string_67" HPOS="715" VPOS="365" WIDTH="39" HEIGHT="21" WC="0.96" CONTENT="och"/><SP WIDTH="16" VPOS="365" HPOS="754"/>
							<String ID="string_68" HPOS="770" VPOS="370" WIDTH="75" HEIGHT="19" WC="0.96" CONTENT="annan,"/><SP WIDTH="15" VPOS="370" HPOS="845"/>
							<String ID="string_69" HPOS="860" VPOS="369" WIDTH="45" HEIGHT="16" WC="0.96" CONTENT="som"/>
						</TextLine>
						<TextLine ID="line_7" HPOS="87" VPOS="392" WIDTH="819" HEIGHT="28">
							<String ID="string_70" HPOS="87" VPOS="392" WIDTH="99" HEIGHT="27" WC="0.95" CONTENT="möjligen"/><SP WIDTH="16" VPOS="392" HPOS="186"/>
							<String ID="string_71" HPOS="202" VPOS="393" WIDTH="35" HEIGHT="20" WC="0.93" CONTENT="vill"/><SP WIDTH="16" VPOS="393" HPOS="237"/>
							<String ID="string_72" HPOS="253" VPOS="393" WIDTH="90" HEIGHT="26" WC="0.88" CONTENT="öfvergå."/><SP WIDTH="32" VPOS="393" HPOS="343"/>
							<String ID="string_73" HPOS="375" VPOS="393" WIDTH="32" HEIGHT="21" WC="0.90" CONTENT="Då"/><SP WIDTH="15" VPOS="393" HPOS="407"/>
							<String ID="string_74" HPOS="422" VPOS="393" WIDTH="173" HEIGHT="27" WC="0.90" CONTENT="proselytmakeri"/><SP WIDTH="17" VPOS="393" HPOS="595"/>
							<String ID="string_75" HPOS="612" VPOS="393" WIDTH="45" HEIGHT="22" WC="0.95" CONTENT="från"/><SP WIDTH="12" VPOS="393" HPOS="657"/>
							<String ID="string_76" HPOS="669" VPOS="393" WIDTH="39" HEIGHT="21" WC="0.96" CONTENT="den"/><SP WIDTH="12" VPOS="393" HPOS="708"/>
							<String ID="string_77" HPOS="720" VPOS="393" WIDTH="105" HEIGHT="21" WC="0.93" CONTENT="mosaiska"/><SP WIDTH="11" VPOS="393" HPOS="825"/>
							<String ID="string_78" HPOS="836" VPOS="393" WIDTH="70" HEIGHT="20" WC="0.91" CONTENT="lärans"/>
						</TextLine>
						<TextLine ID="line_8" HPOS="86" VPOS="421" WIDTH="820" HEIGHT="27">
							<String ID="string_79" HPOS="86" VPOS="421" WIDTH="47" HEIGHT="22" WC="0.96" CONTENT="sida"/><SP WIDTH="14" VPOS="421" HPOS="133"/>
							<String ID="string_80" HPOS="147" VPOS="423" WIDTH="24" HEIGHT="20" WC="0.96" CONTENT="så"/><SP WIDTH="14" VPOS="423" HPOS="171"/>
							<String ID="string_81" HPOS="185" VPOS="421" WIDTH="67" HEIGHT="21" WC="0.96" CONTENT="sällan"/><SP WIDTH="15" VPOS="421" HPOS="252"/>
							<String ID="string_82" HPOS="267" VPOS="421" WIDTH="148" HEIGHT="27" WC="0.95" CONTENT="förekommer,"/><SP WIDTH="16" VPOS="421" HPOS="415"/>
							<String ID="string_83" HPOS="431" VPOS="425" WIDTH="45" HEIGHT="18" WC="0.96" CONTENT="tror"/><SP WIDTH="13" VPOS="425" HPOS="476"/>
							<String ID="string_84" HPOS="489" VPOS="422" WIDTH="35" HEIGHT="26" WC="0.96" CONTENT="jag"/><SP WIDTH="16" VPOS="422" HPOS="524"/>
							<String ID="string_85" HPOS="540" VPOS="425" WIDTH="31" HEIGHT="18" WC="0.96" CONTENT="att"/><SP WIDTH="16" VPOS="425" HPOS="571"/>
							<String ID="string_86" HPOS="587" VPOS="422" WIDTH="25" HEIGHT="21" WC="0.96" CONTENT="de"/><SP WIDTH="15" VPOS="422" HPOS="612"/>
							<String ID="string_87" HPOS="627" VPOS="422" WIDTH="84" HEIGHT="26" WC="0.96" CONTENT="mycket"/><SP WIDTH="15" VPOS="422" HPOS="711"/>
							<String ID="string_88" HPOS="726" VPOS="421" WIDTH="33" HEIGHT="22" WC="0.96" CONTENT="väl"/><SP WIDTH="15" VPOS="421" HPOS="759"/>
							<String ID="string_89" HPOS="774" VPOS="422" WIDTH="71" HEIGHT="20" WC="0.93" CONTENT="kunna"/><SP WIDTH="15" VPOS="422" HPOS="845"/>
							<String ID="string_90" HPOS="860" VPOS="427" WIDTH="46" HEIGHT="15" WC="0.92" CONTENT="um-"/>
						</TextLine>
						<TextLine ID="line_9" HPOS="87" VPOS="449" WIDTH="820" HEIGHT="28">
							<String ID="string_91" HPOS="87" VPOS="450" WIDTH="69" HEIGHT="21" WC="0.94" CONTENT="bäras."/><SP WIDTH="31" VPOS="450" HPOS="156"/>
							<String ID="string_92" HPOS="187" VPOS="450" WIDTH="39" HEIGHT="26" WC="0.96" CONTENT="Jag"/><SP WIDTH="23" VPOS="450" HPOS="226"/>
							<String ID="string_93" HPOS="249" VPOS="449" WIDTH="37" HEIGHT="22" WC="0.96" CONTENT="har"/><SP WIDTH="23" VPOS="449" HPOS="286"/>
							<String ID="string_94" HPOS="309" VPOS="450" WIDTH="64" HEIGHT="21" WC="0.96" CONTENT="också"/><SP WIDTH="21" VPOS="450" HPOS="373"/>
							<String ID="string_95" HPOS="394" VPOS="452" WIDTH="53" HEIGHT="19" WC="0.96" CONTENT="trott"/><SP WIDTH="22" VPOS="452" HPOS="447"/>
							<String ID="string_96" HPOS="469" VPOS="453" WIDTH="31" HEIGHT="18" WC="0.92" CONTENT="att"/><SP WIDTH="23" VPOS="453" HPOS="500"/>
							<String ID="string_97" HPOS="523" VPOS="451" WIDTH="156" HEIGHT="26" WC="0.91" CONTENT="konseqvensen"/><SP WIDTH="23" VPOS="451" HPOS="679"/>
							<String ID="string_98" HPOS="702" VPOS="450" WIDTH="21" HEIGHT="21" WC="0.96" CONTENT="af"/><SP WIDTH="22" VPOS="450" HPOS="723"/>
							<String ID="string_99" HPOS="745" VPOS="450" WIDTH="39" HEIGHT="21" WC="0.96" CONTENT="den"/><SP WIDTH="17" VPOS="450" HPOS="784"/>
							<String ID="string_100" HPOS="801" VPOS="449" WIDTH="106" HEIGHT="22" WC="0.95" CONTENT="allmänna"/>
						</TextLine>
						<TextLine ID="line_10" HPOS="87" VPOS="478" WIDTH="819" HEIGHT="27">
							<String ID="string_101" HPOS="87" VPOS="478" WIDTH="145" HEIGHT="21" WC="0.96" CONTENT="diskussionen"/><SP WIDTH="16" VPOS="478" HPOS="232"/>
							<String ID="string_102" HPOS="248" VPOS="478" WIDTH="68" HEIGHT="21" WC="0.96" CONTENT="skulle"/><SP WIDTH="16" VPOS="478" HPOS="316"/>
							<String ID="string_103" HPOS="332" VPOS="485" WIDTH="50" HEIGHT="14" WC="0.96" CONTENT="vara"/><SP WIDTH="14" VPOS="485" HPOS="382"/>
							<String ID="string_104" HPOS="396" VPOS="480" WIDTH="33" HEIGHT="20" WC="0.96" CONTENT="att"/><SP WIDTH="15" VPOS="480" HPOS="429"/>
							<String ID="string_105" HPOS="444" VPOS="479" WIDTH="63" HEIGHT="21" WC="0.93" CONTENT="orden"/><SP WIDTH="17" VPOS="479" HPOS="507"/>
							<String ID="string_106" HPOS="524" VPOS="481" WIDTH="64" HEIGHT="24" WC="0.90" CONTENT=",samt"/><SP WIDTH="16" VPOS="481" HPOS="588"/>
							<String ID="string_107" HPOS="604" VPOS="479" WIDTH="69" HEIGHT="20" WC="0.91" CONTENT="derest"/><SP WIDTH="16" VPOS="479" HPOS="673"/>
							<String ID="string_108" HPOS="689" VPOS="479" WIDTH="26" HEIGHT="21" WC="0.96" CONTENT="de"/><SP WIDTH="15" VPOS="479" HPOS="715"/>
							<String ID="string_109" HPOS="730" VPOS="478" WIDTH="81" HEIGHT="21" WC="0.93" CONTENT="tillhört"/><SP WIDTH="16" VPOS="478" HPOS="811"/>
							<String ID="string_110" HPOS="827" VPOS="478" WIDTH="79" HEIGHT="21" WC="0.91" CONTENT="luther-"/>
						</TextLine>
						<TextLine ID="line_11" HPOS="85" VPOS="506" WIDTH="820" HEIGHT="28">
							<String ID="string_111" HPOS="85" VPOS="507" WIDTH="38" HEIGHT="21" WC="0.96" CONTENT="ska"/><SP WIDTH="19" VPOS="507" HPOS="123"/>
							<String ID="string_112" HPOS="142" VPOS="507" WIDTH="81" HEIGHT="27" WC="0.96" CONTENT="kyrkan"/><SP WIDTH="18" VPOS="507" HPOS="223"/>
							<String ID="string_113" HPOS="241" VPOS="506" WIDTH="57" HEIGHT="22" WC="0.96" CONTENT="bevis"/><SP WIDTH="16" VPOS="506" HPOS="298"/>
							<String ID="string_114" HPOS="314" VPOS="513" WIDTH="34" HEIGHT="14" WC="0.96" CONTENT="om"/><SP WIDTH="16" VPOS="513" HPOS="348"/>
							<String ID="string_115" HPOS="364" VPOS="507" WIDTH="65" HEIGHT="22" WC="0.96" CONTENT="sådan"/><SP WIDTH="16" VPOS="507" HPOS="429"/>
							<String ID="string_116" HPOS="445" VPOS="507" WIDTH="97" HEIGHT="22" WC="0.96" CONTENT="anmälan"/><SP WIDTH="15" VPOS="507" HPOS="542"/>
							<String ID="string_117" HPOS="557" VPOS="507" WIDTH="32" HEIGHT="22" WC="0.96" CONTENT="för"/><SP WIDTH="15" VPOS="507" HPOS="589"/>
							<String ID="string_118" HPOS="604" VPOS="508" WIDTH="83" HEIGHT="21" WC="0.92" CONTENT="utträde"/><SP WIDTH="16" VPOS="508" HPOS="687"/>
							<String ID="string_119" HPOS="703" VPOS="507" WIDTH="64" HEIGHT="21" WC="0.91" CONTENT="derur"/><SP WIDTH="14" VPOS="507" HPOS="767"/>
							<String ID="string_120" HPOS="781" VPOS="513" WIDTH="45" HEIGHT="14" WC="0.96" CONTENT="som"/><SP WIDTH="16" VPOS="513" HPOS="826"/>
							<String ID="string_121" HPOS="842" VPOS="507" WIDTH="6" HEIGHT="19" WC="0.93" CONTENT="i"/><SP WIDTH="16" VPOS="507" HPOS="848"/>
							<String ID="string_122" HPOS="864" VPOS="506" WIDTH="12" HEIGHT="26" WC="0.92" CONTENT="$"/><SP WIDTH="17" VPOS="506" HPOS="876"/>
							<String ID="string_123" HPOS="893" VPOS="507" WIDTH="12" HEIGHT="20" WC="0.94" CONTENT="5"/>
						</TextLine>
						<TextLine ID="line_12" HPOS="85" VPOS="535" WIDTH="821" HEIGHT="28">
							<String ID="string_124" HPOS="85" VPOS="536" WIDTH="133" HEIGHT="21" WC="0.91" CONTENT="omnämnes&quot;"/><SP WIDTH="20" VPOS="536" HPOS="218"/>
							<String ID="string_125" HPOS="238" VPOS="535" WIDTH="66" HEIGHT="22" WC="0.93" CONTENT="borde"/><SP WIDTH="20" VPOS="535" HPOS="304"/>
							<String ID="string_126" HPOS="324" VPOS="537" WIDTH="108" HEIGHT="25" WC="0.91" CONTENT="utstrykas"/><SP WIDTH="20" VPOS="537" HPOS="432"/>
							<String ID="string_127" HPOS="452" VPOS="535" WIDTH="39" HEIGHT="22" WC="0.96" CONTENT="och"/><SP WIDTH="16" VPOS="535" HPOS="491"/>
							<String ID="string_128" HPOS="507" VPOS="536" WIDTH="26" HEIGHT="21" WC="0.96" CONTENT="då"/><SP WIDTH="15" VPOS="536" HPOS="533"/>
							<String ID="string_129" HPOS="548" VPOS="535" WIDTH="68" HEIGHT="22" WC="0.95" CONTENT="skulle"/><SP WIDTH="15" VPOS="535" HPOS="616"/>
							<String ID="string_130" HPOS="631" VPOS="535" WIDTH="124" HEIGHT="28" WC="0.96" CONTENT="paragrafen"/><SP WIDTH="15" VPOS="535" HPOS="755"/>
							<String ID="string_131" HPOS="770" VPOS="535" WIDTH="48" HEIGHT="21" WC="0.94" CONTENT="med"/><SP WIDTH="15" VPOS="535" HPOS="818"/>
							<String ID="string_132" HPOS="833" VPOS="535" WIDTH="73" HEIGHT="26" WC="0.94" CONTENT="tillägg"/>
						</TextLine>
						<TextLine ID="line_13" HPOS="85" VPOS="563" WIDTH="821" HEIGHT="28">
							<String ID="string_133" HPOS="85" VPOS="563" WIDTH="22" HEIGHT="21" WC="0.95" CONTENT="af"/><SP WIDTH="22" VPOS="563" HPOS="107"/>
							<String ID="string_134" HPOS="129" VPOS="565" WIDTH="76" HEIGHT="20" WC="0.90" CONTENT="doktor"/><SP WIDTH="23" VPOS="565" HPOS="205"/>
							<String ID="string_135" HPOS="228" VPOS="564" WIDTH="100" HEIGHT="21" WC="0.90" CONTENT="Andelins"/><SP WIDTH="22" VPOS="564" HPOS="328"/>
							<String ID="string_136" HPOS="350" VPOS="564" WIDTH="79" HEIGHT="26" WC="0.96" CONTENT="förslag"/><SP WIDTH="22" VPOS="564" HPOS="429"/>
							<String ID="string_137" HPOS="451" VPOS="565" WIDTH="49" HEIGHT="25" WC="0.93" CONTENT="lyda"/><SP WIDTH="22" VPOS="565" HPOS="500"/>
							<String ID="string_138" HPOS="522" VPOS="564" WIDTH="67" HEIGHT="27" WC="0.90" CONTENT=",Vilja"/><SP WIDTH="21" VPOS="564" HPOS="589"/>
							<String ID="string_139" HPOS="610" VPOS="565" WIDTH="105" HEIGHT="20" WC="0.96" CONTENT="mosaiska"/><SP WIDTH="24" VPOS="565" HPOS="715"/>
							<String ID="string_140" HPOS="739" VPOS="563" WIDTH="167" HEIGHT="21" WC="0.95" CONTENT="trosbekännare"/>
						</TextLine>
						<TextLine ID="line_14" HPOS="85" VPOS="592" WIDTH="821" HEIGHT="27">
							<String ID="string_141" HPOS="85" VPOS="592" WIDTH="71" HEIGHT="22" WC="0.96" CONTENT="hvilka"/><SP WIDTH="19" VPOS="592" HPOS="156"/>
							<String ID="string_142" HPOS="175" VPOS="592" WIDTH="113" HEIGHT="27" WC="0.96" CONTENT="uppehålla"/><SP WIDTH="18" VPOS="592" HPOS="288"/>
							<String ID="string_143" HPOS="306" VPOS="592" WIDTH="31" HEIGHT="27" WC="0.96" CONTENT="sig"/><SP WIDTH="14" VPOS="592" HPOS="337"/>
							<String ID="string_144" HPOS="351" VPOS="592" WIDTH="7" HEIGHT="21" WC="0.96" CONTENT="i"/><SP WIDTH="16" VPOS="592" HPOS="358"/>
							<String ID="string_145" HPOS="374" VPOS="592" WIDTH="72" HEIGHT="22" WC="0.95" CONTENT="landet"/><SP WIDTH="15" VPOS="592" HPOS="446"/>
							<String ID="string_146" HPOS="461" VPOS="592" WIDTH="55" HEIGHT="22" WC="0.96" CONTENT="bilda"/><SP WIDTH="16" VPOS="592" HPOS="516"/>
							<String ID="string_147" HPOS="532" VPOS="592" WIDTH="89" HEIGHT="22" WC="0.96" CONTENT="särskild"/><SP WIDTH="15" VPOS="592" HPOS="621"/>
							<String ID="string_148" HPOS="636" VPOS="592" WIDTH="121" HEIGHT="26" WC="0.91" CONTENT="församling"/><SP WIDTH="16" VPOS="592" HPOS="757"/>
							<String ID="string_149" HPOS="773" VPOS="592" WIDTH="78" HEIGHT="21" WC="0.90" CONTENT="ansöke"/><SP WIDTH="17" VPOS="592" HPOS="851"/>
							<String ID="string_150" HPOS="868" VPOS="592" WIDTH="38" HEIGHT="21" WC="0.95" CONTENT="hos"/>
						</TextLine>
						<TextLine ID="line_15" HPOS="85" VPOS="620" WIDTH="821" HEIGHT="28">
							<String ID="string_151" HPOS="85" VPOS="620" WIDTH="102" HEIGHT="27" WC="0.96" CONTENT="Kejsaren"/><SP WIDTH="18" VPOS="620" HPOS="187"/>
							<String ID="string_152" HPOS="205" VPOS="627" WIDTH="33" HEIGHT="15" WC="0.96" CONTENT="om"/><SP WIDTH="16" VPOS="627" HPOS="238"/>
							<String ID="string_153" HPOS="254" VPOS="621" WIDTH="95" HEIGHT="21" WC="0.93" CONTENT="tillstånd"/><SP WIDTH="16" VPOS="621" HPOS="349"/>
							<String ID="string_154" HPOS="365" VPOS="621" WIDTH="69" HEIGHT="21" WC="0.91" CONTENT="dertill"/><SP WIDTH="16" VPOS="621" HPOS="434"/>
							<String ID="string_155" HPOS="450" VPOS="621" WIDTH="39" HEIGHT="21" WC="0.93" CONTENT="och"/><SP WIDTH="15" VPOS="621" HPOS="489"/>
							<String ID="string_156" HPOS="504" VPOS="622" WIDTH="68" HEIGHT="26" WC="0.92" CONTENT="bifoge"/><SP WIDTH="16" VPOS="622" HPOS="572"/>
							<String ID="string_157" HPOS="588" VPOS="622" WIDTH="81" HEIGHT="26" WC="0.96" CONTENT="uppgift"/><SP WIDTH="15" VPOS="622" HPOS="669"/>
							<String ID="string_158" HPOS="684" VPOS="628" WIDTH="33" HEIGHT="14" WC="0.96" CONTENT="om"/><SP WIDTH="16" VPOS="628" HPOS="717"/>
							<String ID="string_159" HPOS="733" VPOS="621" WIDTH="31" HEIGHT="21" WC="0.95" CONTENT="sin"/><SP WIDTH="10" VPOS="621" HPOS="764"/>
							<String ID="string_160" HPOS="774" VPOS="620" WIDTH="132" HEIGHT="27" WC="0.96" CONTENT="församlings"/>
						</TextLine>
						<TextLine ID="line_16" HPOS="85" VPOS="649" WIDTH="821" HEIGHT="28">
							<String ID="string_161" HPOS="85" VPOS="650" WIDTH="96" HEIGHT="26" WC="0.95" CONTENT="ordning."/><SP WIDTH="31" VPOS="650" HPOS="181"/>
							<String ID="string_162" HPOS="212" VPOS="649" WIDTH="119" HEIGHT="22" WC="0.96" CONTENT="Innehåller"/><SP WIDTH="15" VPOS="649" HPOS="331"/>
							<String ID="string_163" HPOS="346" VPOS="649" WIDTH="40" HEIGHT="22" WC="0.93" CONTENT="den"/><SP WIDTH="16" VPOS="649" HPOS="386"/>
							<String ID="string_164" HPOS="402" VPOS="650" WIDTH="100" HEIGHT="27" WC="0.92" CONTENT="uppgifna"/><SP WIDTH="15" VPOS="650" HPOS="502"/>
							<String ID="string_165" HPOS="517" VPOS="650" WIDTH="247" HEIGHT="26" WC="0.91" CONTENT="församlingsordningen"/><SP WIDTH="18" VPOS="650" HPOS="764"/>
							<String ID="string_166" HPOS="782" VPOS="650" WIDTH="44" HEIGHT="20" WC="0.96" CONTENT="icke"/><SP WIDTH="16" VPOS="650" HPOS="826"/>
							<String ID="string_167" HPOS="842" VPOS="650" WIDTH="64" HEIGHT="26" WC="0.95" CONTENT="något"/>
						</TextLine>
						<TextLine ID="line_17" HPOS="86" VPOS="678" WIDTH="821" HEIGHT="27">
							<String ID="string_168" HPOS="86" VPOS="684" WIDTH="45" HEIGHT="16" WC="0.96" CONTENT="som"/><SP WIDTH="16" VPOS="684" HPOS="131"/>
							<String ID="string_169" HPOS="147" VPOS="680" WIDTH="45" HEIGHT="19" WC="0.96" CONTENT="mot"/><SP WIDTH="15" VPOS="680" HPOS="192"/>
							<String ID="string_170" HPOS="207" VPOS="678" WIDTH="34" HEIGHT="27" WC="0.96" CONTENT="lag"/><SP WIDTH="15" VPOS="678" HPOS="241"/>
							<String ID="string_171" HPOS="256" VPOS="678" WIDTH="39" HEIGHT="22" WC="0.93" CONTENT="och"/><SP WIDTH="16" VPOS="678" HPOS="295"/>
							<String ID="string_172" HPOS="311" VPOS="678" WIDTH="104" HEIGHT="27" WC="0.92" CONTENT="sedlighet"/><SP WIDTH="15" VPOS="678" HPOS="415"/>
							<String ID="string_173" HPOS="430" VPOS="678" WIDTH="86" HEIGHT="22" WC="0.77" CONTENT="strider&quot;"/><SP WIDTH="14" VPOS="678" HPOS="516"/>
							<String ID="string_174" HPOS="530" VPOS="686" WIDTH="17" HEIGHT="14" WC="0.96" CONTENT="o."/><SP WIDTH="17" VPOS="686" HPOS="547"/>
							<String ID="string_175" HPOS="564" VPOS="685" WIDTH="15" HEIGHT="15" WC="0.97" CONTENT="s."/><SP WIDTH="15" VPOS="685" HPOS="579"/>
							<String ID="string_176" HPOS="594" VPOS="685" WIDTH="17" HEIGHT="14" WC="0.96" CONTENT="v."/><SP WIDTH="24" VPOS="685" HPOS="611"/>
							<String ID="string_177" HPOS="635" VPOS="679" WIDTH="65" HEIGHT="21" WC="0.93" CONTENT="Detta"/><SP WIDTH="11" VPOS="679" HPOS="700"/>
							<String ID="string_178" HPOS="711" VPOS="678" WIDTH="196" HEIGHT="21" WC="0.92" CONTENT="öfverensstämmer"/>
						</TextLine>
						<TextLine ID="line_18" HPOS="85" VPOS="707" WIDTH="820" HEIGHT="26">
							<String ID="string_179" HPOS="85" VPOS="707" WIDTH="122" HEIGHT="26" WC="0.95" CONTENT="visserligen"/><SP WIDTH="16" VPOS="707" HPOS="207"/>
							<String ID="string_180" HPOS="223" VPOS="708" WIDTH="45" HEIGHT="20" WC="0.95" CONTENT="icke"/><SP WIDTH="17" VPOS="708" HPOS="268"/>
							<String ID="string_181" HPOS="285" VPOS="707" WIDTH="47" HEIGHT="20" WC="0.96" CONTENT="med"/><SP WIDTH="16" VPOS="707" HPOS="332"/>
							<String ID="string_182" HPOS="348" VPOS="708" WIDTH="40" HEIGHT="20" WC="0.93" CONTENT="den"/><SP WIDTH="15" VPOS="708" HPOS="388"/>
							<String ID="string_183" HPOS="403" VPOS="707" WIDTH="101" HEIGHT="26" WC="0.96" CONTENT="tolkning,"/><SP WIDTH="16" VPOS="707" HPOS="504"/>
							<String ID="string_184" HPOS="520" VPOS="714" WIDTH="44" HEIGHT="14" WC="0.96" CONTENT="som"/><SP WIDTH="16" VPOS="714" HPOS="564"/>
							<String ID="string_185" HPOS="580" VPOS="707" WIDTH="66" HEIGHT="21" WC="0.93" CONTENT="andra"/><SP WIDTH="15" VPOS="707" HPOS="646"/>
							<String ID="string_186" HPOS="661" VPOS="707" WIDTH="55" HEIGHT="26" WC="0.96" CONTENT="gifva"/><SP WIDTH="15" VPOS="707" HPOS="716"/>
							<String ID="string_187" HPOS="731" VPOS="708" WIDTH="23" HEIGHT="19" WC="0.93" CONTENT="ät"/><SP WIDTH="15" VPOS="708" HPOS="754"/>
							<String ID="string_188" HPOS="769" VPOS="707" WIDTH="136" HEIGHT="26" WC="0.92" CONTENT="kyrkoiagen,"/>
						</TextLine>
						<TextLine ID="line_19" HPOS="85" VPOS="735" WIDTH="821" HEIGHT="27">
							<String ID="string_189" HPOS="85" VPOS="738" WIDTH="26" HEIGHT="19" WC="0.96" CONTENT="än"/><SP WIDTH="16" VPOS="738" HPOS="111"/>
							<String ID="string_190" HPOS="127" VPOS="735" WIDTH="55" HEIGHT="21" WC="0.91" CONTENT="vissa"/><SP WIDTH="16" VPOS="735" HPOS="182"/>
							<String ID="string_191" HPOS="198" VPOS="735" WIDTH="66" HEIGHT="22" WC="0.96" CONTENT="talare"/><SP WIDTH="16" VPOS="735" HPOS="264"/>
							<String ID="string_192" HPOS="280" VPOS="735" WIDTH="39" HEIGHT="21" WC="0.96" CONTENT="här"/><SP WIDTH="15" VPOS="735" HPOS="319"/>
							<String ID="string_193" HPOS="334" VPOS="735" WIDTH="6" HEIGHT="20" WC="0.96" CONTENT="i"/><SP WIDTH="16" VPOS="735" HPOS="340"/>
							<String ID="string_194" HPOS="356" VPOS="736" WIDTH="46" HEIGHT="26" WC="0.96" CONTENT="dag,"/><SP WIDTH="17" VPOS="736" HPOS="402"/>
							<String ID="string_195" HPOS="419" VPOS="741" WIDTH="47" HEIGHT="15" WC="0.96" CONTENT="men"/><SP WIDTH="14" VPOS="741" HPOS="466"/>
							<String ID="string_196" HPOS="480" VPOS="735" WIDTH="34" HEIGHT="27" WC="0.93" CONTENT="jag"/><SP WIDTH="16" VPOS="735" HPOS="514"/>
							<String ID="string_197" HPOS="530" VPOS="736" WIDTH="79" HEIGHT="21" WC="0.96" CONTENT="tillåter"/><SP WIDTH="16" VPOS="736" HPOS="609"/>
							<String ID="string_198" HPOS="625" VPOS="736" WIDTH="41" HEIGHT="25" WC="0.96" CONTENT="mig"/><SP WIDTH="15" VPOS="736" HPOS="666"/>
							<String ID="string_199" HPOS="681" VPOS="737" WIDTH="31" HEIGHT="19" WC="0.93" CONTENT="att"/><SP WIDTH="16" VPOS="737" HPOS="712"/>
							<String ID="string_200" HPOS="728" VPOS="735" WIDTH="54" HEIGHT="21" WC="0.96" CONTENT="blott"/><SP WIDTH="13" VPOS="735" HPOS="782"/>
							<String ID="string_201" HPOS="795" VPOS="735" WIDTH="111" HEIGHT="21" WC="0.53" CONTENT="framhålla"/>
						</TextLine>
						<TextLine ID="line_20" HPOS="84" VPOS="763" WIDTH="823" HEIGHT="27">
							<String ID="string_202" HPOS="84" VPOS="764" WIDTH="107" HEIGHT="21" WC="0.85" CONTENT="allmänna"/><SP WIDTH="23" VPOS="764" HPOS="191"/>
							<String ID="string_203" HPOS="214" VPOS="764" WIDTH="190" HEIGHT="21" WC="0.91" CONTENT="besvärsutskottet"/><SP WIDTH="21" VPOS="764" HPOS="404"/>
							<String ID="string_204" HPOS="425" VPOS="764" WIDTH="34" HEIGHT="21" WC="0.96" CONTENT="vid"/><SP WIDTH="19" VPOS="764" HPOS="459"/>
							<String ID="string_205" HPOS="478" VPOS="765" WIDTH="52" HEIGHT="20" WC="0.93" CONTENT="1872"/><SP WIDTH="15" VPOS="765" HPOS="530"/>
							<String ID="string_206" HPOS="545" VPOS="765" WIDTH="35" HEIGHT="20" WC="0.93" CONTENT="års"/><SP WIDTH="15" VPOS="765" HPOS="580"/>
							<String ID="string_207" HPOS="595" VPOS="764" WIDTH="107" HEIGHT="25" WC="0.61" CONTENT="landtdag,"/><SP WIDTH="15" VPOS="764" HPOS="702"/>
							<String ID="string_208" HPOS="717" VPOS="770" WIDTH="44" HEIGHT="15" WC="0.96" CONTENT="som"/><SP WIDTH="18" VPOS="770" HPOS="761"/>
							<String ID="string_209" HPOS="779" VPOS="764" WIDTH="74" HEIGHT="26" WC="0.93" CONTENT="tydligt"/><SP WIDTH="14" VPOS="764" HPOS="853"/>
							<String ID="string_210" HPOS="867" VPOS="763" WIDTH="40" HEIGHT="21" WC="0.93" CONTENT="tol-"/>
						</TextLine>
						<TextLine ID="line_21" HPOS="85" VPOS="791" WIDTH="821" HEIGHT="28">
							<String ID="string_211" HPOS="85" VPOS="793" WIDTH="55" HEIGHT="20" WC="0.92" CONTENT="kade"/><SP WIDTH="15" VPOS="793" HPOS="140"/>
							<String ID="string_212" HPOS="155" VPOS="792" WIDTH="129" HEIGHT="27" WC="0.95" CONTENT="kyrkolagen"/><SP WIDTH="16" VPOS="792" HPOS="284"/>
							<String ID="string_213" HPOS="300" VPOS="793" WIDTH="23" HEIGHT="20" WC="0.96" CONTENT="sä"/><SP WIDTH="15" VPOS="793" HPOS="323"/>
							<String ID="string_214" HPOS="338" VPOS="795" WIDTH="32" HEIGHT="18" WC="0.93" CONTENT="att"/><SP WIDTH="15" VPOS="795" HPOS="370"/>
							<String ID="string_215" HPOS="385" VPOS="793" WIDTH="60" HEIGHT="20" WC="0.96" CONTENT="äfven"/><SP WIDTH="17" VPOS="793" HPOS="445"/>
							<String ID="string_216" HPOS="462" VPOS="793" WIDTH="84" HEIGHT="20" WC="0.96" CONTENT="utträde"/><SP WIDTH="15" VPOS="793" HPOS="546"/>
							<String ID="string_217" HPOS="561" VPOS="793" WIDTH="46" HEIGHT="20" WC="0.96" CONTENT="från"/><SP WIDTH="16" VPOS="793" HPOS="607"/>
							<String ID="string_218" HPOS="623" VPOS="792" WIDTH="108" HEIGHT="21" WC="0.96" CONTENT="lutherska"/><SP WIDTH="16" VPOS="792" HPOS="731"/>
							<String ID="string_219" HPOS="747" VPOS="791" WIDTH="59" HEIGHT="22" WC="0.96" CONTENT="läran"/><SP WIDTH="12" VPOS="791" HPOS="806"/>
							<String ID="string_220" HPOS="818" VPOS="792" WIDTH="31" HEIGHT="20" WC="0.95" CONTENT="till"/><SP WIDTH="11" VPOS="792" HPOS="849"/>
							<String ID="string_221" HPOS="860" VPOS="791" WIDTH="46" HEIGHT="22" WC="0.96" CONTENT="icke"/>
						</TextLine>
						<TextLine ID="line_22" HPOS="85" VPOS="819" WIDTH="822" HEIGHT="29">
							<String ID="string_222" HPOS="85" VPOS="821" WIDTH="80" HEIGHT="21" WC="0.96" CONTENT="kristen"/><SP WIDTH="16" VPOS="821" HPOS="165"/>
							<String ID="string_223" HPOS="181" VPOS="821" WIDTH="66" HEIGHT="27" WC="0.96" CONTENT="kyrka"/><SP WIDTH="15" VPOS="821" HPOS="247"/>
							<String ID="string_224" HPOS="262" VPOS="821" WIDTH="66" HEIGHT="21" WC="0.96" CONTENT="skulle"/><SP WIDTH="18" VPOS="821" HPOS="328"/>
							<String ID="string_225" HPOS="346" VPOS="821" WIDTH="20" HEIGHT="21" WC="0.91" CONTENT="få"/><SP WIDTH="16" VPOS="821" HPOS="366"/>
							<String ID="string_226" HPOS="382" VPOS="827" WIDTH="38" HEIGHT="20" WC="0.91" CONTENT="ega"/><SP WIDTH="15" VPOS="827" HPOS="420"/>
							<String ID="string_227" HPOS="435" VPOS="827" WIDTH="45" HEIGHT="15" WC="0.96" CONTENT="rum"/><SP WIDTH="17" VPOS="827" HPOS="480"/>
							<String ID="string_228" HPOS="497" VPOS="827" WIDTH="52" HEIGHT="20" WC="0.95" CONTENT="men,"/><SP WIDTH="11" VPOS="827" HPOS="549"/>
							<String ID="string_229" HPOS="560" VPOS="821" WIDTH="68" HEIGHT="21" WC="0.93" CONTENT="såsom"/><SP WIDTH="12" VPOS="821" HPOS="628"/>
							<String ID="string_230" HPOS="640" VPOS="821" WIDTH="62" HEIGHT="26" WC="0.92" CONTENT="sagdt"/><SP WIDTH="11" VPOS="821" HPOS="702"/>
							<String ID="string_231" HPOS="713" VPOS="823" WIDTH="29" HEIGHT="24" WC="0.96" CONTENT="är,"/><SP WIDTH="11" VPOS="823" HPOS="742"/>
							<String ID="string_232" HPOS="753" VPOS="821" WIDTH="36" HEIGHT="26" WC="0.96" CONTENT="jag"/><SP WIDTH="11" VPOS="821" HPOS="789"/>
							<String ID="string_233" HPOS="800" VPOS="826" WIDTH="61" HEIGHT="15" WC="0.96" CONTENT="anser"/><SP WIDTH="10" VPOS="826" HPOS="861"/>
							<String ID="string_234" HPOS="871" VPOS="819" WIDTH="36" HEIGHT="22" WC="0.96" CONTENT="det"/>
						</TextLine>
						<TextLine ID="line_23" HPOS="85" VPOS="849" WIDTH="822" HEIGHT="27">
							<String ID="string_235" HPOS="85" VPOS="856" WIDTH="52" HEIGHT="15" WC="0.93" CONTENT="vara"/><SP WIDTH="19" VPOS="856" HPOS="137"/>
							<String ID="string_236" HPOS="156" VPOS="850" WIDTH="98" HEIGHT="26" WC="0.92" CONTENT="temligen"/><SP WIDTH="18" VPOS="850" HPOS="254"/>
							<String ID="string_237" HPOS="272" VPOS="850" WIDTH="87" HEIGHT="26" WC="0.87" CONTENT="onödigt"/><SP WIDTH="19" VPOS="850" HPOS="359"/>
							<String ID="string_238" HPOS="378" VPOS="852" WIDTH="33" HEIGHT="19" WC="0.96" CONTENT="att"/><SP WIDTH="14" VPOS="852" HPOS="411"/>
							<String ID="string_239" HPOS="425" VPOS="849" WIDTH="113" HEIGHT="22" WC="0.96" CONTENT="förutsätta"/><SP WIDTH="15" VPOS="849" HPOS="538"/>
							<String ID="string_240" HPOS="553" VPOS="852" WIDTH="31" HEIGHT="19" WC="0.96" CONTENT="att"/><SP WIDTH="15" VPOS="852" HPOS="584"/>
							<String ID="string_241" HPOS="599" VPOS="849" WIDTH="121" HEIGHT="22" WC="0.95" CONTENT="lutheraner"/><SP WIDTH="15" VPOS="849" HPOS="720"/>
							<String ID="string_242" HPOS="735" VPOS="849" WIDTH="69" HEIGHT="22" WC="0.93" CONTENT="skulle"/><SP WIDTH="19" VPOS="849" HPOS="804"/>
							<String ID="string_243" HPOS="823" VPOS="849" WIDTH="84" HEIGHT="26" WC="0.92" CONTENT="öfvergä"/>
						</TextLine>
						<TextLine ID="line_24" HPOS="85" VPOS="878" WIDTH="822" HEIGHT="27">
							<String ID="string_244" HPOS="85" VPOS="879" WIDTH="33" HEIGHT="21" WC="0.96" CONTENT="till"/><SP WIDTH="15" VPOS="879" HPOS="118"/>
							<String ID="string_245" HPOS="133" VPOS="879" WIDTH="105" HEIGHT="21" WC="0.96" CONTENT="mosaiska"/><SP WIDTH="15" VPOS="879" HPOS="238"/>
							<String ID="string_246" HPOS="253" VPOS="878" WIDTH="58" HEIGHT="21" WC="0.96" CONTENT="läran"/><SP WIDTH="17" VPOS="878" HPOS="311"/>
							<String ID="string_247" HPOS="328" VPOS="879" WIDTH="38" HEIGHT="20" WC="0.96" CONTENT="och"/><SP WIDTH="16" VPOS="879" HPOS="366"/>
							<String ID="string_248" HPOS="382" VPOS="879" WIDTH="72" HEIGHT="26" WC="0.96" CONTENT="tycker"/><SP WIDTH="16" VPOS="879" HPOS="454"/>
							<String ID="string_249" HPOS="470" VPOS="881" WIDTH="31" HEIGHT="18" WC="0.96" CONTENT="att"/><SP WIDTH="15" VPOS="881" HPOS="501"/>
							<String ID="string_250" HPOS="516" VPOS="881" WIDTH="26" HEIGHT="18" WC="0.96" CONTENT="de"/><SP WIDTH="15" VPOS="881" HPOS="542"/>
							<String ID="string_251" HPOS="557" VPOS="878" WIDTH="64" HEIGHT="22" WC="0.96" CONTENT="orden"/><SP WIDTH="12" VPOS="878" HPOS="621"/>
							<String ID="string_252" HPOS="633" VPOS="878" WIDTH="82" HEIGHT="27" WC="0.96" CONTENT="mycket"/><SP WIDTH="10" VPOS="878" HPOS="715"/>
							<String ID="string_253" HPOS="725" VPOS="879" WIDTH="34" HEIGHT="20" WC="0.96" CONTENT="väl"/><SP WIDTH="10" VPOS="879" HPOS="759"/>
							<String ID="string_254" HPOS="769" VPOS="878" WIDTH="70" HEIGHT="21" WC="0.96" CONTENT="kunna"/><SP WIDTH="12" VPOS="878" HPOS="839"/>
							<String ID="string_255" HPOS="851" VPOS="878" WIDTH="56" HEIGHT="26" WC="0.96" CONTENT="utgå."/>
						</TextLine>
					</TextBlock>
				</ComposedBlock>
				<ComposedBlock ID="cblock_3" HPOS="85" VPOS="935" WIDTH="823" HEIGHT="626">
					<TextBlock ID="block_2" HPOS="85" VPOS="935" WIDTH="823" HEIGHT="626">
						<TextLine ID="line_25" HPOS="154" VPOS="935" WIDTH="753" HEIGHT="28">
							<String ID="string_256" HPOS="154" VPOS="935" WIDTH="141" HEIGHT="28" WC="0.92" CONTENT="Domprosten"/><SP WIDTH="21" VPOS="935" HPOS="295"/>
							<String ID="string_257" HPOS="316" VPOS="935" WIDTH="130" HEIGHT="22" WC="0.92" CONTENT="Renvall:"/><SP WIDTH="24" VPOS="935" HPOS="446"/>
							<String ID="string_258" HPOS="470" VPOS="936" WIDTH="44" HEIGHT="21" WC="0.96" CONTENT="När"/><SP WIDTH="20" VPOS="936" HPOS="514"/>
							<String ID="string_259" HPOS="534" VPOS="936" WIDTH="37" HEIGHT="27" WC="0.96" CONTENT="jag"/><SP WIDTH="20" VPOS="936" HPOS="571"/>
							<String ID="string_260" HPOS="591" VPOS="935" WIDTH="53" HEIGHT="22" WC="0.96" CONTENT="först"/><SP WIDTH="17" VPOS="935" HPOS="644"/>
							<String ID="string_261" HPOS="661" VPOS="938" WIDTH="36" HEIGHT="23" WC="0.95" CONTENT="tog"/><SP WIDTH="16" VPOS="938" HPOS="697"/>
							<String ID="string_262" HPOS="713" VPOS="936" WIDTH="40" HEIGHT="26" WC="0.96" CONTENT="mig"/><SP WIDTH="16" VPOS="936" HPOS="753"/>
							<String ID="string_263" HPOS="769" VPOS="935" WIDTH="90" HEIGHT="22" WC="0.96" CONTENT="friheten"/><SP WIDTH="15" VPOS="935" HPOS="859"/>
							<String ID="string_264" HPOS="874" VPOS="936" WIDTH="33" HEIGHT="20" WC="0.96" CONTENT="att"/>
						</TextLine>
						<TextLine ID="line_26" HPOS="85" VPOS="963" WIDTH="821" HEIGHT="28">
							<String ID="string_265" HPOS="85" VPOS="964" WIDTH="87" HEIGHT="21" WC="0.96" CONTENT="förorda"/><SP WIDTH="16" VPOS="964" HPOS="172"/>
							<String ID="string_266" HPOS="188" VPOS="967" WIDTH="31" HEIGHT="19" WC="0.96" CONTENT="att"/><SP WIDTH="15" VPOS="967" HPOS="219"/>
							<String ID="string_267" HPOS="234" VPOS="965" WIDTH="55" HEIGHT="21" WC="0.96" CONTENT="vissa"/><SP WIDTH="16" VPOS="965" HPOS="289"/>
							<String ID="string_268" HPOS="305" VPOS="964" WIDTH="122" HEIGHT="27" WC="0.96" CONTENT="paragrafer"/><SP WIDTH="15" VPOS="964" HPOS="427"/>
							<String ID="string_269" HPOS="442" VPOS="965" WIDTH="22" HEIGHT="21" WC="0.96" CONTENT="af"/><SP WIDTH="14" VPOS="965" HPOS="464"/>
							<String ID="string_270" HPOS="478" VPOS="965" WIDTH="35" HEIGHT="20" WC="0.96" CONTENT="det"/><SP WIDTH="15" VPOS="965" HPOS="513"/>
							<String ID="string_271" HPOS="528" VPOS="971" WIDTH="28" HEIGHT="15" WC="0.95" CONTENT="nu"/><SP WIDTH="16" VPOS="971" HPOS="556"/>
							<String ID="string_272" HPOS="572" VPOS="964" WIDTH="143" HEIGHT="27" WC="0.95" CONTENT="föreliggande"/><SP WIDTH="12" VPOS="964" HPOS="715"/>
							<String ID="string_273" HPOS="727" VPOS="964" WIDTH="100" HEIGHT="25" WC="0.95" CONTENT="förslaget"/><SP WIDTH="11" VPOS="964" HPOS="827"/>
							<String ID="string_274" HPOS="838" VPOS="963" WIDTH="68" HEIGHT="22" WC="0.96" CONTENT="skulle"/>
						</TextLine>
						<TextLine ID="line_27" HPOS="85" VPOS="993" WIDTH="821" HEIGHT="28">
							<String ID="string_275" HPOS="85" VPOS="993" WIDTH="48" HEIGHT="21" WC="0.96" CONTENT="med"/><SP WIDTH="23" VPOS="993" HPOS="133"/>
							<String ID="string_276" HPOS="156" VPOS="994" WIDTH="62" HEIGHT="26" WC="0.95" CONTENT="nödig"/><SP WIDTH="16" VPOS="994" HPOS="218"/>
							<String ID="string_277" HPOS="234" VPOS="993" WIDTH="122" HEIGHT="28" WC="0.96" CONTENT="förändring"/><SP WIDTH="14" VPOS="993" HPOS="356"/>
							<String ID="string_278" HPOS="370" VPOS="994" WIDTH="71" HEIGHT="21" WC="0.93" CONTENT="kunna"/><SP WIDTH="15" VPOS="994" HPOS="441"/>
							<String ID="string_279" HPOS="456" VPOS="996" WIDTH="92" HEIGHT="24" WC="0.92" CONTENT="antagas,"/><SP WIDTH="16" VPOS="996" HPOS="548"/>
							<String ID="string_280" HPOS="564" VPOS="994" WIDTH="23" HEIGHT="21" WC="0.96" CONTENT="så"/><SP WIDTH="15" VPOS="994" HPOS="587"/>
							<String ID="string_281" HPOS="602" VPOS="993" WIDTH="73" HEIGHT="21" WC="0.96" CONTENT="tänkte"/><SP WIDTH="14" VPOS="993" HPOS="675"/>
							<String ID="string_282" HPOS="689" VPOS="993" WIDTH="35" HEIGHT="27" WC="0.96" CONTENT="jag"/><SP WIDTH="16" VPOS="993" HPOS="724"/>
							<String ID="string_283" HPOS="740" VPOS="993" WIDTH="64" HEIGHT="22" WC="0.96" CONTENT="också"/><SP WIDTH="15" VPOS="993" HPOS="804"/>
							<String ID="string_284" HPOS="819" VPOS="993" WIDTH="34" HEIGHT="20" WC="0.96" CONTENT="vid"/><SP WIDTH="15" VPOS="993" HPOS="853"/>
							<String ID="string_285" HPOS="868" VPOS="995" WIDTH="8" HEIGHT="18" WC="0.95" CONTENT="1"/><SP WIDTH="20" VPOS="995" HPOS="876"/>
							<String ID="string_286" HPOS="896" VPOS="993" WIDTH="10" HEIGHT="25" WC="0.65" CONTENT="8"/>
						</TextLine>
						<TextLine ID="line_28" HPOS="85" VPOS="1021" WIDTH="821" HEIGHT="28">
							<String ID="string_287" HPOS="85" VPOS="1022" WIDTH="78" HEIGHT="22" WC="0.95" CONTENT="föreslå"/><SP WIDTH="22" VPOS="1022" HPOS="163"/>
							<String ID="string_288" HPOS="185" VPOS="1023" WIDTH="35" HEIGHT="21" WC="0.95" CONTENT="det"/><SP WIDTH="22" VPOS="1023" HPOS="220"/>
							<String ID="string_289" HPOS="242" VPOS="1022" WIDTH="95" HEIGHT="27" WC="0.93" CONTENT="tillägget"/><SP WIDTH="23" VPOS="1022" HPOS="337"/>
							<String ID="string_290" HPOS="360" VPOS="1039" WIDTH="5" HEIGHT="8" WC="0.91" CONTENT=","/><SP WIDTH="1" VPOS="1039" HPOS="365"/>
							<String ID="string_291" HPOS="366" VPOS="1022" WIDTH="63" HEIGHT="27" WC="0.95" CONTENT="Vilja"/><SP WIDTH="22" VPOS="1022" HPOS="429"/>
							<String ID="string_292" HPOS="451" VPOS="1023" WIDTH="105" HEIGHT="21" WC="0.96" CONTENT="mosaiska"/><SP WIDTH="16" VPOS="1023" HPOS="556"/>
							<String ID="string_293" HPOS="572" VPOS="1022" WIDTH="166" HEIGHT="22" WC="0.96" CONTENT="trosbekännare"/><SP WIDTH="15" VPOS="1022" HPOS="738"/>
							<String ID="string_294" HPOS="753" VPOS="1028" WIDTH="44" HEIGHT="15" WC="0.96" CONTENT="som"/><SP WIDTH="16" VPOS="1028" HPOS="797"/>
							<String ID="string_295" HPOS="813" VPOS="1021" WIDTH="6" HEIGHT="21" WC="0.96" CONTENT="i"/><SP WIDTH="16" VPOS="1021" HPOS="819"/>
							<String ID="string_296" HPOS="835" VPOS="1021" WIDTH="71" HEIGHT="22" WC="0.96" CONTENT="landet"/>
						</TextLine>
						<TextLine ID="line_29" HPOS="87" VPOS="1050" WIDTH="820" HEIGHT="26">
							<String ID="string_297" HPOS="87" VPOS="1051" WIDTH="26" HEIGHT="20" WC="0.95" CONTENT="bo"/><SP WIDTH="17" VPOS="1051" HPOS="113"/>
							<String ID="string_298" HPOS="130" VPOS="1052" WIDTH="38" HEIGHT="20" WC="0.96" CONTENT="och"/><SP WIDTH="16" VPOS="1052" HPOS="168"/>
							<String ID="string_299" HPOS="184" VPOS="1051" WIDTH="74" HEIGHT="21" WC="0.79" CONTENT="vistas&quot;"/><SP WIDTH="16" VPOS="1051" HPOS="258"/>
							<String ID="string_300" HPOS="274" VPOS="1057" WIDTH="18" HEIGHT="14" WC="0.82" CONTENT="o."/><SP WIDTH="16" VPOS="1057" HPOS="292"/>
							<String ID="string_301" HPOS="308" VPOS="1058" WIDTH="16" HEIGHT="14" WC="0.96" CONTENT="s."/><SP WIDTH="18" VPOS="1058" HPOS="324"/>
							<String ID="string_302" HPOS="342" VPOS="1058" WIDTH="18" HEIGHT="14" WC="0.95" CONTENT="v."/><SP WIDTH="17" VPOS="1058" HPOS="360"/>
							<String ID="string_303" HPOS="377" VPOS="1051" WIDTH="38" HEIGHT="21" WC="0.96" CONTENT="och"/><SP WIDTH="17" VPOS="1051" HPOS="415"/>
							<String ID="string_304" HPOS="432" VPOS="1054" WIDTH="32" HEIGHT="18" WC="0.96" CONTENT="att"/><SP WIDTH="15" VPOS="1054" HPOS="464"/>
							<String ID="string_305" HPOS="479" VPOS="1052" WIDTH="64" HEIGHT="20" WC="0.93" CONTENT="orden"/><SP WIDTH="17" VPOS="1052" HPOS="543"/>
							<String ID="string_306" HPOS="560" VPOS="1054" WIDTH="68" HEIGHT="22" WC="0.88" CONTENT=",,samt"/><SP WIDTH="16" VPOS="1054" HPOS="628"/>
							<String ID="string_307" HPOS="644" VPOS="1057" WIDTH="32" HEIGHT="14" WC="0.96" CONTENT="om"/><SP WIDTH="17" VPOS="1057" HPOS="676"/>
							<String ID="string_308" HPOS="693" VPOS="1051" WIDTH="26" HEIGHT="21" WC="0.94" CONTENT="de"/><SP WIDTH="15" VPOS="1051" HPOS="719"/>
							<String ID="string_309" HPOS="734" VPOS="1051" WIDTH="81" HEIGHT="20" WC="0.90" CONTENT="tillhört"/><SP WIDTH="12" VPOS="1051" HPOS="815"/>
							<String ID="string_310" HPOS="827" VPOS="1050" WIDTH="80" HEIGHT="21" WC="0.92" CONTENT="luther-"/>
						</TextLine>
						<TextLine ID="line_30" HPOS="85" VPOS="1078" WIDTH="821" HEIGHT="27">
							<String ID="string_311" HPOS="85" VPOS="1079" WIDTH="39" HEIGHT="21" WC="0.96" CONTENT="ska"/><SP WIDTH="20" VPOS="1079" HPOS="124"/>
							<String ID="string_312" HPOS="144" VPOS="1080" WIDTH="81" HEIGHT="25" WC="0.96" CONTENT="kyrkan"/><SP WIDTH="17" VPOS="1080" HPOS="225"/>
							<String ID="string_313" HPOS="242" VPOS="1080" WIDTH="57" HEIGHT="21" WC="0.96" CONTENT="bevis"/><SP WIDTH="19" VPOS="1080" HPOS="299"/>
							<String ID="string_314" HPOS="318" VPOS="1085" WIDTH="33" HEIGHT="15" WC="0.96" CONTENT="om"/><SP WIDTH="16" VPOS="1085" HPOS="351"/>
							<String ID="string_315" HPOS="367" VPOS="1080" WIDTH="65" HEIGHT="21" WC="0.96" CONTENT="sådan"/><SP WIDTH="16" VPOS="1080" HPOS="432"/>
							<String ID="string_316" HPOS="448" VPOS="1080" WIDTH="96" HEIGHT="20" WC="0.95" CONTENT="anmälan"/><SP WIDTH="16" VPOS="1080" HPOS="544"/>
							<String ID="string_317" HPOS="560" VPOS="1080" WIDTH="33" HEIGHT="21" WC="0.96" CONTENT="för"/><SP WIDTH="15" VPOS="1080" HPOS="593"/>
							<String ID="string_318" HPOS="608" VPOS="1079" WIDTH="83" HEIGHT="21" WC="0.93" CONTENT="utträde"/><SP WIDTH="17" VPOS="1079" HPOS="691"/>
							<String ID="string_319" HPOS="708" VPOS="1080" WIDTH="62" HEIGHT="20" WC="0.93" CONTENT="derur"/><SP WIDTH="15" VPOS="1080" HPOS="770"/>
							<String ID="string_320" HPOS="785" VPOS="1085" WIDTH="44" HEIGHT="14" WC="0.96" CONTENT="som"/><SP WIDTH="17" VPOS="1085" HPOS="829"/>
							<String ID="string_321" HPOS="846" VPOS="1079" WIDTH="5" HEIGHT="20" WC="0.92" CONTENT="i"/><SP WIDTH="17" VPOS="1079" HPOS="851"/>
							<String ID="string_322" HPOS="868" VPOS="1078" WIDTH="12" HEIGHT="27" WC="0.92" CONTENT="$"/><SP WIDTH="14" VPOS="1078" HPOS="880"/>
							<String ID="string_323" HPOS="894" VPOS="1079" WIDTH="12" HEIGHT="20" WC="0.96" CONTENT="5"/>
						</TextLine>
						<TextLine ID="line_31" HPOS="86" VPOS="1107" WIDTH="821" HEIGHT="28">
							<String ID="string_324" HPOS="86" VPOS="1108" WIDTH="98" HEIGHT="21" WC="0.86" CONTENT="nämnes&quot;"/><SP WIDTH="16" VPOS="1108" HPOS="184"/>
							<String ID="string_325" HPOS="200" VPOS="1107" WIDTH="67" HEIGHT="22" WC="0.95" CONTENT="skulle"/><SP WIDTH="16" VPOS="1107" HPOS="267"/>
							<String ID="string_326" HPOS="283" VPOS="1109" WIDTH="50" HEIGHT="26" WC="0.96" CONTENT="utgå"/><SP WIDTH="15" VPOS="1109" HPOS="333"/>
							<String ID="string_327" HPOS="348" VPOS="1108" WIDTH="24" HEIGHT="21" WC="0.96" CONTENT="så"/><SP WIDTH="14" VPOS="1108" HPOS="372"/>
							<String ID="string_328" HPOS="386" VPOS="1110" WIDTH="32" HEIGHT="19" WC="0.96" CONTENT="att"/><SP WIDTH="16" VPOS="1110" HPOS="418"/>
							<String ID="string_329" HPOS="434" VPOS="1114" WIDTH="48" HEIGHT="15" WC="0.96" CONTENT="man"/><SP WIDTH="14" VPOS="1114" HPOS="482"/>
							<String ID="string_330" HPOS="496" VPOS="1108" WIDTH="46" HEIGHT="21" WC="0.95" CONTENT="icke"/><SP WIDTH="16" VPOS="1108" HPOS="542"/>
							<String ID="string_331" HPOS="558" VPOS="1114" WIDTH="36" HEIGHT="15" WC="0.93" CONTENT="ens"/><SP WIDTH="11" VPOS="1114" HPOS="594"/>
							<String ID="string_332" HPOS="605" VPOS="1107" WIDTH="100" HEIGHT="22" WC="0.92" CONTENT="behöfver"/><SP WIDTH="10" VPOS="1107" HPOS="705"/>
							<String ID="string_333" HPOS="715" VPOS="1107" WIDTH="113" HEIGHT="21" WC="0.96" CONTENT="förutsätta"/><SP WIDTH="11" VPOS="1107" HPOS="828"/>
							<String ID="string_334" HPOS="839" VPOS="1109" WIDTH="31" HEIGHT="19" WC="0.96" CONTENT="att"/><SP WIDTH="11" VPOS="1109" HPOS="870"/>
							<String ID="string_335" HPOS="881" VPOS="1112" WIDTH="26" HEIGHT="15" WC="0.96" CONTENT="en"/>
						</TextLine>
						<TextLine ID="line_32" HPOS="86" VPOS="1135" WIDTH="821" HEIGHT="28">
							<String ID="string_336" HPOS="86" VPOS="1135" WIDTH="114" HEIGHT="28" WC="0.91" CONTENT="öfvergång"/><SP WIDTH="15" VPOS="1135" HPOS="200"/>
							<String ID="string_337" HPOS="215" VPOS="1136" WIDTH="44" HEIGHT="21" WC="0.96" CONTENT="från"/><SP WIDTH="17" VPOS="1136" HPOS="259"/>
							<String ID="string_338" HPOS="276" VPOS="1137" WIDTH="108" HEIGHT="20" WC="0.96" CONTENT="lutherska"/><SP WIDTH="15" VPOS="1137" HPOS="384"/>
							<String ID="string_339" HPOS="399" VPOS="1137" WIDTH="80" HEIGHT="26" WC="0.96" CONTENT="kyrkan"/><SP WIDTH="16" VPOS="1137" HPOS="479"/>
							<String ID="string_340" HPOS="495" VPOS="1137" WIDTH="67" HEIGHT="20" WC="0.96" CONTENT="skulle"/><SP WIDTH="16" VPOS="1137" HPOS="562"/>
							<String ID="string_341" HPOS="578" VPOS="1136" WIDTH="31" HEIGHT="21" WC="0.96" CONTENT="till"/><SP WIDTH="16" VPOS="1136" HPOS="609"/>
							<String ID="string_342" HPOS="625" VPOS="1136" WIDTH="39" HEIGHT="21" WC="0.96" CONTENT="den"/><SP WIDTH="16" VPOS="1136" HPOS="664"/>
							<String ID="string_343" HPOS="680" VPOS="1136" WIDTH="104" HEIGHT="21" WC="0.96" CONTENT="mosaiska"/><SP WIDTH="15" VPOS="1136" HPOS="784"/>
							<String ID="string_344" HPOS="799" VPOS="1135" WIDTH="44" HEIGHT="24" WC="0.95" CONTENT="ske,"/><SP WIDTH="17" VPOS="1135" HPOS="843"/>
							<String ID="string_345" HPOS="860" VPOS="1141" WIDTH="47" HEIGHT="14" WC="0.96" CONTENT="men"/>
						</TextLine>
						<TextLine ID="line_33" HPOS="86" VPOS="1163" WIDTH="821" HEIGHT="28">
							<String ID="string_346" HPOS="86" VPOS="1164" WIDTH="65" HEIGHT="22" WC="0.96" CONTENT="sedan"/><SP WIDTH="15" VPOS="1164" HPOS="151"/>
							<String ID="string_347" HPOS="166" VPOS="1165" WIDTH="39" HEIGHT="21" WC="0.96" CONTENT="har"/><SP WIDTH="14" VPOS="1165" HPOS="205"/>
							<String ID="string_348" HPOS="219" VPOS="1165" WIDTH="60" HEIGHT="21" WC="0.96" CONTENT="äfven"/><SP WIDTH="14" VPOS="1165" HPOS="279"/>
							<String ID="string_349" HPOS="293" VPOS="1165" WIDTH="37" HEIGHT="26" WC="0.96" CONTENT="jag"/><SP WIDTH="15" VPOS="1165" HPOS="330"/>
							<String ID="string_350" HPOS="345" VPOS="1171" WIDTH="75" HEIGHT="20" WC="0.96" CONTENT="genom"/><SP WIDTH="16" VPOS="1171" HPOS="420"/>
							<String ID="string_351" HPOS="436" VPOS="1165" WIDTH="25" HEIGHT="21" WC="0.95" CONTENT="de"/><SP WIDTH="15" VPOS="1165" HPOS="461"/>
							<String ID="string_352" HPOS="476" VPOS="1165" WIDTH="157" HEIGHT="26" WC="0.96" CONTENT="invändningar,"/><SP WIDTH="16" VPOS="1165" HPOS="633"/>
							<String ID="string_353" HPOS="649" VPOS="1170" WIDTH="44" HEIGHT="15" WC="0.96" CONTENT="som"/><SP WIDTH="12" VPOS="1170" HPOS="693"/>
							<String ID="string_354" HPOS="705" VPOS="1164" WIDTH="67" HEIGHT="21" WC="0.94" CONTENT="blifvit"/><SP WIDTH="11" VPOS="1164" HPOS="772"/>
							<String ID="string_355" HPOS="783" VPOS="1163" WIDTH="74" HEIGHT="27" WC="0.96" CONTENT="gjorda"/><SP WIDTH="11" VPOS="1163" HPOS="857"/>
							<String ID="string_356" HPOS="868" VPOS="1163" WIDTH="39" HEIGHT="21" WC="0.96" CONTENT="här"/>
						</TextLine>
						<TextLine ID="line_34" HPOS="86" VPOS="1192" WIDTH="820" HEIGHT="28">
							<String ID="string_357" HPOS="86" VPOS="1193" WIDTH="53" HEIGHT="22" WC="0.96" CONTENT="först"/><SP WIDTH="22" VPOS="1193" HPOS="139"/>
							<String ID="string_358" HPOS="161" VPOS="1193" WIDTH="22" HEIGHT="21" WC="0.95" CONTENT="af"/><SP WIDTH="21" VPOS="1193" HPOS="183"/>
							<String ID="string_359" HPOS="204" VPOS="1195" WIDTH="85" HEIGHT="25" WC="0.96" CONTENT="prosten"/><SP WIDTH="23" VPOS="1195" HPOS="289"/>
							<String ID="string_360" HPOS="312" VPOS="1193" WIDTH="121" HEIGHT="27" WC="0.95" CONTENT="Rosengren"/><SP WIDTH="25" VPOS="1193" HPOS="433"/>
							<String ID="string_361" HPOS="458" VPOS="1193" WIDTH="38" HEIGHT="21" WC="0.96" CONTENT="och"/><SP WIDTH="23" VPOS="1193" HPOS="496"/>
							<String ID="string_362" HPOS="519" VPOS="1194" WIDTH="63" HEIGHT="21" WC="0.96" CONTENT="sedan"/><SP WIDTH="22" VPOS="1194" HPOS="582"/>
							<String ID="string_363" HPOS="604" VPOS="1193" WIDTH="21" HEIGHT="21" WC="0.96" CONTENT="af"/><SP WIDTH="17" VPOS="1193" HPOS="625"/>
							<String ID="string_364" HPOS="642" VPOS="1195" WIDTH="84" HEIGHT="24" WC="0.96" CONTENT="prosten"/><SP WIDTH="16" VPOS="1195" HPOS="726"/>
							<String ID="string_365" HPOS="742" VPOS="1192" WIDTH="110" HEIGHT="27" WC="0.96" CONTENT="Grönberg"/><SP WIDTH="15" VPOS="1192" HPOS="852"/>
							<String ID="string_366" HPOS="867" VPOS="1192" WIDTH="39" HEIGHT="21" WC="0.96" CONTENT="och"/>
						</TextLine>
						<TextLine ID="line_35" HPOS="87" VPOS="1221" WIDTH="821" HEIGHT="28">
							<String ID="string_367" HPOS="87" VPOS="1222" WIDTH="106" HEIGHT="26" WC="0.95" CONTENT="professor"/><SP WIDTH="15" VPOS="1222" HPOS="193"/>
							<String ID="string_368" HPOS="208" VPOS="1222" WIDTH="67" HEIGHT="26" WC="0.96" CONTENT="Cleve,"/><SP WIDTH="11" VPOS="1222" HPOS="275"/>
							<String ID="string_369" HPOS="286" VPOS="1222" WIDTH="68" HEIGHT="21" WC="0.96" CONTENT="blifvit"/><SP WIDTH="15" VPOS="1222" HPOS="354"/>
							<String ID="string_370" HPOS="369" VPOS="1223" WIDTH="94" HEIGHT="20" WC="0.96" CONTENT="tveksam"/><SP WIDTH="15" VPOS="1223" HPOS="463"/>
							<String ID="string_371" HPOS="478" VPOS="1222" WIDTH="103" HEIGHT="21" WC="0.96" CONTENT="huruvida"/><SP WIDTH="16" VPOS="1222" HPOS="581"/>
							<String ID="string_372" HPOS="597" VPOS="1222" WIDTH="123" HEIGHT="27" WC="0.96" CONTENT="paragrafen"/><SP WIDTH="16" VPOS="1222" HPOS="720"/>
							<String ID="string_373" HPOS="736" VPOS="1221" WIDTH="59" HEIGHT="22" WC="0.96" CONTENT="äfven"/><SP WIDTH="17" VPOS="1221" HPOS="795"/>
							<String ID="string_374" HPOS="812" VPOS="1221" WIDTH="47" HEIGHT="21" WC="0.95" CONTENT="med"/><SP WIDTH="13" VPOS="1221" HPOS="859"/>
							<String ID="string_375" HPOS="872" VPOS="1221" WIDTH="36" HEIGHT="21" WC="0.95" CONTENT="det"/>
						</TextLine>
						<TextLine ID="line_36" HPOS="87" VPOS="1249" WIDTH="820" HEIGHT="28">
							<String ID="string_376" HPOS="87" VPOS="1250" WIDTH="22" HEIGHT="21" WC="0.96" CONTENT="af"/><SP WIDTH="20" VPOS="1250" HPOS="109"/>
							<String ID="string_377" HPOS="129" VPOS="1251" WIDTH="43" HEIGHT="26" WC="0.96" CONTENT="mig"/><SP WIDTH="22" VPOS="1251" HPOS="172"/>
							<String ID="string_378" HPOS="194" VPOS="1251" WIDTH="90" HEIGHT="21" WC="0.94" CONTENT="nämnda"/><SP WIDTH="20" VPOS="1251" HPOS="284"/>
							<String ID="string_379" HPOS="304" VPOS="1251" WIDTH="95" HEIGHT="26" WC="0.96" CONTENT="tillägget"/><SP WIDTH="22" VPOS="1251" HPOS="399"/>
							<String ID="string_380" HPOS="421" VPOS="1251" WIDTH="38" HEIGHT="21" WC="0.96" CONTENT="och"/><SP WIDTH="21" VPOS="1251" HPOS="459"/>
							<String ID="string_381" HPOS="480" VPOS="1251" WIDTH="40" HEIGHT="20" WC="0.96" CONTENT="den"/><SP WIDTH="15" VPOS="1251" HPOS="520"/>
							<String ID="string_382" HPOS="535" VPOS="1251" WIDTH="116" HEIGHT="26" WC="0.96" CONTENT="föreslagna"/><SP WIDTH="16" VPOS="1251" HPOS="651"/>
							<String ID="string_383" HPOS="667" VPOS="1250" WIDTH="156" HEIGHT="27" WC="0.95" CONTENT="uteslutningen"/><SP WIDTH="16" VPOS="1250" HPOS="823"/>
							<String ID="string_384" HPOS="839" VPOS="1249" WIDTH="68" HEIGHT="22" WC="0.96" CONTENT="skulle"/>
						</TextLine>
						<TextLine ID="line_37" HPOS="87" VPOS="1277" WIDTH="820" HEIGHT="28">
							<String ID="string_385" HPOS="87" VPOS="1279" WIDTH="70" HEIGHT="21" WC="0.95" CONTENT="kunna"/><SP WIDTH="22" VPOS="1279" HPOS="157"/>
							<String ID="string_386" HPOS="179" VPOS="1279" WIDTH="129" HEIGHT="26" WC="0.96" CONTENT="godkännas."/><SP WIDTH="31" VPOS="1279" HPOS="308"/>
							<String ID="string_387" HPOS="339" VPOS="1279" WIDTH="39" HEIGHT="21" WC="0.95" CONTENT="Att"/><SP WIDTH="22" VPOS="1279" HPOS="378"/>
							<String ID="string_388" HPOS="400" VPOS="1279" WIDTH="25" HEIGHT="21" WC="0.96" CONTENT="de"/><SP WIDTH="23" VPOS="1279" HPOS="425"/>
							<String ID="string_389" HPOS="448" VPOS="1279" WIDTH="26" HEIGHT="20" WC="0.96" CONTENT="bo"/><SP WIDTH="24" VPOS="1279" HPOS="474"/>
							<String ID="string_390" HPOS="498" VPOS="1280" WIDTH="38" HEIGHT="21" WC="0.96" CONTENT="och"/><SP WIDTH="21" VPOS="1280" HPOS="536"/>
							<String ID="string_391" HPOS="557" VPOS="1280" WIDTH="64" HEIGHT="20" WC="0.96" CONTENT="vistas"/><SP WIDTH="21" VPOS="1280" HPOS="621"/>
							<String ID="string_392" HPOS="642" VPOS="1279" WIDTH="37" HEIGHT="20" WC="0.96" CONTENT="här"/><SP WIDTH="16" VPOS="1279" HPOS="679"/>
							<String ID="string_393" HPOS="695" VPOS="1281" WIDTH="23" HEIGHT="18" WC="0.96" CONTENT="är"/><SP WIDTH="15" VPOS="1281" HPOS="718"/>
							<String ID="string_394" HPOS="733" VPOS="1279" WIDTH="115" HEIGHT="26" WC="0.93" CONTENT="någonting"/><SP WIDTH="15" VPOS="1279" HPOS="848"/>
							<String ID="string_395" HPOS="863" VPOS="1277" WIDTH="44" HEIGHT="22" WC="0.90" CONTENT="till-"/>
						</TextLine>
						<TextLine ID="line_38" HPOS="86" VPOS="1306" WIDTH="820" HEIGHT="29">
							<String ID="string_396" HPOS="86" VPOS="1307" WIDTH="69" HEIGHT="27" WC="0.90" CONTENT="fälligt"/><SP WIDTH="21" VPOS="1307" HPOS="155"/>
							<String ID="string_397" HPOS="176" VPOS="1308" WIDTH="39" HEIGHT="21" WC="0.96" CONTENT="och"/><SP WIDTH="22" VPOS="1308" HPOS="215"/>
							<String ID="string_398" HPOS="237" VPOS="1309" WIDTH="69" HEIGHT="20" WC="0.96" CONTENT="såsom"/><SP WIDTH="16" VPOS="1309" HPOS="306"/>
							<String ID="string_399" HPOS="322" VPOS="1308" WIDTH="102" HEIGHT="21" WC="0.96" CONTENT="nämndes"/><SP WIDTH="15" VPOS="1308" HPOS="424"/>
							<String ID="string_400" HPOS="439" VPOS="1309" WIDTH="24" HEIGHT="19" WC="0.96" CONTENT="är"/><SP WIDTH="15" VPOS="1309" HPOS="463"/>
							<String ID="string_401" HPOS="478" VPOS="1307" WIDTH="35" HEIGHT="22" WC="0.96" CONTENT="det"/><SP WIDTH="15" VPOS="1307" HPOS="513"/>
							<String ID="string_402" HPOS="528" VPOS="1309" WIDTH="27" HEIGHT="26" WC="0.96" CONTENT="på"/><SP WIDTH="15" VPOS="1309" HPOS="555"/>
							<String ID="string_403" HPOS="570" VPOS="1313" WIDTH="48" HEIGHT="22" WC="0.96" CONTENT="pass"/><SP WIDTH="15" VPOS="1313" HPOS="618"/>
							<String ID="string_404" HPOS="633" VPOS="1313" WIDTH="44" HEIGHT="15" WC="0.96" CONTENT="som"/><SP WIDTH="16" VPOS="1313" HPOS="677"/>
							<String ID="string_405" HPOS="693" VPOS="1307" WIDTH="26" HEIGHT="21" WC="0.96" CONTENT="de"/><SP WIDTH="15" VPOS="1307" HPOS="719"/>
							<String ID="string_406" HPOS="734" VPOS="1307" WIDTH="64" HEIGHT="21" WC="0.96" CONTENT="vistas"/><SP WIDTH="17" VPOS="1307" HPOS="798"/>
							<String ID="string_407" HPOS="815" VPOS="1307" WIDTH="36" HEIGHT="21" WC="0.96" CONTENT="här"/><SP WIDTH="16" VPOS="1307" HPOS="851"/>
							<String ID="string_408" HPOS="867" VPOS="1306" WIDTH="39" HEIGHT="21" WC="0.96" CONTENT="och"/>
						</TextLine>
						<TextLine ID="line_39" HPOS="87" VPOS="1335" WIDTH="819" HEIGHT="28">
							<String ID="string_409" HPOS="87" VPOS="1337" WIDTH="26" HEIGHT="20" WC="0.96" CONTENT="de"/><SP WIDTH="23" VPOS="1337" HPOS="113"/>
							<String ID="string_410" HPOS="136" VPOS="1337" WIDTH="70" HEIGHT="20" WC="0.96" CONTENT="kunna"/><SP WIDTH="22" VPOS="1337" HPOS="206"/>
							<String ID="string_411" HPOS="228" VPOS="1337" WIDTH="82" HEIGHT="20" WC="0.96" CONTENT="således"/><SP WIDTH="22" VPOS="1337" HPOS="310"/>
							<String ID="string_412" HPOS="332" VPOS="1338" WIDTH="38" HEIGHT="19" WC="0.96" CONTENT="när"/><SP WIDTH="22" VPOS="1338" HPOS="370"/>
							<String ID="string_413" HPOS="392" VPOS="1342" WIDTH="44" HEIGHT="15" WC="0.95" CONTENT="som"/><SP WIDTH="25" VPOS="1342" HPOS="436"/>
							<String ID="string_414" HPOS="461" VPOS="1336" WIDTH="53" HEIGHT="21" WC="0.93" CONTENT="helst"/><SP WIDTH="21" VPOS="1336" HPOS="514"/>
							<String ID="string_415" HPOS="535" VPOS="1337" WIDTH="27" HEIGHT="26" WC="0.96" CONTENT="på"/><SP WIDTH="15" VPOS="1337" HPOS="562"/>
							<String ID="string_416" HPOS="577" VPOS="1335" WIDTH="152" HEIGHT="22" WC="0.96" CONTENT="administrativ"/><SP WIDTH="15" VPOS="1335" HPOS="729"/>
							<String ID="string_417" HPOS="744" VPOS="1337" WIDTH="40" HEIGHT="25" WC="0.93" CONTENT="väg"/><SP WIDTH="15" VPOS="1337" HPOS="784"/>
							<String ID="string_418" HPOS="799" VPOS="1335" WIDTH="107" HEIGHT="26" WC="0.91" CONTENT="fräntagas"/>
						</TextLine>
						<TextLine ID="line_40" HPOS="88" VPOS="1363" WIDTH="820" HEIGHT="28">
							<String ID="string_419" HPOS="88" VPOS="1364" WIDTH="69" HEIGHT="21" WC="0.95" CONTENT="denna"/><SP WIDTH="14" VPOS="1364" HPOS="157"/>
							<String ID="string_420" HPOS="171" VPOS="1364" WIDTH="107" HEIGHT="27" WC="0.95" CONTENT="rättighet."/><SP WIDTH="30" VPOS="1364" HPOS="278"/>
							<String ID="string_421" HPOS="308" VPOS="1365" WIDTH="42" HEIGHT="20" WC="0.96" CONTENT="Det"/><SP WIDTH="14" VPOS="1365" HPOS="350"/>
							<String ID="string_422" HPOS="364" VPOS="1364" WIDTH="106" HEIGHT="21" WC="0.96" CONTENT="förefaller"/><SP WIDTH="15" VPOS="1364" HPOS="470"/>
							<String ID="string_423" HPOS="485" VPOS="1365" WIDTH="41" HEIGHT="24" WC="0.96" CONTENT="mig"/><SP WIDTH="16" VPOS="1365" HPOS="526"/>
							<String ID="string_424" HPOS="542" VPOS="1365" WIDTH="142" HEIGHT="26" WC="0.96" CONTENT="besynnerligt"/><SP WIDTH="15" VPOS="1365" HPOS="684"/>
							<String ID="string_425" HPOS="699" VPOS="1366" WIDTH="32" HEIGHT="18" WC="0.95" CONTENT="att"/><SP WIDTH="15" VPOS="1366" HPOS="731"/>
							<String ID="string_426" HPOS="746" VPOS="1370" WIDTH="49" HEIGHT="14" WC="0.96" CONTENT="man"/><SP WIDTH="12" VPOS="1370" HPOS="795"/>
							<String ID="string_427" HPOS="807" VPOS="1363" WIDTH="67" HEIGHT="21" WC="0.96" CONTENT="skulle"/><SP WIDTH="10" VPOS="1363" HPOS="874"/>
							<String ID="string_428" HPOS="884" VPOS="1363" WIDTH="24" HEIGHT="20" WC="0.96" CONTENT="åt"/>
						</TextLine>
						<TextLine ID="line_41" HPOS="87" VPOS="1392" WIDTH="821" HEIGHT="27">
							<String ID="string_429" HPOS="87" VPOS="1393" WIDTH="80" HEIGHT="20" WC="0.96" CONTENT="sådana"/><SP WIDTH="22" VPOS="1393" HPOS="167"/>
							<String ID="string_430" HPOS="189" VPOS="1395" WIDTH="115" HEIGHT="24" WC="0.96" CONTENT="temporärt"/><SP WIDTH="20" VPOS="1395" HPOS="304"/>
							<String ID="string_431" HPOS="324" VPOS="1393" WIDTH="6" HEIGHT="20" WC="0.96" CONTENT="i"/><SP WIDTH="21" VPOS="1393" HPOS="330"/>
							<String ID="string_432" HPOS="351" VPOS="1392" WIDTH="72" HEIGHT="21" WC="0.93" CONTENT="landet"/><SP WIDTH="23" VPOS="1392" HPOS="423"/>
							<String ID="string_433" HPOS="446" VPOS="1393" WIDTH="93" HEIGHT="20" WC="0.92" CONTENT="vistande"/><SP WIDTH="23" VPOS="1393" HPOS="539"/>
							<String ID="string_434" HPOS="562" VPOS="1398" WIDTH="100" HEIGHT="21" WC="0.96" CONTENT="personer"/><SP WIDTH="20" VPOS="1398" HPOS="662"/>
							<String ID="string_435" HPOS="682" VPOS="1392" WIDTH="55" HEIGHT="26" WC="0.96" CONTENT="gifva"/><SP WIDTH="22" VPOS="1392" HPOS="737"/>
							<String ID="string_436" HPOS="759" VPOS="1392" WIDTH="100" HEIGHT="25" WC="0.96" CONTENT="rättighet"/><SP WIDTH="16" VPOS="1392" HPOS="859"/>
							<String ID="string_437" HPOS="875" VPOS="1393" WIDTH="33" HEIGHT="19" WC="0.96" CONTENT="att"/>
						</TextLine>
						<TextLine ID="line_42" HPOS="87" VPOS="1420" WIDTH="820" HEIGHT="26">
							<String ID="string_438" HPOS="87" VPOS="1421" WIDTH="57" HEIGHT="20" WC="0.96" CONTENT="bilda"/><SP WIDTH="20" VPOS="1421" HPOS="144"/>
							<String ID="string_439" HPOS="164" VPOS="1427" WIDTH="25" HEIGHT="14" WC="0.96" CONTENT="en"/><SP WIDTH="17" VPOS="1427" HPOS="189"/>
							<String ID="string_440" HPOS="206" VPOS="1423" WIDTH="122" HEIGHT="23" WC="0.96" CONTENT="permanent"/><SP WIDTH="15" VPOS="1423" HPOS="328"/>
							<String ID="string_441" HPOS="343" VPOS="1420" WIDTH="122" HEIGHT="25" WC="0.95" CONTENT="församling"/><SP WIDTH="16" VPOS="1420" HPOS="465"/>
							<String ID="string_442" HPOS="481" VPOS="1421" WIDTH="38" HEIGHT="20" WC="0.96" CONTENT="och"/><SP WIDTH="15" VPOS="1421" HPOS="519"/>
							<String ID="string_443" HPOS="534" VPOS="1421" WIDTH="35" HEIGHT="25" WC="0.96" CONTENT="jag"/><SP WIDTH="15" VPOS="1421" HPOS="569"/>
							<String ID="string_444" HPOS="584" VPOS="1420" WIDTH="82" HEIGHT="21" WC="0.96" CONTENT="befarar"/><SP WIDTH="16" VPOS="1420" HPOS="666"/>
							<String ID="string_445" HPOS="682" VPOS="1420" WIDTH="105" HEIGHT="25" WC="0.95" CONTENT="verkligen"/><SP WIDTH="17" VPOS="1420" HPOS="787"/>
							<String ID="string_446" HPOS="804" VPOS="1420" WIDTH="41" HEIGHT="24" WC="0.96" CONTENT="det,"/><SP WIDTH="16" VPOS="1420" HPOS="845"/>
							<String ID="string_447" HPOS="861" VPOS="1425" WIDTH="46" HEIGHT="15" WC="0.96" CONTENT="som"/>
						</TextLine>
						<TextLine ID="line_43" HPOS="88" VPOS="1447" WIDTH="819" HEIGHT="27">
							<String ID="string_448" HPOS="88" VPOS="1450" WIDTH="85" HEIGHT="24" WC="0.96" CONTENT="prosten"/><SP WIDTH="16" VPOS="1450" HPOS="173"/>
							<String ID="string_449" HPOS="189" VPOS="1448" WIDTH="110" HEIGHT="26" WC="0.96" CONTENT="Grönberg"/><SP WIDTH="15" VPOS="1448" HPOS="299"/>
							<String ID="string_450" HPOS="314" VPOS="1448" WIDTH="57" HEIGHT="25" WC="0.96" CONTENT="sade,"/><SP WIDTH="17" VPOS="1448" HPOS="371"/>
							<String ID="string_451" HPOS="388" VPOS="1450" WIDTH="31" HEIGHT="18" WC="0.96" CONTENT="att"/><SP WIDTH="15" VPOS="1450" HPOS="419"/>
							<String ID="string_452" HPOS="434" VPOS="1448" WIDTH="59" HEIGHT="20" WC="0.96" CONTENT="detta"/><SP WIDTH="15" VPOS="1448" HPOS="493"/>
							<String ID="string_453" HPOS="508" VPOS="1450" WIDTH="24" HEIGHT="18" WC="0.96" CONTENT="är"/><SP WIDTH="14" VPOS="1450" HPOS="532"/>
							<String ID="string_454" HPOS="546" VPOS="1448" WIDTH="69" HEIGHT="20" WC="0.96" CONTENT="första"/><SP WIDTH="12" VPOS="1448" HPOS="615"/>
							<String ID="string_455" HPOS="627" VPOS="1449" WIDTH="68" HEIGHT="24" WC="0.96" CONTENT="steget"/><SP WIDTH="10" VPOS="1449" HPOS="695"/>
							<String ID="string_456" HPOS="705" VPOS="1448" WIDTH="31" HEIGHT="20" WC="0.96" CONTENT="för"/><SP WIDTH="11" VPOS="1448" HPOS="736"/>
							<String ID="string_457" HPOS="747" VPOS="1448" WIDTH="46" HEIGHT="20" WC="0.96" CONTENT="dem"/><SP WIDTH="11" VPOS="1448" HPOS="793"/>
							<String ID="string_458" HPOS="804" VPOS="1449" WIDTH="31" HEIGHT="18" WC="0.96" CONTENT="att"/><SP WIDTH="10" VPOS="1449" HPOS="835"/>
							<String ID="string_459" HPOS="845" VPOS="1447" WIDTH="62" HEIGHT="20" WC="0.96" CONTENT="vinna"/>
						</TextLine>
						<TextLine ID="line_44" HPOS="87" VPOS="1475" WIDTH="821" HEIGHT="27">
							<String ID="string_460" HPOS="87" VPOS="1476" WIDTH="54" HEIGHT="20" WC="0.93" CONTENT="finsk"/><SP WIDTH="23" VPOS="1476" HPOS="141"/>
							<String ID="string_461" HPOS="164" VPOS="1476" WIDTH="175" HEIGHT="26" WC="0.90" CONTENT="medborgarrätt."/><SP WIDTH="31" VPOS="1476" HPOS="339"/>
							<String ID="string_462" HPOS="370" VPOS="1476" WIDTH="31" HEIGHT="20" WC="0.94" CONTENT="De"/><SP WIDTH="21" VPOS="1476" HPOS="401"/>
							<String ID="string_463" HPOS="422" VPOS="1475" WIDTH="67" HEIGHT="21" WC="0.96" CONTENT="skulle"/><SP WIDTH="23" VPOS="1475" HPOS="489"/>
							<String ID="string_464" HPOS="512" VPOS="1476" WIDTH="92" HEIGHT="26" WC="0.96" CONTENT="åberopa"/><SP WIDTH="21" VPOS="1476" HPOS="604"/>
							<String ID="string_465" HPOS="625" VPOS="1476" WIDTH="34" HEIGHT="20" WC="0.96" CONTENT="det"/><SP WIDTH="23" VPOS="1476" HPOS="659"/>
							<String ID="string_466" HPOS="682" VPOS="1475" WIDTH="80" HEIGHT="21" WC="0.96" CONTENT="faktum"/><SP WIDTH="23" VPOS="1475" HPOS="762"/>
							<String ID="string_467" HPOS="785" VPOS="1477" WIDTH="32" HEIGHT="19" WC="0.94" CONTENT="att"/><SP WIDTH="22" VPOS="1477" HPOS="817"/>
							<String ID="string_468" HPOS="839" VPOS="1475" WIDTH="24" HEIGHT="20" WC="0.96" CONTENT="de"/><SP WIDTH="16" VPOS="1475" HPOS="863"/>
							<String ID="string_469" HPOS="879" VPOS="1480" WIDTH="29" HEIGHT="15" WC="0.96" CONTENT="nu"/>
						</TextLine>
						<TextLine ID="line_45" HPOS="88" VPOS="1503" WIDTH="819" HEIGHT="27">
							<String ID="string_470" HPOS="88" VPOS="1504" WIDTH="65" HEIGHT="22" WC="0.96" CONTENT="redan"/><SP WIDTH="24" VPOS="1504" HPOS="153"/>
							<String ID="string_471" HPOS="177" VPOS="1504" WIDTH="63" HEIGHT="22" WC="0.96" CONTENT="hafva"/><SP WIDTH="23" VPOS="1504" HPOS="240"/>
							<String ID="string_472" HPOS="263" VPOS="1506" WIDTH="43" HEIGHT="20" WC="0.96" CONTENT="rätt"/><SP WIDTH="22" VPOS="1506" HPOS="306"/>
							<String ID="string_473" HPOS="328" VPOS="1506" WIDTH="32" HEIGHT="20" WC="0.96" CONTENT="att"/><SP WIDTH="21" VPOS="1506" HPOS="360"/>
							<String ID="string_474" HPOS="381" VPOS="1504" WIDTH="57" HEIGHT="21" WC="0.96" CONTENT="bilda"/><SP WIDTH="14" VPOS="1504" HPOS="438"/>
							<String ID="string_475" HPOS="452" VPOS="1504" WIDTH="90" HEIGHT="22" WC="0.96" CONTENT="särskild"/><SP WIDTH="15" VPOS="1504" HPOS="542"/>
							<String ID="string_476" HPOS="557" VPOS="1503" WIDTH="122" HEIGHT="27" WC="0.95" CONTENT="församling"/><SP WIDTH="16" VPOS="1503" HPOS="679"/>
							<String ID="string_477" HPOS="695" VPOS="1503" WIDTH="38" HEIGHT="21" WC="0.92" CONTENT="och"/><SP WIDTH="16" VPOS="1503" HPOS="733"/>
							<String ID="string_478" HPOS="749" VPOS="1503" WIDTH="92" HEIGHT="22" WC="0.92" CONTENT="derifrån"/><SP WIDTH="16" VPOS="1503" HPOS="841"/>
							<String ID="string_479" HPOS="857" VPOS="1509" WIDTH="50" HEIGHT="15" WC="0.95" CONTENT="anse"/>
						</TextLine>
						<TextLine ID="line_46" HPOS="87" VPOS="1532" WIDTH="821" HEIGHT="29">
							<String ID="string_480" HPOS="87" VPOS="1533" WIDTH="27" HEIGHT="22" WC="0.93" CONTENT="de"/><SP WIDTH="15" VPOS="1533" HPOS="114"/>
							<String ID="string_481" HPOS="129" VPOS="1533" WIDTH="157" HEIGHT="28" WC="0.91" CONTENT="konseqvensen"/><SP WIDTH="16" VPOS="1533" HPOS="286"/>
							<String ID="string_482" HPOS="302" VPOS="1533" WIDTH="71" HEIGHT="22" WC="0.95" CONTENT="fordra"/><SP WIDTH="15" VPOS="1533" HPOS="373"/>
							<String ID="string_483" HPOS="388" VPOS="1536" WIDTH="32" HEIGHT="19" WC="0.96" CONTENT="att"/><SP WIDTH="15" VPOS="1536" HPOS="420"/>
							<String ID="string_484" HPOS="435" VPOS="1533" WIDTH="26" HEIGHT="21" WC="0.96" CONTENT="de"/><SP WIDTH="15" VPOS="1533" HPOS="461"/>
							<String ID="string_485" HPOS="476" VPOS="1534" WIDTH="30" HEIGHT="20" WC="0.96" CONTENT="uti"/><SP WIDTH="16" VPOS="1534" HPOS="506"/>
							<String ID="string_486" HPOS="522" VPOS="1534" WIDTH="39" HEIGHT="20" WC="0.96" CONTENT="den"/><SP WIDTH="17" VPOS="1534" HPOS="561"/>
							<String ID="string_487" HPOS="578" VPOS="1532" WIDTH="90" HEIGHT="28" WC="0.96" CONTENT="följande"/><SP WIDTH="12" VPOS="1532" HPOS="668"/>
							<String ID="string_488" HPOS="680" VPOS="1532" WIDTH="151" HEIGHT="27" WC="0.95" CONTENT="generationen"/><SP WIDTH="12" VPOS="1532" HPOS="831"/>
							<String ID="string_489" HPOS="843" VPOS="1532" WIDTH="65" HEIGHT="22" WC="0.96" CONTENT="borde"/>
						</TextLine>
					</TextBlock>
				</ComposedBlock>
			</PrintSpace>
		</Page>
	</Layout>
</alto>
