1073 1803
282 148 160 19 Presteständet
454 150 53 17 1877.
531 149 13 17 6
556 150 113 17 december.
804 142 56 23 2545

135 219 57 20 emot
216 217 80 22 hvilket
316 217 70 22 beslut
409 217 130 22 reservation
560 217 108 22 anmäldes
688 217 22 22 af
731 218 160 27 domprosterne

65 245 160 28 Hornborg
240 245 39 22 och
294 246 80 26 Borg.

138 313 84 23 Önskar
236 314 84 21 ståndet
333 314 69 22 såsom
413 314 208 27 kontraproposition
631 315 45 20 mot
686 316 126 20 momentets
822 315 67 22 andra

65 343 85 26 mening
165 343 106 27 uppställa
282 343 135 26 domprosten
427 343 99 21 Renvalls
536 342 185 27 ändringsförslag,
734 343 65 27 enligt
809 343 81 22 hvilket

64 371 38 21 det
122 371 84 21 komme
227 373 33 19 att
281 370 80 22 erhålla
376 371 92 27 följande
483 371 79 27 lydelse
577 387 13 10 ,,
591 371 132 26 framhärdar
737 370 49 28 han,
802 371 89 23 oaktadt

64 399 24 22 af
109 400 154 27 kyrkoherden,
286 400 27 26 på
335 401 43 20 sätt
400 400 25 26 $$
448 400 13 21 6
483 400 39 21 och
543 400 27 21 90
585 400 6 20 i
607 399 127 28 kyrkolagen
757 399 133 27 föreskrifva,

64 428 96 21 erhållen
183 428 151 27 undervisning
356 428 38 22 och
416 428 124 27 förmaning,
555 428 7 21 i
578 428 69 22 denna
669 428 32 21 sin
719 428 70 27 äfsigt,
803 428 85 22 inställe

65 456 39 27 sig,
124 456 65 22 sedan
205 456 63 22 minst
284 458 36 20 tyä
336 456 98 22 mänader
449 456 54 22 efter
519 456 155 22 ofvannämnda
688 456 201 28 tillkännagifvande

65 484 97 28 förflutit,
177 485 39 21 hos
231 485 162 28 kyrkoherden"
408 491 19 15 o.
442 492 16 14 s.
474 491 25 20 v.,
515 486 52 20 eller
582 486 36 26 ej?

134 553 81 22 Vinner
236 554 40 27 nej,
292 555 88 25 antages
395 554 32 20 till
442 553 210 28 kontraproposition
667 554 37 21 det
718 553 22 22 af
754 554 136 27 domprosten

66 582 58 26 Borg
138 582 118 26 föreslagna
271 582 95 27 tillägget
382 582 53 22 efter
450 582 61 22 ordet
526 582 89 28 ,afsigt*
627 582 23 22 af
659 582 91 28 följande
760 582 131 22 mellansats:

65 611 105 27 voaktadt
194 611 98 27 grundlig
316 611 147 27 undervisning
488 611 39 22 och
552 610 122 22 kärleksfull
696 611 125 27 förmaning,
844 618 46 16 som

67 640 151 27 kyrkoherden
234 640 65 27 enligt
310 640 141 27 kyrkolagens
466 639 108 23 föreskrift
588 640 100 27 åligger."

136 709 132 21 Besvarades
284 709 48 21 med
346 709 28 21 20
387 709 22 27 ja
424 709 39 21 och
481 710 25 20 12
521 709 41 26 nej.

138 772 41 21 Vill
199 772 85 22 ståndet
298 772 114 27 godkänna
426 772 67 21 andra
507 772 113 27 meningen
635 771 23 21 af
671 771 161 27 ifrågavarande
847 777 46 15 mo-

68 802 59 20 ment
144 801 7 21 i
173 800 63 28 öfrigt
250 800 135 28 oförändrad,
401 802 51 20 utan
468 802 32 20 att
515 800 61 22 ordet
592 800 160 26 ,personligen*
768 800 64 21 derur
846 802 46 19 ute-

67 830 74 24 slutes,
157 829 52 22 eller
224 829 32 27 ej?

137 893 81 21 Vinner
240 893 40 27 nej,
299 892 39 22 har
358 892 85 22 ståndet
458 894 71 20 ansett
543 893 69 21 denna
626 892 85 26 mening
726 892 52 22 böra
793 892 78 22 ändras
885 893 7 20 i

68 921 96 27 enlighet
186 922 47 21 med
256 922 137 26 domprosten
414 921 99 22 Renvalls
532 920 208 28 redaktionsförslag,
756 920 137 28 hvarigenom

69 950 41 22 den
135 950 81 22 erhölle
238 950 91 27 följande
351 949 87 29 lydelse:
461 956 46 21 ,om
529 950 50 27 han,
598 950 88 21 oaktadt
701 950 25 21 af
738 950 156 27 kyrkoherden,

70 980 28 26 på
120 982 44 19 sätt
186 980 24 27 $$
234 980 13 20 6
263 979 39 21 och
318 979 28 21 90
360 980 7 20 i
382 978 131 28 kyrkolagen
527 978 131 27 föreskrifva,
674 978 94 22 erhållen
783 978 110 22 undervis-

70 1008 51 27 ning
136 1008 39 21 och
191 1008 124 26 förmaning,
332 1007 133 22 framhärdar
480 1008 7 20 i
501 1007 33 21 sin
549 1007 64 27 afsigt
627 1009 33 19 att
675 1006 46 23 från
732 1007 39 21 den
784 1007 110 21 lutherska

70 1037 94 26 kyrkans
183 1037 128 27 gemenskap
331 1036 31 27 sig
378 1036 67 26 skilja,
460 1036 85 21 inställe
560 1036 37 26 sig,
612 1036 65 21 sedan
693 1036 63 21 minst
771 1036 35 21 två
822 1035 72 21 måna-

70 1065 39 21 der
124 1065 54 21 efter
195 1064 154 22 ofvannämnda
365 1064 202 27 tillkännagifvande
581 1064 95 24 förflutit,
691 1064 39 21 hos
745 1064 149 27 kyrkoherden

70 1093 41 22 och
126 1093 75 28 förnye
216 1093 32 22 sin
263 1093 111 22 anmälan"
391 1099 18 15 o.
425 1099 16 15 s.
457 1099 18 14 v.

140 1162 130 23 Besvarades
285 1162 47 21 med
349 1162 154 27 öfvervägande
517 1161 41 28 nej.

141 1225 127 22 Godkännes
296 1225 40 22 den
352 1225 73 29 tredje
448 1225 110 28 meningen
580 1225 22 22 af
623 1223 159 28 ifrägavarande
800 1225 95 20 moment

71 1254 136 27 oförändrad,
223 1253 51 23 eller
288 1254 35 27 ej?

146 1317 80 22 Vinner
246 1317 40 26 nej,
308 1316 39 22 har
366 1316 84 21 ständet
465 1316 56 21 velat
536 1315 54 22 efter
604 1315 66 25 första
685 1315 61 22 ordet
761 1315 7 21 i
784 1314 112 27 meningen

73 1345 111 28 wStyrkes*
200 1346 31 21 ett
246 1345 72 26 tillägg
333 1345 23 21 af
369 1345 65 21 orden
451 1345 69 24 inom
536 1344 36 21 två
587 1344 121 21 månader".

142 1407 131 23 Besvarades
288 1407 48 22 med
352 1407 154 27 öfvervägande
519 1406 31 27 ja.

796 1571 34 18 160
