1078 1806
297 153 158 18 Presteståndet
468 154 51 17 1877.
544 154 23 17 19
580 154 111 17 december.
821 149 53 20 3001

85 222 24 22 af
129 222 148 26 befolkningen
299 222 40 21 hör
354 222 32 21 till
401 222 158 27 grekisk-ryska
574 222 193 21 trosbekännelsen.
798 222 108 21 Tänkbart

85 252 24 20 är
131 251 64 21 ocksä
217 252 32 20 att
271 257 34 15 om
328 250 164 27 dissenterlagen
514 251 82 27 engäng
611 251 71 21 träder
697 251 6 20 i
720 250 100 27 utöfning,
837 250 68 26 nägon

85 279 48 21 sekt
155 279 40 21 blir
218 280 23 20 sä
261 279 64 21 talrik
340 281 32 19 att
388 279 39 21 den
443 279 42 21 kan
500 280 79 20 inrätta
594 286 26 14 en
635 279 109 21 folkskola.
776 279 59 21 Huru
851 278 55 22 skall

85 314 48 15 man
156 314 28 14 nu
206 308 74 26 stadga
302 309 32 19 att
356 307 200 21 folkskollärararen
579 308 39 20 bör
640 307 85 21 tillhöra
741 308 40 20 den
796 307 110 21 lutherska

85 336 201 21 trosbekännelsen?
308 336 40 26 Jag
371 336 72 26 tycker
465 337 32 19 att
518 336 25 21 de
559 336 135 26 stadganden,
710 341 45 15 som
771 335 112 21 förefinnas
898 335 8 21 i

85 364 236 27 författningsförslaget
343 364 79 26 afvärja
444 364 28 21 all
494 364 44 21 fara
561 364 32 21 för
614 364 108 21 lutherska
744 364 58 25 barn,
817 366 39 18 när
870 364 36 21 det

85 393 105 26 nämligen
213 395 23 19 är
258 393 99 26 stadgadt
378 395 32 19 att
432 392 148 27 undervisning
603 392 6 21 i
627 392 87 26 religion
730 392 39 22 och
784 392 87 22 historie
886 392 19 26 ej

86 421 33 22 får
140 422 108 21 meddelas
269 422 108 20 lutherska
400 421 51 21 barn
467 421 22 21 af
503 422 66 20 andra
583 423 27 19 än
625 421 128 21 lutheraner.
783 421 33 21 Då
831 421 33 21 för
879 420 26 22 de

85 450 158 27 församlingars
264 450 70 26 behof,
355 450 37 21 der
406 449 91 22 flertalet
512 452 85 24 utgöres
613 450 22 20 af
648 450 158 26 grekisk-ryska
821 448 85 23 trosför-

86 479 94 26 vandter,
201 478 61 22 äfven
283 480 31 20 ett
336 478 297 22 folkskollärareseminarium
656 478 6 20 i
684 479 96 26 sydöstra
802 478 61 21 delen
886 477 20 22 af

85 507 73 21 landet
182 509 25 19 är
230 507 70 21 afsedt
322 509 32 19 att
376 508 89 20 inrättas
487 514 62 14 anser
569 507 36 27 jag
627 507 36 21 det
685 513 51 15 vara
758 506 101 27 naturligt
874 508 33 19 att

85 536 84 21 lärarne
191 536 6 20 i
213 536 115 21 allmänhet
342 536 7 20 i
364 536 109 20 lutherska
487 536 117 21 folkskolor
620 538 36 18 äro
672 536 122 20 lutheraner
809 536 38 20 och
862 536 44 20 sär-

86 564 65 22 skildt
170 565 32 25 de,
218 570 44 16 som
278 564 111 22 undervisa
404 564 6 21 i
426 564 87 26 religion
529 564 38 22 och
583 564 93 26 historie,
692 570 46 15 men
754 566 32 19 att
801 564 83 20 lärarne
899 562 7 22 i

86 592 116 22 folkskolor
224 593 32 21 för
277 592 158 27 grekisk-ryska
457 593 166 21 trosförvandter
645 594 36 19 äro
697 592 83 28 greker.
809 592 40 26 Jag
864 592 42 20 kan

87 621 82 22 säledes
191 622 45 21 icke
258 622 73 21 förena
353 622 42 26 mig
418 628 32 14 om
467 622 64 26 nägot
546 621 87 27 specielt
648 620 116 28 stadgande
779 621 127 21 härutinnan

86 650 48 21 med
154 650 96 22 afseende
266 650 13 21 &
298 650 194 21 folkskolelärarne.
523 650 40 21 För
578 650 64 26 öfrigt
657 650 62 26 hyser
738 649 60 21 äfven
814 650 37 26 jag
866 649 40 21 den

87 678 160 28 öfvertygelsen,
268 680 32 20 att
322 679 36 21 det
380 684 49 16 vore
452 679 48 21 bäst
521 685 34 15 om
577 678 42 22 alla
633 678 69 21 lärare
718 684 48 15 vore
779 678 127 26 lutheraner,

87 713 47 15 men
151 708 34 20 det
201 710 23 18 är
235 708 63 21 ocksä
310 707 190 27 behjertansvärdt,
511 714 45 14 som
569 707 135 26 domprosten
714 706 88 22 Renvall
814 705 92 25 anförde,

87 738 32 19 att
135 742 25 15 en
176 737 68 20 lärare
260 738 14 19 t.
290 742 32 15 ex.
338 742 45 15 som
398 736 32 21 till
446 738 85 19 namnet
546 738 23 19 är
584 736 160 23 lutheran,
704 730 33 36 men
756 735 31 21 för
796 735 62 25 öfrigt
868 734 39 21 har

87 766 31 19 ett
145 765 107 26 ogudeligt
278 764 94 27 sinnelag
400 764 39 22 och
462 764 66 22 lefver
555 764 95 26 osedligt,
678 764 76 21 verkar
781 762 127 28 ojemförligt

87 793 84 27 mycket
190 799 44 15 mer
254 794 52 21 ondt
326 794 6 20 i
354 799 25 15 en
400 793 59 21 skola
480 795 27 19 än
522 800 33 18 en,
570 798 45 16 som
631 793 39 20 hör
684 792 32 21 till
732 798 24 16 en
772 798 68 15 annan
855 792 51 20 kon-

87 822 77 22 fession
180 822 39 21 och
235 824 24 19 är
274 822 63 21 lifvad
353 822 21 21 af
385 821 139 27 gudsfruktan
539 821 39 22 och
594 821 108 27 sedlighet.

160 880 140 26 Domprosten
330 879 130 21 Renvall:
490 880 33 20 Dä
545 885 28 15 nu
597 878 151 25 diskussionen,
771 878 88 21 oaktadt
881 883 26 15 en

87 908 52 26 högt
158 908 64 21 aktad
238 908 66 21 talare
319 908 7 20 i
342 908 35 21 det
391 908 48 21 hela
454 910 59 24 taget
527 907 129 27 berättigadt
671 909 128 25 protesterat
814 907 94 20 deremot

88 936 39 22 och
149 937 62 27 yrkat
232 938 26 26 pä
276 939 32 19 att
324 936 145 22 diskussionen
485 936 67 22 skulle
568 936 84 26 öfvergä
667 936 31 21 till
714 936 72 26 hvarje
801 934 107 28 paragrafs

89 965 131 27 ompröfning
241 966 101 21 särskildt
362 965 32 21 för
409 965 37 27 sig,
462 965 63 21 likväl
541 966 38 20 har
594 965 53 26 tagit
663 967 30 18 ett
708 964 90 26 omfång,
815 964 37 20 der
867 962 41 22 alla

89 994 61 22 dessa
163 995 121 26 paragrafer
299 994 62 22 hafva
377 994 68 21 blifvit
460 994 90 22 berörda
565 994 38 21 och
617 994 36 26 jag
668 993 64 21 ocksä
747 993 38 21 har
799 992 56 27 gjort
867 991 41 26 mig

88 1023 82 27 skyldig
191 1023 32 21 till
245 1024 123 25 detsamma,
384 1023 66 21 ehuru
463 1023 35 26 jag
514 1023 46 21 icke
575 1022 53 22 först
643 1022 68 26 inslog
726 1022 40 21 den
782 1024 72 23 vägen,
870 1020 39 21 har

85 1052 38 26 jag
145 1052 121 26 ytterligare
290 1052 74 26 begärt
386 1052 61 21 ordet
470 1052 47 20 med
539 1051 97 21 afseende
658 1052 13 20 å
687 1053 31 19 ett
733 1050 115 27 påstående
863 1054 45 16 som

88 1080 107 27 professor
217 1080 112 22 Ehrström
350 1080 53 21 hade
426 1082 31 19 att
480 1080 128 27 kyrkolagen
629 1079 67 21 skulle
708 1079 55 27 gifva
778 1080 43 19 rätt
836 1078 32 20 för
882 1083 26 15 en

88 1108 96 22 luthersk
205 1109 79 21 kristen
304 1111 32 19 att
358 1108 83 27 öfvergä
461 1108 32 21 till
509 1115 25 14 en
550 1108 45 21 icke
611 1109 79 20 kristen
706 1107 132 21 bekännelse.
868 1105 42 26 Jag

89 1141 44 17 tror
153 1139 32 19 att
205 1137 36 27 jag
262 1137 65 22 redan
349 1137 57 21 förut
429 1137 33 21 vid
485 1143 26 15 en
526 1137 125 26 föregående
666 1136 119 21 diskussion
799 1135 42 21 fäst
856 1140 53 20 upp-

89 1166 170 21 märksamheten
281 1166 72 21 dervid
368 1168 32 18 att
416 1165 26 22 dä
457 1165 36 22 det
508 1165 59 21 heter
582 1165 31 21 till
629 1167 63 19 annat
707 1163 164 28 kyrkosamfund
886 1163 24 20 sä

89 1200 72 15 menas
181 1195 35 20 det
231 1195 33 20 väl
280 1195 83 25 kristet,
378 1194 69 21 sävidt
463 1194 35 21 det
513 1195 60 20 ordet
589 1193 67 27 aldrig
671 1193 105 26 begagnas
791 1191 119 27 tillämpadt

89 1223 27 27 pä
137 1225 66 19 annat
224 1225 26 19 än
272 1223 80 21 kristen
374 1222 126 24 konfession,
519 1223 69 21 såsom
604 1222 59 21 äfven
676 1223 96 20 namnets
787 1220 124 25 härledning

89 1251 174 27 tillkännagifver.
292 1252 46 21 Den
361 1251 6 20 i
390 1251 48 21 hela
461 1251 72 21 landet
555 1251 50 26 högt
628 1250 115 21 värderade
758 1249 152 26 hädangångne

89 1287 55 18 man,
166 1287 45 14 som
230 1280 102 21 framlade
347 1280 116 26 petitionen
479 1279 34 22 vid
528 1282 83 19 senaste
626 1279 101 26 landtdag
742 1285 34 14 om
792 1285 25 14 en
833 1277 78 21 dissen-

90 1308 74 27 terlag,
187 1309 54 20 hade
256 1309 65 21 också
336 1308 6 21 i
357 1309 37 20 sitt
410 1307 209 28 petitionsmemorial
635 1307 75 21 endast
725 1307 97 26 upptagit
837 1305 73 26 rättig-

90 1338 62 20 heten
175 1337 32 21 för
227 1337 108 21 lutherske
350 1337 80 21 kristne
445 1339 32 18 att
493 1336 84 27 öfvergä
592 1335 31 22 till
639 1342 26 14 en
680 1341 68 15 annan
764 1335 79 20 kristen
859 1333 51 21 kon-

90 1365 84 21 fession.
204 1365 124 21 Sedermera
344 1365 127 21 utsträcktes
487 1365 35 20 det
537 1365 6 20 i
559 1365 36 20 det
610 1364 87 25 utskott,
714 1369 44 15 som
775 1363 53 21 hade
838 1362 73 25 frågan

90 1393 67 22 under
177 1393 134 26 behandling,
333 1393 60 22 äfven
409 1393 79 21 derhän
504 1395 32 19 att
551 1399 26 15 en
593 1392 113 26 öfvergäng
722 1391 67 21 skulle
804 1397 51 15 vara
869 1389 41 22 till-

89 1422 57 21 låten
170 1421 32 21 till
224 1421 46 21 icke
291 1421 80 21 kristen
386 1421 172 21 trosbekännelse
573 1421 40 20 och
627 1421 7 20 i
650 1427 25 14 en
690 1420 23 21 sä
728 1419 115 21 vidsträckt
857 1418 54 21 form

89 1455 38 15 var
147 1449 36 21 det
197 1455 45 15 som
258 1449 121 21 sedermera
394 1449 113 20 ständerna
522 1448 157 27 petitionerade.
708 1447 49 21 Man
772 1447 42 20 kan
829 1445 83 22 säledes

90 1477 57 27 hylla
161 1477 40 21 den
213 1477 81 26 äsigten
308 1479 32 19 att
354 1483 25 15 en
389 1477 95 21 luthersk
492 1477 79 20 kristen
580 1477 41 20 kan
629 1476 21 21 få
657 1475 54 26 välja
720 1481 24 15 en
754 1481 68 15 annan
831 1474 79 21 kristen

89 1505 127 26 konfession,
226 1512 47 15 men
286 1505 46 22 icke
344 1505 42 22 kan
402 1511 47 16 man
463 1505 68 22 tilläta
543 1511 25 15 en
577 1504 95 21 luthersk
681 1504 119 21 bekännare
809 1505 31 19 att
848 1501 64 22 blifva

91 1534 140 22 muhamedan
246 1535 51 22 eller
310 1536 31 20 att
354 1535 27 26 gä
396 1534 57 22 öfver
467 1534 32 21 till
512 1533 134 22 mormonism
656 1533 38 21 och
703 1533 45 21 icke
757 1532 66 22 heller
831 1531 31 22 till
871 1531 40 21 den
