1081 1798
310 147 161 19 Presteständet
483 150 57 16 1878.
563 150 24 17 18
597 150 88 21 januari.
829 147 56 20 3359

161 215 39 22 Vid
218 216 70 21 derom
304 217 67 21 skedd
386 217 147 28 föredragning
547 218 122 27 godkändes
685 219 32 22 till
730 219 42 22 alla
783 220 58 21 delar
851 222 64 20 stats-

92 244 116 21 utskottets
230 243 134 23 betänkande
379 251 34 15 n:o
431 247 24 20 16
472 247 46 20 med
534 247 93 21 definitiv
641 247 195 28 sammanställning
851 248 22 21 af
887 249 30 21 de

92 272 35 21 vid
148 271 128 28 landtdagen
300 274 140 21 1877—1878
463 274 101 27 beviljade
587 275 74 27 anslag
679 276 39 21 och
734 283 34 14 om
784 277 81 21 medlen
881 279 33 19 att

92 299 89 23 betäcka
202 301 114 27 desamma,
337 302 7 20 i
365 302 52 26 följd
435 302 76 22 hvaraf
523 303 84 22 ståndet
619 304 77 26 jemväl
711 305 72 26 ansåg,
799 307 32 19 att
847 305 66 22 bank-

93 329 114 21 utskottets
222 329 133 22 betänkande
365 337 34 14 n:o
412 331 9 20 1
434 332 108 25 angående
553 331 39 22 den
604 332 152 27 odisponerade
766 333 147 27 bankvinsten,

92 356 80 22 hvilket
187 358 133 21 betänkande
332 359 89 21 lemnats
432 359 82 22 härtills
525 360 111 25 beroende,
648 367 86 16 numera
744 361 47 22 icke
801 362 115 27 påkallade

91 386 65 27 något
171 386 101 22 särskildt
287 387 70 22 beslut
371 388 47 21 från
433 389 95 22 ståndets
543 389 52 22 sida.

159 531 119 27 Föredrogs
301 532 39 21 och
359 532 122 27 godkändes
495 534 33 20 till
543 533 41 22 alla
600 534 59 21 delar
674 534 242 28 bevillningsutskottets

90 560 78 25 förslag
189 560 32 21 till
240 561 201 27 sammanjemkning
456 562 23 20 af
491 562 101 22 ständens
607 562 120 28 skiljaktiga
742 563 69 22 beslut
827 564 33 20 vid
876 564 36 21 be-

91 588 127 27 handlingen
240 589 22 21 af
282 590 116 20 utskottets
420 590 133 22 betänkande
575 597 34 15 n:o
633 593 12 19 3
664 592 7 20 i
690 592 112 26 anledning
817 593 22 21 af
852 592 59 22 Hans

90 617 117 27 Kejserliga
230 617 110 27 Majestäts
363 618 75 26 nådiga
460 620 131 26 proposition
614 620 107 27 angående
745 621 125 26 utgörandet
891 620 23 22 af

90 646 114 26 bevillning
226 646 32 21 för
280 647 24 20 år
326 647 54 21 1878
401 646 38 22 och
460 647 118 27 påföljande
597 647 34 27 år;
648 648 39 22 och
702 648 67 22 skulle
785 649 126 27 protokolls-

90 674 76 50 utdrag
188 674 73 22 härom
284 674 94 22 utfärdas
399 674 34 22 till
455 676 118 27 respektive
595 677 138 21 medstånden
757 678 38 21 och
815 678 98 22 bemälda

89 705 88 19 utskott.

158 818 118 28 Föredrogs
299 818 151 27 lagutskottets
471 819 126 23 hemställan
620 820 33 21 till
675 820 97 27 samtliga
793 821 60 21 stånd
876 826 37 16 om

89 846 103 23 förstärkt
212 848 82 21 utskott
309 848 7 20 i
332 848 73 26 frågan
429 854 33 15 om
485 848 58 22 Hans
564 848 118 28 Kejserliga
703 848 110 28 Majestäts
833 849 79 27 nådiga

88 876 130 27 proposition
234 882 33 15 n:o
283 877 33 20 44.

157 933 67 22 Ordet
239 933 77 22 erhölls
333 935 22 19 af

156 990 90 22 Prosten
268 991 89 27 Hjelt,
377 997 44 15 som
441 991 92 27 yttrade:
550 991 43 21 För
608 990 43 22 min
668 991 33 21 del
717 991 40 21 kan
772 991 36 27 jag
823 991 18 27 ej
857 992 52 26 god-

88 1018 70 22 känna
179 1020 58 21 detta
256 1020 135 21 betänkande
409 1019 39 22 och
464 1020 36 21 det
515 1020 31 21 till
561 1019 52 27 följd
628 1020 23 20 af
665 1022 74 19 trenne
754 1020 95 22 formella
865 1027 44 15 om-

88 1048 152 26 ständigheter,
262 1054 44 16 som
325 1048 66 27 enligt
406 1049 42 20 min
468 1048 54 26 åsigt
541 1049 50 21 böra
607 1050 59 24 tagas
681 1049 7 20 i
703 1048 146 22 betraktande.
878 1048 32 22 På

87 1083 47 21 pag.
150 1077 12 20 3
179 1077 88 21 föreslår
282 1077 111 27 utskottet,
409 1080 31 18 att
453 1077 76 27 jemväl
542 1077 11 27 $
571 1078 24 20 19
607 1077 67 21 skulle
685 1077 52 22 böra
748 1077 84 22 komma
842 1077 70 22 under

88 1106 131 26 omröstning
234 1106 5 20 i
255 1106 102 21 förstärkt
372 1106 88 26 utskott,
476 1105 66 22 ehuru
558 1105 105 22 utskottet
677 1106 27 26 på
715 1112 46 21 pag.
775 1107 12 21 2
798 1106 22 21 af
828 1112 81 15 samma

87 1134 46 22 skäl
149 1133 110 27 förklarar,
274 1136 32 20 att
321 1134 68 26 tredje
404 1134 235 27 författningsförslaget
655 1134 18 26 ej
689 1134 41 21 kan
745 1135 85 21 komma
842 1134 67 21 under

88 1163 129 26 omröstning
236 1163 28 27 på
284 1164 39 20 den
344 1162 68 27 grund
431 1164 32 20 att
479 1164 35 20 två
528 1163 61 21 stånd
605 1165 86 19 stannat
705 1165 57 19 emot
777 1162 42 22 två.
849 1163 60 21 Dock

87 1192 62 26 säger
171 1191 230 27 landtdagsordningen
425 1191 142 27 ovilkorligen,
591 1192 32 20 att
645 1191 36 21 det
700 1192 67 21 måste
783 1197 60 15 anses
859 1197 50 15 vara

87 1220 97 24 förfallet,
204 1226 35 15 om
258 1220 18 26 ej
298 1222 33 19 tre
351 1220 62 21 stånd
433 1219 90 25 besluta,
539 1222 32 19 att
586 1220 72 26 frågan
674 1220 17 26 ej
708 1220 33 21 får
755 1219 89 22 förfalla.
875 1219 34 22 Nu

87 1248 39 21 har
144 1248 64 22 redan
229 1248 175 27 borgareständet
424 1248 56 28 gjort
495 1248 71 22 försök
581 1248 31 21 till
628 1248 129 27 inbjudning,
773 1248 66 22 ehuru
855 1248 58 22 både

86 1278 80 26 preste-
189 1277 38 21 och
252 1277 159 21 bondeständen
431 1276 62 22 hafva
511 1277 103 21 förkastat
633 1277 158 26 inbjudningen.
822 1276 91 22 Säledes-

87 1306 41 20 kan
145 1306 64 26 enligt
225 1306 41 20 min
282 1306 138 27 öfvertygelse
435 1306 67 20 under
516 1306 49 26 inga
580 1304 67 22 vilkor
663 1306 130 26 omröstning
809 1311 37 21 ega
862 1311 47 15 rum

86 1334 6 20 i
109 1333 102 22 förstärkt
233 1334 83 21 utskott
337 1340 34 15 om
387 1334 40 22 den
445 1334 24 21 19
485 1335 20 25 &.
535 1334 76 21 Vidare
627 1340 61 21 synes
704 1334 35 21 det
755 1334 48 26 mig,
819 1335 32 19 att
867 1333 44 21 alla

88 1362 297 28 omröstningspropositioner
406 1364 37 20 äro
466 1363 121 27 uppställda
608 1362 40 22 här
669 1363 27 27 pä
717 1364 56 20 orätt
789 1364 48 20 sätt.
868 1362 40 22 Om

87 1397 49 15 man
155 1392 103 26 nämligen
279 1392 114 27 genomgår
415 1392 26 20 74
457 1392 10 25 8
483 1392 6 20 i
505 1391 24 21 L.
543 1392 30 25 O.,
589 1392 24 21 sä
625 1392 94 20 kommer
734 1397 49 15 man
799 1390 88 27 ungefär
902 1390 6 21 i

88 1420 78 22 midten
188 1420 22 21 af
231 1420 126 26 paragrafen
380 1420 32 21 till
434 1420 90 25 följande
546 1420 176 25 lagbestämning:
740 1419 52 24 ,och
808 1426 49 19 eger
872 1420 36 19 det

87 1448 89 21 sälunda
190 1448 116 21 förstärkta
322 1448 104 21 utskottet
441 1449 32 19 att
489 1447 98 22 samfäldt
602 1447 53 22 efter
671 1447 132 21 hufvudtalet
818 1447 91 20 anställa

87 1476 131 27 omröstning
237 1476 32 21 tili
285 1476 120 26 ovilkorligt
421 1475 39 22 och
475 1476 81 26 slutligt
571 1475 120 26 antagande
706 1475 51 21 eller
772 1475 136 21 förkastande

87 1504 23 21 af
130 1504 54 23 hvad
207 1505 115 22 utskottets
344 1505 108 26 pluralitet
474 1504 102 28 tillstyrkt
590 1505 7 20 i
613 1504 25 21 de
654 1504 64 25 delar,
734 1504 58 21 hvari
808 1504 103 21 ständens

87 1533 69 23 beslut
176 1534 54 21 varit
250 1533 137 28 skiljaktiga".
417 1533 68 22 Häraf
498 1533 91 28 framgår
603 1533 82 22 således
700 1535 32 20 att
748 1533 35 22 det
799 1535 23 19 är
837 1535 71 25 egent-
