1081 1800
321 151 160 18 Presteständet
493 152 55 16 1878.
573 152 23 17 12
608 151 91 18 Januari.
834 146 55 22 3283

96 219 191 21 underskrifvande
309 219 68 21 skulle
398 225 51 15 vara
471 220 111 25 tillstädes,
604 220 55 25 finge
674 220 79 21 skrifva
768 220 68 20 under
850 220 68 21 landt-

96 247 152 26 dagsbeslutet.

164 303 11 21 I
190 303 152 26 sammanhang
356 303 87 21 härmed
459 304 83 20 kommo
559 304 95 21 ständets
670 303 137 22 medlemmar
822 304 96 21 öfverens

97 337 33 15 om
154 333 32 20 att
206 332 78 21 samlas
302 332 6 21 i
324 332 80 26 onsdag
419 331 27 22 kl.
465 333 25 20 10
506 332 44 21 före
566 332 110 26 middagen
691 333 33 20 för
739 334 33 20 att
786 333 70 21 lemna
871 332 47 22 sina

97 360 153 21 underskrifter
265 361 66 20 under
346 360 216 27 landtdagsbesluten.

164 502 97 22 Derefter
275 503 109 27 föredrogs
400 503 164 22 bondeständets
579 503 123 27 inbjudning
717 503 32 22 till
760 503 156 28 presteständet

96 533 32 19 att
147 531 75 27 frängä
242 532 38 21 sitt
302 532 34 21 vid
360 532 155 27 behandlingen
538 533 23 20 af
582 532 246 27 värnepligtsutskottets
844 532 74 21 betän-

95 559 83 22 kanden
201 560 51 21 n:ris
275 561 9 20 1
310 560 39 21 och
373 561 12 20 3
405 561 7 20 i
434 560 113 27 anledning
561 561 23 20 af
598 560 58 22 Hans
672 560 117 27 Kejserliga
805 561 110 27 Majestäts

96 588 76 27 nädiga
187 589 130 27 proposition
334 595 34 15 n:o
383 590 28 20 40
426 595 34 15 om
476 589 108 21 införande
601 589 23 22 af
633 590 77 21 allmän
721 589 118 27 värnepligt
850 589 6 21 i
867 589 50 21 Fin-

96 617 49 21 land
166 617 82 21 fattade
270 617 69 22 beslut
354 618 108 26 angående
477 618 12 28 &
505 619 12 19 2
534 618 38 21 och
588 618 108 26 angående
712 618 56 22 vissa
782 618 134 27 paragrafers

95 646 6 20 i
117 646 40 21 den
173 645 107 22 blifvande
296 646 149 27 förordningen
460 647 178 27 grundlagsnatur
654 647 39 21 och
709 647 73 21 förena
793 647 48 27 sig
834 641 10 37 i
855 647 63 21 dessa

96 674 58 21 delar
169 680 33 15 om
219 674 35 22 det
270 674 75 27 beslut,
362 675 6 20 i
383 675 81 21 hvilket
478 675 36 21 det
529 675 130 22 hedervärda
674 675 85 22 ständet
774 677 92 20 stannat.

164 731 115 27 Angäende
302 732 40 21 den
365 732 57 22 förra
437 731 61 23 delen
514 733 23 21 af
550 732 151 27 inbjudningen
716 733 93 26 uppstod
824 733 92 26 följande

95 760 130 22 diskussion
216 756 13 35 :

163 817 110 22 Professor
312 824 121 15 Forsman:
449 818 47 21 Den
511 818 123 27 inbjudning
645 819 47 21 med
703 818 100 21 afseende
814 819 13 20 &
836 818 81 22 vakan-

94 852 44 19 sen,
158 852 45 15 som
226 846 154 21 bondeständet
399 847 39 20 har
452 853 76 20 genom
543 848 32 20 sin
591 847 124 26 deputation
730 847 42 21 fört
788 847 31 21 till
835 850 81 23 preste-

94 875 91 25 ständet,
201 875 90 21 likasom
308 875 32 21 till
356 875 26 21 de
392 875 68 26 öfriga
470 876 144 26 medständen,
626 877 24 19 är
662 875 122 27 visserligen
796 882 25 14 en
833 875 83 27 mycket

95 903 111 22 ömmande
222 904 38 21 sak
276 904 38 21 och
331 904 72 26 tyckes
418 904 43 26 mig
476 905 23 20 sä
515 904 31 21 till
562 904 48 21 vida
624 903 92 27 förtjena
730 906 32 19 att
776 904 48 21 utaf
837 906 79 24 preste-

94 932 86 21 ständet
195 934 60 25 tagas
270 933 31 20 uti
316 931 125 24 beaktande,
458 939 44 14 som
519 932 199 27 hufvudsyftemälet
734 933 47 21 med
794 932 123 22 densamma

95 961 33 21 väl
143 961 46 21 icke
204 962 24 19 är
243 961 64 26 nägot
322 964 66 18 annat
402 963 26 18 än
444 961 42 25 det,
502 961 32 21 till
550 961 80 21 hvilket
640 961 61 21 äfven
712 961 156 26 presteständet
878 961 39 22 har

95 989 95 26 sträfvat,
213 989 19 21 d.
254 996 18 14 v.
296 995 15 15 s.
334 991 32 19 att
388 990 56 21 tillse
463 991 32 20 att
510 990 53 25 icke,
578 989 28 21 dä
622 996 24 15 en
662 996 27 20 ny
704 989 136 27 beskattning
855 990 7 21 i
878 989 39 22 och

95 1019 33 20 för
143 1018 181 21 militärväsendet
338 1018 6 20 i
362 1017 71 22 landet
448 1018 95 21 kommer
559 1019 6 20 i
582 1018 120 25 framtiden,
718 1018 69 21 säsom
803 1019 72 20 säkert
886 1020 30 25 är,

95 1048 31 20 att
146 1047 101 26 päläggas
262 1047 39 21 och
317 1047 69 21 denna
401 1047 135 27 beskattning
551 1047 61 21 äfven
628 1047 94 21 kommer
737 1049 33 19 att
785 1046 80 22 drabba
881 1047 36 21 det

95 1077 79 20 största
189 1075 87 27 kapital,
292 1082 45 15 som
353 1075 73 22 landet
440 1081 56 21 eger,
511 1077 20 20 d.
546 1082 18 15 v.
580 1082 15 15 s.
605 1076 212 26 jordegendomarna,
828 1076 89 21 vakans-

96 1103 111 27 afgifterna
227 1105 68 20 skulle
311 1105 84 25 gvarstä
410 1104 89 21 likasom
515 1106 57 19 utom
589 1104 28 21 all
633 1104 116 26 beräkning
766 1105 38 20 och
821 1104 39 20 den
876 1110 41 20 nya

95 1133 84 21 skatten
203 1132 84 26 päföras
308 1133 74 26 jorden
404 1132 91 26 ofvanpä
518 1133 39 21 den
572 1132 71 26 gamla
658 1132 39 22 och
713 1132 89 21 sälunda
817 1132 58 21 skatt
889 1132 29 26 pä

95 1161 57 21 skatt
175 1161 62 21 bäras
259 1161 23 21 af
298 1161 76 27 jorden
388 1161 34 21 för
437 1163 31 19 ett
483 1161 38 21 och
538 1167 79 15 samma
632 1161 104 21 ändamäl.
766 1160 70 27 Nägot
852 1162 65 19 annat

95 1189 133 27 hufvudsyfte
244 1190 72 26 tyckes
332 1190 42 26 mig
388 1189 46 22 icke
450 1190 55 26 ligga
520 1190 31 21 uti
565 1189 165 22 bondeständets
742 1189 125 26 inbjudning
878 1189 39 21 och

94 1219 83 26 strängt
184 1220 66 24 taget,
259 1218 69 21 säsom
336 1218 35 27 jag
378 1217 38 22 har
424 1218 64 21 fattat
499 1218 60 21 äfven
575 1218 115 21 utskottets
706 1217 139 25 betänkande,
855 1217 63 22 sträf-

94 1253 37 15 var
146 1248 60 20 detta
221 1247 33 20 till
268 1253 82 15 samma
364 1247 43 20 mål
422 1247 67 21 ehuru
504 1247 122 26 visserligen
644 1247 46 21 icke
705 1247 47 20 med
768 1247 24 20 sä
807 1246 110 22 bestämda

94 1275 39 21 och
149 1275 79 27 tydliga
244 1275 38 21 ord
297 1281 45 15 som
358 1281 28 15 nu
401 1276 40 20 den
456 1275 23 21 af
493 1275 155 22 bondeständet
663 1275 139 21 formulerade
818 1274 100 22 hemstäl-

94 1303 41 21 lan.
165 1303 124 22 Emellertid
305 1303 88 21 oaktadt
408 1304 58 21 detta
481 1304 42 21 kan
536 1304 36 26 jag
586 1304 46 21 icke
647 1304 55 21 neka
717 1305 32 20 att
762 1303 36 27 jag
814 1303 54 22 dock
878 1303 40 21 har

94 1333 69 26 nägon
184 1331 145 26 betänklighet
351 1332 32 21 för
405 1334 31 19 att
459 1332 73 22 förena
554 1332 43 27 mig
619 1339 33 14 om
672 1332 39 22 den
727 1331 22 22 af
762 1332 156 21 bondeständet

94 1361 117 26 uppgjorda
226 1360 168 27 formuleringen,
410 1361 88 21 emedan
514 1361 68 21 denna
597 1361 136 26 formulering
743 1360 7 21 i
762 1360 54 21 vissa
826 1361 92 26 punkter

93 1389 107 22 förefaller
215 1389 43 26 mig
272 1389 80 26 ganska
368 1389 85 27 otydlig.
476 1389 40 26 Jag
532 1389 64 22 fäster
612 1389 42 26 mig
669 1389 46 21 icke
730 1389 74 21 dervid
819 1391 31 19 att
866 1388 51 21 bon-

94 1417 111 22 deständet
226 1417 40 22 har
284 1417 32 22 för
331 1417 31 22 sin
378 1418 33 21 del
427 1417 86 22 beslutit
529 1418 39 21 och
584 1417 76 22 önskat
674 1420 32 19 att
720 1418 115 21 ständerna
849 1416 69 22 skulle

93 1446 82 21 besluta
190 1447 33 20 att
238 1445 40 22 den
294 1445 121 21 nuvarande
430 1446 106 20 vakansen
551 1445 67 21 skulle
630 1445 100 27 päläggas
737 1444 180 27 jordegendomen

93 1473 89 22 likasom
198 1480 67 15 annan
282 1473 145 26 förmögenhet
442 1473 40 22 och
497 1475 32 20 att
544 1474 36 21 det
594 1473 82 22 säledes
691 1473 47 21 frän
753 1473 164 21 bondeständets

93 1503 46 21 sida
153 1503 47 21 icke
215 1505 23 20 är
254 1503 35 21 det
304 1502 92 27 ringaste
412 1502 59 27 fräga
486 1508 34 15 om
536 1504 32 20 att
580 1501 76 28 jorden
671 1501 68 22 skulle
748 1502 28 27 gä
788 1501 25 22 fri
824 1501 94 22 beskatt-

92 1531 51 29 ning
165 1532 32 21 för
220 1531 36 22 det
278 1537 40 22 nya
341 1531 181 22 militärväsendet
538 1531 27 22 dä
580 1531 36 22 det
630 1533 25 19 är
676 1531 73 22 säkert
764 1533 32 20 att
810 1531 108 22 vakansen
