1073 1800
213 156 56 21 2526
418 160 161 18 Presteståndet
591 161 53 16 1877.
668 160 12 16 6
693 160 112 17 december.

184 229 59 22 tiden
258 229 46 21 står
314 229 41 21 han
367 235 51 21 qvar
428 228 7 21 i
445 228 163 27 församlingens
617 228 154 27 kyrkoböcker,
782 228 36 22 det
828 228 45 21 står
883 234 35 15 om
928 228 78 21 honom

184 260 34 19 att
232 257 42 22 han
290 259 24 19 är
328 264 25 14 en
370 257 66 22 sådan
450 263 45 15 som
512 257 54 21 skall
581 257 95 26 utträda;
691 259 85 25 presten
789 257 34 21 får
833 257 86 27 betjena
928 256 78 22 honom

184 293 35 15 om
234 286 42 21 han
292 286 105 27 nämligen
413 286 23 21 så
452 286 77 21 önskar
544 292 48 15 men
607 286 115 27 ingalunda
737 286 101 27 påtvinga
847 286 78 22 honom
936 286 70 27 någon

184 316 71 26 tjenst.
276 315 48 21 Han
339 315 42 21 kan
396 314 84 22 således
495 315 47 21 icke
552 314 74 22 ställas
636 315 67 21 under
713 314 148 28 kyrkotuktlig
871 314 135 28 behandling,

184 344 42 22 han
247 344 49 25 kan,
312 344 41 20 han
369 344 35 20 må
419 343 55 21 lefva
489 342 54 22 huru
559 343 106 27 okristligt
680 349 45 15 som
741 343 61 24 helst,
818 344 52 26 säga
884 343 22 22 åt
921 346 86 24 presten

185 373 39 21 och
247 372 139 28 kyrkorådet:
408 372 48 27 ,det
476 372 67 27 angår
558 378 23 15 er
595 372 68 26 icke;*
679 372 42 21 han
737 374 23 19 är
775 372 27 21 fri
817 372 47 21 från
879 372 28 21 all
922 372 87 27 kyrklig

184 402 38 21 sed
243 401 39 21 och
304 401 96 26 ordning,
416 408 48 14 men
480 401 44 21 står
539 401 82 21 ändock
637 407 56 20 qvar.
724 401 48 21 Han
787 401 42 21 kan
845 401 65 21 också
924 400 84 28 åtnjuta

184 430 57 21 vissa
256 430 24 21 af
293 429 312 27 församlingsmedlemmarnas
620 429 127 28 rättigheter
762 433 15 17 t.
793 436 33 14 ex.
837 430 33 20 stå
881 429 75 21 fadder
967 429 40 21 och

184 459 57 27 välja
263 459 78 21 ombud
364 459 34 20 vid
420 459 142 26 kyrkomötet,
582 457 22 28 ja
619 458 42 21 han
677 459 41 20 kan
734 460 13 19 t.
765 465 20 14 o.
800 465 28 14 m.
843 458 117 21 försumma
975 460 32 19 att

183 487 51 27 ingä
249 487 7 21 i
271 488 65 25 nägot
351 490 65 18 annat
432 487 166 26 kyrkosamfund
609 499 28 3 —
649 487 34 21 det
698 487 42 21 kan
756 487 71 21 hända
842 489 32 19 att
886 487 41 22 han
940 487 70 21 tinner

184 517 37 20 det
242 516 48 21 bäst
312 515 230 22 öfverensstämmande
562 515 47 22 med
631 515 38 22 sitt
687 515 102 22 inbillade
804 518 94 19 samvete
913 517 33 20 att
960 515 49 22 icke

183 545 54 21 höra
251 544 34 21 till
300 545 69 26 nägon
384 544 73 26 kyrka,
472 547 32 18 att
520 550 50 15 vara
585 544 134 27 religionslös
735 544 39 21 och
786 544 37 27 jag
838 544 71 21 tviflar
920 544 48 21 icke
978 544 30 27 pä

184 576 32 19 att
239 573 36 21 det
296 573 42 21 kan
360 573 85 21 komma
467 576 32 19 att
520 573 69 21 finnas
604 573 85 25 sädana,
706 579 45 15 som
767 573 60 21 skola
842 572 57 22 finna
914 573 36 22 det
964 573 43 21 för-

183 602 67 28 enligt
264 602 49 21 med
328 602 38 21 sitt
382 604 94 19 samvete
491 604 32 19 att
538 602 27 27 pä
577 602 36 21 det
625 604 65 19 sättet
701 602 46 22 icke
758 602 64 21 hafva
831 602 70 27 nägon
911 602 97 27 religion,

184 637 51 15 vara
256 630 39 28 frie
315 630 47 22 frän
382 631 30 21 all
432 631 54 25 tukt,
506 631 90 27 ordning
611 631 40 21 och
665 631 84 26 kristlig
765 630 43 24 sed,
824 630 56 22 lefva
895 630 111 28 religions-

183 660 49 21 löst.
262 659 69 22 Afven
354 660 27 26 pä
397 660 67 20 denna
479 660 69 26 grund
563 659 42 21 kan
617 660 36 26 jag
669 660 48 20 icke
731 660 114 26 godkänna
860 666 25 14 en
900 659 109 27 paragraf,

184 688 88 22 hvilken
292 688 47 21 icke
359 688 55 21 blott
434 688 77 27 tydligt
533 688 66 28 syftar
616 688 28 27 pä
659 690 32 19 att
707 688 89 27 upplösa
812 688 40 21 den
867 688 24 21 af
905 688 55 21 båda
974 695 34 14 re-

184 717 198 27 geringsmakterna
404 716 24 22 sä
450 717 84 27 nyligen
555 719 93 24 antagna
668 717 137 27 kyrkolagen,
829 719 51 19 utan
902 716 60 22 äfven
984 716 24 22 sä

184 746 88 21 alldeles
294 746 69 26 legert
383 745 118 21 behandlar
514 748 33 18 'en
569 745 38 21 den
629 746 54 20 allra
698 746 112 26 vigtigaste
826 745 60 27 fråga
902 745 106 27 nämligen

184 774 74 27 frägan
280 780 34 15 om
337 776 32 19 att
391 774 51 26 utgä
464 774 48 21 frän
535 774 41 21 den
597 774 132 26 församling,
744 773 33 22 till
795 774 86 21 hvilken
896 780 49 15 man
960 774 47 21 frän

183 802 131 22 barndomen
330 802 39 21 har
384 802 54 27 hört,
454 804 31 20 att
501 802 88 22 förneka
604 802 46 22 sina
665 802 71 22 fäders
751 805 41 23 tro,
808 802 89 22 förneka
914 802 39 22 den
966 806 43 23 tro,

184 832 34 20 till
240 831 85 23 hvilken
348 837 49 15 man
412 831 40 21 har
467 831 72 21 blifvit
554 832 57 27 döpt,
626 831 7 21 i
649 831 85 21 hvilken
750 838 49 14 man
815 830 39 22 har
870 831 71 21 blifvit
955 837 52 21 upp-

184 860 81 22 fostrad
286 860 38 21 och
344 860 85 21 hvilken
448 866 49 14 man
517 860 80 21 kanske
619 860 65 20 redan
703 860 36 21 vid
755 860 32 21 sin
802 860 151 22 konfirmation
968 860 42 21 har

184 888 132 28 högtidligen
331 888 68 22 lofvat
414 890 32 20 att
460 888 108 22 vidblifva.

252 918 64 21 Emot
337 919 85 25 prosten
442 917 119 22 Johnssons
581 918 100 26 yttrande
701 917 37 21 vill
751 918 38 26 jag
803 918 103 21 anmärka
921 919 32 20 att
968 917 41 21 här

183 946 66 22 redan
265 946 57 21 förut
336 946 71 21 blifvit
422 945 24 21 af
459 952 25 15 en
500 946 51 21 ärad
566 946 67 21 talare
649 946 122 21 framhållet
781 946 101 22 hurusom
893 946 36 21 det
940 952 34 15 ser
983 948 24 20 ut

184 981 45 15 som
245 975 68 21 skulle
327 981 50 15 man
392 981 50 15 anse
458 975 115 21 dissenters
590 974 7 21 i
610 974 42 22 alla
665 974 59 22 delar
734 974 129 28 fullkomligt
873 974 136 28 rättfärdiga,

183 1003 111 27 infallibla,
312 1003 39 22 och
370 1004 38 26 jag
429 1005 51 25 tror,
496 1006 32 18 att
544 1003 59 21 detta
618 1004 99 26 yttrande
732 1003 47 21 icke
794 1010 38 15 var
847 1004 25 21 så
886 1005 50 20 utan
953 1003 53 21 skäl.

183 1032 35 22 Nu
239 1032 46 22 åter
306 1032 128 21 framställes
454 1032 12 21 å
481 1032 67 21 andra
563 1032 59 21 sidan
637 1034 33 19 att
684 1034 109 24 presterne
809 1032 67 21 skulle
892 1038 50 15 vara
958 1038 51 21 par-

184 1061 63 25 tiska,
268 1062 32 20 att
320 1061 26 21 de
366 1060 47 22 icke
434 1060 68 21 skulle
525 1061 50 27 vilja
590 1061 74 26 släppa
678 1063 25 19 ut
719 1067 24 15 en
760 1067 77 21 person
853 1060 47 22 från
916 1061 91 21 försam-

183 1089 79 27 lingen,
277 1089 88 21 hvarför
387 1088 61 22 äfven
471 1092 73 24 pastor
565 1089 46 21 icke
633 1089 65 21 borde
713 1090 76 26 pröfva
804 1090 47 26 den,
866 1095 46 15 som
928 1090 80 20 önskar

183 1118 87 21 utträda
285 1120 52 19 utan
352 1117 42 21 han
410 1117 64 22 hafva
484 1118 63 27 betyg
559 1118 46 21 från
618 1124 25 15 en
655 1118 65 26 högre
731 1117 107 23 folkskola
850 1118 59 21 öfver
920 1120 33 19 att
964 1118 44 22 han

183 1147 123 27 genomgått
324 1147 40 21 den
380 1152 86 15 samma.
496 1146 43 22 För
554 1148 31 20 att
601 1146 22 21 få
638 1146 63 28 betyg
716 1146 47 22 från
778 1153 26 15 en
819 1147 66 26 högre
900 1146 108 22 folkskola

183 1175 69 22 måste
271 1182 50 14 man
336 1175 64 21 hafva
415 1175 97 27 kunskap
528 1176 6 20 i
549 1175 94 27 historie,
658 1175 140 22 mathematik
814 1176 39 21 och
869 1175 38 22 allt
922 1176 85 27 möjligt

183 1205 82 21 hvilket
282 1205 36 27 jag
334 1205 46 21 icke
395 1210 62 15 anser
472 1204 101 28 behöfligt
589 1203 33 22 för
636 1205 86 21 utträde
737 1211 26 14 ur
778 1204 157 27 församlingen.
964 1205 43 26 Jag

183 1233 91 22 föreslår
290 1233 89 26 derföre,
394 1235 32 19 att
440 1233 46 21 icke
502 1233 90 22 allenast
607 1233 36 21 det
658 1233 68 21 första
741 1239 52 16 utan
808 1233 64 22 äfven
886 1233 37 22 det
938 1234 70 21 andra

183 1268 71 20 mom.,
270 1268 44 15 som
330 1263 64 25 utgör
408 1268 26 15 en
450 1262 24 21 så
488 1263 53 20 nära
555 1262 140 27 fortsättning
709 1262 24 21 af
741 1262 37 21 det
787 1262 74 24 första,
872 1262 66 22 måtte
948 1262 57 21 åter-

182 1291 121 21 remitteras
326 1291 32 20 till
380 1291 104 20 utskottet
508 1290 33 21 för
563 1293 32 18 att
616 1290 109 22 utärbetas
748 1291 7 20 i
778 1291 37 21 det
832 1290 23 21 af
869 1291 137 27 domprosten

182 1319 90 22 Renvall
288 1319 40 22 och
341 1323 74 23 pastor
430 1319 56 27 Lyra
501 1318 86 27 angifna
602 1319 61 26 syfte.

251 1375 91 21 Prosten
366 1375 179 25 Rosengren:
579 1374 49 21 Med
650 1375 114 27 anledning
786 1374 24 22 af
830 1376 88 26 prosten
939 1375 65 21 Roos"

183 1403 93 27 sorgliga
297 1403 103 27 skildring
422 1402 24 22 af
461 1402 116 22 innehållet
592 1403 7 21 i
614 1402 69 22 denna
699 1406 10 18 7
726 1404 11 27 &
753 1403 37 21 vill
803 1404 37 27 jag
855 1404 103 22 anmärka
973 1406 34 19 att

183 1431 127 29 paragrafen
331 1432 53 21 dock
405 1431 47 22 icke
472 1433 23 19 är
518 1431 23 22 så
563 1431 42 22 ond
620 1432 40 21 och
675 1432 205 28 förderfbringande,
896 1439 45 15 som
956 1432 52 22 herr

182 1463 87 25 prosten
284 1461 72 27 tyckes
372 1460 50 28 vilja
438 1467 22 15 se
475 1461 46 21 den.
547 1461 46 21 Den
609 1460 68 22 första
691 1461 99 22 anmälan
806 1462 75 22 verkar
895 1462 110 28 ingenting

183 1490 28 27 på
226 1496 114 21 personens
360 1490 100 26 ställning
475 1490 33 21 till
523 1490 88 27 kyrkan,
627 1490 42 21 han
682 1490 39 21 har
734 1490 24 28 ju
773 1491 47 21 icke
835 1492 55 21 ännu
906 1491 26 21 de
948 1490 59 23 facto

184 1519 70 27 utgått
270 1519 121 28 derigenom
406 1520 33 20 att
453 1518 42 22 han
510 1519 167 27 tillkännagifvit
693 1519 32 22 för
737 1520 149 28 kyrkoherden
896 1520 33 22 sin
940 1520 66 27 afsigt
