1081 1795
316 151 160 18 Presteständet
489 152 54 17 1878.
568 153 22 15 21
601 152 88 21 januari.
836 146 53 21 3401

168 219 90 22 Prosten
279 219 96 27 Hjelt:
405 220 43 21 För
466 220 43 21 min
530 219 34 22 del
584 219 95 22 ansluter
696 220 36 26 jag
748 219 42 27 mig
804 219 32 22 till
852 219 67 22 öfver-

100 247 83 22 läraren
205 247 110 22 Kihlmans
337 248 59 27 äsigt.
424 249 42 26 Jag
488 249 34 20 vill
545 249 51 20 visst
610 248 46 21 icke
671 248 27 27 pä
713 248 68 21 denna
796 248 123 27 inbjudning

101 276 95 27 tillämpa
212 276 36 21 det
263 276 91 21 latinska
369 277 125 27 ordspräket
509 276 75 28 ,Latet
598 277 72 26 angvis
683 277 22 20 in
720 276 86 25 herba*,
822 283 47 14 men
883 276 36 27 jag

100 304 42 22 kan
163 305 54 21 dock
239 305 46 21 icke
305 305 111 21 underläta
437 308 31 18 att
486 307 39 25 tro,
540 307 32 19 att
588 305 36 22 der
639 305 66 27 ligger
720 305 68 26 nägon
804 305 115 26 baktanke,

100 339 45 15 som
158 333 37 27 jag
209 333 46 22 icke
271 333 38 22 har
325 334 79 21 kunnat
419 333 73 27 riktigt
507 333 102 28 uppfatta.
639 333 33 22 Dä
688 335 30 19 ett
733 333 23 21 sä
771 333 51 27 godt
837 333 82 22 tillfälle

100 363 32 20 att
153 362 46 21 lösa
222 362 68 21 denna
311 362 59 26 fräga
391 361 96 28 förefans,
507 369 46 14 men
569 363 40 20 den
624 361 33 22 vid
674 362 68 21 denna
757 361 100 28 landtdag
872 361 47 22 icke

99 389 31 22 lät
144 390 8 21 i
166 390 52 27 följd
233 390 22 22 af
268 390 104 22 särskilda
386 390 145 22 förhållanden
546 391 46 21 lösa
606 391 38 27 sig,
660 391 34 21 mä
704 390 65 21 saken
780 391 64 21 också
854 389 62 23 hvila.

100 418 40 28 Jag
158 421 46 19 tror
218 421 32 20 att
266 420 46 21 dess
328 420 80 26 lösning
423 420 73 21 lättast
510 420 41 21 kan
567 420 73 21 vinnas
655 420 27 26 pä
697 420 35 20 det
747 421 43 19 sätt
806 420 113 20 öfverlära-

99 453 38 16 ren
152 447 99 22 Kihlman
266 448 110 21 framstält.

168 516 90 21 Prosten
300 522 154 21 Rosengren:
476 517 40 26 Jag
529 517 37 21 ber
576 518 32 20 att
617 516 22 21 fä
649 516 83 22 ansluta
743 516 43 27 mig
796 516 31 21 till
838 522 80 15 samma

100 544 54 27 äsigt
172 551 45 15 som
232 545 41 22 den
288 547 82 20 senaste
387 546 81 21 talaren
484 545 38 22 och
537 545 72 22 rektor
624 545 98 22 Kihlman
738 544 109 22 framstält.
878 544 40 27 Jag

100 575 45 19 tror
167 575 32 19 att
222 579 33 16 om
278 574 25 21 de
324 579 16 16 s.
356 573 20 22 k.
392 573 294 28 löneregleringskomit6erna
701 573 85 22 komma
802 576 32 18 att
848 573 70 21 utföra

99 601 37 22 sitt
154 602 46 21 värf
220 603 23 20 sä
261 608 44 15 som
322 603 40 20 den
378 602 20 21 af
412 602 84 21 ständet
510 602 111 27 godkända
636 602 151 26 författningen
802 602 66 26 gifver
883 601 35 21 vid

99 630 89 25 handen,
210 637 48 15 man
273 631 48 21 med
336 631 99 21 afseende
449 632 13 20 &
478 631 25 21 de
518 631 70 21 lokala
602 630 158 22 förhällandena
776 631 94 21 kommer
885 630 33 21 till

100 659 35 21 det
149 659 62 21 bästa
223 659 88 22 resultat
321 659 23 22 sä
355 659 47 22 vida
413 659 104 27 nämligen
527 660 157 27 presterskapet
694 659 39 22 och
744 659 174 26 församlingarna

99 688 35 21 det
150 688 71 21 önska.

167 755 88 22 Prosten
277 755 158 27 Dahlberg:
465 755 41 27 Jag
525 756 41 21 kan
587 755 45 22 icke
648 755 64 22 heller
728 755 83 22 ansluta
826 756 43 25 mig
886 755 31 22 till

98 783 156 28 inbjudningen,
276 785 28 20 dä
325 784 147 27 ridderskapet
493 784 38 22 och
552 785 61 20 adeln
634 784 46 21 icke
699 785 27 26 pä
741 785 65 25 nägot
820 786 42 19 sätt
877 784 41 21 har

98 812 92 26 angifvit,
214 813 5 20 i
242 812 83 22 hvilken
347 813 93 26 riktning
463 819 25 15 en
511 813 65 21 sädan
596 813 90 27 petition
707 813 31 20 till
759 813 27 21 H.
805 812 27 22 M.
848 812 69 21 skulle

97 841 109 21 inlemnas.

166 909 56 22 Herr
247 909 141 22 talmannen
433 909 122 22 framstälde
578 909 52 22 härä
651 909 91 27 följande
765 909 151 27 omröstnings-

97 938 141 27 proposition:

166 1007 41 20 Vill
229 1007 155 26 presteständet
402 1009 76 24 antaga
493 1007 145 26 ridderskapet
654 1006 38 22 och
708 1007 73 21 adelns
797 1013 27 14 nu
840 1006 76 26 ifräga-

98 1036 90 21 varande
204 1035 129 27 inbjudning,
349 1035 51 22 eller
414 1035 60 22 icke?

165 1104 79 21 Vinner
259 1105 40 26 nej,
315 1106 24 19 är
354 1104 64 27 sagda
433 1104 124 27 inbjudning
572 1103 22 22 af
606 1103 86 22 ständet
707 1103 79 28 afböjd.

166 1172 130 22 Besvarades
312 1172 47 22 med
376 1173 23 20 11
414 1173 23 26 ja
452 1172 39 21 och
508 1174 25 20 14
549 1173 40 26 nej,

166 1241 87 22 hvarom
268 1241 153 22 underrättelse
436 1241 67 22 borde
518 1241 6 21 i
540 1241 69 26 vanlig
622 1240 88 27 ordning
720 1241 106 22 meddelas
835 1241 82 21 ridder-

98 1269 75 28 skapet
194 1270 38 21 och
253 1271 62 20 adeln
336 1272 55 19 samt
411 1270 25 21 de
456 1270 66 27 öfriga
537 1269 138 22 medständen
690 1269 106 22 äfvensom
812 1275 104 16 samman-

98 1300 56 20 satta
169 1299 43 26 lag-
228 1299 38 21 och
280 1298 208 22 ekonomiutskottet.

168 1445 118 27 Föredrogs
307 1452 26 15 en
356 1445 21 22 af
396 1445 132 26 stenografen
548 1445 99 26 magister
662 1444 66 21 Lilius
743 1445 35 20 vid
794 1444 124 27 föregäende

99 1474 155 22 sammanträde
270 1473 105 22 inlemnad
390 1473 114 27 skrifvelse,
520 1473 57 21 hvari
593 1473 27 26 pä
634 1475 108 25 upptagna
757 1473 47 21 skäl
816 1473 102 26 anhälles,

100 1504 32 21 att
151 1503 84 22 ständet
256 1502 48 22 ville
325 1509 25 14 ur
366 1502 26 21 de
406 1503 33 20 för
453 1501 265 28 landtdagskostnadernas
733 1501 134 22 bestridande
882 1508 36 15 an-

100 1531 72 28 slagna
196 1531 68 23 medel
289 1531 56 27 eller,
372 1531 6 21 i
403 1530 36 23 fall
462 1531 75 22 sädant
558 1531 46 21 icke
626 1530 23 21 af
668 1531 159 22 statsutskottet
848 1531 71 22 kunde
