1070 1800
290 144 160 18 Presteståndet
461 145 54 17 1877.
540 145 12 17 6
565 146 110 16 december.
802 138 55 22 2563

69 213 98 22 företetts
188 214 33 20 att
242 214 40 20 den
298 212 32 22 till
345 212 113 27 öfvergång
480 214 95 21 anmälde
591 214 80 21 inträdt
685 214 32 21 uti
731 216 64 19 annat
809 213 76 22 kristet

69 241 187 27 kyrkosamfund*,
270 241 42 21 han
328 241 54 21 skall
396 241 82 22 således
493 242 62 21 hafva
570 242 58 22 bevis
639 242 53 21 eller
705 243 59 25 intyg
779 241 57 23 öfver
852 244 33 19 att

69 270 41 21 han
126 269 68 22 blifvit
209 272 120 24 emottagen
344 269 7 21 i
366 271 32 19 ett
412 273 64 17 annat
490 270 171 26 kyrkosamfund.
691 270 47 21 Han
754 270 66 21 måste
831 270 53 22 såle-

69 298 38 21 des
127 298 64 21 hafva
215 298 58 21 bevis
287 298 7 20 i
309 298 59 21 detta
389 298 36 21 fall
448 298 23 21 af
489 300 31 19 ett
539 298 204 26 qväkare-samfund,
759 304 34 15 om
807 298 78 22 sådant

68 326 47 22 icke
130 326 66 22 finnes
211 326 6 21 i
232 326 48 21 vårt
300 326 49 21 land
368 326 24 20 så
407 326 22 21 af
443 328 31 19 ett
489 326 66 27 dylikt
577 326 96 22 samfund
688 327 8 21 i
710 328 32 20 ett
756 328 65 20 annat
836 326 49 22 land

69 356 32 20 att
115 354 41 22 han
171 354 70 22 blifvit
256 354 68 21 såsom
340 354 90 22 medlem
446 354 45 22 deri
506 357 112 25 upptagen,
634 356 22 25 ty
672 354 36 22 det
722 357 24 19 är
756 355 46 21 icke
814 356 71 26 sagdt,

69 385 31 19 att
115 385 32 19 ett
161 383 76 21 sådant
252 383 96 21 samfund
364 383 35 21 vill
416 386 49 23 taga
480 387 57 18 emot
551 383 73 26 hvarje
640 389 83 21 person,
733 390 44 14 som
789 384 95 20 anmäler

68 412 31 26 sig
114 412 49 26 vilja
184 412 70 21 dertill
276 411 90 28 öfvergå.
396 412 47 20 Kan
465 412 41 20 han
527 412 66 22 förete
608 414 31 19 ett
654 412 75 21 sådant
742 412 58 27 intyg
815 412 23 20 af
853 414 30 19 ett

68 440 33 21 för
115 440 33 21 sin
162 440 80 25 sedliga
262 440 94 26 hållning
378 440 23 21 så
422 440 74 21 aktadt
511 440 95 22 samfund
621 446 44 15 som
681 442 111 25 qväkarne,
809 442 24 19 är
848 441 36 20 det

68 469 61 26 klart,
153 471 32 19 att
207 469 108 27 styrelsen,
332 469 26 20 då
373 468 41 21 han
435 468 71 22 derom
527 471 38 24 gör
584 469 104 26 anmälan,
712 469 79 21 tillåter
806 469 77 21 honom

69 497 85 22 tillhöra
176 497 125 22 detsamma.
330 497 46 22 Här
395 497 54 21 talas
472 497 105 22 dessutom
593 497 55 22 blott
663 503 33 16 om
712 497 81 22 kristna
809 497 76 27 kyrko-

67 526 97 21 samfund
186 526 39 21 och
242 527 85 20 beröres
348 526 46 21 icke
415 526 134 27 möjligheten
565 527 33 21 för
612 533 25 15 en
653 532 82 21 person,
751 529 32 18 att
798 526 86 27 öfvergå

67 558 15 17 t.
98 561 30 15 ex.
144 555 32 20 till
192 555 40 21 den
253 555 107 21 mosaiska
381 555 192 26 trosbekännelsen,
596 555 87 21 emedan
704 555 48 21 hela
767 555 58 22 detta
841 555 41 21 för-

67 583 181 27 fattningsförslag
268 583 88 22 handlar
375 583 55 21 blott
451 590 34 15 om
501 583 113 28 öfvergång
628 583 47 24 från
691 586 30 19 ett
736 584 77 21 kristet
827 589 55 15 sam-

67 612 50 21 fund
133 612 31 21 till
180 614 30 20 ett
226 614 70 23 annat,
309 612 23 26 ja
347 612 36 21 det
397 613 88 26 antyder
500 613 45 21 icke
561 619 36 15 ens
618 612 135 28 möjligheten
769 612 22 21 af
804 614 31 19 att
851 618 32 20 en,

67 647 44 15 som
127 641 82 21 tillhört
231 642 40 20 den
293 641 81 21 kristna
396 641 192 26 trosbekännelsen,
610 641 67 21 skulle
700 641 49 27 vilja
769 641 113 27 öfvergifva

67 670 122 21 densamma
210 670 38 21 och
268 670 84 27 öfvergå
374 670 32 21 till
428 676 25 15 en
467 670 142 22 icke-kristen.
640 670 38 21 Att
692 670 69 20 såsom
775 669 108 27 professor

67 698 86 22 Donner
169 699 72 26 gjorde
263 698 39 22 och
323 705 45 15 som
389 698 60 22 äfven
465 699 139 27 lagutskottet
619 698 5 21 i
636 698 38 22 sitt
688 698 134 22 betänkande
836 700 47 25 gör,

67 727 92 27 åberopa
179 727 33 21 för
233 734 25 14 en
278 727 65 22 sådan
366 727 101 26 rättighet
481 728 140 27 kyrkolagens
635 728 121 26 stadgande,
772 733 61 15 anser
846 727 37 26 jag

67 756 18 27 ej
101 762 51 16 vara
173 756 80 27 riktigt.
283 756 145 27 Kyrkolagens
449 756 12 28 $
477 758 12 20 6
504 756 67 27 gäller
593 763 33 15 om
649 758 32 19 att
704 762 25 15 en
752 756 128 26 evangelisk-

66 785 96 21 luthersk
177 785 80 21 kristen
272 785 39 21 har
325 786 101 26 rättighet
442 788 38 21 att,
495 792 34 14 om
544 786 41 20 han
601 786 22 20 af
636 785 31 21 sin
683 784 137 28 öfvertygelse
834 785 46 20 der-

67 814 32 21 till
113 820 80 20 manas,
216 814 62 27 skilja
299 814 31 26 sig
350 813 45 22 frän
416 815 69 20 denna
507 814 76 27 kyrkas
599 814 127 26 gemenskap
742 814 38 21 och
796 813 86 27 öfvergä

65 843 32 21 till
113 844 31 20 ett
158 845 65 19 annat
238 842 170 28 kyrkosamfund,
424 849 47 15 men
487 844 46 20 med
549 843 165 27 kyrkosamfund
730 848 72 15 menas
821 842 61 21 hvar-

66 872 40 20 ken
123 874 30 18 ett
167 871 99 21 hedniskt
288 871 51 21 eller
361 871 175 22 muhamedanskt
559 871 51 21 eller
629 871 81 27 judiskt
732 871 148 21 trossamfund.

65 900 193 27 Kyrkosamfundet
277 900 38 21 har
329 900 6 20 i
352 900 40 21 den
413 900 96 27 kyrkliga
530 900 91 26 teologin
644 900 39 20 och
699 900 140 26 vetenskapen
855 905 26 15 en

66 928 96 22 bestämd
177 928 141 27 begränsning
332 928 33 22 till
381 929 75 21 kristet
470 928 148 26 trossamfund;
635 928 35 21 det
686 928 40 21 kan
742 928 46 21 icke
803 928 79 21 tilläm-

67 964 38 20 pas
120 958 27 26 pä
163 957 25 21 de
203 958 45 20 icke
270 957 86 21 kristna.
386 957 73 21 Redan
481 957 106 27 uttrycket
609 957 66 26 kyrka
695 957 88 27 antyder
806 962 75 21 genom

67 986 32 21 sin
115 986 109 21 dervation
247 988 31 18 att
297 988 88 25 Kvozn
405 988 31 18 att
456 986 46 23 den,
518 992 44 15 som
579 986 106 21 bekänner
700 986 87 24 Herren,
801 987 82 25 Kvoiws,

66 1015 42 21 han
123 1015 39 20 hör
177 1014 32 22 till
224 1014 87 27 kyrkan,
327 1014 47 21 icke
389 1014 46 25 den,
451 1020 45 15 som
511 1014 99 22 förnekar
625 1014 83 22 honom.
719 1014 103 26 nämligen
836 1014 45 20 Kri-

67 1046 50 18 stus.
148 1043 32 21 En
203 1043 65 21 sådan
290 1043 42 21 kan
353 1043 33 21 väl
408 1043 58 21 bilda
487 1044 30 20 ett
539 1043 206 26 religions-samfund
761 1048 46 15 men
824 1042 59 20 detta

66 1072 68 21 kallas
150 1071 44 21 icke
211 1072 67 26 kyrka
292 1072 7 20 i
315 1072 68 26 någon
401 1071 83 27 kyrklig
506 1072 33 26 lag
559 1071 50 21 eller
624 1071 103 27 teologisk
744 1071 41 24 stil,
800 1070 83 22 således

68 1100 45 22 icke
133 1100 66 22 heller
214 1100 7 21 i
236 1102 59 20 detta
317 1100 219 27 författningsförslag,
559 1100 65 21 ehuru
647 1100 138 26 lagutskottet
809 1100 39 20 har
863 1099 23 21 af

67 1129 131 21 förbiseende
214 1130 6 19 i
236 1130 35 20 det
286 1129 92 26 följande
392 1129 237 27 författningsförslaget
643 1128 48 22 sökt
706 1129 71 21 hemta
792 1128 47 21 stöd
851 1128 32 20 för

68 1159 117 20 detsamma
200 1157 45 21 från
262 1158 138 26 kyrkolagens
416 1158 12 20 6
444 1157 19 29 8.

135 1214 111 21 Professor
285 1220 121 15 Forsman:
436 1214 40 27 Jag
491 1221 49 14 vore
551 1214 117 27 principielt
678 1214 79 21 beredd
767 1215 32 19 att
809 1213 74 21 förena

67 1243 42 26 mig
124 1243 48 21 med
194 1243 108 26 professor
320 1243 87 21 Donner
430 1243 49 26 deri,
497 1245 32 19 att
545 1243 46 26 den,
607 1249 44 14 som
667 1249 25 15 en
707 1242 55 27 gång
777 1242 104 21 förklarar

67 1274 32 24 sig
113 1271 49 27 vilja
178 1272 86 21 utträda
279 1278 24 15 ur
318 1271 239 26 evangelisk-lutherska
577 1271 93 26 kyrkans
687 1271 134 26 gemenskap,
837 1271 46 20 icke

67 1301 65 20 borde
147 1300 33 21 stå
195 1301 67 20 under
277 1301 69 20 denna
364 1300 78 27 kyrkas
457 1300 54 26 tukt,
527 1307 47 14 men
589 1299 64 22 likväl
664 1300 26 26 på
706 1302 31 19 ett
749 1299 73 25 vilkor,
838 1305 45 14 som

65 1329 37 27 jag
117 1329 64 20 redan
204 1328 56 22 förut
282 1330 107 19 omnämnt
411 1328 39 21 och
472 1329 37 20 ber
531 1330 32 19 att
584 1327 21 21 få
619 1335 28 13 nu
663 1330 97 19 närmare
775 1327 108 26 motivera,

68 1358 19 20 d.
103 1364 19 13 v.
138 1363 16 15 s.
170 1356 36 22 det
221 1359 32 19 att
268 1357 23 21 så
307 1357 61 26 länge
382 1357 42 20 han
440 1357 18 27 ej
473 1357 39 21 hör
527 1356 32 22 till
578 1356 65 27 något
663 1356 171 26 kyrkosamfund,
850 1355 33 21 till

66 1386 80 20 hvilket
166 1385 42 21 han
229 1386 95 26 erlägger
345 1385 97 26 kyrkliga
463 1385 90 27 afgifter,
573 1385 54 21 skall
646 1384 42 22 han
704 1384 131 21 fortfarande
852 1390 32 14 er-

67 1414 62 26 lägga
150 1414 47 20 dem
220 1414 31 20 till
275 1414 109 20 lutherska
405 1413 154 27 församlingen.
589 1413 42 21 Det
654 1413 41 21 kan
711 1414 52 20 visst
778 1419 63 21 synas
856 1418 25 15 ur

67 1442 83 26 kyrklig
165 1442 105 26 synpunkt
286 1442 45 20 litet
346 1441 121 27 oegentligt,
483 1448 46 14 men
546 1442 35 20 det
596 1441 38 20 har
650 1441 65 26 enligt
730 1441 42 20 min
787 1441 55 26 åsigt
856 1446 26 15 en

66 1470 43 22 viss
124 1470 107 26 betydelse
252 1470 53 21 både
325 1470 33 20 för
380 1470 96 20 samfund
495 1469 39 21 och
549 1469 72 27 kyrka.
652 1469 42 21 Det
709 1471 24 18 är
748 1475 25 14 en
789 1468 92 21 kontroll

67 1499 28 27 på
109 1500 32 20 att
155 1498 46 22 icke
216 1498 56 22 affall
286 1498 48 22 sker
348 1498 46 21 från
410 1498 81 27 kyrkan
501 1498 56 21 blott
567 1498 38 20 och
618 1497 48 21 bart
675 1497 33 21 för
719 1498 39 20 den
769 1497 114 26 verldsliga

67 1528 105 22 fördelens
186 1527 62 27 skull,
264 1528 34 21 för
313 1530 33 19 att
360 1528 68 26 slippa
443 1528 32 20 att
489 1527 70 21 betala
569 1526 168 28 kyrko-afgifter.
763 1526 40 22 Det
815 1526 67 21 finnes
