1073 1806
207 156 55 21 2506
392 160 161 18 Presteständet
568 160 54 17 1877.
647 160 12 17 5
671 160 114 18 december.

178 229 66 22 melse
266 229 47 21 med
336 228 54 22 hvad
411 228 37 21 det
470 228 60 22 heter
544 228 7 21 i
567 228 40 21 den
629 227 75 27 finska,
719 228 25 21 sä
766 229 31 19 att
819 226 127 28 paragrafen
964 227 38 21 der

178 257 70 22 skulle
263 258 49 27 lyda
328 257 113 26 ,Kloster-,
457 257 76 21 munk-
548 256 52 22 eller
617 256 144 25 nunneorden,
775 256 160 21 Jesuiterorden
950 255 52 22 eller

177 292 71 16 annan
272 286 96 26 förening
389 286 33 21 för
444 285 137 22 bedrifvande
596 285 23 21 af
632 284 85 27 religiös
738 285 136 27 propaganda
890 284 60 22 äfven
966 290 34 16 om

177 315 116 27 verldsliga
308 314 137 22 medlemmar
460 314 70 22 dertill
546 314 75 22 hörde"
630 314 51 21 eller
691 313 76 25 ,äfven
778 313 113 27 verldsliga
900 313 102 22 medlem-

179 350 47 15 mar
241 344 45 21 deri
301 343 96 27 inginge*
414 342 41 23 och
469 343 120 21 sedermera
605 342 30 26 ,fä
650 342 19 27 ej
684 342 7 21 i
706 342 72 22 landet
793 342 111 22 inrättas”.

246 411 90 21 Prosten
359 410 91 28 Hjelt:
480 411 40 21 Till
543 411 39 21 den
602 410 157 28 inskränkning,
774 417 46 15 som
836 410 65 22 redan
917 412 63 26 göres
994 411 7 22 i

176 440 14 28 8
206 442 12 19 6
234 440 68 22 skulle
314 440 37 27 jag
366 440 50 26 vilja
432 440 87 27 tillägga
538 441 57 21 ännu
610 441 31 20 att
656 440 108 26 oftentliga
784 440 132 26 kyrkobruk,
931 439 69 22 såsom

178 469 146 27 processioner
338 468 48 22 med
402 475 58 15 mera
475 469 74 27 dylikt,
565 468 35 22 mä
615 468 100 22 förrättas
733 468 76 21 endast
823 469 57 21 inom
896 468 36 22 det
947 474 53 21 rum,

177 504 48 15 som
240 498 57 20 inom
311 496 132 22 främmande
457 497 124 27 församling
596 497 33 21 till
645 496 93 27 offentlig
753 496 118 27 gudstjenst
887 497 113 26 begagnas.

179 526 43 21 Det
236 527 24 20 är
275 526 19 26 ej
310 526 65 27 nägot
390 528 47 24 nytt
452 526 52 21 eller
519 526 93 26 ovanligt
633 528 52 18 utan
701 525 55 21 blott
771 525 55 22 hvad
842 532 44 15 som
902 526 7 20 i
924 532 26 14 en
965 531 36 16 an-

178 561 43 15 nan
236 554 55 22 form
306 555 66 21 redan
388 556 23 19 är
426 554 94 27 uttryckt
535 555 7 21 i
559 555 53 21 1781
629 554 34 21 års
678 554 131 26 författning,
825 554 81 22 hvilket
921 554 79 26 åsyftar

179 585 33 19 att
227 584 61 21 dessa
303 582 147 28 församlingar
466 583 18 27 ej
500 583 35 21 må
550 583 79 26 ådraga
645 582 30 28 sig
691 583 74 21 alltför
780 585 44 19 stor
839 583 161 27 uppmärksam-

178 612 44 22 het.
251 612 42 27 Jag
314 612 68 21 skulle
405 612 83 21 derföre
511 612 50 27 vilja
583 612 129 21 understöda
727 612 41 21 den
783 612 23 21 af
819 614 86 25 prosten
920 612 80 21 Rosen-

176 647 54 21 gren
245 641 79 27 afgifna
339 641 163 21 reservationen.

246 704 90 21 Prosten
358 703 176 27 Rosengren:
564 703 41 27 Jag
625 704 42 20 kan
682 703 136 27 naturligtvis
833 703 47 22 icke
895 705 65 19 annat
975 705 29 19 än

177 732 76 22 förena
268 733 42 26 mig
325 739 34 15 om
374 735 87 23 prosten
480 732 69 27 Hjelts
572 732 87 26 önskan,
675 735 32 19 att
723 732 36 22 det
773 732 130 27 högvördiga
918 732 85 22 ståndet

178 761 69 22 skulle
269 760 75 22 bifalla
366 761 70 21 dertill
451 763 32 19 att
498 762 26 21 de
539 760 24 22 af
575 764 87 24 prosten
682 761 60 27 Hjelt
762 761 91 21 nämnda
869 760 72 26 orden,
957 766 45 16 som

178 790 109 22 innehålla
302 790 37 22 det
353 796 45 15 som
412 790 36 27 jag
463 790 7 21 i
485 790 43 21 min
544 790 129 22 reservation
683 790 40 21 har
733 790 56 21 velat
800 789 123 27 framställa,
934 790 68 21 skulle

178 819 8 21 i
205 820 7 20 1
230 825 63 15 mom.
316 819 23 21 af
360 818 68 22 denna
451 818 100 28 paragraf
571 820 90 25 intagas.
691 818 50 22 Med
762 818 98 22 afseende
876 818 12 22 å
904 818 40 21 den
966 824 37 16 an-

178 847 118 27 märkning,
313 849 32 20 att
360 847 30 21 uti
406 847 104 22 utskottet
526 854 24 14 en
567 847 88 27 ändring
678 847 67 22 blifvit
768 847 61 27 gjord
845 847 109 27 angående
968 846 35 23 Je-

178 877 68 21 suiter
268 876 52 22 eller
342 882 69 15 annan
434 876 22 21 af
476 876 105 28 verdsliga
604 876 135 22 medlemmar
762 876 114 22 bestående
900 876 102 27 förening,

179 905 87 22 hvilken
287 905 50 21 herr
359 908 86 23 prosten
468 906 66 26 ansåg
548 911 51 16 vara
614 905 69 27 nödig,
699 905 68 21 ehuru
781 905 8 21 i
803 911 69 15 annan
887 904 62 26 form,
965 904 38 22 ber

174 934 39 27 jag
234 936 33 19 att
287 934 22 21 få
331 934 56 21 fästa
409 934 214 26 uppmärksamheten
647 934 34 21 vid
704 934 40 21 den
767 934 183 27 omständigheten
970 936 33 19 att

177 962 161 22 Jesuiterorden
361 964 24 20 är
407 962 66 22 indelt
496 964 57 20 såväl
569 964 6 20 i
591 968 16 16 s.
623 962 20 21 k.
667 963 84 26 andliga
771 962 78 22 bröder
864 968 45 16 som
926 962 77 22 fratres

177 992 113 21 seculares.
320 992 32 20 De
367 991 68 21 kallas
450 992 47 21 med
512 993 131 25 gemensamt
659 998 62 14 namn
737 992 99 25 Jesuiter,
848 992 68 20 ehuru
925 991 78 21 fratres

176 1020 107 22 seculares
298 1020 46 21 icke
359 1026 76 20 genom
453 1020 154 22 klädedräkten
630 1020 52 21 eller
704 1020 67 21 andra
785 1023 57 24 yttre
857 1020 146 23 kännetecken

177 1051 39 19 äro
231 1048 69 22 skilda
322 1048 47 22 frän
388 1049 122 21 menniskor
524 1050 7 20 i
546 1048 116 22 allmänhet
684 1049 39 21 och
745 1049 36 21 det
796 1049 62 21 ständ
872 1048 34 22 till
921 1049 81 21 hvilket

178 1078 28 20 de
222 1077 32 21 till
268 1078 32 20 sin
315 1079 56 25 yttre
387 1077 70 21 lefnad
473 1078 58 24 höra,
547 1078 24 21 sä
586 1079 32 19 att
631 1077 36 28 jag
685 1078 74 26 tycker
773 1079 32 19 att
821 1078 105 21 utskottet
940 1077 40 22 har
994 1077 7 21 i

178 1107 38 20 det
231 1106 61 21 fallet
304 1106 72 21 träffat
391 1106 35 21 det
441 1108 63 23 rätta,
520 1106 27 22 dä
563 1107 35 21 det
613 1106 38 21 har
666 1109 49 24 sagt
730 1106 55 21 blott
799 1106 99 21 Jesuiter.

247 1169 111 22 Professor
373 1169 161 22 Ehrström:
563 1169 68 22 Äfven
647 1169 42 27 mig
705 1175 68 21 synes,
789 1175 45 16 som
850 1176 33 15 om
900 1170 36 21 det
950 1169 52 26 hög-

177 1198 90 27 vördiga
282 1198 84 21 ståndet
382 1198 68 21 skulle
465 1198 71 21 kunna
556 1204 51 15 vara
628 1198 83 21 belåten
728 1199 47 20 med
791 1198 40 21 den
847 1198 94 27 ändring,
956 1204 46 15 som

178 1227 107 21 utskottet
307 1227 38 21 har
366 1227 101 26 företagit
487 1227 38 26 sig,
544 1227 88 21 emedan
648 1233 25 14 ur
688 1227 114 27 ordalagen
818 1233 28 15 nu
861 1227 94 26 framgär
970 1228 32 20 att

179 1256 72 26 hvarje
274 1255 96 26 förening
384 1255 33 21 för
432 1255 137 27 propaganda
584 1257 24 19 är
623 1255 111 27 förbjuden
749 1256 7 20 i
772 1256 72 21 landet
858 1262 50 15 vare
924 1255 31 26 sig
970 1257 32 19 att

178 1284 42 21 den
236 1283 70 22 bestär
322 1283 22 22 af
357 1283 55 22 blott
431 1284 85 26 andliga
534 1284 51 21 eller
605 1283 56 22 blott
679 1284 114 27 verldsliga
814 1284 52 21 eller
882 1283 54 22 bäde
952 1284 51 21 and-

179 1312 43 27 liga
237 1312 39 22 och
291 1311 113 27 verldsliga
420 1313 143 20 medlemmar.
586 1313 38 20 Att
638 1312 36 21 vid
689 1312 76 21 sådant
779 1312 133 21 förhållande
925 1313 26 20 de
961 1312 42 21 för-

179 1341 103 20 klarande
305 1341 65 20 orden
399 1341 61 20 äfven
486 1347 34 14 om
541 1341 26 20 de
592 1341 60 20 bestå
677 1341 22 20 af
720 1341 113 25 verldsliga
855 1341 39 20 och
918 1341 85 25 andliga

178 1367 70 22 skulle
270 1367 108 26 behöfvas,
400 1373 62 21 synes
484 1367 42 27 mig
548 1367 46 22 icke
616 1367 90 22 behöfva
728 1370 67 19 sättas
810 1369 7 20 i
832 1368 66 26 fråga,
914 1368 89 21 emedan

178 1396 38 21 det
227 1396 107 21 allmänna
344 1395 114 22 förbundet
468 1396 134 27 naturligtvis
612 1395 104 22 utesluter
728 1396 73 27 hvarje
811 1396 46 27 slag
870 1397 22 21 af
900 1396 102 27 förening.

248 1459 89 21 Prosten
360 1458 160 28 Grönberg:
551 1458 40 27 Jag
613 1459 49 22 ville
685 1459 56 22 blott
764 1459 103 22 anmärka
887 1461 33 20 att
942 1459 61 22 ordet

179 1487 105 26 ytillätes*
306 1487 18 28 ej
348 1487 88 22 innebär
458 1493 26 16 en
506 1489 71 20 större
597 1488 154 27 inskränkning
770 1490 28 19 än
813 1489 30 26 ,ej
859 1488 21 21 få
894 1489 108 22 inrättas".

178 1516 41 22 Om
235 1516 159 23 Jesuiterorden
409 1519 15 19 t.
442 1523 32 15 ex.
496 1517 42 21 kan
560 1523 48 15 man
631 1517 80 22 kanske
733 1517 46 22 icke
794 1523 46 16 som
856 1524 48 15 man
920 1517 81 28 hoppas

178 1545 120 28 egentligen
313 1545 44 22 tala
372 1552 33 15 om
425 1545 69 22 såsom
509 1546 8 21 i
532 1545 89 22 Finland
643 1545 114 28 förefintlig
772 1553 29 15 nu
816 1547 52 22 eller
882 1546 120 27 framdeles,
