1073 1803
298 153 160 19 Presteståndet
471 155 55 17 1877.
550 155 22 16 12
585 153 112 18 december.
821 147 53 22 2761

153 221 89 21 Prosten
263 222 138 22 Helander:
431 222 128 28 Visserligen
580 222 71 27 tyckte
667 222 35 26 jag
717 222 28 26 på
760 221 145 27 förmiddagen

85 249 7 21 i
114 250 114 25 anledning
250 250 22 22 af
293 250 39 22 den
356 251 26 21 då
405 251 60 21 förda
486 251 145 21 diskussionen
652 257 33 14 om
705 251 68 20 denna
792 251 13 19 4
822 250 20 27 8,
857 250 48 21 med

84 277 95 22 hvilkens
198 279 118 25 antagande
332 278 51 22 eller
397 279 143 26 förkastande,
555 279 64 26 enligt
635 278 42 22 min
693 279 61 26 åsigt,
769 278 49 21 hela
833 280 73 19 värne-

84 305 166 28 pligtsförslaget
270 308 45 20 står
334 307 52 21 eller
406 307 66 25 faller,
493 310 32 19 att
544 308 59 20 äfven
621 308 36 26 jag
675 306 68 22 skulle
764 306 62 22 hafva
841 306 64 27 något

85 336 32 19 att
138 336 57 24 säga.
225 335 48 21 Men
294 341 86 16 numera
399 336 65 21 afstår
481 336 36 26 jag
536 336 46 22 från
602 336 61 21 ordet
684 335 38 21 och
737 340 62 16 anser
812 335 36 26 jag
863 334 42 27 mig

85 368 35 17 nu,
137 362 65 22 sedan
216 363 36 27 jag
266 364 40 21 fått
322 363 81 22 tillfälle
418 366 32 19 att
464 364 49 21 med
528 364 118 21 hvarandra
659 363 89 27 jemföra
763 363 26 22 de
804 363 7 20 i
823 363 25 21 de
858 363 47 21 sak-

85 391 45 21 rika
149 391 125 27 föredragen
293 393 27 26 på
340 392 143 27 förmiddagen
503 393 87 21 anförda
609 392 46 21 skäl
671 392 53 21 både
739 391 32 22 för
786 391 39 22 och
841 393 63 24 emot,

85 419 71 22 kunna
176 421 48 20 med
245 421 89 27 stadgad
354 420 138 28 öfvertygelse
510 424 77 24 antaga
607 420 141 28 föreliggande
763 423 13 18 4
792 421 10 25 $
818 419 87 22 alldeles

85 448 134 23 oförändrad.

153 505 142 28 Domprosten
312 506 116 22 Renvall:
457 507 41 26 Jag
517 507 77 22 ärnade
616 506 68 22 uttala
703 507 42 26 mig
766 507 6 20 i
789 506 35 21 det
844 505 60 28 syfte,

86 534 6 21 i
112 534 81 22 hvilket
214 535 77 21 doktor
316 535 77 21 Geitlin
422 536 38 20 här
486 542 28 15 nu
539 537 28 26 på
589 535 164 26 eftermiddagen
775 534 39 22 har
838 536 67 25 yttrat

85 563 38 26 sig,
150 563 38 21 och
216 563 33 21 får
276 563 69 22 derför
366 564 92 21 referera
481 565 41 26 mig
549 564 30 21 till
606 564 56 21 hvad
685 564 48 21 herr
754 563 90 22 doktorn
867 563 39 21 här

85 591 96 22 nämnde.
213 592 114 27 Angående
342 592 68 27 friköp
426 593 51 21 eller
493 593 46 26 lega
555 593 40 21 kan
611 593 76 20 sådant
702 593 18 26 ej
736 592 32 21 för
783 594 32 19 ett
829 591 76 22 sådant

84 619 43 28 fall,
146 626 44 15 som
207 620 77 21 doktor
299 620 113 27 Hornborg
427 621 39 21 här
480 621 120 24 förutsatte,
616 621 51 21 eller
681 621 32 20 för
728 623 91 18 samvets
834 620 45 21 skäl
896 619 9 21 i

85 649 59 26 fräga
163 649 90 21 komma.
284 649 42 21 Det
346 655 50 15 vore
414 650 22 27 ju
451 652 32 19 att
498 650 55 26 köpa
568 650 51 21 eller
634 650 47 25 lega
696 655 26 15 en
737 655 69 15 annan
823 649 32 20 för
870 649 36 21 det

86 683 44 15 som
151 677 41 21 han
214 677 79 27 tycker,
315 680 32 19 att
364 680 24 19 är
408 685 25 14 en
454 681 91 19 samvets
559 679 38 21 sak
612 678 33 21 för
659 678 78 21 honom
752 680 31 19 att
798 677 46 22 icke
859 677 45 21 full-

86 707 58 25 göra.
174 705 48 22 Men
243 706 53 21 skall
317 709 30 18 ett
366 706 104 22 förbehäll
486 707 6 20 i
508 708 58 20 detta
581 706 98 22 afseende
695 709 68 23 göras,
779 706 39 21 bör
834 707 36 19 det
885 705 19 27 ej

86 734 84 22 komma
185 734 6 21 i
207 734 59 27 fräga
280 735 7 20 i
304 735 68 21 denna
387 735 103 27 paragraf,
506 738 49 18 utan
572 735 38 21 hör
625 734 32 22 till
672 734 95 28 kapitlet,
783 740 45 16 som
840 734 65 22 hand-

86 763 32 21 lar
139 769 34 15 om
188 763 105 21 särskilda
308 764 117 26 eftergifter
440 764 6 20 i
462 764 116 27 utgörande
593 764 22 21 af
631 764 151 26 värneplikten.
812 763 44 21 Der
870 763 35 21 mä

86 792 80 22 säledes
182 792 35 21 det
232 792 74 24 skälet,
323 793 5 20 i
344 792 37 21 fall
396 799 47 15 man
460 793 26 26 pä
502 796 31 18 ett
548 792 193 22 tillfredsställande
756 794 43 19 sätt
809 792 42 21 kan
862 790 42 22 for-

86 821 80 21 mulera
186 822 41 25 det,
247 824 103 24 upptagas
370 823 49 20 utan
439 824 31 19 att
486 828 101 21 personen
604 822 7 20 i
627 822 59 26 fräga
701 821 27 21 dä
744 820 99 22 behöfver
858 820 46 26 lega

86 850 52 21 eller
158 850 62 21 ställa
240 850 69 26 någon
327 856 68 15 annan
413 851 7 20 i
438 851 37 21 sitt
493 850 70 26 ställe;
580 851 40 20 han
636 852 25 19 är
675 850 24 21 fri
715 849 39 22 och
770 849 100 21 behöfver
886 849 17 25 ej

86 878 62 22 hafva
169 878 36 22 det
225 879 27 27 pä
273 879 37 21 sitt
328 882 98 23 samvete,
442 882 32 18 att
489 879 41 22 han
545 879 40 21 har
599 879 71 21 lockat
685 885 25 15 en
726 884 69 15 annan
810 880 32 19 att
857 876 47 23 full-

86 910 52 23 göra
159 907 42 27 det,
224 913 45 15 som
287 907 53 21 hans
358 910 92 19 samvete
466 906 108 28 förbjuder
589 908 77 21 honom
681 910 32 18 att
727 909 57 23 göra.
799 920 27 2 —
842 906 62 22 Hvad

86 937 47 20 äter
147 938 86 24 prosten
248 935 104 21 Warelius
367 936 90 22 nämnde
472 937 32 21 till
519 937 82 21 försvar
615 936 32 21 för
662 936 36 21 det
713 936 23 20 af
750 936 76 21 doktor
836 935 68 21 Nord-

86 966 66 20 ström
171 964 73 27 gjorda
259 964 106 27 förslaget,
382 967 31 19 att
428 964 145 28 fördelningen
588 964 22 22 af
624 964 25 22 de
664 964 151 27 värnepligtige
830 964 28 26 pä
872 970 32 14 re-

86 999 74 16 serven
180 993 38 21 och
239 994 39 20 den
298 994 70 20 aktiva
387 994 71 21 armén
474 994 67 21 skulle
557 993 138 22 öfverlemnas
711 994 22 20 ät
747 993 157 24 kommunerne,

88 1022 72 27 tyckes
176 1022 42 26 mig
234 1022 58 21 detta
306 1028 50 15 vara
372 1022 22 21 af
408 1022 40 21 den
464 1022 149 26 beskaffenhet,
629 1024 32 19 att
676 1022 36 21 det
727 1021 44 22 helt
787 1021 38 21 och
840 1020 65 22 hället

87 1050 137 27 vederlägger
247 1050 123 26 giltigheten
393 1051 23 21 af
436 1050 78 22 doktor
535 1050 137 22 Nordströms
694 1050 83 26 förslag.
815 1050 90 21 Prosten

88 1078 103 22 Warelius
210 1080 70 20 visade
300 1078 82 28 tydligt,
398 1082 32 18 att
446 1080 35 21 det
496 1079 67 22 skulle
578 1085 50 15 vara
643 1085 25 15 en
683 1078 103 27 komplett
802 1078 102 26 värfning.

87 1107 51 22 Man
159 1107 67 22 skulle
241 1113 75 20 genom
338 1107 157 22 framställande
513 1108 23 21 af
552 1108 111 24 förmåner,
682 1107 86 26 städsel,
783 1107 65 26 högre
863 1107 42 26 lön,

88 1142 18 15 0.
123 1142 16 15 s.
155 1143 17 14 v.
189 1137 67 20 förmå
271 1136 56 21 vissa
346 1142 101 21 personer
462 1139 32 18 att
509 1138 108 23 emottaga
631 1139 31 18 ett
677 1137 85 20 svårare
777 1135 128 26 tjensteälig-

88 1165 74 26 gande,
183 1167 26 18 än
229 1164 71 26 andra,
320 1165 38 20 och
374 1167 32 19 att
420 1165 151 21 kommunerna
587 1164 26 22 dä
628 1163 67 22 skulle
710 1165 130 26 gemensamt
854 1163 52 21 söka

88 1195 32 19 att
135 1193 162 26 tillvägabringa
311 1193 65 27 något
390 1193 82 21 sådant.
501 1193 40 26 Jag
557 1193 38 21 har
610 1193 18 25 ej
645 1193 66 21 heller
726 1193 39 21 den
782 1191 124 28 öfvertygel-

88 1227 36 16 sen
143 1227 34 16 om
192 1222 158 24 kommunerna,
367 1224 31 19 att
414 1222 25 21 de
454 1221 75 26 bättre,
546 1223 26 20 än
588 1222 66 21 andra
670 1221 91 27 dödliga,
776 1221 71 20 kunna
862 1221 44 20 läsa

89 1250 77 20 andras
186 1249 141 21 samvetsnöd.
344 1262 28 2 —
390 1250 62 21 Hvad
469 1251 47 20 äter
530 1249 100 22 beträffar
646 1250 35 20 det
696 1249 23 21 af
731 1251 86 25 prosten
833 1249 74 21 Ware-

88 1278 40 21 lius
148 1278 92 21 nämnda
261 1280 31 19 att
312 1278 48 20 hela
379 1279 68 20 denna
465 1278 99 27 paragraf
578 1278 70 21 kunde
663 1278 50 26 utgä
728 1277 28 27 pä
771 1278 59 20 detta
845 1276 61 22 ställe

89 1306 38 21 och
143 1306 56 21 föras
214 1306 32 20 till
262 1308 31 19 ett
308 1308 64 19 annat
387 1306 85 27 kapitel,
489 1308 45 20 tror
546 1306 37 27 jag
598 1306 25 26 ej,
638 1307 32 20 att
685 1306 76 21 sädant
775 1305 38 27 gär
824 1304 33 22 för
868 1305 38 26 sig.

88 1334 46 22 Den
156 1334 66 27 fräga,
238 1340 44 16 som
299 1340 48 15 man
363 1334 53 22 allra
430 1334 53 22 först
498 1337 38 24 gör
551 1334 37 27 sig,
604 1336 24 19 är
643 1334 53 21 den:
713 1334 54 21 huru
783 1333 66 21 bildas
865 1333 41 21 den

88 1363 72 21 aktiva
175 1363 85 21 armén?
290 1363 149 27 Principenligt
453 1363 66 21 borde
534 1363 41 21 alla
590 1363 53 21 höra
653 1362 31 22 till
695 1363 40 21 den
746 1362 71 22 aktiva
828 1362 77 21 armén.

88 1392 49 21 Men
161 1392 27 21 då
210 1392 93 21 hvarken
327 1391 97 23 behofvet
446 1392 23 21 af
489 1398 25 15 en
537 1392 24 21 så
575 1394 46 19 stor
635 1394 98 18 numerär
748 1390 108 22 erfordrar
871 1390 36 22 det

88 1421 52 19 eller
161 1420 83 20 landets
265 1420 137 21 ekonomiska
419 1420 145 21 förhållanden
579 1420 70 21 tillåta
663 1426 26 15 en
704 1420 23 21 så
742 1422 45 19 stor
801 1419 57 21 aktiv
873 1425 34 15 ar-

88 1449 46 20 mös
154 1447 154 27 uppehållande
328 1447 67 22 under
415 1447 95 25 fredstid,
532 1447 67 21 måste
619 1447 36 21 det
669 1447 133 26 naturligtvis
817 1446 90 27 afgöras,

88 1478 32 19 att
136 1475 40 22 den
191 1475 42 21 alla
248 1475 111 28 åliggande
374 1475 144 27 värnepligten
532 1475 29 27 på
575 1477 76 19 tvenne
666 1477 43 19 sätt
723 1475 96 21 kommer
832 1476 32 19 att
875 1477 32 18 ut-

88 1507 68 24 göras,
172 1504 34 21 för
220 1504 36 22 det
271 1505 67 20 första
353 1503 7 22 i
376 1504 39 21 den
430 1504 72 21 aktiva
517 1504 71 21 armén
604 1503 39 22 och
658 1503 32 22 för
701 1503 35 22 det
746 1503 66 22 andra
822 1502 7 21 i
840 1509 68 15 reser-

88 1540 47 20 ven,
156 1533 40 22 och
217 1533 27 22 då
263 1533 40 22 blir
318 1533 83 27 frågan:
417 1533 71 21 hvilka
503 1532 59 23 skola
577 1532 128 22 underkasta
720 1532 32 27 sig
767 1531 85 22 aktiven
868 1531 40 22 och
