1081 1798
322 147 158 18 Presteståndet
492 148 55 18 1878.
570 149 23 17 19
604 148 89 21 januari.
829 144 55 20 3387

95 216 58 21 hålla
176 216 85 22 ståndet
275 217 49 21 med
339 217 70 27 någon
425 217 119 21 diskussion
560 224 33 14 om
609 218 75 26 sjelfva
698 218 81 26 frågan,
795 221 50 17 utan
861 223 52 21 upp-

95 251 68 20 repar,
179 247 32 19 att
226 251 33 15 om
277 245 40 21 den
333 252 61 15 anses
409 252 51 15 vara
476 246 103 27 oafgjord,
585 246 37 27 jag
637 246 66 21 skulle
720 246 84 21 anhålla
820 252 34 15 om
865 246 48 20 dess

93 273 160 27 bordläggning.

162 330 88 21 Prosten
271 330 96 25 Hjelt:
402 330 39 22 Om
465 331 39 21 den
525 330 54 22 skall
601 331 133 27 bordläggas,
751 331 23 21 sä
789 332 24 20 är
828 332 36 20 det
879 331 34 22 väl

94 359 94 26 onödigt,
208 360 31 20 att
261 365 48 15 man
324 361 68 25 yttrar
408 359 38 27 sig.
475 360 42 26 Jag
531 360 34 21 för
580 360 43 21 min
639 360 34 20 del
689 366 61 15 anser
766 360 68 21 säsom
851 360 62 26 sagdt

93 388 65 20 saken
174 388 89 26 afgjord,
279 390 22 24 ty
316 388 161 21 statsutskottet
487 388 39 21 har
546 388 7 21 i
569 388 50 27 följd
635 388 23 21 af
671 388 172 22 bankutskottets
858 389 54 21 utlä-

93 417 65 20 tande
180 416 91 21 bestämt
291 416 40 21 den
354 422 88 20 summa,
463 423 45 15 som
529 417 24 21 af
566 417 138 21 bankvinsten
720 418 70 20 kunde
806 418 106 20 användas

91 445 34 21 för
149 444 104 26 ändamål,
274 445 32 21 till
329 445 72 21 hvilka
423 446 113 20 ständerna
554 446 64 21 hafva
633 446 86 26 beviljat
734 446 74 27 anslag
844 446 44 21 Den
905 446 7 20 i

92 474 171 21 statsutskottets
278 474 178 21 slutbetänkande
471 478 108 23 upptagna
588 481 96 14 summan
696 474 142 22 öfverskrider
848 474 65 22 också

93 502 65 26 något
176 502 40 21 den
232 508 86 20 summa,
327 509 44 14 som
381 503 6 20 i
397 503 47 21 dess
453 504 66 20 första
527 503 201 21 finansbetänkande
737 503 110 27 föreslogs,
856 509 55 15 eme-

93 531 40 20 dan
143 532 64 19 sedan
217 531 46 21 dess
272 537 25 15 en
309 532 53 20 brist
370 531 7 21 i
386 532 123 20 ständernas
518 531 68 21 medel
600 532 91 26 uppstod
699 532 128 25 derigenom,
836 534 32 18 att
875 538 37 14 an-

92 560 68 26 slaget
175 559 33 21 för
224 559 195 27 fängelseväsendet
434 560 44 20 blef
487 560 100 20 förökadt
614 560 42 20 Det
667 560 38 20 har
716 559 68 21 blifvit
796 560 114 26 uppgifvet,

91 589 32 19 att
139 587 140 21 öfverskottet
294 589 6 20 i
317 588 92 21 bankens
421 588 120 21 reservfond
553 588 67 22 skulle
631 590 76 25 utgöra
718 589 112 24 3,695,095
841 589 70 25 mark;

91 616 52 21 derå
164 619 37 18 äro
217 616 23 21 af
253 617 116 21 ständerna
384 617 99 21 anvisade
499 618 110 25 2,757,151
628 618 59 20 mark
702 617 39 21 och
757 620 31 18 att
805 617 27 26 på
847 618 65 25 något

92 647 42 19 sätt
150 647 48 19 röra
214 645 33 20 vid
263 645 121 21 återstoden
400 648 45 18 tror
457 645 36 27 jag
509 648 23 19 är
547 646 81 26 ganska
643 645 124 28 betänkligt,
784 646 27 21 då
826 652 24 15 en
867 648 45 19 stor

91 674 34 20 del
146 674 24 21 af
183 674 68 21 denna
268 673 114 22 bankvinst
396 680 58 15 mera
469 676 24 19 är
508 681 24 14 en
551 674 181 27 bokföringsfråga
748 677 25 18 än
790 681 25 14 en
831 674 81 21 behåll-

91 702 56 27 ning.
179 703 10 20 I
205 703 38 20 och
259 703 48 20 med
323 703 117 21 detsamma
454 703 19 20 vi
489 703 110 26 återgingo
615 703 32 21 till
663 703 40 20 den
718 703 96 21 normala
826 703 84 24 kursen,

93 731 99 21 försvann
208 737 24 14 en
248 732 82 26 ganska
350 734 45 18 stor
415 731 32 21 del
463 731 22 22 af
499 732 94 21 bankens
609 732 60 25 vinst,
685 732 87 21 emedan
789 732 39 21 den
842 733 47 20 stod
904 732 6 20 i

90 759 96 22 bankens
209 760 78 21 böcker
309 760 34 21 till
361 760 48 21 vida
430 760 65 27 högre
510 761 71 23 värde,
597 762 26 19 än
639 761 40 20 den
695 761 6 20 i
717 760 145 27 verkligheten
878 762 32 19 ut-

90 788 80 27 gjorde.
192 788 75 21 Dertill
283 789 96 21 kommer
393 795 28 15 nu
438 789 39 20 den
489 789 76 21 förlust
576 789 82 21 banken
670 789 154 26 otvifvelaktigt
834 791 38 24 gör
883 789 27 26 på

90 817 135 27 utvexlingen
247 817 24 21 af
292 818 73 20 siltver
386 817 33 21 till
440 818 56 26 guld.
532 818 60 21 Huru
608 817 40 21 den
664 817 134 21 återstående
814 818 60 20 delen
890 817 23 21 af

90 845 141 22 bankvinsten
253 846 55 21 skall
329 845 101 22 bokföras
451 848 59 25 säges
525 847 7 20 i
548 847 202 26 bankreglementet.
780 847 41 26 Jag
836 846 74 27 tycker

89 875 83 20 således
195 877 32 18 att
251 875 68 21 denna
341 875 38 21 sak
402 877 24 18 är
449 875 86 21 alldeles
555 875 48 21 klar
625 875 40 21 och
680 875 46 21 icke
741 874 81 22 tarfvar
837 875 72 21 vidare

89 904 130 27 utläggning.

158 961 83 21 Doktor,
263 961 132 21 Lindelöf:
424 962 11 20 I
450 964 89 18 motsats
562 961 32 21 till
617 962 85 25 prosten
723 961 59 27 Hjelt
798 967 62 15 anser
872 961 37 27 jag

90 990 39 20 den
153 989 23 21 af
196 990 73 21 rektor
291 990 100 21 Kihlman
412 990 131 26 uppkastade
560 990 74 26 frågan
650 990 45 20 icke
711 989 64 22 hafva
789 990 70 20 blifvit
875 996 35 20 ge-

89 1024 49 16 nom
157 1018 94 22 ståndets
271 1019 7 21 i
294 1019 37 27 går
346 1019 82 21 fattade
444 1019 69 21 beslut
528 1019 89 27 afgjord,
633 1020 50 19 utan
699 1021 32 18 att
746 1020 55 19 ännu
818 1018 91 22 återstår

88 1050 33 18 att
138 1048 115 20 bestämma
269 1048 54 20 huru
339 1048 138 21 öfverskottet
493 1047 23 21 af
531 1048 144 24 bankvinsten,
691 1048 64 20 sedan
772 1048 138 20 statsutskot-

88 1078 42 19 tets
153 1077 73 27 anslag
247 1076 94 21 derifrån
356 1076 77 27 utgått,
450 1076 53 21 skall
519 1076 106 22 bokföras.
656 1076 83 21 Hittills
755 1076 39 21 har
809 1076 100 21 bankför-

89 1105 123 26 valtningen
235 1105 46 21 icke
304 1105 47 27 följt
375 1105 139 26 reglementet
536 1105 130 21 beträffande
681 1104 161 21 reservfondens
858 1104 51 21 bok-

89 1134 94 22 förande,
206 1134 88 20 emedan
309 1134 150 20 reservfonden
475 1133 46 21 icke
536 1134 39 20 har
591 1133 148 27 uppdebiterat
754 1133 43 20 alla
812 1133 97 25 tillskott,

89 1168 44 15 som
149 1162 64 21 hafva
228 1162 89 21 tillflutit
333 1163 82 20 banken
434 1162 7 20 i
456 1162 87 26 kapital.
574 1162 47 20 Den
635 1161 75 27 frågan
726 1162 68 20 skulle
806 1161 37 27 jag
858 1167 51 15 anse

88 1196 50 16 vara
154 1191 65 27 vigtig
235 1193 32 19 att
281 1190 74 28 afgöra
369 1191 44 26 just
428 1191 27 26 på
471 1191 25 21 de
511 1191 23 21 af
547 1191 72 21 rektor
633 1190 100 21 Kihlman
746 1190 89 21 anförda
845 1196 63 21 grun-

88 1220 72 26 derna,
176 1220 86 21 emedan
279 1219 27 27 på
322 1220 69 20 denna
405 1220 113 27 bokföring
532 1220 69 24 beror,
617 1219 103 21 huruvida
736 1220 68 20 denna
820 1225 88 20 summa,

88 1248 101 22 förutsatt
209 1251 30 18 att
256 1248 40 21 den
312 1250 24 19 är
351 1248 7 21 i
374 1248 77 24 behäll,
467 1248 41 21 kan
521 1248 23 20 af
558 1248 126 21 kommande
700 1248 85 20 ständer
801 1248 107 21 användas

89 1277 69 21 såsom
181 1277 153 26 odisponerade
358 1277 130 21 vinstmedel.
518 1276 43 22 För
578 1277 43 20 min
637 1276 34 20 del
687 1282 61 15 anser
761 1276 43 27 jag,
821 1279 32 18 att
868 1276 40 21 den

87 1305 53 25 icke,
157 1312 34 14 om
208 1305 140 27 bokföringen
364 1306 54 20 skall
434 1311 50 15 vara
499 1305 70 26 riktig,
585 1306 42 20 kan
643 1305 99 21 bokföras
757 1305 67 20 under
839 1310 69 15 annan

88 1333 79 25 rubrik,
184 1335 26 19 än
222 1334 69 21 säsom
303 1334 152 27 odisponerade
467 1333 132 26 vinstmedel,
611 1336 32 18 ett
654 1333 118 21 öfverskott
783 1333 46 21 frän
840 1333 68 21 denna

87 1362 102 26 landtdag
204 1363 32 20 till
251 1362 122 21 framtiden.

155 1418 91 21 Prosten
267 1419 137 20 Borenius:
433 1418 12 20 I
460 1418 67 21 likhet
549 1419 48 19 med
619 1420 85 23 prosten
724 1417 58 26 Hjelt
797 1423 62 14 anser
872 1417 36 26 jag

88 1445 69 22 denna
179 1446 39 21 sak
240 1452 50 15 vara
312 1446 88 20 alldeles
415 1446 62 20 enkel
496 1446 39 21 och
550 1446 53 20 klar.
633 1446 42 26 Jag
689 1445 81 26 tycker,
786 1447 32 18 att
833 1445 37 20 det
884 1447 26 20 är

87 1475 69 25 precis
178 1475 118 20 detsamma
316 1474 68 21 under
406 1474 80 21 hvilket
508 1475 62 20 conto
593 1473 61 22 dessa
679 1473 133 22 äterstäende
839 1473 69 21 medel

87 1502 63 23 föras.
181 1503 125 27 Egentligen
323 1503 51 21 böra
387 1503 25 21 de
428 1503 56 21 föras
499 1503 66 20 under
580 1502 101 21 rubriken
694 1502 162 27 ,odisponerade
866 1508 42 15 me-

88 1531 54 25 del",
165 1538 48 15 men
233 1538 35 15 om
291 1532 27 21 de
339 1531 57 22 föras
418 1531 31 22 till
466 1531 150 22 reservfonden
632 1531 39 22 har
684 1531 62 27 ingen
762 1531 67 22 skada
844 1531 63 26 skett,
