1078 1803
313 151 159 17 Presteståndet
484 151 55 17 1877.
566 152 27 16 20
606 152 112 17 december.
844 146 54 21 3037

105 218 91 26 ändring
218 218 6 20 i
245 218 76 21 sådant
343 218 60 26 syfte,
424 221 33 19 att
472 218 35 21 det
523 218 38 21 här
577 218 137 22 omförmälda
729 219 116 26 uppdraget
860 218 68 22 skulle

105 246 24 21 af
143 246 189 26 bankfullmäktige
348 247 117 27 öfvertagas
481 247 52 21 först
548 247 65 21 sedan
629 247 235 26 expeditionsutskottet
874 253 53 21 upp-

105 274 42 22 löst
162 275 38 25 sig.

174 331 131 21 Besvarades
328 331 47 22 med
394 331 101 26 enhälligt
511 331 44 27 nej;
571 332 96 21 hvarföre
682 332 82 21 således
779 331 85 22 ståndet
879 331 47 21 ville

106 360 7 20 i
129 360 98 21 afseende
243 360 12 20 å
270 360 57 21 förra
343 360 60 21 delen
419 360 21 21 af
454 360 59 21 detta
528 360 12 19 2
556 367 62 14 mom.
635 360 61 21 hafva
709 361 118 20 detsamma
837 360 90 21 ändradt

105 387 8 22 i
135 388 77 22 sådant
231 387 60 28 syfte,
307 389 32 20 att
355 388 35 21 det
405 387 39 22 här
459 388 137 22 omförmälda
611 389 117 26 uppdraget
743 388 67 22 borde
825 389 21 20 af
860 388 66 21 bank-

105 416 132 27 fullmäktige
259 417 119 26 öfvertagas
397 417 53 21 först
464 417 64 21 sedan
544 417 237 26 expeditionsutskottet
795 416 46 22 från
855 419 72 20 senast

106 445 71 22 hållna
193 445 100 27 landtdag
307 445 93 27 upphört
416 445 46 22 med
477 446 32 20 sin
525 446 133 21 verksamhet
673 446 53 21 efter
741 445 134 27 landtdagen.

175 503 44 21 Och
241 502 68 21 skulle
332 502 95 22 ståndets
447 503 88 21 sålunda
550 503 80 22 fattade
646 503 69 22 beslut
730 503 7 20 i
753 502 70 28 vanlig
838 502 88 27 ordning

105 531 102 27 delgifvas
222 531 137 22 medstånden
375 532 39 21 och
430 532 165 21 statsutskottet.

173 673 40 23 Till
236 674 131 27 ompröfning
390 675 95 22 förekom
509 675 150 26 lagutskottets
681 675 54 27 ånyo
759 674 76 27 afgifna
851 675 74 21 betän-

104 703 70 21 kande
189 704 7 20 i
211 703 111 26 anledning
339 703 22 21 af
376 704 57 21 Hans
449 704 117 26 Kejserliga
581 703 108 27 Majestäts
706 703 76 27 nådiga
793 704 131 26 proposition

104 732 110 26 angående
228 731 121 27 inteckning
364 732 6 20 i
387 732 94 22 enskilda
494 732 256 27 jernvägsanläggningar.

172 789 79 21 Härvid
268 789 101 26 begärdes
385 790 60 21 ordet
460 788 22 22 af

172 846 90 22 Prosten
285 846 153 27 Grönberg,
462 853 45 15 som
529 847 94 27 yttrade:
653 846 39 27 Jag
714 846 69 22 skulle
805 846 119 27 ödmjukast

105 875 117 26 hemställa,
238 877 31 19 att
284 875 115 21 utskottets
414 875 79 26 förslag
507 875 53 21 först
575 876 65 20 måtte
655 876 84 20 komma
755 875 66 21 under
836 876 88 20 omröst-

104 903 55 27 ning.
190 903 80 22 Sådant
292 904 61 21 torde
374 904 51 21 höra
447 904 32 20 till
498 904 41 26 god
554 904 95 26 ordning,
665 904 39 20 och
720 903 44 21 ifall
780 904 35 21 det
829 904 95 26 godkän-

104 938 43 20 nes,
163 932 67 21 skulle
246 932 77 26 onödig
338 932 107 27 tidspillan
460 932 109 22 undvikas.

172 989 142 27 Domprosten
329 989 162 26 Hornborg:
521 989 40 26 Jag
577 995 61 15 anser
652 989 68 21 denna
736 988 58 28 fråga
810 988 75 22 beröra
900 990 24 20 så

103 1018 132 27 synnerligen
257 1018 78 26 vigtiga
357 1018 212 24 samhällsintressen,
591 1020 32 18 att
645 1018 39 20 den
707 1020 23 18 är
753 1017 88 27 förtjent
862 1017 22 21 af
897 1024 26 14 en

102 1046 135 27 grundligare
259 1046 133 26 ompröfning
415 1046 38 21 och
469 1046 124 26 diskussion,
610 1048 26 19 än
651 1052 45 15 som
711 1046 69 21 skulle
795 1052 38 20 ega
849 1052 52 20 rum,
917 1046 6 20 i

102 1074 100 21 händelse
224 1074 116 21 utskottets
363 1074 134 22 betänkande
521 1074 129 21 omedelbart
672 1074 67 21 skulle
761 1074 73 21 ställas
857 1075 67 20 under

103 1103 137 26 omröstning.
270 1103 41 20 För
327 1103 43 21 min
386 1103 33 21 del
436 1103 35 20 vill
484 1103 37 26 jag
536 1103 5 20 i
558 1103 41 21 alla
614 1103 113 21 afseenden
743 1102 125 27 fullkomligt
883 1102 41 21 för-

103 1137 39 16 ena
158 1132 42 25 mig
215 1131 47 21 med
279 1134 166 24 reservanterne,
462 1131 87 22 friherre
565 1131 76 21 Wrede
656 1134 54 19 samt
725 1131 74 21 herrar
813 1131 109 26 Järnefelt,

103 1160 109 26 Forsman,
235 1160 118 26 Ebrström,
377 1160 87 22 Renvall
487 1160 38 21 och
541 1160 119 26 Björkstén,
677 1160 38 21 och
731 1160 95 21 kommer
841 1159 81 22 således

101 1190 33 20 att
150 1191 73 18 votera
238 1188 32 22 för
284 1190 163 20 reservationen.

170 1246 109 21 Professor
295 1246 94 21 Cleve:
419 1247 44 20 För
477 1246 43 27 min
535 1246 33 21 del
584 1246 62 20 utber
658 1245 37 27 jag
710 1245 43 27 mig
768 1247 31 19 att
810 1246 20 20 få
840 1245 83 21 biträda

102 1277 86 23 prosten
204 1275 120 22 Grönbergs
340 1274 141 27 andragande.
507 1274 66 21 Afven
589 1276 41 24 mig
645 1280 61 21 synes
722 1274 36 21 det
773 1274 86 21 alldeles
872 1274 50 21 nöd-

102 1304 93 25 vändigt,
211 1304 31 20 att
256 1303 92 26 ståndet,
363 1303 64 21 innan
442 1310 48 14 man
506 1303 38 26 går
559 1303 31 21 till
606 1303 96 27 pröfning
718 1303 22 21 af
753 1304 169 20 reservanternes

101 1330 84 28 förslag,
209 1331 120 21 diskuterar
351 1331 51 21 eller
424 1334 85 19 voterar
531 1332 107 26 angående
651 1332 116 22 utskottets
783 1331 138 26 betänkande,

101 1360 104 21 huruvida
220 1360 35 20 det
271 1361 88 25 antages
375 1360 50 21 eller
440 1360 53 21 icke.
519 1359 206 28 Nej-propositionen
736 1359 67 22 skulle
815 1360 26 20 då
851 1362 71 19 natur-

101 1388 71 27 ligtvis
194 1388 108 24 innefatta,
326 1390 32 19 att
381 1388 84 22 ståndet
487 1389 67 21 skulle
571 1388 83 27 öfvergå
669 1388 32 21 till
716 1394 26 16 en
758 1388 129 26 granskning
902 1387 22 22 af

101 1419 168 19 reservanternes
284 1416 84 27 förslag.

169 1473 152 21 Diskussionen
337 1473 73 21 härom
425 1473 114 21 afslutades
555 1473 38 20 och
609 1472 91 27 följande
714 1473 130 26 proposition
857 1471 64 22 fram-

101 1501 96 23 ställdes:
