1073 1803
213 157 56 21 2430
397 161 160 18 Presteståndet
571 163 54 16 1877.
649 162 13 16 4
674 162 113 16 december.

243 309 142 35 Tisdagen
402 310 55 27 den
475 310 17 28 4
508 309 155 27 December
679 309 124 27 klockan
820 308 32 28 10
871 309 18 27 f.
906 316 34 20 m.

253 375 171 21 Sammanträdet
445 374 107 28 öppnades
572 374 48 21 med
639 373 22 22 af
675 374 106 27 professor
796 373 63 22 Cleve
874 373 28 27 pä
916 373 92 21 svenska

184 403 88 28 spräket
287 403 70 22 hällen
373 403 48 22 bön.

253 473 41 21 Vid
309 473 117 21 verkstäldt
441 479 81 22 upprop
538 472 102 22 befunnos
656 472 95 21 ständets
763 472 97 27 samtlige
870 471 138 22 medlemmar

184 502 138 21 närvarande.

252 569 41 23 Till
310 570 104 27 justering
436 570 108 27 upplästes
566 570 196 27 protokollsutdrag
784 569 47 22 från
850 571 85 20 senaste
952 575 56 16 sam-

184 599 117 22 manträde.

252 668 39 21 Till
307 667 129 28 behandling
451 667 93 28 företogs
560 667 53 22 efter
625 667 124 28 liggetidens
762 667 80 28 utgäng
853 667 153 28 lagutskottets

184 697 133 22 betänkande
332 697 40 22 N:o
389 697 26 21 14
430 697 7 21 i
452 697 113 26 anledning
578 697 21 21 af
611 697 58 20 Hans
680 696 117 27 Kejserliga
808 697 110 26 Majestäts
929 697 76 26 nädiga

183 726 132 26 proposition
334 726 32 20 tili
387 725 100 21 Finlands
508 725 86 21 ständer
613 725 48 21 med
681 725 79 27 förslag
775 725 31 21 till
824 725 42 26 1:o)
882 724 123 27 förordning

183 754 110 26 angäende
314 754 120 21 bekännare
455 754 23 21 af
490 754 131 22 främmande
636 754 80 21 kristen
732 754 92 21 troslära
839 754 7 21 i
860 754 90 21 Finland
966 753 40 22 och

184 783 62 21 deras
268 782 174 27 religionsfrihet;
463 783 40 26 2:0)
524 783 125 25 förordning
668 782 108 26 angäende
795 783 45 21 icke
856 782 80 21 kristne
951 784 54 19 tros-

184 811 121 21 bekännare
325 811 40 21 och
385 810 48 22 dem
448 811 117 27 medgifven
581 810 172 27 religionsfrihet;
769 811 39 21 och
825 811 42 23 3:0)
883 811 124 26 förordning

185 846 34 15 om
234 846 77 15 ansvar
324 840 34 20 för
373 840 46 24 den,
435 846 44 15 som
495 840 98 27 olofligen
608 839 79 21 förmår
702 840 69 26 någon
786 840 33 20 till
834 838 114 28 öfvergäng
960 839 46 21 från

185 875 25 15 en
225 868 92 22 troslära
331 868 33 22 till
379 874 77 16 annan.

253 937 70 22 Sedan
338 937 28 27 pä
381 937 23 21 af
417 937 50 21 herr
482 937 143 22 talmannen
641 937 61 27 gjord
716 937 107 27 förfrägan
834 938 84 21 ständet
928 937 79 21 uttalat

184 966 32 27 sig
233 966 80 22 derhän
333 968 32 19 att
386 972 27 15 en
433 966 154 22 förberedande
607 966 78 21 allmän
706 966 120 21 diskussion
846 966 68 22 skulle
934 966 72 27 föregä

184 994 221 28 detaljbehandlingen
421 994 22 22 af
457 995 236 27 författningsförslaget
709 995 102 27 begärdes
827 995 62 21 ordet
903 994 23 22 af

253 1064 84 21 Doktor
357 1064 179 25 Nordström,
555 1070 45 15 som
621 1064 94 27 yttrade:
746 1064 42 21 Det
803 1064 56 21 lärer
873 1064 47 21 icke
935 1064 73 21 kunna

185 1092 100 22 förnekas
299 1094 33 20 att
346 1093 33 20 för
394 1092 158 27 tillämpningen
567 1093 23 21 af
603 1092 25 21 de
644 1092 113 21 frisinnade
773 1093 138 25 grundsatser
926 1092 37 22 vär
978 1099 28 14 nu

184 1121 98 26 gällande
305 1121 103 27 kyrkolag
430 1121 23 20 af
467 1121 39 21 den
522 1121 12 21 6
553 1121 116 21 December
687 1121 52 21 1869
754 1121 7 21 i
777 1121 115 21 allmänhet
908 1121 39 22 och
963 1123 44 19 sär-

185 1149 65 22 skildt
270 1150 43 21 6:te
334 1149 40 22 och
395 1150 26 21 53
442 1150 26 26 $$
485 1150 6 21 i
508 1149 121 22 densamma
644 1150 89 21 omfatta
748 1149 39 22 och
803 1150 33 20 för
850 1149 62 22 dessa
927 1150 79 26 grund-

185 1181 79 19 satsers
278 1178 73 21 vidare
367 1177 125 28 utveckling,
508 1179 26 20 de
549 1178 156 27 bestämningar
720 1180 37 19 äro
773 1179 84 26 nödiga,
872 1178 72 21 hvilka
959 1179 49 26 ingä

184 1207 7 20 i
207 1207 40 21 den
267 1207 76 26 nädiga
358 1207 164 26 propositionen,
539 1213 45 15 som
599 1213 29 15 nu
643 1207 69 21 blifvit
727 1206 113 22 ständerna
854 1207 95 26 förelagd
964 1207 42 21 till-

184 1235 51 27 följe
250 1235 22 21 af
286 1241 27 15 en
327 1236 56 20 inom
400 1235 156 26 presteständet
571 1236 33 20 vid
623 1236 53 20 1872
687 1236 34 20 års
733 1235 101 27 landtdag
844 1235 62 21 väckt
916 1236 91 26 petition

185 1264 7 21 i
207 1264 94 24 ärendet,
317 1270 33 15 om
366 1263 85 22 hvilken
467 1264 115 21 ständerna
597 1264 33 21 vid
643 1270 81 15 samma
734 1264 102 27 landtdag
848 1265 28 25 pä
886 1264 121 27 tillstyrkan

184 1292 23 22 af
220 1292 107 22 allmänna
341 1292 193 22 besvärsutskottet
549 1293 31 26 sig
595 1293 107 21 förenade.
725 1293 65 26 Ingen
806 1294 60 20 torde
882 1293 71 21 kunna
969 1292 35 22 be-

184 1321 67 21 strida
271 1322 32 20 att
325 1327 27 15 en
366 1320 35 27 lag
416 1321 112 27 erfordras,
543 1321 148 21 innehällande
706 1321 132 21 föreskrifter
853 1322 24 20 af
890 1322 55 20 hvad
960 1327 47 16 som

185 1350 66 20 borde
270 1350 98 25 iaktagas
389 1349 27 21 dä
436 1350 68 25 någon
525 1350 36 20 vill
581 1349 85 26 öfvergä
687 1349 46 21 från
753 1350 110 20 lutherska
878 1349 80 27 kyrkan
974 1349 33 21 till

184 1379 67 19 annat
271 1376 166 28 kyrkosamfund
458 1377 51 21 eller
524 1378 91 20 tvärtom
632 1376 45 22 frän
693 1378 131 20 främmande
839 1378 167 26 kyrkosamfund

184 1405 33 22 till
232 1405 111 22 lutherska
357 1405 60 21 läran
433 1405 107 21 äfvensom
553 1411 26 15 en
592 1405 35 27 lag
639 1405 107 27 angående
757 1406 26 21 de
794 1406 129 27 rättigheter,
934 1405 73 22 hvilka

185 1434 25 21 sä
224 1434 7 21 i
246 1434 93 27 kyrkligt
357 1440 46 15 som
418 1433 116 28 borgerligt
549 1434 99 21 afseende
663 1434 65 21 borde
743 1434 119 21 tillkomma
876 1435 132 21 främmande

184 1462 223 27 religionsförvandter
421 1462 7 21 i
443 1462 79 21 landet.
552 1462 83 27 Frägan
651 1464 24 19 är
690 1463 74 21 endast
779 1470 34 15 om
829 1463 57 22 tiden
902 1463 65 22 redan
982 1465 24 20 är

185 1491 49 22 inne
255 1491 32 22 för
306 1491 137 22 utfärdandet
457 1491 25 22 af
495 1491 72 27 dylika
581 1491 59 27 lagar
655 1494 54 19 samt
724 1494 38 24 att,
779 1499 33 14 om
828 1493 36 20 det
878 1492 68 22 skulle
961 1493 45 21 visa

185 1521 32 26 sig
237 1521 32 20 att
288 1520 26 22 de
335 1519 132 22 närvarande
489 1519 160 23 förhällandena
667 1520 47 22 icke
734 1523 37 20 äro
787 1527 121 21 gynsamma
924 1521 34 22 för
972 1523 33 20 ut-

184 1549 113 22 färdandet
317 1549 24 21 af
361 1555 24 16 en
407 1549 145 28 dissenterlag,
573 1549 99 22 behofvet
693 1549 21 22 af
732 1555 26 16 en
779 1550 65 21 sädan
866 1550 54 23 dock
938 1552 24 20 är
982 1551 25 22 sä
