1078 1803
190 154 54 19 3068
371 157 159 18 Presteståndet
542 158 54 17 1877.
620 157 23 17 21
655 157 113 18 december.

228 226 89 21 Prosten
336 226 92 27 Hjelt:
450 226 42 27 Jag
508 227 33 20 för
561 226 43 21 min
622 225 34 21 del
671 226 123 26 godkänner
806 225 173 22 bankutskottets

160 255 301 26 sammanjemkningsförslag,
482 255 88 21 emedan
591 255 36 26 jag
650 260 62 15 anser
731 255 37 20 det
788 261 51 14 vara
854 255 76 24 bättre,
947 256 32 19 att

159 289 50 15 man
229 283 39 20 har
283 283 12 28 8
311 285 27 19 70
359 284 71 24 sådan,
446 289 44 14 som
508 283 39 21 den
563 283 142 21 förekommer
720 283 6 20 i
742 283 145 27 reglementet,
903 283 76 26 åtföljd

160 312 23 21 af
196 311 173 22 bankutskottets
385 311 97 22 deröfver
496 312 80 26 afgifna
590 311 121 27 förklaring,
723 313 26 19 än
760 313 32 19 att
804 318 47 15 man
862 311 117 22 bibehåller

160 342 31 19 ett
213 340 122 27 stadgande,
358 347 45 15 som
426 340 18 26 ej
463 340 39 21 alls
517 342 24 19 är
556 341 48 20 dess
619 340 110 27 tydligare,
742 342 51 19 utan
809 341 90 27 troligen
915 339 64 22 fram-

160 368 58 22 deles
233 368 46 22 åter
294 368 101 22 behöfver
410 368 32 22 sin
458 368 123 28 förklaring.

228 437 82 21 Rektor
331 437 147 21 Kihlman:
500 437 41 27 Jag
562 438 42 20 kan
624 438 19 26 ej
659 438 100 25 erkänna,
781 439 33 19 att
829 438 36 21 det
879 437 101 22 förhåller

161 466 31 26 sig
212 466 29 24 så,
257 471 44 16 som
317 468 85 24 prosten
418 466 59 26 Hjelt
492 469 53 24 sagt.
576 466 72 26 Enligt
664 466 40 21 den
719 466 120 21 nuvarande
854 466 126 27 paragrafen

161 495 60 21 skola
235 495 103 21 kurserna
353 501 51 14 vara
419 495 98 27 gällande
532 495 24 20 så
571 495 61 27 länge
648 496 24 20 de
688 497 36 19 äro
740 495 127 26 uppslagna;
884 501 47 15 men
945 495 35 21 det

161 525 24 19 är
200 524 18 26 ej
234 523 61 27 sagdt
310 523 77 27 tydligt
402 523 39 21 och
456 524 112 25 bestämdt,
580 525 33 19 att
623 524 25 20 de
658 524 60 20 skola
729 529 50 15 vara
787 524 61 20 alltid
858 524 123 26 uppslagna.

160 552 43 20 Det
217 554 24 18 är
257 552 68 21 denna
341 552 123 27 otydlighet,
479 558 45 15 som
540 552 39 21 har
594 552 70 21 blifvit
680 552 105 21 undviken
801 558 75 20 genom
887 553 40 20 den
938 552 43 21 for-

161 580 109 28 mulering,
289 586 46 15 som
357 581 156 25 presteständet
535 583 70 24 antog,
629 580 65 27 enligt
716 580 85 22 hvilken
816 581 36 21 det
867 581 66 24 heter,
949 582 32 19 att

161 610 103 20 kurserna
279 608 52 22 böra
347 609 67 21 hållas
429 609 101 27 anslagna
542 609 13 21 å
570 609 100 33 lämpliga
686 610 75 20 ställen
772 609 40 21 och
822 616 51 14 vara
883 609 98 27 gällande

161 638 67 21 under
244 638 39 21 den
299 637 31 21 tid
347 638 26 21 de
389 640 36 19 äro
441 638 107 27 anslagna.
579 638 41 21 Det
635 639 24 19 är
674 638 82 21 således
773 638 106 27 verkligen
895 645 26 14 en
934 639 47 26 tyd-

162 666 65 33 ligare
242 666 120 35 redigering
377 667 22 20 af
413 673 81 14 samma
501 651 114 47 "paragraf,
631 667 40 20 och
686 667 46 26 den,
750 673 46 15 som
812 667 77 21 önskar
904 667 77 27 tydlig-

161 695 37 21 het
213 695 6 21 i
235 696 67 26 lagen,
317 695 68 21 måste
400 696 33 20 väl
450 696 26 21 då
491 697 64 20 också
566 695 112 27 föredraga
688 698 32 19 att
728 684 97 33 vidhålla
835 696 55 21 hvad
900 698 81 25 preste-

162 724 85 21 ståndet
261 724 58 21 förut
334 724 39 20 har
389 724 87 21 beslutit
491 724 89 22 framför
596 730 25 15 en
637 713 80 33 mindre
733 724 110 28 tydlighet.

230 792 61 22 Efter
311 793 87 21 härmed
419 792 107 22 förklarad
545 792 91 22 afslutad
651 793 119 21 diskussion
786 793 124 21 framstälde
929 793 51 21 herr

162 822 167 21 talmannen
345 822 93 26 följande
453 822 141 27 proposition:

232 890 129 22 Godkännes
382 890 138 22 förevarande
542 890 296 28 sammanjemkningsförslag
852 891 69 21 såvidt
937 892 45 20 deri

161 920 70 27 yrkas,
255 922 32 18 att
309 919 75 27 frågan
405 925 34 15 om
462 920 90 27 ändring
574 920 23 21 af
611 920 10 26 $
637 920 27 20 70
680 920 21 20 af
714 920 197 27 bankreglementet
925 919 56 29 finge

162 948 85 22 förfalla
270 948 51 21 eller
336 948 59 21 icke?
425 948 80 21 Vinner
527 949 41 26 nej,
587 948 38 21 har
644 948 84 21 ståndet
744 949 47 20 med
806 948 138 22 förkastande
959 949 24 21 af

163 977 230 27 sammanjemkningen
407 977 7 21 i
430 976 88 22 berörde
534 978 33 20 del
583 977 86 21 beslutit
684 977 92 21 vidhålla
791 978 37 20 sitt
838 978 7 20 i
857 978 58 21 detta
930 978 52 20 hän-

163 1006 76 22 seende
253 1006 58 21 förut
325 1006 82 21 fattade
422 1006 74 21 beslut.

231 1075 130 20 Besvarades
384 1075 47 20 med
456 1076 24 19 16
500 1075 22 26 ja
544 1075 38 21 och
601 1076 23 19 12
641 1076 39 26 nej,
697 1075 87 20 hvarför
800 1076 84 20 ståndet
899 1072 83 24 således

162 1103 94 27 godkänt
274 1103 316 28 sammanjemkningsförslaget
605 1104 68 21 sävidt
689 1103 44 21 deri
749 1103 97 27 yrkades,
861 1106 32 19 att
908 1103 74 27 frågan

163 1138 34 15 om
212 1131 89 28 ändring
316 1132 22 20 af
353 1132 12 27 $
381 1133 26 20 70
423 1132 6 21 i
444 1132 197 27 bankreglementet
656 1133 68 20 skulle
739 1132 91 21 förfalla.

230 1200 151 21 Resolutionen
407 1199 132 22 beträffande
562 1200 26 28 $&
611 1201 27 20 83
660 1201 40 20 och
725 1201 39 20 113
786 1201 122 26 godkändes
931 1203 51 19 utan

163 1229 124 21 diskussion.

231 1297 39 21 Om
285 1297 142 21 resolutionen
444 1297 89 21 rörande
548 1297 12 27 &
578 1298 38 20 129
632 1297 81 22 anhölls
729 1304 33 15 om
779 1298 61 21 ordet
855 1298 22 21 af

231 1367 112 21 Professor
365 1367 125 23 Donner,
514 1373 45 14 som
575 1367 93 26 yttrade:
688 1367 46 20 Här
749 1369 36 19 äro
801 1367 36 20 tvä
852 1367 68 25 ständ,
937 1373 45 15 som

163 1395 64 21 hafva
249 1395 94 27 godkänt
364 1395 203 27 bankfullmäktiges
589 1394 85 27 förslag,
698 1397 31 19 ett
751 1395 63 21 ständ
835 1395 38 21 har
888 1395 95 28 godkänt

162 1424 116 21 utskottets
298 1424 134 21 betänkande
447 1424 39 21 och
499 1425 35 20 det
550 1424 66 27 fjerde
631 1424 85 21 ständet
730 1424 40 21 har
784 1424 95 27 godkänt
893 1430 26 15 en
935 1425 47 20 der-

162 1452 56 22 ifrän
240 1453 113 21 afvikande
376 1453 136 21 reservation.
542 1452 86 23 Säledes
650 1454 24 19 är
697 1453 36 21 det
755 1453 36 22 tvä
812 1453 60 21 ständ
892 1453 49 22 med
956 1460 27 15 en

162 1488 121 21 gemensam
299 1482 55 26 äsigt
369 1481 39 22 och
424 1482 26 21 de
465 1482 36 21 tvä
515 1483 67 20 andra
597 1482 89 21 ständen
701 1482 65 22 hafva
781 1482 130 28 skiljaktiga.
940 1483 44 21 Det

162 1511 62 21 torde
239 1511 66 21 under
320 1511 80 21 sädana
415 1510 147 23 förhällanden
577 1510 33 23 väl
626 1517 51 15 vara
692 1511 105 28 riktigast,
810 1514 32 19 att
854 1512 129 27 prestestän-

164 1540 35 21 det
214 1540 103 21 vidhäller
332 1540 38 21 sitt
384 1539 76 22 beslut.
