1081 1803
206 152 56 20 3148
396 155 160 18 Presteståndet
568 156 55 17 1878.
647 157 13 15 4
672 155 91 17 Januari.

176 223 114 26 tillgångar
305 223 61 21 äfven
381 223 33 21 för
429 223 59 21 detta
504 222 104 25 ändamål,
624 228 48 16 men
687 224 32 19 att
734 222 23 21 af
771 223 25 21 de
811 229 17 14 s.
840 222 21 22 k.
872 222 126 22 ständernas

177 252 68 21 medel
266 252 46 21 icke
326 252 67 21 finnes
408 251 124 27 tillräckligt
547 251 38 21 har
601 251 158 21 statsutskottet
774 251 61 25 visat,
850 251 27 21 då
892 251 36 21 det
943 252 55 20 måst

176 280 82 27 föreslå,
275 282 32 19 att
322 287 26 15 en
364 280 33 21 del
412 280 23 21 af
447 280 139 21 bankvinsten
599 279 68 22 skulle
682 280 113 20 användas.
815 279 72 22 Skulle
902 279 98 27 anslaget

176 308 33 22 för
231 309 132 26 fängelserna
385 309 86 21 komma
485 310 32 20 att
533 308 65 27 höjas,
614 309 23 21 så
653 308 67 21 skulle
735 308 160 22 statsutskottet
909 308 32 21 för
956 308 43 21 till-

176 337 60 22 fället
256 338 46 21 icke
325 340 48 18 veta
393 337 24 21 af
437 338 69 25 någon
528 343 68 16 annan
619 338 63 24 utväg
703 339 32 19 att
755 336 72 22 anvisa
842 336 69 22 medel
927 338 26 20 än
965 339 33 19 att

176 366 69 21 vända
265 365 31 28 sig
318 366 32 21 till
374 365 189 27 bränvinsskatten,
586 366 69 21 såsom
677 365 64 21 redan
758 365 38 21 har
810 365 125 26 föreslagits,
950 371 48 16 men

176 396 33 20 att
224 395 97 21 använda
337 393 22 22 af
373 394 184 22 bränvinsskatten
573 394 61 21 torde
649 393 46 22 icke
710 400 50 15 vara
775 393 81 28 möjligt
871 394 27 21 då
913 394 85 21 ståndet

176 423 66 22 redan
258 422 38 23 har
311 423 78 21 uttalat
403 423 39 21 den
459 423 86 25 önskan,
561 425 31 20 att
607 423 128 21 åtminstone
752 424 24 19 17
793 422 50 22 eller
859 423 26 21 18
897 422 103 27 miljoner,

178 458 33 15 om
234 452 24 21 så
280 452 83 27 mycket
385 451 41 22 kan
448 451 72 27 inflyta
541 451 6 21 i
563 453 68 20 denna
646 451 57 26 fond,
718 451 65 21 borde
799 451 83 22 anvisas
897 450 32 22 till
943 451 57 26 jern-

176 480 179 27 vägsbyggnader.
385 480 40 27 Jag
447 480 96 21 förordar
564 480 82 22 således
668 480 119 26 antagande
807 480 23 21 af
847 481 152 20 sammansatta

177 510 63 20 stats-
256 509 40 22 och
311 509 216 21 ekonomiutskottets
542 509 84 26 förslag.

246 566 110 21 Professor
371 565 90 22 Cleve:
491 565 40 27 Jag
546 566 34 21 vill
596 572 65 20 gerna
677 566 6 20 i
698 566 59 20 detta
773 566 66 20 andra
853 565 110 21 utlåtande
978 565 24 21 af

176 596 153 20 sammansatta
351 596 64 20 stats-
437 594 39 21 och
499 594 203 22 ekonomiutskottet
724 600 22 16 se
769 596 31 19 ett
822 594 129 21 bemödande
967 596 32 18 att

177 622 129 28 tillmötesgå
329 624 124 20 ständernas
475 624 134 25 önskningar,
632 628 47 16 men
699 623 36 27 jag
757 623 67 21 måste
839 622 54 22 dock
908 622 33 21 för
956 622 43 21 min

178 651 58 21 detta
251 652 67 20 uttala
335 651 39 21 den
391 652 89 24 mening,
497 654 31 19 att
544 652 58 21 detta
612 652 89 25 utskott,
712 652 23 20 så
745 651 44 22 vidt
802 652 36 26 jag
853 651 83 25 förstår,
952 650 47 22 icke

178 686 36 14 ens
237 680 5 21 i
258 681 60 20 detta
333 681 66 20 andra
414 680 108 22 utlåtande
544 680 38 22 har
597 680 194 21 tillfredsställande
806 680 41 21 löst
862 680 31 20 sin
909 679 88 27 uppgift.

178 708 42 21 Det
235 709 39 20 har
288 709 39 20 här
343 708 130 27 framhållits,
484 712 31 17 att
524 709 103 21 utskottet
638 710 27 25 på
675 709 67 26 grund
753 709 22 20 af
787 709 39 20 den
839 708 32 21 till
882 708 117 21 detsamma

177 737 75 26 gjorda
266 737 100 21 remissen
387 737 22 21 af
426 737 25 20 de
467 736 55 23 olika
538 737 88 22 stånden
641 737 64 21 fattat
719 737 32 20 sin
767 737 81 26 uppgift
863 736 70 21 såsom
949 742 50 15 vore

178 765 36 21 det
229 765 115 21 utskottets
359 765 120 26 skyldighet
493 767 32 20 att
539 766 75 21 utreda
629 765 46 21 icke
691 765 55 21 blott
761 765 54 21 huru
831 765 82 26 mycket
928 764 71 21 kunde

179 793 21 21 af
214 793 193 27 bevillningsmedel
422 793 69 22 anslås
507 795 6 20 i
525 794 38 21 och
574 795 33 20 för
617 793 208 28 fängelsereformens
834 793 166 27 genomförande

179 825 51 18 utan
253 822 59 21 äfven
335 825 33 18 att
383 822 119 21 undersöka
517 823 38 20 och
571 825 50 24 taga
636 823 6 20 i
658 823 139 20 betraktande
813 824 54 19 samt
882 821 118 22 framställa

178 850 73 27 sjelfva
272 851 115 21 reformens
409 851 46 25 läge
476 851 39 21 och
535 851 26 22 de
583 851 57 22 olika
663 851 69 25 behof,
755 858 45 14 som
816 852 27 25 på
857 851 68 26 grund
941 849 61 22 deraf

178 881 52 25 göra
245 880 31 25 sig
291 879 104 27 gällande.
424 879 43 22 För
483 881 42 20 min
541 880 33 21 del
590 880 39 21 har
641 881 37 26 jag
693 880 54 21 dock
763 880 92 21 hvarken
869 880 6 21 i
887 880 36 21 det
933 879 67 21 första

179 907 51 22 eller
246 909 58 20 detta
320 909 67 20 andra
402 908 111 21 utlåtande
528 911 41 18 sett
585 910 68 25 någon
669 909 136 26 ditåtgående
824 909 118 25 utredning,
953 913 45 16 som

179 936 67 21 skulle
262 937 73 21 kunna
349 938 51 25 göra
416 937 91 26 anspråk
522 938 28 26 på
565 939 32 20 att
613 944 50 15 vara
678 937 65 26 något
757 938 24 20 så
796 939 38 18 när
847 936 151 22 uttömmande.

178 965 43 21 Det
239 967 59 24 säges
314 966 52 20 visst
381 967 32 19 att
429 965 36 21 det
479 972 40 15 ena
535 965 50 22 eller
600 966 67 21 andra
682 966 103 26 fängelset
800 965 67 22 skulle
883 971 50 15 vara
948 965 52 21 nöd-

179 993 91 26 vändigt,
286 1000 47 15 men
349 1000 26 15 en
391 994 114 21 motiverad
521 994 156 26 undersökning
692 995 109 26 angående
816 995 36 20 det
867 996 43 19 sätt
920 993 81 27 hvarpå

178 1021 199 27 fängelsereformen
399 1022 66 21 borde
487 1023 133 26 genomföras
642 1023 66 21 finnes
731 1022 86 22 alldeles
832 1023 52 25 icke,
901 1022 46 21 icke
963 1028 37 15 ens

178 1051 24 20 så
225 1051 42 20 vidt
283 1051 35 20 det
336 1051 67 25 angår
417 1050 154 27 byggnaderna.
601 1051 41 21 Det
657 1051 66 21 finnes
738 1051 51 21 visst
805 1050 129 22 klandrande
949 1050 51 22 insi-

178 1079 111 20 nuationer
312 1079 109 26 angående
443 1079 153 27 uppbyggande
619 1080 21 20 af
661 1080 34 20 det
716 1082 58 19 stora
792 1078 102 27 fängelset
909 1079 7 20 i
932 1078 67 21 denna

178 1107 47 21 stad
242 1107 38 21 och
294 1107 143 26 hvarjehanda
448 1107 66 22 andra
524 1107 131 25 uttalanden,
666 1114 47 15 men
725 1114 25 15 en
761 1107 155 26 undersökning
927 1107 73 21 derom

178 1135 67 21 finnes
260 1135 46 22 icke
321 1136 40 21 och
376 1141 47 15 man
439 1136 34 21 må
488 1136 81 21 således
585 1136 46 21 icke
645 1136 44 21 tala
704 1143 33 14 om
749 1136 51 21 eller
810 1136 27 27 på
848 1136 80 21 sådana
939 1141 61 20 grun-

179 1163 37 22 der
238 1164 70 27 stödja
331 1164 36 21 det
389 1164 99 27 yrkande,
511 1166 32 20 att
564 1165 113 22 ständerna
692 1165 65 20 borde
773 1165 55 21 blott
843 1165 32 20 för
890 1164 111 21 bestämda

178 1192 98 22 ändamål
294 1193 72 20 anvisa
381 1193 75 20 medel.
485 1193 40 26 Jag
540 1193 35 21 vill
591 1193 45 21 icke
651 1193 112 27 uppehålla
779 1192 84 23 ståndet
878 1199 75 20 genom
969 1195 31 19 att

178 1227 95 20 upprepa
296 1221 25 21 de
344 1221 52 26 skäl,
417 1227 46 15 som
483 1221 36 26 jag
542 1222 33 21 vid
598 1221 66 22 första
677 1221 144 22 diskussionen
837 1221 69 22 anfört
921 1221 32 21 för
968 1223 32 20 att

178 1249 198 26 fängelsereformen
399 1249 65 21 borde
484 1249 31 21 till
535 1251 90 26 godoses
648 1251 47 20 med
719 1252 68 19 större
810 1250 79 26 anslag.
919 1249 42 22 Det
976 1252 24 19 är

178 1284 27 15 en
227 1277 87 22 alldeles
336 1277 66 28 tydlig
426 1278 38 21 och
487 1278 47 22 klar
551 1279 44 26 sak,
613 1281 32 18 att
662 1279 111 21 1863—64
790 1279 61 21 årens
867 1278 86 21 ständer
963 1285 37 14 an-

178 1306 58 26 sågo,
251 1309 32 18 att
298 1307 33 20 för
347 1307 58 21 detta
420 1307 98 21 ändamål
534 1307 105 27 betydliga
655 1307 144 27 uppoffringar
814 1307 65 21 borde
895 1307 44 21 ske.
961 1307 39 21 Att

180 1335 54 20 1872
255 1336 35 19 års
311 1335 87 20 ständer
420 1335 47 20 icke
484 1335 86 26 anslogo
589 1342 44 14 mer
648 1338 27 18 än
691 1336 39 19 den
746 1336 67 21 runda
828 1341 95 15 summan
939 1335 22 21 af
973 1341 27 15 en

178 1362 74 27 miljon
274 1363 60 20 mark
354 1363 48 20 kom
425 1363 32 25 sig
479 1363 61 21 deraf
560 1365 32 19 att
613 1363 62 22 dessa
689 1363 87 21 ständer
790 1363 47 21 icke
852 1363 55 21 hade
921 1362 33 22 för
969 1363 31 26 sig

178 1390 58 21 klart
257 1391 55 20 huru
335 1391 68 20 denna
425 1391 77 21 reform
525 1392 65 21 borde
612 1391 134 26 genomföras
769 1392 39 21 och
827 1391 82 21 derföre
925 1391 76 21 endast

178 1420 87 26 anslogo
288 1419 27 22 ad
337 1419 83 22 interim
439 1426 26 15 en
487 1420 78 27 miljon,
583 1427 48 15 men
649 1420 91 26 begärde
756 1427 25 15 en
797 1419 112 28 utredning
923 1426 77 20 genom

178 1449 140 21 nedsättande
333 1449 24 21 af
370 1455 25 15 en
410 1448 85 22 komité.
527 1449 74 21 Denna
615 1450 112 25 utredning
742 1449 39 21 har
795 1449 90 22 lemnats
900 1448 33 22 till
943 1450 57 20 stän-

179 1476 65 23 derna
261 1477 6 21 i
285 1477 54 22 form
354 1478 23 21 af
389 1478 104 21 komiténs
509 1478 79 27 förslag
603 1478 39 22 och
657 1478 36 21 det
708 1478 54 22 hade
778 1478 54 22 varit
847 1478 52 26 godt
914 1484 33 16 om
964 1478 36 21 det

179 1509 152 19 sammansatta
347 1507 104 21 utskottet
467 1508 54 20 hade
536 1507 55 27 gjort
606 1507 86 22 ståndet
707 1507 78 22 bekant
801 1507 92 22 dermed.
923 1506 33 22 Dä
971 1513 29 15 nu

179 1535 65 22 saken
262 1535 46 22 står
326 1536 24 21 så
371 1538 32 19 att
423 1535 7 21 i
445 1535 74 27 sjelfva
534 1536 74 22 verket
622 1536 47 21 icke
683 1536 69 27 någon
768 1538 97 19 närmare
880 1536 118 26 utredning,
