1081 1798
307 141 158 18 Presteståndet
478 142 56 17 1878.
558 143 24 16 12
592 143 88 20 januari.
824 137 55 22 3295

87 209 69 21 skulle
174 209 84 22 komma
272 211 32 20 att
319 209 84 22 inträffa
414 210 29 21 uti
454 211 26 20 de
491 210 151 26 förhållanden,
654 217 45 14 som
711 211 64 21 redan
786 210 66 22 bestå.
868 211 40 22 Om

88 237 63 22 också
166 237 149 27 inbjudningen
330 238 46 21 icke
392 240 87 25 antages
494 238 62 21 hafva
571 239 19 20 vi
607 239 85 21 dermed
708 239 54 21 ändå
772 239 46 22 icke
828 239 81 27 lyckats

87 265 63 22 vinna
171 267 66 26 något
257 267 77 20 hinder
354 267 34 20 för
409 266 113 27 öfvergång
537 267 31 21 till
584 267 40 21 den
640 267 110 22 lutherska
764 268 80 26 kyrkan
860 274 48 15 men

87 300 75 19 genom
178 297 31 18 ett
222 295 138 26 utstrykande
372 295 46 21 från
430 295 237 27 dissenterlagförslaget
678 296 45 21 utaf
733 296 39 21 den
784 295 123 27 paragrafen

88 323 73 20 ställer
182 323 31 26 sig
234 323 65 22 saken
322 323 23 22 så
367 325 31 19 att
422 323 113 27 öfvergäng
550 323 32 22 till
597 324 40 21 den
652 324 159 27 grekisk-ryska
826 324 81 28 kyrkan

86 353 24 19 är
132 351 77 22 tillåtet
232 358 48 15 men
302 352 32 21 till
357 352 235 27 dissentersförsamling
614 353 52 22 icke.
696 353 40 27 Jag
758 353 68 22 skulle
842 353 66 22 önska

86 381 32 19 att
134 379 150 27 inbjudningen
299 380 67 21 skulle
382 383 87 24 antagas
485 381 39 21 och
539 381 38 21 ber
592 382 74 21 endast
678 383 32 20 att
725 381 20 22 få
767 381 86 27 tillägga
876 385 32 18 att

87 408 48 21 mitt
149 409 99 26 yttrande
262 409 63 26 gälde
338 409 74 21 endast
428 410 25 21 19
469 410 19 26 3.
519 409 60 22 Hvad
594 410 150 27 inbjudningen
759 411 109 26 angående
881 411 27 21 de

85 436 46 22 icke
153 437 91 22 kristnas
267 438 125 25 rättigheter
414 437 100 22 beträffar
535 438 102 22 vidhäller
656 439 37 26 jag
715 439 128 21 fortfarande
864 440 43 21 min

86 465 60 27 åsigt,
162 468 32 19 att
210 466 35 21 det
260 467 24 20 är
300 466 44 21 skäl
360 466 32 21 för
407 467 84 20 ståndet
506 470 32 18 att
553 466 72 22 förena
641 467 31 26 sig
687 467 79 21 derom.

153 522 139 27 Domprosten
316 523 145 27 Hornborg:
491 523 40 27 Jag
553 523 37 22 ber
613 525 32 20 att
666 523 22 22 fä
710 523 72 22 förena
805 524 41 27 mig
858 525 49 21 med

83 551 128 26 föregående
239 551 66 22 talare
331 553 32 19 att
385 551 105 27 tillstyrka
512 552 117 26 antagande
652 552 22 21 af
696 552 146 28 ridderskapet
867 553 40 22 och

84 579 72 22 adelns
179 580 123 26 inbjudning
326 580 129 22 beträffande
478 582 24 20 19
519 581 18 26 8.
567 581 41 21 Vid
624 580 41 22 alla
681 581 25 21 de
722 581 34 21 vid
771 581 84 25 frågans
870 581 36 22 be-

83 608 102 26 handling
207 608 5 21 i
236 609 35 21 det
294 609 128 27 högvördiga
444 609 156 27 presteständet
621 609 111 22 förefallna
751 610 158 28 omröstningar

84 636 39 22 har
135 637 37 28 jag
187 637 63 22 ocksä
266 638 65 21 redan
346 639 68 20 röstat
429 637 33 22 för
476 639 119 26 antagande
610 638 22 21 af
646 638 170 27 dissenterlagen.

152 695 82 21 Doktor
257 694 109 22 Geitlin:
397 694 69 22 Ocksä
486 695 36 26 jag
536 694 67 22 skulle
619 696 27 25 pä
661 695 35 21 det
712 697 134 25 enträgnaste
862 696 42 20 till-

83 723 72 27 styrka
178 723 119 25 antagande
318 723 22 21 af
360 723 156 27 inbjudningen.
547 723 43 21 För
610 724 43 20 min
676 723 32 21 del
732 724 38 21 har
790 724 36 27 jag
839 724 64 21 redan

82 752 58 21 förut
159 752 77 20 uttalat
259 752 41 20 min
323 751 54 27 äsigt
400 752 88 20 rörande
514 753 24 20 19
554 752 12 26 &
582 752 39 21 och
637 754 69 19 ansett
722 752 48 21 dess
786 753 119 25 antagande

82 780 52 21 eller
154 780 136 22 förkastande
313 786 51 15 vara
385 780 99 26 liktydigt
506 781 47 20 med
568 781 118 25 antagande
702 780 51 22 eller
768 780 136 22 förkastande

83 808 22 21 af
124 808 47 21 hela
194 808 39 21 den
252 808 142 26 föreliggande
409 809 67 25 lagen.
507 808 32 22 Dä
554 809 101 25 derjemte
671 810 67 20 mäste
754 809 102 21 erkännas
872 812 32 18 att

82 843 26 15 en
131 836 122 27 förändring
273 837 6 20 i
300 836 76 22 hittills
396 837 114 21 bestående
530 836 144 23 förhållanden
690 837 105 27 verkligen
812 837 45 21 icke
872 837 31 21 in-

82 866 72 20 träder
168 871 76 20 genom
260 866 129 26 antagandet
403 864 23 22 af
441 866 25 20 19
482 866 20 25 &.
518 865 41 21 kan
572 865 36 27 jag
623 866 46 21 icke
684 866 66 21 heller
766 866 32 21 för
814 866 41 20 min
869 866 33 20 del

82 893 57 22 finna
157 894 65 26 något
240 894 53 26 skäl,
310 894 84 21 hvarför
409 894 154 27 presteståndet
578 894 68 21 skulle
662 894 6 21 i
684 894 58 22 detta
757 894 97 22 afseende
870 895 33 21 stå

82 923 41 21 fast
146 923 32 21 vid
202 923 37 21 sitt
261 922 75 25 beslut,
360 923 26 21 då
405 924 35 20 det
456 923 96 26 föröfrigt
566 923 40 21 har
620 924 128 21 åtminstone
762 923 28 27 på
805 925 43 20 sätt
863 923 39 22 och

82 951 31 22 vis
128 952 94 27 godkänt
238 951 244 27 dissenterlagförslaget.

150 1008 154 28 Kyrkoherden
327 1008 165 22 Stenbäck:
529 1009 89 21 Ständet
638 1009 39 21 har
698 1009 30 21 uti
752 1010 68 20 denna
843 1009 59 27 fråga

81 1038 27 26 på
130 1039 31 20 ett
184 1038 117 26 otvetydigt
322 1039 42 20 sätt
379 1038 78 21 uttalat
472 1038 31 26 sig
519 1038 38 21 och
573 1039 46 20 med
636 1044 25 14 en
678 1038 23 21 så
716 1038 84 26 afgjord
816 1038 84 26 plurali-

81 1068 31 19 tet
127 1068 32 20 att
171 1066 37 26 jag
223 1066 47 21 icke
285 1069 45 18 tror
346 1068 32 19 att
392 1066 70 26 någon
477 1066 88 27 ändring
581 1066 7 21 i
600 1067 96 21 ståndets
711 1067 84 25 mening
809 1068 22 19 så
843 1068 58 19 snart

81 1095 38 21 har
141 1094 101 22 inträffat.
272 1095 40 25 Jag
335 1096 44 19 tror
402 1095 104 26 nämligen
522 1097 32 19 att
570 1095 36 21 det
622 1096 117 25 uttalande,
754 1102 46 14 som
816 1095 86 21 ståndet

80 1124 39 20 har
140 1123 56 27 gjort
217 1123 5 21 i
244 1123 80 27 frågan,
344 1123 47 21 icke
412 1124 38 20 har
470 1124 54 20 varit
540 1123 66 27 bygdt
620 1123 27 27 på
663 1124 64 26 något
742 1123 42 22 löst
799 1124 103 26 hugskott

80 1152 52 21 eller
147 1152 119 26 subjektiva
281 1152 75 27 tycken
372 1154 51 18 utan
439 1153 91 20 tvärtom
546 1158 36 15 var
598 1152 106 26 grundadt
719 1152 27 27 på
762 1152 139 26 öfvertygelse

80 1180 39 22 och
135 1180 85 22 talande
236 1180 52 22 skäl.
319 1180 89 22 Ständet
423 1180 39 21 har
479 1181 104 26 nämligen
598 1183 71 19 ansett
683 1183 33 19 att
731 1181 33 21 vid
781 1180 73 27 frågan
866 1186 34 15 om

80 1216 26 15 en
124 1210 131 26 lagstiftning
277 1208 32 22 för
325 1209 47 21 vårt
387 1209 48 21 land
452 1209 80 27 hänsyn
548 1209 38 21 bör
601 1209 176 26 hufvudsakligen
793 1212 59 24 tagas
868 1209 32 21 till

80 1239 26 20 de
129 1238 105 22 konkreta
254 1237 114 22 bestående
384 1237 160 22 förhållandena
560 1238 38 21 och
614 1241 32 18 att
662 1239 40 20 den
718 1238 30 21 tid
764 1240 24 19 är
802 1238 54 20 förbi
873 1238 27 20 då

80 1273 49 15 man
144 1267 42 21 kan
202 1267 48 21 leda
264 1267 84 21 ståndet
364 1266 21 21 in
401 1267 27 26 på
444 1267 212 21 kammarteoriernas
672 1267 44 21 vidt
731 1267 113 21 sväfvande
854 1266 44 22 fält.

79 1295 37 21 Uti
138 1296 69 20 denna
229 1295 60 26 fråga
311 1295 39 21 har
373 1295 84 21 ståndet
481 1296 56 20 velat
556 1294 63 22 hafva
634 1296 92 20 uttaladt
742 1296 32 20 att
790 1295 40 21 den
845 1296 55 19 mest

79 1324 117 26 trängande
217 1324 39 20 och
278 1324 22 20 af
314 1323 184 27 nödvändigheten
514 1325 54 20 mest
590 1324 112 26 påkallade
724 1323 175 27 lagstiftningsåt-

78 1352 53 27 gärd
160 1358 50 15 vore
233 1352 40 20 den
296 1358 45 15 som
364 1352 67 21 skulle
454 1352 76 21 beröra
558 1352 26 20 de
608 1352 199 26 grekisk-ortodoxa
832 1351 68 21 finska

79 1381 165 25 medborgarnes
270 1380 100 27 ställning
398 1380 31 21 till
459 1380 39 21 den
527 1380 47 21 utaf
594 1386 34 15 oss
654 1380 41 21 alla
718 1380 24 21 så
766 1382 66 19 varmt
859 1380 40 20 och

78 1409 23 21 af
114 1410 95 21 innersta
224 1408 68 27 hjerta
310 1408 92 22 önskade
417 1408 202 27 religionsfrihetens
634 1408 108 22 införande
757 1409 7 20 i
780 1409 46 21 vårt
842 1408 56 21 land.

79 1438 41 20 Det
142 1440 24 18 är
187 1440 31 18 ett
236 1438 75 20 sådant
332 1437 114 25 uttalande,
463 1443 44 14 som
524 1438 57 19 detta
596 1437 63 20 stånd
675 1437 34 20 vill
726 1438 46 19 föra
787 1437 54 20 inför
856 1438 43 19 tro-

78 1472 48 19 nen,
141 1466 33 20 för
189 1467 32 19 att
236 1472 34 15 om
286 1465 82 27 möjligt
384 1465 110 26 påskynda
507 1465 39 21 den
563 1465 105 26 tidpunkt,
685 1465 27 21 då
728 1466 30 20 uti
774 1465 59 20 detta
848 1465 50 20 land

78 1493 202 28 religionsfrihetens
295 1493 125 28 välsignelse
433 1495 65 20 måtte
509 1493 101 22 förunnas
621 1493 26 21 de
660 1493 90 22 nämnde
760 1492 69 22 finska
840 1493 58 21 med-

78 1523 104 28 borgarne
214 1523 23 22 af
255 1522 199 28 grekisk-ortodoxa
476 1521 194 24 trosbekännelsen.
708 1521 50 22 Man
780 1521 40 23 har
840 1521 61 23 velat
