1073 1798
219 159 57 21 2530
402 164 162 18 Presteständet
576 165 55 16 1877.
656 164 13 16 6
682 164 113 17 december.

189 235 88 25 prosten
292 233 118 21 Johnssons
425 233 106 27 yttrande,
547 232 69 22 skulle
629 232 37 27 jag
681 232 47 21 icke
743 232 50 26 vilja
807 234 33 19 att
854 238 27 14 en
896 232 67 21 sädan
978 232 36 21 be-

189 262 108 26 stämning
318 261 68 22 skulle
407 261 50 27 ingä
472 261 7 21 i
495 261 67 22 första
586 261 117 27 meningen.
734 261 42 27 Jag
797 262 79 26 tycker,
897 262 32 20 att
944 261 70 26 lagut-

190 290 81 22 skottet
286 290 40 21 har
340 290 130 27 fullkomligt
491 290 114 21 motiverat
624 292 31 18 ett
675 289 134 21 uteslutande
825 290 23 20 af
862 289 43 21 alla
920 290 94 20 bestäm-

190 319 75 27 ningar
281 319 6 20 i
304 319 36 21 det
360 318 121 26 afseendet;
498 319 27 21 dä
543 319 73 21 äldern
632 320 24 19 är
671 318 102 22 förutsatt
788 318 34 21 till
837 318 39 21 den
892 318 122 27 borgerliga

189 347 263 27 myndighetstidpunkten
474 347 52 21 eller
547 349 26 19 21
595 347 30 24 är,
649 353 62 21 synes
727 348 39 20 den
789 353 51 15 vara
856 353 26 15 en
898 347 115 26 tillräcklig

188 378 58 25 yttre
268 376 84 27 garanti
375 378 57 19 emot
452 376 124 26 lättsinniga
599 375 39 21 och
667 375 173 22 obetänksamma
866 375 148 27 öfvergängar.

190 404 39 22 Om
246 411 27 14 nu
288 404 47 21 icke
350 405 40 21 den
411 404 110 21 lutherska
543 404 82 28 kyrkan
647 404 40 21 och
702 404 48 21 dess
765 405 137 25 presterskap
918 404 38 21 har
972 404 42 21 fått

190 436 37 24 tag
241 433 27 27 pä
284 433 69 21 denna
375 439 83 21 person,
481 434 65 20 innan
568 433 42 21 han
631 432 41 27 fylt
689 433 36 20 sitt
741 434 25 19 21
781 432 24 21 är
820 432 33 21 för
867 436 33 18 att
914 433 99 21 meddela

190 462 77 21 honom
283 462 152 26 undervisning
450 462 6 20 i
472 461 275 26 kristendomskunskapen,
764 461 67 21 ehuru
846 467 48 15 man
906 461 6 21 i
924 461 26 21 de
961 467 53 15 van-

189 491 77 26 ligaste
281 489 37 21 fall
334 490 38 21 bör
387 490 57 21 inom
460 490 40 21 den
516 490 58 20 tiden
590 490 83 20 anmäla
689 490 31 26 sig
731 490 33 20 till
775 489 131 27 skriftskola,
914 490 24 20 sä
950 496 64 20 synes

190 519 44 27 mig
249 519 36 21 det
300 524 51 16 vara
366 518 144 27 oberättisadt
532 520 32 20 att
586 520 85 25 presten
689 524 28 15 nu
734 518 80 21 vaknar
829 524 41 21 upp
887 518 39 22 och
942 519 71 25 söker,

189 549 39 20 när
243 547 41 21 han
300 549 24 19 är
339 548 24 20 21
381 548 23 20 är
420 547 93 27 gammal
529 547 39 21 och
583 547 39 21 har
636 546 104 22 förklarat
753 547 32 27 sig
796 546 75 22 sinnad
883 549 33 19 att
926 547 88 21 utträda

190 583 26 15 ur
231 576 89 27 kyrkan,
343 576 71 20 erinra
429 576 31 26 sig
476 576 32 20 sin
524 575 125 27 presterliga
670 576 54 26 pligt
739 576 39 20 och
795 575 71 27 börjar
881 576 132 20 underkasta

189 605 77 21 honom
282 604 35 22 hel
332 604 284 27 konfirmandundervisning
634 604 87 21 hvartill
736 604 45 26 hör,
797 606 33 19 att
844 604 42 21 han
903 604 55 21 skall
974 610 40 21 ega

188 633 121 22 kännedom
324 633 7 20 i
346 633 149 27 innanläsning
510 633 40 20 och
561 632 134 27 boksynthet,
707 634 32 19 att
749 633 42 20 han
802 632 62 21 äfven
876 633 53 20 skall
941 633 73 20 kunna

188 668 26 15 ur
230 661 80 22 minnet
325 661 91 22 Luthers
431 661 45 21 lilla
491 661 100 21 kateches
603 661 38 21 och
653 661 99 26 möjligen
763 661 48 20 hela
828 661 110 24 Svebilius,
952 664 60 18 utom

189 692 33 19 att
237 689 42 21 han
294 690 106 27 nöjaktigt
423 690 39 21 bör
483 689 68 22 förstä
573 690 54 25 dem,
644 689 39 21 och
702 689 122 26 derigenom
845 689 113 21 framkalla
973 689 41 21 hos

187 719 80 21 honom
283 719 40 20 den
344 718 140 27 öfvertygelse
500 720 32 19 att
548 718 35 21 det
598 719 63 26 utgör
676 718 65 26 nägot
757 718 130 26 nödvändigt
902 718 34 21 till
948 718 64 26 salig-

188 747 74 22 heten:
279 747 73 20 innan-
368 747 40 20 och
423 747 141 25 utanläsning.
594 747 39 20 Om
648 746 42 21 han
706 746 64 21 ocksä
785 746 69 21 skulle
869 746 63 21 hafva
943 746 70 21 öfver-

188 775 62 27 gifvit
271 775 83 27 kyrkan
377 775 33 21 för
434 777 32 19 att
487 775 71 26 undgå
581 774 310 27 konfirmandundervisningen
913 775 42 20 kan
976 775 37 21 det

188 804 71 21 hända
282 806 33 19 att
338 804 48 24 han,
402 803 62 21 äfven
480 810 34 14 om
530 803 42 21 han
589 803 69 21 blifvit
673 803 124 21 underkänd
812 803 7 21 i
834 803 26 20 de
876 803 137 22 skriftskolor

189 833 41 20 han
247 833 75 21 besökt
338 833 37 21 der
390 832 42 21 han
447 832 81 21 kanske
543 832 55 21 varit
617 834 67 19 utsatt
699 832 33 21 för
747 832 72 21 alltför
834 832 84 27 mycket
934 832 78 21 forma-

188 861 80 22 listiskt
283 861 98 26 väsende,
398 861 53 21 dock
466 861 6 20 i
488 861 38 20 sitt
546 860 70 27 hjerta
637 861 41 20 kan
693 860 52 27 hysa
762 861 68 20 denna
846 861 166 25 hufvudartikel,

187 890 87 22 hvilken
287 890 37 27 jag
339 892 37 24 tog
391 889 43 27 mig
454 889 91 21 friheten
566 891 32 19 att
613 889 48 21 med
677 889 90 21 Luthers
783 889 39 21 ord
836 891 84 19 nämna.
951 889 61 22 Huru

187 919 57 21 helst
258 925 49 15 man
322 919 37 21 vill
374 918 63 21 ställa
452 918 36 21 det
502 919 73 26 tyckes
597 918 36 21 det
646 924 52 15 vara
713 918 112 26 obehörigt
840 920 32 19 att
887 920 53 25 göra
954 921 58 24 yttre

188 948 64 26 tvång
267 948 49 20 med
336 947 100 21 afseende
451 948 13 20 å
478 947 77 21 måttet
569 946 24 21 af
602 946 204 27 förständskunskap
823 947 6 20 i
845 947 165 26 kristendomen,

188 976 77 21 mättet
287 976 23 21 af
330 976 130 26 boksynthet
480 975 71 21 säsom
572 977 31 19 ett
625 975 77 21 villkor
725 976 32 20 för
775 976 86 20 utträde
880 982 26 14 ur
921 976 90 26 kyrkan,

188 1006 51 20 utan
262 1011 34 19 nu,
318 1010 34 15 om
375 1004 109 27 nägonsin,
508 1004 39 21 bör
567 1005 85 25 presten
667 1004 62 26 vädja
745 1004 32 20 till
793 1004 53 21 hans
862 1008 93 17 samvete
970 1004 40 21 och

187 1035 51 25 taga
258 1034 34 20 för
314 1033 66 27 gifvet
401 1035 31 19 att
453 1033 42 21 han
510 1032 24 22 af
547 1033 160 21 samvetsmotiv
727 1032 63 22 söker
808 1032 87 27 öfvergä
910 1032 47 22 frän
972 1033 39 21 vär

187 1062 74 27 kyrka.
292 1061 40 21 Om
348 1062 42 20 han
406 1061 47 21 icke
468 1063 64 25 öppet
548 1061 68 27 gifver
631 1061 105 21 tillkänna
747 1061 67 21 andra
824 1061 72 25 motiv,
908 1062 24 20 sä
943 1062 69 20 mäste

187 1092 86 26 presten
296 1089 113 23 förutsätta
424 1092 32 18 att
472 1090 36 20 det
523 1092 24 18 är
563 1091 30 20 ett
615 1090 60 26 djupt
695 1090 68 21 kändt
784 1090 164 26 samvetsbehof,
964 1096 46 15 som

187 1119 40 21 har
242 1120 55 26 gjort
312 1118 78 22 honom
406 1118 49 27 böjd
470 1118 33 22 för
518 1120 32 20 ett
565 1118 76 22 sådant
656 1119 85 21 utträde
757 1118 38 22 och
806 1118 28 22 dä
844 1120 38 20 bör
893 1118 41 22 han
945 1119 65 22 också

187 1150 51 25 taga
252 1148 78 21 honom
346 1148 36 20 vid
397 1147 53 21 hans
466 1150 100 22 samvete,
581 1146 36 22 vid
633 1147 35 21 det
683 1148 94 20 innersta
792 1147 40 21 och
847 1148 97 26 djupaste
960 1148 50 21 reli-

187 1176 169 28 gionsbehofvet,
371 1182 45 16 som
439 1176 39 21 hos
500 1176 73 27 hvarje
595 1176 110 21 menniska
720 1176 73 22 finnes.
824 1176 54 22 Dem
894 1176 53 27 äter,
964 1183 45 15 som

187 1205 47 22 icke
245 1206 51 26 vilja
311 1205 129 21 underkasta
456 1205 32 27 sig
502 1205 69 27 någon
589 1205 119 27 förmaning
723 1204 52 22 eller
789 1205 157 27 undervisning,
961 1206 48 21 dem

186 1235 43 21 kan
251 1240 49 15 man
323 1234 46 21 icke
388 1234 72 26 hjelpa
479 1233 39 21 och
534 1234 48 20 med
597 1233 100 22 afseende
713 1234 13 20 &
741 1234 48 20 dem
805 1235 23 19 är
843 1236 96 24 prestens
954 1240 56 15 sam-

186 1265 48 19 vete
249 1262 84 21 fredadt
348 1262 7 20 i
371 1262 37 21 fall
424 1262 26 21 de
465 1262 7 20 i
488 1262 71 27 hvarje
581 1262 101 21 händelse
704 1262 51 27 vilja
775 1264 52 25 göra
842 1262 33 22 till
890 1262 120 28 verklighet

187 1292 33 20 sin
235 1291 119 26 öfvergäng.

256 1320 61 20 Hvad
340 1319 37 21 det
398 1325 74 15 senare
495 1325 62 15 mom.
574 1319 7 21 i
595 1318 127 28 paragrafen
745 1318 107 26 beträffar,
875 1319 81 22 hvilket
971 1320 39 26 jag

186 1347 66 27 ansäg
267 1347 89 27 specielt
375 1348 76 26 utgöra
467 1346 112 22 föremälet
595 1348 32 20 för
647 1347 154 25 diskussionen,
818 1348 89 20 oaktadt
922 1351 87 23 prosten

186 1376 58 20 Roos
266 1382 63 14 anser
351 1375 36 21 det
407 1381 52 15 vara
478 1375 24 20 sä
517 1376 52 19 nära
591 1375 114 21 förbundet
725 1376 48 20 med
795 1376 37 20 det
846 1375 64 27 förra,
926 1378 32 18 att
973 1376 36 21 det

186 1403 92 22 derifrän
301 1404 46 21 icke
369 1404 42 20 kan
433 1402 104 27 ätskiljas,
552 1403 38 20 vill
603 1403 36 27 jag
654 1403 8 20 i
677 1403 121 22 hufvudsak
814 1404 73 21 förena
902 1404 43 27 mig
960 1405 48 20 med

185 1433 85 21 honom.
300 1432 43 22 Det
358 1438 62 21 synes
435 1431 43 28 mig
493 1438 51 15 vara
565 1438 26 15 en
612 1432 120 27 berättigad
752 1432 86 22 fordran
854 1433 24 21 af
891 1435 70 19 staten
976 1436 32 19 att

185 1468 27 15 en
228 1467 83 22 person,
334 1461 85 21 hvilken
444 1461 54 20 skall
521 1460 82 22 erhålla
624 1461 170 28 medborgerliga
814 1461 133 28 rättigheter,
962 1462 48 21 icke

186 1490 65 22 lefver
266 1490 7 21 i
289 1497 25 14 en
327 1490 85 26 religiös
433 1489 168 25 indifferentism,
622 1492 23 25 ty
665 1492 71 19 staten
754 1490 42 21 kan
812 1491 46 21 icke
873 1491 27 27 pä
916 1491 35 22 det
965 1493 44 20 sätt

185 1526 51 15 vara
252 1519 92 27 likgiltig
363 1518 34 22 för
416 1525 112 20 personers
550 1519 99 27 religiösa
671 1519 140 28 öfvertygelse
826 1521 32 20 att
874 1520 39 21 den
929 1520 79 21 förkla-

181 1555 46 19 rar,
243 1550 33 19 att
291 1548 37 21 det
342 1550 24 19 är
381 1548 117 21 detsamma
520 1547 33 22 för
575 1547 45 28 den,
643 1553 33 16 om
698 1548 26 21 de
745 1548 64 22 hafva
828 1549 69 26 någon
918 1549 90 26 religion
