1073 1809
292 148 159 18 Presteståndet
463 148 55 18 1877.
543 149 23 17 14
578 148 112 18 december.
829 144 54 21 2877

92 218 44 21 helt
156 217 40 22 och
211 217 66 22 hållet
291 217 150 22 bortlemnadt.
471 218 40 21 Om
526 218 37 22 det
577 219 24 21 är
616 217 23 22 af
653 218 54 22 brist
721 218 28 27 på
763 218 150 21 motsvarande

91 247 86 27 uttryck
192 246 7 22 i
214 246 83 22 finskan
312 246 51 22 eller
378 246 24 21 af
415 252 70 16 annan
499 247 70 26 orsak,
584 247 82 21 känner
678 246 37 27 jag
730 246 26 27 ej.
778 247 43 21 Det
835 246 77 22 saknas

88 275 139 22 åtminstone.

158 337 113 22 Professor
311 343 122 16 Forsman:
454 337 90 22 Prosten
554 337 69 29 Hjelts
634 337 139 27 anmärkning
783 344 38 14 var
831 337 81 27 ganska

89 366 75 28 riktig,
186 366 40 22 och
247 366 36 22 det
302 372 38 16 var
357 366 124 27 fägnesamt,
502 368 33 20 att
555 368 86 26 prosten
657 366 59 28 Hjelt
731 366 88 22 sålunda
834 366 78 27 ådaga-

91 395 56 27 lade,
168 398 33 19 att
220 395 41 22 han
281 395 40 21 har
341 395 96 22 studerat
455 395 62 22 äfven
533 396 36 21 det
583 395 69 22 finska
667 394 134 28 exemplaret.
831 395 42 21 Det
888 396 25 20 är

93 425 19 27 ej
133 424 67 26 fallet,
215 427 33 19 att
268 424 35 22 det
318 424 68 22 skulle
401 425 77 21 saknas
492 424 87 28 uttryck
593 424 7 22 i
615 424 82 22 finskan
713 424 34 22 för
761 424 61 22 ordet
837 424 75 26 ,,skep-

92 456 72 24 pare”,
183 455 52 20 utan
257 452 67 23 finnes
347 454 35 21 det
404 455 31 20 ett
457 454 38 21 ord
518 453 78 25 derför,
615 459 46 16 som
676 453 39 21 bör
729 455 68 20 sättas
811 453 28 21 in.
869 453 43 21 Det

86 482 63 22 heter
164 482 111 27 ,laivuri*.

158 546 71 22 Sedan
254 546 146 22 diskussionen
422 545 88 22 härmed
531 546 115 22 förklarats
668 545 99 27 afslutad,
785 545 45 22 blef
850 551 62 21 para-

88 575 77 27 grafen
188 575 23 21 af
233 575 84 22 ståndet
339 575 129 21 oförändrad
488 575 107 26 godkänd,
611 574 54 23 dock
687 576 33 20 att
734 575 7 21 i
756 574 69 22 finska
839 575 72 21 texten

88 604 64 22 ordet
175 604 119 26 ,laivurit*,
317 604 70 21 såsom
404 604 149 21 motsvarande
569 604 36 21 det
619 604 7 21 i
641 604 90 21 svenska
746 605 72 19 texten
833 602 79 28 begag-

90 634 55 20 nade
160 633 61 21 ordet
237 633 138 27 ,skeppare",
391 632 68 22 skulle
473 633 8 21 i
495 632 138 28 paragrafens
649 634 54 20 1:sta
717 638 63 15 mom.
795 632 86 21 införas.

157 696 34 22 Då
210 696 58 21 tiden
289 696 65 22 redan
374 695 132 22 framskridit
523 696 34 21 till
574 694 90 23 klockan
680 696 61 26 gvart
755 694 33 22 till
803 694 62 26 elfva,
881 695 30 21 af-

90 726 60 20 bröts
174 724 146 22 diskussionen
343 724 38 22 och
404 725 165 21 medlemmarne
585 724 102 22 ätskildes
701 725 64 20 sedan
780 725 61 20 nästa
855 729 55 16 sam-

89 754 119 27 manträde,
224 754 6 21 i
246 760 94 20 morgon,
355 755 78 19 utsatts
449 753 32 21 till
497 754 91 20 klockan
603 753 30 21 tio
649 752 166 28 föremiddagen.

664 827 21 17 In
697 826 61 18 fidem:

575 861 50 23 Carl
639 861 50 23 Joh.
705 861 135 28 Lindegvist.
