1075 1803
164 155 55 21 2900
365 159 158 18 Presteståndet
539 160 55 17 1877.
618 159 22 16 17
652 159 112 17 december.

163 227 69 22 såsom
252 227 20 22 vi
286 230 55 23 veta,
357 227 60 22 alltid
432 227 68 22 slutar
514 227 47 22 med
577 229 31 20 ett
622 227 84 26 uttryck
722 227 76 22 sådant
812 233 55 15 som:
883 227 38 24 ,,sä
935 229 48 19 sant

164 257 43 26 mig
227 255 47 23 Gud
294 255 71 28 hjelpe
386 256 32 21 till
440 255 25 22 lif
480 255 38 22 och
533 256 59 27 själ*.
622 255 79 22 Vidare
716 256 67 21 måste
799 261 48 16 man
863 255 120 24 förutsätta,

164 287 32 19 att
218 291 25 15 en
264 285 23 21 af
304 285 27 21 de
350 284 103 27 heligaste
474 285 91 25 känslor,
587 284 201 26 föräldrakärleken,
804 284 67 21 skulle
895 290 50 15 vara
960 283 23 22 så

164 313 134 27 utslocknad,
318 315 32 20 att
371 313 104 22 föräldrar
497 313 45 22 icke
557 313 69 22 skulle
641 315 57 20 sätta
712 313 7 21 i
734 312 60 27 fråga
809 315 32 19 att
856 312 127 22 öfverlemna

164 343 46 20 sina
225 342 53 22 barn
294 343 23 20 åt
331 341 131 27 omenskliga
476 342 158 26 arbetsgifvare,
649 342 32 21 för
697 343 32 20 att
744 342 62 21 dessa
821 341 52 21 barn
886 341 34 22 må
930 341 53 22 små-

164 370 84 27 ningom
270 371 73 21 dödas.
373 370 42 21 Det
435 372 24 20 är
479 370 80 21 sådana
578 370 176 26 förutsättningar
768 376 49 14 man
831 371 48 25 gör:
895 371 33 20 att
943 369 39 21 för-

163 399 82 21 äldrars
268 399 75 21 kärlek
368 400 24 20 är
415 399 132 26 utslocknad,
570 401 32 19 att
623 398 170 27 fabriksegarene
815 400 37 19 äro
875 398 108 26 roflystne,

164 427 136 27 omenskliga,
324 429 33 19 att
379 427 163 27 läkarekorpsen
564 427 47 21 icke
632 427 39 21 har
692 428 101 24 samvete,
814 429 51 18 utan
887 426 97 22 utfärdar

163 456 69 22 falska
251 456 59 28 intyg
326 455 41 22 och
383 455 28 22 då
426 456 61 21 dessa
501 456 175 26 förutsättningar
690 462 63 20 synas
768 456 42 26 mig
825 456 68 20 vittna
908 462 35 14 om
958 462 26 14 en

164 484 73 22 alltför
258 484 60 27 långt
337 484 80 22 drifven
433 484 185 22 misstänksamhet
631 486 57 19 emot
702 484 178 26 medmenniskor,
896 484 42 21 kan
948 484 36 26 jag

163 513 33 21 för
211 513 43 21 min
269 513 34 22 del
317 513 47 21 icke
380 515 64 19 annat
459 514 26 20 än
502 513 98 21 betrakta
615 514 46 20 dem
677 512 69 22 såsom
761 513 66 21 foster
842 513 24 21 af
879 519 24 15 en
915 513 67 21 öfver-

164 542 62 22 retad
249 542 76 22 fantasi
348 542 40 21 och
410 541 95 28 afstyrka
526 542 47 21 från
595 544 33 19 att
650 542 27 26 på
693 542 81 21 sådana
788 542 93 27 grunder
895 541 88 21 förneka

165 570 130 28 rättigheten
317 570 32 22 till
371 572 31 20 ett
425 570 45 22 fritt
493 571 79 21 arbete.
604 570 38 22 Om
660 570 51 22 barn
727 570 67 22 under
809 570 41 21 tolf
863 570 24 21 år
902 570 46 22 icke
963 570 21 22 få

164 599 108 22 användas
286 599 35 21 vid
336 598 64 28 något
415 600 72 21 arbete
502 602 65 18 annat
582 601 27 19 än
623 600 112 26 läsarbete,
747 599 23 21 så
782 600 67 20 måste
860 600 33 20 väl
904 599 79 26 följden

164 628 61 22 deraf
246 628 71 25 blifva,
341 628 26 21 då
390 628 61 22 dessa
473 628 52 22 barn
544 628 47 22 icke
610 628 71 21 kunna
696 629 82 26 tvingas
794 629 31 20 att
841 628 75 21 endast
931 628 52 24 läsa,

165 659 32 19 att
214 657 25 21 de
254 657 68 21 drifva
337 657 114 27 sysslolösa
465 657 96 26 omkring
576 656 40 22 och
628 657 164 27 sysslolösheten
803 657 66 21 borde
878 658 34 20 väl
923 663 60 15 anses

166 692 50 14 vara
231 686 98 26 farligare
343 686 33 20 för
390 686 60 26 barn,
466 688 27 19 än
507 688 32 19 ett
554 686 92 26 måttligt
662 686 38 20 och
716 685 87 27 lindrigt
817 685 80 21 arbete.
920 686 11 20 I
945 686 39 20 all-

164 714 87 21 mänhet
272 716 24 19 är
319 714 35 21 det
377 720 26 15 en
425 714 47 21 svår
492 714 38 21 sak
550 715 32 20 vid
598 714 125 26 uppfostran
739 716 32 19 att
786 713 56 22 finna
857 720 26 15 en
898 714 87 27 lämplig

164 743 161 26 sysselsättning
346 743 35 20 för
395 743 81 27 barnet,
491 743 48 21 dess
553 742 80 21 krafter
648 744 37 19 äro
701 742 138 22 outvecklade
855 742 39 22 och
909 743 37 21 det
961 744 23 19 är

166 771 83 22 derföre
264 771 23 21 så
303 771 58 21 svårt
377 773 31 19 att
423 772 72 21 anvisa
510 771 23 22 åt
548 771 36 21 det
598 771 70 26 något,
685 777 45 16 som
745 777 51 15 vore
811 771 101 26 lämpligt.
943 771 41 22 Det

164 799 68 22 finnes
253 800 55 21 dock
326 800 58 21 vissa
405 800 190 27 sysselsättningar,
612 800 31 20 till
658 799 72 22 hvilka
745 800 26 21 de
786 799 71 22 kunna
871 800 113 25 användas,

165 829 69 21 såsom
250 830 14 20 t.
280 835 31 15 ex.
324 828 45 26 just
384 828 55 22 vissa
454 828 124 25 handtverk,
594 829 38 20 der
644 828 157 21 arbetskraften
811 828 45 21 icke
867 829 24 20 så
901 829 83 26 mycket

164 859 60 24 tages
246 857 8 21 i
276 857 98 27 anspråk,
390 857 106 22 äfvensom
515 858 33 21 vid
564 857 54 22 vissa
634 857 99 22 fabriker.
764 857 112 26 Meningen
891 858 35 20 vid
941 857 43 27 lag-

164 885 98 28 stiftning
284 885 66 22 borde
371 886 34 21 väl
421 892 49 15 vara
485 888 32 19 att
531 886 53 21 söka
598 885 61 22 ställa
675 886 23 21 så
713 885 40 26 till,
769 888 32 19 att
816 886 85 25 barnen,
917 886 26 21 då
959 886 25 21 de

164 915 109 21 användas
295 915 32 20 till
350 914 79 27 arbete,
451 915 46 21 icke
520 916 66 20 måtte
608 915 183 26 öfveransträngas
809 915 39 20 och
864 915 119 26 derigenom

164 943 83 26 skadas,
267 949 48 15 men
335 943 7 21 i
364 943 70 21 stället
448 943 33 21 för
500 946 39 23 att,
555 944 70 21 såsom
640 943 118 27 Kejserliga
773 944 156 26 propositionen
945 943 39 22 och

164 971 116 22 utskottets
294 971 141 25 betänkande,
450 971 72 28 åtnöja
537 972 31 26 sig
584 972 91 25 dermed,
686 972 39 21 har
735 972 155 26 presteståndet
899 978 29 14 nu
938 972 47 27 gått

165 999 32 21 till
218 1005 26 15 en
265 999 110 22 öfverdrift
396 1000 133 25 derutinnan,
550 1002 32 19 att
602 1001 36 20 det
656 1002 67 24 säger,
739 1003 32 18 att
786 999 71 28 hvarje
872 1000 73 21 arbete
961 1002 23 19 är

164 1027 108 28 förbjudet
286 1028 33 21 för
334 1029 54 20 barn
403 1028 104 27 nämligen
522 1029 35 20 vid
567 1029 117 21 handtverk
695 1029 40 21 och
745 1028 97 22 fabriker.
864 1029 31 21 På
904 1035 80 15 samma

164 1058 44 19 sätt
228 1056 7 21 i
258 1057 36 21 det
316 1058 12 20 3
350 1063 63 15 mom.
443 1057 44 21 Der
507 1057 127 26 bestämdes,
650 1059 32 20 att
702 1063 27 15 en
749 1063 83 21 person,
848 1063 44 16 som
908 1058 76 21 under-

164 1086 66 25 stiger
252 1086 26 21 18
298 1085 29 25 år,
343 1086 46 20 icke
405 1085 32 21 får
452 1085 75 21 arbeta
541 1085 44 22 före
600 1086 28 21 kl.
652 1086 5 20 5
674 1092 32 15 om
723 1092 65 20 morg.
804 1086 39 21 och
859 1086 53 21 efter
927 1086 28 21 kl.
971 1086 12 21 9

165 1119 33 15 om
220 1113 84 22 aftonen
325 1114 40 21 och
387 1114 36 21 der
443 1116 25 19 är
487 1114 36 21 det
542 1114 46 21 icke
604 1114 67 26 sagdt,
688 1116 31 20 att
735 1114 36 21 det
785 1114 66 27 gäller
866 1114 118 22 handtverk

165 1142 39 21 och
225 1141 99 28 fabriker,
346 1145 52 19 utan
418 1142 46 27 den,
484 1148 45 16 som
549 1143 47 21 icke
616 1143 39 27 fylt
675 1144 25 20 18
720 1144 31 23 är,
766 1142 33 22 får
814 1143 89 27 således,
919 1144 64 20 sedan

165 1170 91 22 klockan
271 1172 63 26 slagit
349 1172 12 20 9
378 1177 33 15 om
427 1171 93 27 aftonen,
535 1172 46 20 icke
594 1172 80 25 arbeta,
685 1172 88 21 emedan
784 1172 37 21 det
830 1174 24 18 är
863 1172 33 20 för
906 1172 77 21 honom

164 1198 135 23 ohelsosamt.
319 1200 48 21 Kan
383 1206 48 14 man
446 1200 65 21 tänka
518 1200 36 26 sig,
568 1202 31 20 att
612 1207 25 14 en
649 1200 66 21 sådan
728 1201 34 25 lag
775 1200 102 26 någonsin
889 1201 95 21 kommer

164 1230 32 19 att
218 1228 127 26 efterlefvas;
368 1228 79 22 sådana
467 1229 114 21 minutiösa
601 1229 158 27 bestämningar
773 1229 67 21 måste
855 1229 73 27 hvarje
943 1230 41 26 dag

164 1256 85 22 komma
271 1259 32 19 att
325 1256 147 27 öfverskridas,
493 1263 49 15 man
562 1257 35 21 må
618 1258 64 21 sedan
698 1258 117 21 bestämma
830 1258 81 21 hvilket
925 1258 61 21 straff

165 1291 45 15 som
232 1285 60 21 helst.
324 1286 39 20 Om
379 1286 61 26 lagen
455 1285 46 22 icke
516 1286 94 21 kommer
626 1288 32 19 att
673 1286 126 26 efterlefvas,
815 1286 86 21 hvartill
915 1286 68 28 tjenar

164 1313 36 21 det
223 1314 27 21 då
272 1316 32 19 att
321 1314 60 21 stifta
395 1320 25 15 en
436 1314 40 27 lag,
492 1320 45 15 som
552 1314 47 22 från
614 1314 66 22 första
694 1315 64 21 stund
773 1314 40 22 hör
829 1315 32 21 till
877 1315 25 21 de
917 1315 66 27 lagar,

166 1347 44 15 som
226 1348 62 14 anses
302 1342 142 26 antiqverade.
464 1342 41 20 Det
520 1345 24 18 är
559 1344 28 25 på
602 1344 62 20 dessa
679 1344 92 24 grunder
785 1349 45 15 som
844 1345 36 24 jag
895 1344 33 20 för
940 1344 43 20 min

165 1368 35 22 del
216 1370 67 21 måste
298 1370 107 21 bestämdt
419 1370 52 27 yrka
486 1370 33 27 på,
535 1372 33 19 att
583 1371 40 21 den
638 1370 76 27 nådiga
730 1370 157 27 propositionen
902 1372 40 20 och
952 1374 32 18 ut-

164 1398 92 21 skottets
277 1398 134 21 betänkande
426 1401 95 24 antages,
536 1398 20 22 d.
571 1405 20 15 v.
606 1405 17 15 s.
638 1400 32 20 att
686 1400 60 20 äfven
762 1400 222 26 sammanjemknings-

164 1426 102 27 förslaget
285 1428 95 25 antages.
409 1427 41 26 Jag
469 1428 39 20 har
528 1428 53 26 tagit
598 1428 42 26 mig
655 1428 101 27 rättighet
771 1430 32 19 att
818 1428 34 21 vid
868 1429 59 20 detta
942 1429 42 21 till-

164 1455 49 21 fälle
228 1455 68 22 uttala
311 1456 43 21 min
370 1455 60 28 åsigt,
446 1456 88 22 emedan
548 1456 42 27 jag,
606 1456 26 21 då
647 1457 88 22 ärendet
750 1459 71 20 senast
831 1457 90 26 förevar,
932 1458 51 21 nöd-

164 1484 66 26 gades
244 1491 52 15 vara
311 1485 140 22 frånvarande
467 1485 39 22 och
520 1485 72 25 saken,
603 1485 27 22 då
638 1485 36 28 jag
684 1485 47 22 åter
741 1486 72 22 infann
824 1487 42 26 mig
876 1487 7 20 i
893 1488 90 26 ståndet,

164 1519 38 15 var
224 1513 134 28 fullständigt
379 1514 88 27 afgjord.
497 1514 11 21 I
529 1514 67 22 likhet
618 1515 48 21 med
688 1515 78 22 doktor
780 1515 125 22 Nordström
921 1522 62 15 anser

162 1541 43 28 jag,
226 1544 32 21 att
279 1543 36 22 det
336 1545 24 19 är
380 1543 23 22 så
417 1543 84 27 mycket
515 1543 81 22 mindre
611 1543 45 22 skäl
671 1546 32 19 att
719 1543 56 23 hålla
790 1544 27 27 på
832 1545 59 21 detta
906 1545 77 27 beslut,
