1078 1803
282 145 159 18 Presteståndet
454 146 53 17 1877.
531 146 26 17 20
570 147 112 16 december.
821 141 52 20 3051

84 215 68 21 skulle
169 221 49 15 vara
234 214 228 21 öfverensstämmande
481 215 47 21 med
544 220 25 15 en
585 214 51 21 klok
651 214 194 26 statshushållning,
856 214 26 21 då
896 214 8 20 i

85 244 42 20 alla
150 243 36 21 fall
209 243 41 21 alla
272 245 37 18 äro
331 249 49 14 ense
403 249 40 19 om,
464 246 32 18 att
519 244 68 20 denna
609 249 81 15 summa
705 242 45 21 förr
764 242 50 21 eller
830 248 74 15 senare

84 272 67 20 måste
167 270 118 22 afskrifvas.

152 327 89 21 Prosten
256 327 162 25 Grönberg:
447 327 180 27 Räkenskaperna
637 327 71 21 kunna
718 326 39 22 allt
768 333 56 19 vara,
835 327 68 21 såsom

84 356 135 27 domprosten
235 356 87 21 Renvall
338 356 38 20 har
392 356 82 20 berömt
489 356 46 20 dem
551 358 32 18 att
599 362 56 18 vara,
666 356 80 26 ganska
758 355 87 26 riktiga;
856 361 48 14 men

85 385 26 20 då
133 385 25 20 de
178 385 44 20 visa
241 386 31 19 ett
291 384 101 27 betydligt
408 384 75 26 deficit,
500 386 23 19 är
539 384 35 21 det
589 386 32 19 ett
635 384 57 21 svårt
708 390 67 15 omen.
806 384 45 21 Här
865 383 39 21 har

83 413 24 21 af
124 415 85 24 prosten
230 413 106 21 Johnsson
356 413 70 20 blifvit
441 413 104 25 anmärkt,
560 415 32 19 att
608 413 35 21 det
658 415 24 18 är
696 413 28 20 fel
744 413 2 20 i
761 412 143 27 Föreningens

84 442 143 27 organisation
250 442 39 21 och
312 444 32 19 att
366 441 137 27 reglementet
526 442 68 21 skulle
614 441 68 22 tarfva
702 447 25 16 en
747 441 96 22 revision.
873 440 31 21 På

84 471 69 21 denna
176 470 156 27 omständighet
354 476 62 15 anser
435 470 37 27 jag
494 471 41 26 mig
557 470 61 21 äfven
632 470 44 27 just
691 469 71 22 derför
778 470 51 21 böra
845 469 58 28 yrka.

85 500 38 21 Om
143 506 48 14 man
212 499 75 26 drager
308 505 26 15 en
348 499 56 26 linie,
421 499 54 20 efter
489 499 85 21 hvilken
589 505 48 15 man
653 499 106 20 förmenar
773 499 32 26 sig
820 499 84 20 komma

84 528 32 21 till
140 530 30 19 ett
191 528 105 21 bestämdt
312 528 48 24 mål,
375 534 47 15 men
441 528 67 20 denna
524 528 49 21 linie
589 530 67 19 straxt
670 528 34 20 vid
719 527 184 27 utgångspunkten

83 557 44 26 går,
143 563 32 14 om
199 559 26 18 än
246 556 68 27 aldrig
335 556 23 21 så
383 556 53 24 litet,
455 556 28 27 på
503 557 57 24 sned,
576 557 24 20 sä
614 557 95 20 kommer
722 562 48 15 man
786 556 69 21 undan
871 555 33 21 för

84 585 70 20 undan
177 585 38 20 allt
238 585 72 26 längre
331 585 46 20 från
400 584 71 21 målet.
501 585 41 20 Det
562 585 60 21 torde
643 591 48 14 vara
706 590 26 15 en
748 585 46 20 klar
809 584 93 26 sanning.

83 613 46 22 Har
144 613 39 21 här
199 619 27 15 nu
241 614 54 20 varit
311 615 31 19 ett
357 613 27 21 fel
396 613 104 26 begånget
510 613 34 21 vid
555 613 74 27 sjelfva
640 613 190 26 utgångspunkten,
843 618 61 21 synes

83 642 43 26 mig
149 642 69 21 såsom
242 642 34 21 det
298 642 47 21 icke
367 641 22 21 af
410 642 114 21 ständerna
546 648 49 15 vore
611 642 32 20 för
661 641 83 27 mycket
759 641 95 27 begärdt,
869 647 34 14 om

84 670 162 24 vederbörande,
263 671 71 20 hvilka
354 670 65 21 saken
434 672 95 19 närmast
543 671 71 25 angår,
630 670 106 21 erinrades
752 676 34 15 om
801 670 32 21 sin
848 669 56 27 skyl-

83 699 73 27 dighet
171 701 38 22 att,
224 699 69 21 såvidt
309 699 81 26 möjligt
405 701 30 22 är,
451 701 57 19 rätta
523 699 58 21 detta
597 699 27 21 fel
640 699 32 20 vid
688 698 102 27 äfventyr,
803 700 32 19 att
847 700 57 19 stän-

83 728 65 21 derna
163 728 96 26 upphöra
275 728 46 21 med
337 728 32 20 sin
384 728 131 20 subvention.

152 784 88 21 Prosten
262 784 94 27 Hjelt:
386 784 42 21 Det
448 786 24 18 är
489 784 23 26 ju
532 790 24 16 en
575 784 91 26 gammal
685 783 63 27 regel,
764 785 32 19 att
809 784 40 21 den
864 784 39 21 bör

84 813 88 27 hjelpas,
194 819 44 15 som
261 813 35 21 vill
319 813 70 27 hjelpa
412 813 30 26 sig
461 813 53 25 sjelf.
544 812 102 22 Finlands
666 812 86 21 ständer
769 812 49 26 vilja
833 812 70 27 hjelpa

84 842 225 26 hypoteksföreningen
333 842 65 20 under
421 842 36 20 det
478 842 73 26 vilkor,
567 844 32 18 att
621 841 39 21 den
680 841 98 20 försöker
792 843 32 18 att
839 841 64 21 också

85 870 69 26 hjelpa
176 870 32 26 sig
229 870 48 26 sjelf
298 870 38 21 och
358 870 46 20 icke
424 870 116 20 bibehåller
561 870 79 20 sådana
656 869 160 26 bestämningar,
833 869 71 21 hvilka

83 899 77 27 stjelpa
182 899 128 20 densamma.
341 898 72 22 Skulle
436 898 226 26 hypoteksföreningen
678 898 63 20 hafva
758 897 118 21 efterlefvat
892 898 11 26 $

85 928 26 20 16
127 928 6 20 i
150 928 138 25 reglementet
304 927 38 21 och
358 929 74 24 genast
447 927 6 20 i
470 927 70 26 hvarje
555 927 34 21 län
605 927 27 25 på
648 926 151 27 lägenheterna
814 926 90 21 fördelat

85 956 26 20 de
126 956 105 26 förluster,
247 956 32 21 för
295 956 71 20 hvilka
381 955 131 27 Föreningen
525 956 56 20 inom
591 955 71 26 hvarje
673 955 33 20 län
718 954 38 21 har
766 954 54 21 varit
830 956 73 24 utsatt,

83 984 70 22 skulle
168 984 131 26 Föreningen
315 985 47 20 icke
377 984 54 20 varit
446 984 7 20 i
469 985 39 19 den
524 984 60 21 svåra
600 983 152 27 förlägenhet,
746 979 13 35 i
766 983 84 21 hvilken
863 983 40 21 den

83 1020 29 14 nu
127 1013 94 21 befinner
236 1014 40 26 gig;
292 1016 22 24 ty
330 1014 26 20 de
371 1013 127 21 förlusterna
508 1012 67 22 skulle
586 1012 64 21 redan
662 1012 32 21 för
704 1012 125 26 längesedan
841 1012 63 21 hafva

83 1042 54 21 varit
149 1042 103 20 betäckta.
276 1042 48 21 Men
334 1042 57 20 detta
403 1042 38 20 har
451 1042 122 26 föreningen
581 1042 46 20 icke
635 1041 61 26 gjort,
706 1043 50 19 utan
766 1040 137 21 sammanfört

84 1070 41 21 alla
141 1070 99 21 förluster
255 1071 6 20 i
278 1077 24 14 en
318 1076 120 20 gemensam
454 1070 57 21 fond.
541 1070 12 26 $
570 1071 25 19 16
606 1070 6 20 i
623 1070 138 26 reglementet
776 1070 127 20 bestämmer

84 1099 115 26 nämligen:
229 1099 110 26 Möjligen
361 1099 169 26 uppkommande
553 1099 52 20 brist
626 1098 56 21 inom
704 1098 64 25 något
784 1097 33 21 län
832 1098 71 20 betäc-

83 1127 38 21 kes
143 1127 149 22 företrädesvis
313 1128 6 20 i
339 1133 80 15 samma
440 1127 45 21 läns
507 1127 61 20 andel
588 1127 6 20 i
614 1126 149 21 reservfonden
779 1128 54 19 samt
849 1126 54 21 äter-

83 1156 75 21 stoden
181 1156 23 20 af
225 1156 25 21 de
273 1155 67 27 öfriga
361 1156 72 20 länens
455 1156 106 20 andelar
556 1150 12 36 i
580 1155 65 26 sagda
666 1155 68 20 fond."
764 1154 80 21 Sådant
865 1154 39 20 har

83 1184 69 27 aldrig
173 1185 63 20 skett.
266 1184 42 21 För
330 1184 64 26 öfrigt
414 1184 35 20 vill
468 1184 41 26 jag,
525 1183 48 22 med
591 1183 98 21 afseende
708 1183 12 21 å
738 1183 54 20 hvad
811 1182 38 21 här
864 1183 40 20 har

83 1213 71 21 blifvit
174 1213 88 27 yttradt,
281 1213 80 20 hvilket
375 1213 60 20 äfven
451 1212 140 21 förekommer
607 1212 6 20 i
629 1211 161 27 reservationen,
805 1213 38 22 att,
859 1211 45 21 ifall

83 1242 115 20 ständerna
218 1248 28 14 nu
268 1243 64 24 vägra
352 1243 32 19 att
402 1241 101 21 afskrifva
518 1241 68 21 denna
601 1241 62 20 skuld
678 1241 32 19 till
726 1239 99 21 Finlands
841 1239 63 24 bank,

83 1270 75 26 månge
181 1270 23 21 af
225 1270 144 21 ledamöterne
390 1270 84 20 komma
495 1272 32 18 att
547 1269 86 21 utträda
651 1268 46 21 från
713 1268 138 26 Föreningen,
867 1268 36 26 på-

83 1299 72 21 minna
177 1300 79 25 derom,
276 1300 33 19 att
329 1299 62 25 ingen
410 1298 89 21 medlem
518 1298 22 20 af
554 1298 131 26 Föreningen
705 1297 32 21 får
752 1298 85 20 utträda
852 1299 51 18 utan

83 1328 144 20 direktionens
243 1328 130 26 begifvande.
403 1327 47 21 Men
466 1326 59 22 äfven
541 1326 45 22 deri
598 1326 39 21 har
648 1325 131 22 direktionen
790 1325 72 27 begått
872 1327 32 19 ett

83 1356 36 25 fel,
135 1358 32 19 att
183 1357 39 20 den
238 1356 44 21 helt
297 1356 71 20 enkelt
384 1355 39 21 har
438 1356 48 20 låtit
501 1356 60 20 hvem
577 1361 45 15 som
638 1354 55 22 helst
714 1354 86 21 utträda
816 1360 24 14 ur
852 1354 52 20 För-

84 1385 88 26 eningen
194 1388 50 18 utan
265 1388 31 18 att
312 1390 103 20 personen
431 1384 27 26 på
473 1385 64 25 något
553 1385 42 20 sätt
610 1383 67 21 iklädt
692 1383 32 26 sig
739 1388 76 16 ansvar
831 1382 31 21 för
878 1382 26 20 de

84 1413 92 25 skulder,
191 1420 44 14 som
252 1414 32 24 de,
300 1412 32 22 till
348 1412 71 22 hvilka
433 1412 53 22 hans
501 1412 144 27 possessioner
660 1412 62 20 hafva
738 1412 54 23 hört,
805 1411 98 26 möjligen

84 1442 85 19 komma
191 1443 32 18 att
245 1441 77 25 betala,
340 1440 135 25 hvarigenom
499 1442 40 18 den
561 1440 81 20 säledes
657 1440 80 20 åhvälft
752 1440 28 24 pä
795 1440 26 19 de
836 1439 68 24 öfriga

85 1468 163 21 medlemmarne
268 1475 26 14 en
310 1470 68 19 större
394 1468 67 25 skuld,
477 1469 27 19 än
519 1468 27 25 på
561 1467 47 20 dem
624 1467 105 26 verkligen
745 1467 68 20 skulle
828 1466 76 26 belöpa

83 1498 38 25 sig.
151 1497 40 26 Jag
210 1497 38 21 har
263 1497 46 21 icke
324 1497 28 26 på
367 1496 63 26 något
446 1497 42 20 sätt
503 1496 56 21 velat
575 1497 101 19 motsätta
690 1495 50 26 mig,
756 1497 32 18 att
803 1495 101 20 Förenin-

83 1532 40 21 gen
139 1526 68 22 skulle
222 1526 21 21 få
259 1532 25 15 en
300 1525 96 27 lindring,
412 1525 119 26 derigenom
547 1526 33 19 att
592 1524 40 21 den
645 1523 77 22 befrias
733 1523 47 22 från
791 1525 61 19 ränta
864 1522 39 22 och
