1092 1800
207 161 55 21 3348
402 166 160 18 Presteståndet
574 167 55 17 1878.
653 167 23 16 16
686 166 89 20 januari.

247 235 82 21 Doktor
351 235 177 21 Nordström:
558 234 43 22 För
616 235 42 21 min
675 234 33 21 del
724 235 68 26 hyllar
805 235 37 27 jag
857 236 40 20 den
909 236 89 26 åsigten,

178 265 38 24 att,
233 270 33 14 om
283 263 63 21 också
362 263 26 21 de
403 263 159 27 ifrågavarande
577 263 151 27 paragraferna
744 264 7 20 i
763 263 237 27 författningsförslaget

178 291 57 27 utgå,
258 291 152 27 författningen
433 292 53 21 dock
510 292 67 20 skulle
597 292 94 21 medföra
707 292 116 25 väsentliga
837 292 98 21 fördelar.
966 292 31 21 En

178 324 44 18 stor
238 320 68 22 fördel
322 326 50 15 vore
388 322 31 19 att
440 326 76 22 genom
532 320 247 26 regleringskomitéerna
794 321 26 21 de
835 320 69 22 skilda
918 321 81 26 partik-

177 350 67 26 larna,
266 349 59 21 hvari
346 349 182 22 löneförmånerna
550 349 101 27 erläggas,
668 349 67 21 skulle
750 349 71 21 kunna
837 350 99 21 minskas.
967 350 31 21 De

178 378 68 22 skulle
268 378 126 21 inskränkas
410 378 32 20 till
457 377 184 27 hufvudsakligast
663 378 96 26 spanmål
775 378 39 21 och
830 384 85 20 pengar.
945 378 54 22 Der-

177 408 82 25 igenom
282 406 67 22 skulle
371 406 64 22 också
451 406 106 26 åtskilliga
572 406 105 22 lättnader
693 406 34 21 vid
743 413 25 15 en
785 406 100 22 framtida
900 406 98 28 uppbörd

176 436 72 21 kunna
264 435 94 22 beredas.
390 436 77 21 Vidare
486 435 69 22 skulle
570 441 25 15 en
608 436 94 27 jemnare
717 436 117 25 fördelning
849 435 8 22 i
872 436 98 21 afseende
985 435 13 22 å

176 465 88 21 lönerna
286 465 89 20 emellan
397 467 96 24 pastorer
515 465 39 20 och
576 464 121 27 kapellaner
724 465 70 20 kunna
817 465 180 26 tillvägabringas.

176 494 42 21 Det
234 495 23 19 är
273 493 81 22 således
370 495 58 20 stora
444 493 96 26 fördelar,
557 499 43 15 som
617 493 68 20 skulle
700 493 78 24 vinnas,
794 493 61 21 äfven
871 500 33 14 om
920 493 75 22 försla-

176 524 36 24 get
226 525 88 24 antages
330 523 47 20 med
393 522 133 21 uteslutande
542 522 21 21 af
576 521 161 27 ifrågavarande
751 522 127 26 paragrafer.
900 523 41 25 Jag
951 524 46 19 tror

176 552 6 19 i
198 550 73 26 sjelfva
295 550 80 25 verket,
399 553 31 18 att
453 557 33 14 om
508 550 174 27 uppbördssättet
705 550 40 21 blir
761 551 122 26 detsamma,
899 557 44 14 som
961 551 35 21 det

176 579 76 21 hittills
267 580 38 20 har
320 579 62 25 varit,
406 579 53 21 skall
478 579 36 20 det
533 579 63 20 blifva
612 579 82 26 mycket
710 579 39 21 lätt
765 581 32 18 att
813 579 114 21 verkställa
944 585 51 21 upp-

176 608 80 21 börden
278 608 64 21 sedan
366 607 130 27 regleringen
512 608 39 20 har
565 607 119 27 försiggätt.
714 608 40 26 Jag
769 614 62 14 anser
854 608 81 21 således
949 608 46 21 icke

176 641 44 17 stor
243 637 66 21 skada
327 636 90 25 inträffa,
434 642 33 15 om
483 636 150 27 paragraferna
651 636 108 26 angående
774 636 123 27 uppbörden
914 636 82 22 bortta-

175 672 44 20 gas.
251 666 67 21 Värre
341 667 23 19 är
387 666 35 20 det
445 667 47 19 med
514 666 39 20 den
576 664 106 22 blifvande
698 664 192 27 byggnadskassan.
921 665 74 22 Såsom

174 695 90 21 allmänt
278 694 68 22 kändt
361 696 29 24 är,
407 696 36 19 äro
459 694 25 21 de
500 694 60 20 flesta
575 696 97 24 pastorer
687 693 93 22 befriade
795 694 45 21 från
856 696 68 20 större
935 694 60 22 delen

175 723 21 21 af
212 722 260 28 byggnadsskyldigheten.
503 723 41 21 Det
559 724 23 20 är
597 722 27 28 på
639 722 149 27 kapellanerne
808 723 59 21 detta
882 730 52 14 onus
950 723 46 21 huf-

175 752 143 26 vudsakligast
334 752 72 25 hvilar,
422 752 39 21 och
477 752 36 21 det
528 758 49 14 vore
592 751 133 27 naturligtvis
739 751 34 21 väl
789 754 32 19 att
836 752 69 21 kunna
918 752 77 22 bereda

175 781 47 21 dem
239 781 89 26 lindriug
343 781 7 21 i
366 781 58 20 detta
445 780 105 23 afseende,
567 780 38 22 och
621 780 38 21 har
675 780 60 21 äfven
752 781 71 21 derför
837 780 158 28 presterskapet

174 810 68 26 åtagit
262 810 31 26 sig
312 812 32 19 att
367 809 70 21 betala
460 809 26 27 1/,
506 809 21 21 af
542 809 95 27 bidraget
653 808 31 22 till
701 809 39 21 den
756 809 107 22 blifvande
879 810 116 27 byggnads-

174 838 84 26 kassan,
280 838 27 22 då
328 838 150 23 församlingen
500 838 95 21 deremot
617 837 68 21 skulle
702 838 69 21 betala
787 838 33 27 3/,.
851 838 42 21 Det
909 840 24 20 är
948 838 46 22 icke

174 867 69 27 någon
259 866 23 22 så
298 867 59 26 ringa
372 866 124 27 uppoffring.
526 866 45 22 Den
587 866 95 21 kommer
697 866 182 28 hufvudsakligast
889 866 60 22 äfven
963 870 32 18 att

174 896 82 21 drabba
271 898 129 24 pastorerne,
422 902 45 14 som
489 895 83 21 komma
587 897 32 19 att
635 894 61 22 hafva
711 896 40 20 den
767 896 81 20 mindre
864 896 93 21 fördelen
973 896 23 21 af

174 924 70 21 saken.
274 924 127 21 Pastorerne
424 924 85 21 komma
531 926 32 18 att
585 924 116 20 vidkännas
723 924 48 21 vida
791 926 68 19 större
875 924 120 27 uppoffring

172 953 44 26 just
232 952 128 26 derigenom,
376 954 32 20 att
423 952 158 27 kapellanernes
597 952 59 21 löner
671 952 85 22 komma
772 952 34 21 vid
822 953 130 27 regleringen
963 956 32 18 att

175 981 103 27 betydligt
292 981 60 27 höjas
367 982 27 26 pä
409 984 134 24 pastorernes
559 981 124 21 bekostnad.
714 981 48 21 Men
779 981 88 21 oaktadt
882 982 24 20 sä
917 984 28 23 är,
957 984 36 19 äro

174 1010 18 21 vi
209 1010 134 26 beredvillige
359 1012 32 18 att
406 1010 47 21 med
469 1009 118 27 uppoffring
603 1010 84 26 deltaga
703 1010 5 20 i
725 1010 192 26 byggnadskassan.
936 1010 58 22 Kan-

173 1039 37 21 ske
226 1041 32 18 att
273 1039 151 26 proportionen
448 1040 23 19 är
487 1038 32 21 för
535 1038 56 24 liten,
606 1038 37 26 jag
659 1038 37 21 har
712 1039 109 26 ingenting
835 1041 63 21 emot,
915 1041 32 19 att
963 1042 31 18 ett

172 1067 72 21 försök
266 1069 62 25 göres
350 1069 32 19 att
405 1068 62 20 vinna
491 1067 154 21 bondeständet
670 1066 31 22 för
724 1067 71 24 saken,
820 1074 33 14 om
876 1068 117 26 pestestän-

172 1096 36 20 det
224 1096 66 21 skulle
314 1096 77 21 föreslå
412 1096 33 26 1/3.
476 1096 48 20 Men
541 1096 35 20 det
597 1097 24 19 är
636 1101 25 15 en
680 1096 81 26 ganska
780 1096 51 26 dryg
847 1096 65 26 afgift.
941 1096 53 22 För-

172 1124 276 26 samlingsmedlemmarnes
469 1124 61 26 afgift
552 1124 96 21 kommer
667 1127 33 18 att
721 1124 64 21 blifva
807 1124 62 27 högst
885 1124 108 28 obetydlig

172 1155 56 18 emot
244 1153 39 20 den
299 1155 68 19 större
384 1152 65 26 afgift,
466 1158 44 15 som
529 1152 136 26 ovilkorligen
689 1152 96 22 kommer
800 1154 33 20 att
849 1153 81 21 drabba
945 1160 48 20 pre-

172 1182 127 25 sterskapet.

240 1239 88 20 Prosten
344 1237 90 28 Hjelt:
464 1238 142 25 Domprosten
621 1237 56 26 Borg
693 1243 60 21 synes
770 1238 50 27 utgä
835 1238 46 21 frän
897 1239 40 20 den
949 1239 43 20 för-

171 1267 150 25 utsättningen,
336 1269 32 18 att
385 1267 18 20 vi
418 1266 38 21 allt
472 1266 131 21 fortfarande
615 1266 107 21 diskutera
732 1267 166 20 bondeständets
909 1267 83 25 inbjud-

171 1296 50 27 ning
236 1295 31 21 till
282 1294 156 27 presteständet
453 1297 31 19 att
500 1294 73 27 frångå
588 1295 37 20 sitt
641 1294 68 21 beslut
725 1295 90 20 rörande
831 1295 26 27 $$
871 1296 32 24 11,
915 1296 26 20 14
952 1296 40 21 och

174 1325 30 19 15.
234 1323 74 21 Skulle
330 1324 136 25 domprosten
490 1323 55 26 Borg
568 1323 27 21 dä
617 1323 47 20 med
686 1323 43 21 lika
752 1325 77 24 värme,
845 1330 45 15 som
907 1323 41 22 han
964 1330 28 15 nu

169 1351 58 27 gjort
250 1351 41 24 det,
315 1351 123 21 understödt
454 1351 42 25 mig
512 1351 5 21 i
533 1351 48 21 mitt
595 1351 93 26 yrkande
704 1352 33 26 pä,
753 1354 32 18 att
801 1352 19 20 vi
832 1352 69 21 skulle
913 1355 78 24 antaga

170 1380 128 22 densamma,
314 1382 45 18 tror
372 1380 43 25 jag,
430 1382 33 18 att
478 1380 83 20 ständet
577 1379 27 21 dä
619 1379 68 21 skulle
703 1380 62 20 hafva
780 1380 46 26 gätt
841 1380 21 20 in
873 1380 27 27 pä
911 1380 80 22 bonde-

170 1408 95 22 ständets
280 1408 130 26 inbjudning,
426 1408 70 21 sävidt
518 1407 38 21 den
572 1408 62 20 rörde
650 1408 11 25 S
679 1408 31 21 11.
741 1409 38 20 Att
795 1414 87 16 numera
897 1410 52 25 göra
965 1416 26 14 en

170 1437 124 27 inbjudning
317 1437 44 21 från
385 1436 164 27 presteständets
572 1436 45 22 sida
632 1436 7 21 i
654 1443 81 15 samma
759 1436 52 28 syfte
827 1437 33 21 till
875 1439 31 19 ett
921 1438 69 24 stånd,

170 1466 62 21 hvars
247 1466 123 27 inbjudning
386 1472 46 14 man
449 1465 39 21 har
502 1464 89 28 afslagit,
607 1466 42 20 kan
664 1465 127 22 åtminstone
804 1466 37 26 jag
856 1466 33 21 för
900 1466 42 22 min
956 1467 34 21 del

169 1495 46 21 icke
230 1495 26 27 gä
271 1495 27 21 in.
329 1495 61 21 Hvad
406 1495 32 21 för
454 1494 64 28 öfrigt
537 1495 130 21 vidkommer
689 1494 85 28 frägans
790 1497 51 19 nära
856 1494 133 23 förhällande

170 1524 30 21 till
216 1524 73 26 sjelfva
310 1524 59 20 detta
392 1524 118 26 lagförslag,
533 1523 92 26 framgår
647 1524 36 20 det
705 1524 76 26 tydligt
801 1524 22 21 af
837 1525 39 20 den
893 1525 95 26 petition,

169 1553 83 21 hvilken
265 1553 114 21 ständerna
395 1552 33 22 vid
446 1553 53 21 1872
516 1552 33 22 ärs
565 1552 100 27 landtdag
688 1552 63 22 afläto
767 1553 32 22 till
814 1553 59 22 Hans
889 1553 100 28 Majestät
