1081 1809
328 147 160 17 Presteståndet
501 147 55 17 1878.
580 148 23 16 12
613 147 90 21 januari.
842 140 54 21 3285

104 216 61 26 fråga
186 216 69 21 såsom
278 222 25 14 en
319 216 176 26 grundlagsfråga
510 216 39 20 har
561 216 37 27 jag
613 216 58 21 mina
686 215 171 28 betänkligheter
872 216 6 20 i
894 216 31 21 af-

104 244 76 21 seende
203 244 13 20 å
235 244 87 22 formen.
353 244 59 21 Hans
427 244 101 26 Majestät
543 244 40 22 har
597 244 52 22 visst
665 244 109 26 föreslagit
789 247 32 19 att
836 244 89 22 vakans-

102 272 92 27 afgiften
216 272 53 22 skall
291 272 66 22 blifva
379 272 34 21 vid
435 274 36 20 det
493 272 58 22 förra
573 279 47 15 men
636 273 58 21 Hans
710 273 100 25 Majestät
826 273 38 21 har
879 273 47 21 icke

103 301 111 26 föreslagit
234 301 64 26 något
321 307 33 15 om
377 301 183 27 vakansafgiftens
582 301 120 27 aflyftande.
733 302 42 21 Det
797 304 24 19 är
840 302 28 27 på
882 303 44 20 sätt

103 329 39 22 och
158 330 31 21 vis
204 335 46 16 som
265 330 85 21 ståndet
365 330 68 21 skulle
448 330 89 27 tillegna
552 330 32 28 sig
599 330 92 21 initiativ
705 330 7 21 i
724 331 69 20 denna
803 330 66 27 fråga.
885 330 41 27 Jag

103 364 63 16 anser
188 360 32 19 att
243 359 36 21 det
299 365 50 15 vore
372 359 123 26 lämpligare
518 361 32 19 att
571 359 114 22 formulera
700 359 74 28 frågan
791 360 23 21 så
829 361 33 20 att
877 365 49 16 man

104 387 68 22 skulle
194 387 85 22 anhålla
302 394 33 15 om
359 387 59 22 Hans
433 387 112 27 Majestäts
560 388 92 21 initiativ
668 387 32 22 till
717 389 35 20 det
767 390 33 19 att
814 387 111 22 vakansaf-

103 416 92 27 gifterna
210 416 67 22 skulle
293 416 112 22 framdeles
421 416 88 27 aflyftas.
529 417 39 22 Om
584 423 48 15 man
648 423 62 15 anser
725 417 69 21 denna
808 417 55 22 form
874 423 51 16 vara

104 446 40 21 den
167 447 58 20 rätta
245 445 40 22 och
308 445 231 22 öfverensstämmande
559 447 49 20 med
630 445 232 28 landtdagsordningen
883 446 43 21 kan

102 475 46 20 icke
174 474 166 21 bondeståndets
363 474 69 21 beslut
455 475 7 20 i
483 475 58 20 detta
557 475 99 21 afseende
671 475 123 27 godkännas
810 481 48 15 men
873 481 53 20 upp-

104 503 66 21 fattas
186 503 68 21 denna
269 503 61 27 fråga
345 502 69 23 såsom
430 503 192 28 bevillningsfråga,
637 503 25 22 så
677 509 61 16 anser
751 504 38 27 jag
804 506 32 19 att
847 503 79 22 bonde-

104 531 85 22 ståndet
204 532 73 21 ställer
292 532 33 27 sig
339 532 31 21 uti
387 538 25 15 en
427 533 81 25 ganska
519 533 48 20 svår
577 532 100 27 ställning
687 533 55 21 hvad
753 533 68 21 denna
832 533 94 21 beskatt-

103 561 52 27 ning
177 560 106 22 beträffar.
314 561 42 21 Det
378 563 23 18 är
423 567 76 20 genom
523 561 102 22 förstärkt
640 562 90 26 utskott,
745 568 45 15 som
807 562 69 21 denna
891 562 35 21 be-

103 589 182 27 skattningsfråga
307 589 33 22 för
363 589 92 22 militära
478 590 98 21 ändamål
599 590 68 21 skulle
688 591 85 20 komma
788 593 32 18 att
835 590 90 27 afgöras,

105 617 40 22 och
160 618 35 21 det
208 620 24 19 är
240 617 101 28 naturligt
349 620 32 19 att
389 620 32 19 tre
430 619 62 20 stånd
500 619 60 21 alltid
569 625 61 20 segra
640 619 31 21 uti
681 621 31 19 ett
723 619 104 21 förstärkt
836 619 90 21 utskott.

106 646 87 22 Således
212 646 106 22 anförtror
333 647 32 28 sig
381 647 154 22 bondeståndet
551 648 22 21 åt
589 649 26 20 de
629 651 33 18 tre
677 648 68 27 öfriga
760 648 100 21 ståndens
875 647 52 28 god-

105 675 63 27 tycke
190 675 7 21 i
219 675 99 22 afseende
341 676 13 21 å
377 676 68 21 denna
463 677 143 26 beskattning.
636 676 41 21 Vid
694 677 38 20 den
748 676 93 27 följande
857 677 69 20 landt-

106 705 68 26 dagen
190 704 71 21 kunna
275 707 15 18 t.
307 711 31 14 ex.
355 705 25 20 de
396 707 31 19 tre
443 705 89 21 stånden
547 705 69 26 aldrig
631 705 27 28 gå
668 705 21 21 in
699 706 27 26 på
737 707 32 20 att
784 707 51 25 göra
846 705 81 21 bördan

105 733 78 21 lättare
198 733 32 21 för
245 733 155 22 bondeståndet
415 735 27 20 än
458 734 39 21 den
513 734 75 21 hittills
603 735 40 20 har
658 735 59 24 varit,
734 735 31 20 för
776 736 32 19 att
821 735 26 20 då
858 734 68 21 skulle

106 762 26 21 de
153 761 58 28 gifva
232 762 153 22 bondeståndet
401 769 25 14 en
443 763 68 26 gåfva,
527 765 22 25 ty
565 763 166 27 egendomarnas
742 763 66 21 värde
823 763 63 21 beror
900 762 28 27 på

106 790 55 21 hvad
183 791 120 21 skatternas
325 791 65 21 värde
412 791 39 21 har
471 792 62 21 varit.
563 792 183 27 Jordegendomen
762 792 68 21 måste
845 791 82 22 således

105 819 115 22 framdeles
241 820 111 21 beskattas
375 820 22 21 så
418 820 57 27 högt,
491 827 45 15 som
552 821 76 22 hittills
643 827 47 15 men
706 821 36 21 det
757 823 24 19 är
796 821 64 21 också
875 823 53 24 möj-

106 848 39 26 ligt
167 850 32 19 att
214 849 40 20 den
269 849 42 21 kan
327 849 108 21 beskattas
451 851 56 20 ännu
522 849 66 28 högre
603 849 40 22 och
658 849 154 22 bondeståndet
828 850 39 21 har
881 849 47 21 icke

106 877 69 26 någon
191 879 60 20 makt
265 880 33 19 att
312 877 77 22 hindra
404 878 59 21 detta
478 881 22 24 ty
515 878 73 28 frågan
604 878 83 28 afgöres
702 878 6 21 i
724 878 103 21 förstärkt
837 878 90 21 utskott.

106 907 42 26 Jag
170 906 39 21 har
231 906 81 22 således
331 907 57 21 mina
403 907 169 27 betänkligheter
587 910 32 19 att
634 908 113 26 godkänna
761 907 167 22 bondeståndets

106 935 80 27 förslag
208 935 88 22 oaktadt
315 936 36 27 jag
373 936 39 20 har
434 936 79 21 uttalat
535 937 44 26 mig
601 936 58 21 förut
681 936 79 21 derhän
776 938 33 19 att
824 936 104 21 rättvisan

106 964 69 21 skulle
191 963 70 22 fordra
277 967 32 18 att
324 970 48 15 man
388 965 68 21 skulle
472 964 66 21 befria
554 965 154 21 bondeståndet
724 965 45 21 från
785 964 143 27 vakansafgif-

106 995 61 19 terna
183 992 27 21 då
226 993 35 21 det
276 993 73 27 åtager
364 993 33 27 sig
411 995 32 20 att
459 993 107 27 uppställa
581 993 79 22 militär
675 993 55 22 efter
745 993 104 28 värfning.

178 1050 89 21 Prosten
289 1051 175 27 Rosengren:
494 1051 42 21 För
554 1051 42 21 min
613 1051 34 21 del
662 1051 68 21 skulle
743 1051 37 27 jag
795 1051 87 21 förorda
896 1052 32 19 att

107 1079 36 21 det
159 1079 130 28 högvördiga
304 1079 86 22 ståndet
405 1079 68 22 skulle
489 1083 78 24 antaga
577 1080 165 21 bondeståndets
753 1080 125 27 inbjudning
888 1079 40 21 och

108 1108 59 21 detta
183 1108 70 21 derför
268 1110 33 19 att
315 1109 42 25 det,
373 1109 7 20 i
395 1108 37 21 fall
448 1109 151 26 inbjudningen
615 1108 87 28 afböjes,
718 1111 22 18 är
753 1109 75 27 troligt
838 1111 32 19 att
881 1108 48 21 hela

107 1136 75 26 frågan
197 1137 41 20 blir
253 1137 23 21 så
291 1137 142 21 borttrasslad
446 1139 32 19 att
493 1143 48 15 man
555 1137 39 22 har
609 1137 48 26 föga
673 1137 55 27 hopp
748 1139 32 20 att
802 1137 34 21 vid
860 1137 68 22 denna

107 1165 104 27 landtdag
229 1166 70 20 kunva
315 1166 84 21 komma
415 1165 32 22 till
463 1165 64 27 något
543 1167 51 26 godt
609 1165 48 25 slut,
673 1172 47 15 men
735 1166 27 27 på
778 1166 26 21 de
819 1166 46 21 skäl
880 1171 49 22 pro-

108 1193 68 22 fessor
191 1194 102 21 Forsman
308 1194 123 21 framstälde
447 1195 68 20 skulle
528 1195 37 26 jag
581 1194 64 21 också
660 1200 49 15 anse
725 1197 32 19 att
767 1195 73 26 sjelfva
851 1194 78 21 formu-

108 1223 94 26 leringen
217 1222 66 22 borde
299 1223 130 21 återskickas
445 1223 33 21 till
493 1224 105 21 utskottet
612 1224 33 20 för
660 1225 32 19 att
707 1223 37 21 der
759 1223 67 21 blifva
836 1223 92 22 omredi-

107 1251 66 26 gerad
190 1251 40 22 och
245 1258 48 15 man
308 1251 77 26 kunde,
400 1254 45 19 tror
459 1252 41 26 jag,
517 1252 62 21 hafva
596 1252 47 21 skäl
658 1254 33 19 att
704 1251 82 28 hoppas
802 1254 32 19 att
849 1251 80 22 bonde-

108 1280 85 21 ståndet
208 1281 46 20 icke
269 1281 68 20 skulle
353 1281 65 26 ogilla
434 1287 25 14 en
472 1281 66 21 sådan
553 1281 82 26 åtgärd.

176 1337 89 22 Prosten
289 1337 92 28 Hjelt:
411 1338 46 21 Här
479 1338 67 27 gäller
558 1339 24 27 ju
597 1338 75 27 frågan
688 1339 32 20 att
735 1337 99 28 antingen
850 1340 79 26 antaga

108 1366 52 22 eller
176 1365 71 28 afböja
261 1367 160 26 inbjudningen;
441 1369 33 18 att
489 1367 77 21 föreslå
581 1373 25 15 en
622 1367 121 21 återremiss
758 1367 22 22 af
794 1368 40 20 den
850 1367 79 22 formu-

108 1395 74 26 lering,
205 1401 44 15 som
271 1396 46 21 icke
333 1395 24 22 af
370 1395 85 22 ståndet
469 1397 24 20 är
508 1396 105 27 godkänd,
628 1396 74 27 tycker
714 1395 37 27 jag
766 1396 48 21 icke
828 1398 24 19 är
867 1396 63 21 tänk-

109 1424 55 21 bart.
194 1423 62 22 Hvad
279 1424 46 21 åter
347 1425 73 25 frågan
443 1431 34 14 om
500 1425 117 26 antagande
641 1424 21 21 af
682 1425 68 20 denna
765 1424 165 21 bondeståndets

109 1451 126 28 inbjudning
256 1451 139 26 vidkommer,
411 1452 67 21 måste
491 1452 37 27 jag
543 1452 120 27 uppriktigt
677 1452 93 21 erkänna
786 1454 32 19 att
830 1453 38 26 jag
882 1452 48 21 icke

110 1481 56 20 ännu
189 1480 41 21 kan
253 1479 54 22 fatta
330 1480 56 21 hvad
407 1480 158 26 konseqvensen
581 1480 47 21 blir.
658 1480 159 21 Bondeståndet
832 1480 98 26 erbjuder

109 1508 33 26 sig
157 1509 33 21 att
205 1509 86 27 erlägga
306 1508 79 22 vakans
400 1508 55 22 intill
471 1509 106 27 utgången
593 1508 24 22 af
630 1508 24 22 år
672 1509 59 25 1882,
741 1509 83 21 således
834 1509 96 21 kommer

110 1537 123 22 densamma
253 1540 34 19 att
306 1538 33 21 för
354 1538 52 21 sista
421 1538 81 27 gången
517 1538 106 27 uppbäras
639 1538 24 21 år
680 1538 59 22 1883.
770 1538 38 22 Om
824 1538 36 22 vid
877 1538 53 21 1882
