1078 1803
184 158 56 21 2950
374 163 158 17 Presteståndet
544 163 53 17 1877.
622 163 23 16 18
657 163 112 16 december.

155 231 74 26 sjelfva
244 231 73 21 verket
332 237 81 14 samma
427 231 141 26 begränsning
582 236 45 15 som
644 231 34 20 det
688 230 5 21 i
705 230 147 27 ridderskapet
866 229 39 22 och
914 229 61 22 adeln

157 259 113 28 uttryckta.
292 259 10 21 I
317 259 28 21 all
360 259 101 21 händelse
476 259 67 22 skulle
554 259 36 21 det
600 259 50 21 bero
660 259 28 27 på
697 259 98 26 pröfning
805 259 55 21 inom
871 257 105 22 utskottet

157 287 40 22 och
213 287 145 22 diskussionen
374 288 38 21 der
427 287 85 22 hvilken
527 287 53 22 form
596 288 22 21 åt
634 288 57 21 detta
702 287 113 22 alternativ
825 287 67 22 skulle
902 287 72 26 gifvas.

157 316 65 22 Detta
238 322 49 15 vore
302 316 40 21 den
358 316 67 27 tredje
440 316 164 26 anmärkningen
616 322 45 15 som
672 316 7 20 i
689 316 98 22 afseende
798 316 27 27 på
835 315 59 22 detta
904 316 72 26 stycke

157 345 68 22 skulle
241 345 75 26 gifvas;
334 345 25 21 de
375 347 76 19 tvenne
466 345 126 26 föregående
608 344 186 22 öfverensstämma
809 344 105 22 bestämdt
929 344 47 22 med

157 373 56 21 hvad
229 373 6 21 i
250 373 146 27 ridderskapet
412 373 37 21 och
466 372 60 22 adeln
542 373 68 21 blifvit
624 372 98 22 beslutet.

226 440 110 22 Professor
358 441 137 21 Donner:
518 441 40 27 Jag
578 440 49 22 ville
647 440 54 22 blott
717 440 86 28 tillägga
819 443 32 19 att
860 441 37 27 jag
912 447 64 20 gerna

156 470 86 20 förepar
264 469 42 26 mig
326 476 34 14 om
381 470 40 21 den
442 469 22 21 af
483 470 107 26 professor
609 470 101 20 Forsman
726 470 74 26 gjorda
815 469 162 27 formuleringen

157 497 21 22 af
193 498 69 26 syftet,
277 504 47 14 men
340 497 49 22 ville
404 497 122 27 ytterligare
538 498 83 26 påpeka
633 500 31 18 att
675 499 35 20 det
723 498 34 21 väl
771 498 46 21 icke
829 498 71 21 kunde
912 498 65 21 skada

157 528 33 19 att
205 526 70 22 dertill
291 528 56 20 ännu
362 526 86 27 fogades
464 526 35 21 det
514 526 72 27 tillägg
602 532 44 16 som
659 527 37 26 jag
710 526 73 27 gjorde
799 526 108 27 angående
918 532 59 16 sena-

157 557 47 20 tens
220 555 109 22 utlåtande
344 555 58 22 öfver
418 556 25 20 de
458 561 40 21 nya
513 555 156 28 bataljonernas
684 555 64 23 antal.

226 618 109 21 Professor
354 617 143 22 Forsman
513 618 101 21 förenade
629 619 31 26 sig
675 625 34 14 om
725 619 58 20 detta
799 618 105 28 professor
919 619 58 20 Don-

157 652 49 16 ners
221 647 78 26 tillägg.

226 709 69 21 Sedan
311 709 143 21 diskussionen
470 709 85 21 härmed
570 709 113 21 förklarats
694 709 92 21 afslutad
796 709 122 21 framstälde
929 709 49 21 herr

157 737 147 21 talmannen
340 737 92 26 följande
447 738 139 26 proposition:

226 799 128 21 Godkännes
373 799 159 27 ifrågavarande
548 806 61 14 mom.
626 800 13 20 2
655 799 22 21 af
690 800 12 26 $
720 800 40 20 124
775 799 137 22 oförändradt
928 799 51 22 eller

158 828 53 21 icke.
242 828 78 21 Vinner
342 828 34 26 nej
399 828 39 21 har
460 828 84 22 ståndet
565 828 56 22 velat
642 828 32 21 till
695 828 106 22 utskottet
823 828 155 22 återremittera

157 856 66 27 sagda
239 858 93 20 moment
347 856 33 22 för
395 859 32 19 att
442 856 119 22 omarbetas
576 857 6 21 i
598 857 36 21 det
648 857 23 21 af
683 856 106 28 professor
804 857 103 21 Forsman
921 856 57 22 före-

158 885 72 27 slagna
246 886 58 26 syfte.

226 954 131 22 Besvarades
378 954 48 21 med
446 954 102 27 enhälligt
566 954 43 27 nej;
626 954 38 22 och
680 955 103 21 stannade
799 955 83 21 ståndet
897 955 81 21 således

158 982 35 22 vid
215 982 35 22 det
271 982 69 22 beslut
363 984 31 20 att
413 983 155 21 återremittera
586 982 124 28 paragrafen
726 983 32 21 till
773 983 111 27 utskottet,
900 983 34 21 för
948 986 31 19 att

159 1010 121 22 omarbetas
294 1012 7 20 i
317 1012 35 20 det
372 1010 53 29 syfte
447 1014 32 18 att
495 1028 9 8 ,
508 1011 40 21 Vid
563 1011 126 22 inträffande
705 1012 46 26 krig
766 1012 71 21 ställes
853 1012 40 21 den
909 1012 70 22 aktiva

157 1039 89 27 styrkan
267 1040 27 26 på
314 1040 89 26 krigsfot
425 1040 37 21 och
482 1040 152 27 kompletteras
652 1040 31 21 till
699 1040 117 26 krigsantal
831 1040 96 27 sålunda,
948 1043 32 19 att

159 1067 69 22 dertill
244 1068 90 26 behöflig
350 1069 33 20 del
398 1068 23 21 af
434 1074 97 15 reserven
546 1068 89 21 inkallas
650 1069 6 20 i
673 1068 39 21 den
725 1069 89 26 ordning
827 1070 11 26 $
851 1070 25 19 14
886 1070 92 26 stadgar.

158 1095 77 22 Tillika
251 1099 109 24 uppsättes
376 1096 22 21 af
412 1097 40 20 den
467 1097 134 21 återstående
617 1103 97 15 reserven
725 1098 5 19 i
742 1103 47 15 mon
803 1097 21 21 af
834 1097 64 22 behof
908 1097 71 28 depot-

159 1127 87 24 trupper
261 1125 47 21 med
325 1125 146 21 bestämmelse
486 1125 45 22 dels
546 1128 32 19 att
593 1125 50 27 fylla
654 1126 25 20 de
689 1126 80 25 luckor,
781 1132 45 15 som
837 1126 67 21 under
915 1126 64 27 krigs-

159 1153 172 27 operationernas
351 1153 49 27 lopp
421 1155 77 25 uppstå
513 1153 6 22 i
536 1154 25 21 de
581 1154 70 21 aktiva
667 1157 125 24 truppernas
808 1154 64 27 leder,
888 1155 44 21 dels
948 1157 32 19 att

159 1181 57 22 bilda
239 1188 39 21 nya
299 1185 87 23 trupper
406 1183 70 20 såsom
491 1185 55 18 stam
562 1183 32 20 för
608 1183 152 20 landtvärnet*,
790 1183 106 27 Derjemte
912 1183 67 22 skulle

159 1211 6 20 i
187 1213 115 18 momentet
324 1211 82 25 intagas
430 1213 30 18 ett
481 1211 73 26 tillägg
572 1212 6 20 i
597 1211 35 21 det
652 1211 53 27 syite
725 1213 31 19 att
771 1211 83 27 ,hvarje
869 1211 56 28 gång
940 1218 40 21 nya

160 1239 116 27 bataljoner
294 1239 60 21 skola
374 1239 74 26 bildas,
463 1239 117 28 Kejserliga
594 1241 97 20 senatens
707 1240 108 22 utlåtande
831 1240 95 22 deröfver
942 1240 38 22 bör

159 1267 105 21 infordras
279 1268 27 26 på
321 1270 43 18 sätt
379 1268 6 20 i
400 1268 26 26 SS
445 1270 24 19 14
485 1269 39 21 och
541 1270 39 20 122
596 1268 105 26 stadgas*.

228 1335 110 21 Professor
360 1335 160 21 Ehrström
543 1335 70 21 anhöll
636 1336 51 20 derä
707 1342 34 14 om
757 1336 61 20 ordet
833 1336 38 20 och
887 1337 92 25 yttrade:

159 1362 40 26 Jag
214 1362 67 21 skulle
296 1363 78 21 föreslå
389 1366 31 17 att
436 1363 26 21 de
477 1363 52 21 sista
544 1364 64 20 orden
626 1379 10 8 ,,
641 1364 72 20 Denna
729 1364 33 26 lag
774 1364 71 20 träder
860 1364 5 20 i
881 1364 99 26 gällande

160 1390 56 22 kraft
240 1391 51 20 den”
312 1391 67 20 skulle
402 1390 57 21 bilda
482 1397 24 15 en
531 1391 55 21 skild
609 1392 98 25 paragraf
728 1392 23 20 så
772 1392 85 26 mycket
876 1398 45 15 mer
936 1398 43 15 som

159 1418 105 22 utskottet
286 1418 38 22 har
346 1418 107 27 föreslagit
474 1421 32 19 att
526 1420 38 20 den
584 1420 52 20 sista
651 1420 125 26 paragrafen
792 1420 67 21 skulle
875 1420 63 22 blifva
954 1427 26 15 en

159 1447 215 27 grundlagsparagraf
396 1447 39 22 och
458 1454 48 15 man
530 1448 44 21 icke
597 1448 47 27 plär
667 1448 55 22 fästa
743 1455 26 15 en
793 1448 64 22 sådan
880 1449 43 26 vigt
946 1450 33 21 vid

159 1476 79 22 sådana
254 1476 43 21 ord.

229 1540 65 21 Detta
308 1539 78 28 förslag
402 1539 43 22 blef
460 1539 22 22 af
495 1539 85 23 ståndet
595 1540 100 27 enhälligt
711 1542 92 25 antaget.
