1086 1800
308 146 161 18 Presteståndet
482 146 55 18 1877.
561 147 22 16 13
596 146 112 18 december.
832 142 55 20 2807

97 216 40 20 den
152 214 147 28 utvecklingen
322 221 52 15 vara
388 215 27 26 på
430 214 64 28 något
516 215 30 21 vis
561 214 23 22 af
597 215 113 26 tvingande
732 214 181 28 omständigheter

97 243 122 26 motiverad,
243 249 50 15 vore
315 243 36 21 det
372 242 35 22 väl
425 243 19 26 ej
464 245 33 19 att
516 245 57 19 sätta
588 244 31 26 sig
634 245 57 19 emot
706 243 127 22 densamma.
864 244 49 21 Men

97 272 76 21 sådant
187 274 25 18 är
226 271 18 27 ej
261 271 64 21 fallet.
355 272 99 20 Tvärtom
470 272 101 20 existerar
586 272 7 20 i
609 271 46 21 vårt
670 272 49 20 land
734 278 26 15 en
775 272 83 26 mycket
869 274 46 19 stor

96 300 88 26 farhåga
198 301 6 20 i
220 300 59 20 detta
293 300 105 21 afseende.
427 300 41 21 Låt
483 300 64 21 också
561 306 58 19 vara,
634 302 32 19 att
681 300 40 21 den
736 300 18 26 ej
771 300 38 20 har
818 299 98 22 fullkom-

96 329 38 26 ligt
149 329 46 21 skäl
210 328 34 22 för
258 328 37 26 sig,
311 335 47 15 men
374 328 40 21 den
436 328 111 22 förefinnes
569 328 70 22 likväl.
669 328 38 21 Ett
729 328 57 21 bevis
810 328 66 27 derpå
890 330 25 19 är

96 356 65 22 också
179 357 42 26 det,
236 358 33 20 att
284 356 155 22 bondeståndet
461 357 48 21 med
531 363 25 15 en
575 359 44 19 stor
634 357 107 26 majoritet
756 356 38 22 har
810 357 106 21 förkastat

96 385 244 27 dissenterlagförslaget.
370 386 42 20 Det
426 388 25 18 är
466 392 25 14 en
506 386 23 20 af
542 386 37 21 vår
594 386 78 26 kyrkas
686 384 230 28 grunduppfattningar

96 414 131 22 beträffande
250 414 125 26 sanningens
398 414 81 21 inträde
494 414 8 20 i
512 414 91 26 verlden,
626 416 32 19 att
680 414 48 22 dess
748 414 51 21 fulla
819 414 39 26 ljus
875 414 39 21 och

96 442 48 22 dess
159 442 51 22 fulla
226 443 132 26 konseqvens
372 442 60 21 alltid
448 442 99 22 behöfver
562 443 31 21 sin
609 443 37 25 tid,
661 444 39 20 och
716 442 23 21 så
754 448 63 15 anser
826 443 42 25 jag,
880 445 33 18 att

95 471 62 22 äfven
172 472 7 20 i
194 471 60 21 detta
269 471 37 21 fall
321 473 24 19 är
360 470 142 22 förhållandet
516 472 39 20 och
571 472 32 20 att
618 472 19 20 vi
653 471 64 21 också
732 472 6 20 i
753 470 160 27 lagstiftningen

95 500 7 20 i
120 500 59 21 detta
193 499 37 21 fall
245 499 52 21 böra
312 499 91 25 förfara;
426 505 78 15 annars
518 499 35 21 vill
569 505 48 15 man
633 499 128 27 lyckliggöra
777 499 71 21 landet
865 500 48 20 med

95 528 65 27 lagar,
175 528 82 21 hvilkas
279 528 32 21 tid
333 530 55 19 ännu
410 528 18 26 ej
452 528 39 20 har
513 528 95 21 kommit.
637 528 41 27 Jag
701 528 76 20 fortfar
796 528 72 20 derför
883 530 32 18 att

95 558 58 20 rösta
173 556 33 22 för
226 556 133 22 vidhållande
380 556 24 21 af
426 556 165 27 presteståndets
612 556 57 21 förra
688 556 69 21 beslut
772 556 7 21 i
794 556 65 22 saken
875 556 39 22 och

95 588 30 19 ett
141 585 137 27 afstyrkande
293 586 23 21 af
329 584 146 27 ridderskapet
490 586 40 21 och
545 585 72 22 adelns
632 585 131 27 inbjudning.

162 642 154 27 Kyrkoherden
336 642 144 21 Bäckvall:
511 642 108 21 Professor
642 642 62 21 Cleve
724 642 91 26 yttrade,
831 644 32 19 att
879 641 36 22 det

95 673 23 19 är
133 677 26 15 en
174 671 116 26 grannlaga
305 671 37 21 sak
357 673 32 19 att
403 671 27 27 gå
444 670 54 21 ifrån
514 673 31 19 ett
560 671 56 20 förut
631 671 78 20 fattadt
723 670 77 25 beslut,
816 671 38 20 och
866 677 50 14 san-

95 699 93 27 nerligen
204 701 23 20 är
242 700 46 21 icke
303 699 140 22 förhållandet
460 699 75 22 sådant
549 699 59 21 äfven
625 700 46 20 med
691 699 166 26 presteståndets
872 699 39 22 fat-

94 729 49 20 tade
160 728 70 21 beslut
244 729 6 20 i
266 729 69 20 denna
350 729 44 20 sak.
424 728 40 21 Om
485 735 28 14 nu
534 728 155 27 presteståndet
703 727 85 28 frångår
804 728 37 21 sitt
856 728 58 21 förra

94 757 70 20 beslut
179 757 107 26 angående
309 757 138 21 förevarande
470 757 88 26 förslags
573 757 125 26 antagande,
715 757 103 20 erkänner
834 759 79 24 preste-

94 785 84 22 ståndet
193 785 120 27 derigenom
328 786 31 26 sig
374 785 62 21 hafva
451 785 88 22 handlat
553 785 46 21 icke
620 785 86 26 visligen
722 785 34 21 vid
771 785 105 21 fattandet
892 785 23 21 af

95 815 36 20 sitt
146 814 59 21 förra
220 814 76 21 beslut.
326 813 42 22 Det
382 814 39 21 har
437 814 63 21 också
516 813 67 22 blifvit
604 813 83 27 yttradt
702 814 22 20 af
736 820 26 15 en
777 814 52 20 värd
845 813 67 22 talare

93 843 7 21 i
116 843 90 27 ståndet,
221 845 32 19 att
268 849 48 14 man
332 843 18 26 ej
366 843 38 20 bör
420 842 81 22 befatta
516 843 30 25 sig
562 843 47 21 med
630 843 130 26 lagstiftning
776 849 34 14 om
826 842 26 21 de
866 848 49 21 gre-

94 871 122 26 kisk-ryska
238 871 266 27 religionsförhållandena.
535 871 64 22 Detta
620 871 39 21 har
674 871 30 20 sin
721 871 88 27 sanning
825 871 38 20 och
880 871 32 20 sin

94 901 50 26 vigt,
167 901 38 20 och
229 900 71 21 derför
321 902 24 19 är
366 901 35 20 det
420 900 62 22 äfven
503 901 61 25 klart,
581 902 32 19 att
628 901 39 20 den
685 901 25 20 19
725 900 11 27 $
752 899 163 27 nödvändigtvis

93 930 68 20 måste
176 930 51 25 utgå
242 935 24 15 ur
281 929 106 27 förslaget.
417 929 41 26 Jag
473 929 39 21 har
528 929 69 21 derför
612 929 57 20 svårt
685 930 31 19 att
731 928 73 21 bifalla
819 928 32 21 till
867 929 44 21 rid-

95 957 113 27 derskapet
228 957 39 22 och
290 958 72 21 adelns
384 957 124 28 inbjudning
528 957 39 22 och
587 958 58 21 svårt
666 957 63 22 också
744 959 32 19 att
792 957 73 21 bifalla
880 957 33 21 till

94 987 139 26 qvarstående
248 986 22 21 af
285 987 39 21 den
342 988 24 19 19
383 986 17 27 $.

161 1044 89 21 Prosten
273 1043 143 22 Hackzell:
446 1044 38 26 Jag
508 1043 53 21 skall
583 1043 54 21 fatta
652 1043 41 26 mig
709 1043 55 21 kort.
792 1043 41 26 Jag
849 1049 62 15 anser

94 1073 35 20 det
144 1079 51 14 vara
217 1072 87 21 alldeles
323 1072 107 26 likgiltigt,
446 1078 33 15 om
496 1072 11 27 $
526 1072 23 21 19
565 1072 66 21 finnes
647 1072 6 20 i
669 1072 135 26 lagförslaget
820 1072 52 21 eller
888 1072 25 26 ej.

93 1101 47 20 Den
155 1101 159 26 grekisk-ryska
328 1100 81 27 kyrkan
424 1101 37 25 gär
477 1100 55 21 ändä
549 1101 39 20 den
604 1102 46 25 väg,
667 1106 44 15 som
727 1101 64 20 redan
807 1102 23 19 är
846 1102 67 19 utsta-

93 1129 42 21 kad
158 1129 32 21 för
212 1129 126 22 densamma.
368 1129 42 21 För
432 1131 32 19 att
485 1129 63 21 likväl
566 1129 92 20 undvika
681 1129 28 20 all
724 1129 138 26 tvetydighet,
878 1128 35 21 vill

94 1157 63 22 ocksä
177 1157 36 28 jag
235 1159 63 25 yttra,
320 1160 31 19 att
368 1157 37 27 jag
424 1159 69 19 röstar
508 1157 32 22 för
555 1158 48 20 dess
618 1157 141 22 förkastande.
791 1157 59 21 Hvad
866 1158 46 20 äter

93 1186 101 22 beträffar
216 1186 72 22 rektor
309 1186 110 22 Kihlmans
441 1186 85 26 förslag,
549 1188 32 20 att
603 1192 48 15 man
667 1186 67 22 skulle
758 1185 78 22 föreslä
858 1185 56 22 olika

93 1216 60 26 lagar
168 1216 32 20 för
216 1215 113 22 katholska
354 1216 114 20 dissenters
489 1218 46 24 etc.,
556 1215 88 21 innebär
660 1216 59 20 detta
734 1215 78 26 förslag
828 1221 26 15 en
869 1215 43 20 viss

94 1244 107 21 orättvisa.
231 1244 41 21 Det
294 1246 24 18 är
339 1244 19 26 ej
382 1244 39 21 den
442 1244 139 26 reciprocitet,
596 1249 44 15 som
657 1244 38 20 här
710 1243 62 21 hafva
788 1244 76 20 önskat
880 1246 32 18 att

94 1272 68 22 skulle
184 1272 72 21 finnas.
288 1272 110 26 Förslaget
417 1272 39 21 bör
471 1272 70 21 derför
555 1272 111 21 förkastas.
696 1272 167 21 Vidkommande
879 1278 33 14 se-

95 1302 40 20 dan
157 1301 129 26 antagandet
302 1301 23 21 af
338 1300 146 27 ridderskapet
502 1301 39 21 och
556 1300 73 22 adelns
651 1300 130 26 inbjudning,
798 1300 40 21 kan
852 1300 38 27 jag
904 1300 6 20 i

95 1330 35 21 det
145 1330 59 20 fallet
219 1335 41 21 nog
275 1330 26 26 gä
316 1329 45 21 frän
383 1330 42 20 min
440 1328 55 27 äsigt
510 1329 39 21 och
564 1330 78 24 antaga
657 1328 149 27 inbjudningen
823 1328 47 22 med
886 1328 25 21 de

95 1358 119 26 ändringar,
230 1358 156 26 presteständet
400 1358 56 26 gjort
471 1358 6 20 i
493 1357 245 27 författningsförslaget.

163 1413 69 21 Sedan
248 1414 144 20 diskussionen
408 1414 87 20 härmed
503 1414 113 20 förklarats
625 1414 98 25 afslutad,
730 1413 123 21 framstälde
863 1413 49 21 herr

95 1442 152 20 talmannen
282 1441 92 27 följande
390 1442 164 26 propositioner:

163 1497 43 22 Vill
220 1498 91 25 ständet,
334 1498 47 21 med
399 1497 89 28 ändring
503 1497 23 22 af
539 1498 36 20 sitt
592 1497 88 27 tidigare
695 1497 81 22 fattade
792 1497 76 25 beslut,
884 1503 29 15 nu

94 1526 113 28 godkänna
222 1527 11 27 $
250 1528 25 20 19
291 1526 22 22 af
327 1526 136 22 förevarande
485 1526 111 28 lagförslag
619 1526 65 28 enligt
702 1527 115 21 utskottets
840 1526 73 22 betän-
