1073 1800
281 145 160 17 Presteståndet
453 146 54 17 1877.
533 147 12 16 5
557 146 112 18 december.
819 140 55 22 2519

80 213 72 21 känna
176 213 61 21 läran
252 213 6 21 i
274 214 40 21 den
335 214 129 27 församling,
487 214 32 22 till
539 214 84 22 hvilken
646 214 41 21 han
710 215 76 22 tänker
810 214 92 27 öfvergå.

79 241 58 26 Eger
158 241 40 22 han
215 242 45 21 icke
276 242 68 21 denna
364 242 69 27 insigt,
453 243 43 21 kan
518 243 51 21 hans
584 243 34 21 val
633 243 70 22 såsom
719 243 64 22 också
798 243 26 21 de
840 243 63 22 ärade

81 269 166 22 medlemmarna
267 271 6 20 i
294 270 105 22 utskottet
420 271 36 22 vid
476 271 136 27 kyrkomötet
633 271 74 27 sjelfva
728 271 120 26 framhöllo,
870 271 33 22 till

80 299 74 21 hvilka
176 299 70 21 såsom
270 299 78 21 bekant
369 299 72 28 hörde,
462 301 71 20 såsom
552 301 37 26 jag
611 299 56 22 hade
688 301 50 20 äran
757 302 83 23 nämna,
856 300 48 21 vårt

80 327 61 21 lands
156 330 101 24 yppersta
272 328 102 27 teologer,
389 328 19 27 ej
423 334 51 15 vara
489 328 48 21 fritt
552 331 50 19 utan
619 329 35 20 det
669 329 67 21 måste
752 328 65 22 blifva
828 329 74 21 blindt.

79 355 74 28 Väljer
176 355 42 22 han
240 355 45 22 åter
306 356 70 21 blindt
396 357 23 21 så
438 357 41 21 kan
492 358 24 25 ju
532 357 59 22 detta
606 357 111 27 ödesdigra
731 359 48 25 steg
793 357 110 22 föranleda

78 384 80 21 honom
175 387 32 18 att
222 391 26 14 en
258 385 56 26 gång
326 385 66 27 ångra
406 385 117 22 detsamma
539 388 50 19 utan
605 388 32 19 att
653 392 44 15 mer
712 386 72 21 kunna
798 386 105 27 godtgöra

77 413 43 21 det.
154 413 50 21 Man
219 413 42 21 kan
276 413 34 21 väl
324 413 115 22 förutsätta
454 416 32 19 att
501 415 89 21 motivet
605 415 32 20 till
653 414 139 27 öfvergången
808 414 48 22 från
871 415 32 20 ett

79 441 167 27 kyrkosamfund
268 441 31 22 till
318 444 30 19 ett
369 444 65 19 annat
448 444 25 19 är
487 442 107 27 verkligen
614 445 53 19 rent.
696 443 46 21 Den
758 449 82 20 person,
856 448 46 15 som

78 470 34 21 till
127 476 26 15 en
165 470 67 21 sådan
252 471 114 26 öfvergång
386 469 79 23 förmås
480 471 22 20 af
516 471 37 22 sitt
571 473 92 20 samvete
679 471 32 22 för
727 473 32 19 att
773 472 8 20 i
797 471 36 22 det
847 477 55 15 sam-

78 498 60 25 fund,
160 499 63 21 hvars
245 499 45 21 lära
309 499 41 21 han
366 499 76 21 tänker
457 499 89 22 omfatta
560 500 64 21 vinna
638 500 32 21 sin
685 499 50 27 själs
751 499 47 27 frid,
814 499 88 22 försum-

80 533 46 15 mar
140 527 115 26 ingalunda
276 529 33 20 att
328 529 52 25 göra
401 528 31 27 sig
447 528 139 22 underrättad
602 535 34 15 om
652 529 26 20 de
694 529 35 21 två
743 529 98 26 punkter,
856 534 45 15 som

78 555 126 28 möjliggöra
226 556 53 21 hans
301 556 78 27 riktiga
402 557 41 25 val,
466 557 104 26 nämligen
590 559 33 20 att
642 559 52 25 göra
709 557 31 25 sig
755 557 147 26 underkunnig

76 591 38 15 om
129 585 121 27 respektive
264 585 177 27 kyrkosamfunds
456 585 53 22 lära.
529 585 43 22 Det
587 587 24 20 är
625 587 72 20 säkert
711 588 32 20 att
758 586 41 21 han
810 587 38 25 gör
859 585 42 22 det.

78 613 48 22 Han
142 614 42 21 kan
200 614 46 21 icke
260 614 7 21 i
283 620 26 15 en
324 613 24 22 så
363 614 65 27 vigtig
444 614 37 22 sak
497 615 78 21 handla
588 614 139 22 annorlunda.
757 614 49 22 Men
818 621 28 15 nu
856 616 46 20 tror

75 642 39 27 jag
129 642 39 22 och
184 642 147 22 erfarenheten
353 643 73 26 tyckes
448 642 73 22 bevisa
543 643 36 21 det
601 645 32 20 att
655 644 34 20 vid
705 643 6 22 i
727 643 59 27 fråga
809 643 93 21 varande

79 671 115 26 öfvergång
214 672 62 20 dessa
294 671 36 21 fall
345 673 37 19 äro
398 672 84 27 mycket
497 672 102 26 sällsynta
614 672 39 21 och
669 672 5 21 i
690 672 27 21 de
731 671 60 22 flesta
806 671 36 22 fall
858 672 44 21 må-

78 699 72 22 hända
164 700 119 21 föranledes
304 699 140 28 öfvergången
460 700 24 21 af
496 700 81 21 mindre
597 701 56 21 klart
671 701 99 21 inseende
783 701 23 26 ja
822 700 79 21 kanske

78 728 66 21 också
168 729 82 21 mindre
272 735 52 15 rena
343 729 95 20 motiver.
470 729 42 21 Det
533 729 41 21 kan
592 729 49 22 icke
662 735 51 16 vara
733 729 34 21 för
786 730 36 20 det
837 729 64 21 ärade

78 757 96 21 ståndets
198 758 137 21 medlemmar
362 757 93 22 obekant
477 757 55 22 huru
554 758 34 21 vid
609 758 56 21 vissa
687 758 54 21 tider
757 757 144 22 omvändelse-

77 786 57 21 nitet
158 785 106 22 bedrifves
288 786 82 21 också
362 781 14 37 i
385 786 48 21 vårt
455 787 55 20 land.
542 786 97 22 Föremål
661 787 33 20 för
716 787 76 21 sådant
815 787 87 20 omvän-

77 814 93 22 delsenit
192 814 63 22 blifva
277 815 113 27 vanligtvis
409 821 56 21 unga
480 821 106 22 personer,
602 815 71 21 hvilka
688 817 56 20 ännu
759 815 46 22 icke
821 815 81 22 kunnat

77 843 96 22 inhemta
188 843 66 27 något
268 845 56 26 slags
340 845 90 26 mognad
446 845 6 20 i
468 845 76 20 sådant
559 844 100 22 afseende
673 846 51 19 utan
739 846 38 20 äro
793 843 107 28 verkligen

76 872 84 27 andligt
180 873 118 27 omyndiga.
329 872 49 22 Man
400 872 73 28 lägger
495 873 112 27 vanligtvis
626 874 43 25 vigt
684 873 27 27 på
725 875 33 20 att
773 873 32 21 för
820 872 81 22 sådana

76 907 110 21 personer,
208 908 45 15 som
277 901 69 22 blifvit
367 902 89 21 föremål
471 901 35 22 för
520 902 51 21 slikt
593 901 180 28 proselytmakeri,
789 901 111 22 framhålla

76 931 38 21 det
129 931 31 20 uti
177 930 66 27 begge
258 931 225 27 religionssamfunden
498 937 157 20 gemensamma
668 931 39 21 och
718 931 112 26 vanligtvis
841 933 61 24 tager

78 965 49 16 man
150 959 27 22 då
200 960 34 21 för
258 960 31 25 sig
311 961 33 20 att
364 959 118 22 framställa
504 961 26 20 de
551 959 118 22 förnämsta
693 959 207 27 frälsningslärorna,

78 987 71 22 hvilka
164 988 122 27 isynnerhet
301 990 37 19 äro
353 987 33 23 för
401 988 123 21 menniskan
541 989 26 20 de
582 988 53 21 allra
650 988 117 27 vigtigaste.
799 989 45 20 Den
860 988 40 21 fria

76 1017 71 21 nåden
162 1017 99 26 predikas
276 1017 24 21 af
314 1017 61 21 dessa
395 1017 182 26 proselytmakare
597 1017 27 27 på
639 1017 36 21 det
690 1016 52 22 allra
757 1016 143 27 hjertinnerli-

76 1048 62 24 gaste
162 1046 39 20 och
223 1047 55 20 mest
300 1045 40 22 fria
360 1047 43 20 sätt
426 1045 33 22 för
481 1048 31 19 att
535 1045 120 27 derigenom
671 1045 6 21 i
693 1044 79 22 rörelse
795 1047 56 20 sätta
874 1045 26 21 de

76 1074 120 27 menskliga
218 1074 120 22 känslorna.
367 1074 44 21 När
434 1074 27 27 på
484 1074 35 21 det
541 1075 66 21 sättet
621 1080 26 15 en
662 1074 55 26 gång
732 1074 69 21 lusten
817 1073 33 22 för
865 1075 36 20 det

77 1109 42 21 nya
134 1109 45 15 som
196 1102 22 21 af
232 1103 46 21 dem
299 1102 123 22 framhälles
442 1103 39 21 och
497 1103 36 21 det
548 1109 41 20 nya
604 1104 65 20 sättet
684 1105 33 18 att
731 1103 118 20 framställa
864 1103 36 20 det

75 1131 73 27 gamla
163 1130 131 28 evangelium
316 1131 38 21 har
374 1130 68 22 blifvit
456 1131 33 21 för
504 1132 47 20 dem
567 1131 49 21 kärt
631 1131 39 21 och
685 1130 62 22 deras
761 1130 76 22 känsla
851 1130 49 21 blif-

77 1160 31 21 vit
123 1160 100 26 upprörd,
234 1160 23 21 sä
272 1162 25 19 är
312 1160 36 21 det
363 1159 63 22 ocksä
442 1160 121 26 isynnerhet
579 1160 33 21 för
626 1166 57 20 unga
697 1159 121 22 menniskor
832 1159 68 21 allde-

78 1189 30 21 les
124 1189 96 28 omöjligt
241 1191 32 19 att
288 1189 5 21 i
310 1195 25 15 en
351 1188 24 22 sä
390 1188 65 27 vigtig
476 1189 36 21 sak
528 1190 53 26 göra
596 1195 25 15 en
636 1190 44 19 rätt
695 1188 39 22 och
750 1194 75 21 mogen
840 1188 60 27 pröf-

76 1217 56 27 ning.
156 1218 63 21 Annu
241 1224 45 15 mer
308 1217 96 28 omöjligt
424 1217 67 22 måste
512 1218 37 21 det
563 1224 51 15 vara
633 1217 34 21 för
687 1223 26 15 en
734 1217 66 22 sådan
816 1223 83 21 person,

76 1252 47 15 som
146 1246 46 21 icke
212 1248 44 19 rätt
278 1246 80 22 känner
380 1246 55 21 hvad
456 1246 52 21 hans
526 1248 47 25 eget
588 1245 177 28 kyrkosamfunds
780 1246 47 21 lära
841 1246 59 21 inne-

77 1275 74 26 häller,
175 1277 56 19 ännu
253 1275 82 21 mindre
358 1275 55 21 hvad
435 1275 35 21 det
485 1275 68 21 andra
567 1274 199 27 kyrkosamfundets
780 1275 47 20 lära
841 1275 59 20 inne-

76 1303 74 22 häller.
182 1303 47 22 Han
251 1306 34 25 vet
305 1303 55 22 väli
375 1303 115 22 allmänhet
505 1304 36 21 det
556 1309 44 16 som
617 1303 32 21 för
665 1303 55 22 bäda
734 1303 125 21 samfunden
875 1304 24 20 är

75 1334 138 25 gemensamt,
229 1338 46 15 men
286 1332 46 27 just
346 1332 219 27 differenspunkterna
580 1331 65 22 blifva
659 1331 47 22 utaf
720 1331 61 22 dessa
796 1331 103 27 proselyt-

76 1361 88 21 makare
184 1360 32 21 för
236 1361 66 20 sädan
323 1367 77 20 person
422 1361 150 26 undandöljda.
603 1361 62 20 Först
683 1360 65 21 sedan
763 1360 42 21 han
821 1360 27 26 pä
864 1360 36 21 det

76 1391 67 20 sättet
157 1389 7 20 i
180 1395 26 15 en
221 1389 72 27 längre
308 1389 31 21 tid
355 1391 27 19 än
397 1389 36 21 tvä
455 1389 101 21 mänader
577 1389 40 20 har
632 1387 69 22 blifvit
715 1388 70 21 hällen
801 1389 7 20 i
823 1388 76 21 sädant

75 1417 131 21 känslosvall
221 1420 32 18 att
268 1418 42 20 han
325 1418 46 20 icke
387 1418 81 21 kunnat
484 1418 85 25 nyktert
583 1417 88 21 besinna
686 1416 31 27 sig
728 1417 39 21 och
779 1417 71 21 derför
860 1416 39 21 har

76 1444 88 22 beslutit
179 1447 32 19 att
227 1447 49 24 taga
298 1445 36 21 det
356 1444 111 27 ödesdigra
486 1447 75 24 steget,
577 1445 78 20 införes
671 1445 41 20 han
727 1447 97 18 närmare
839 1444 7 21 i
862 1444 37 21 be-

76 1473 106 26 kantskap
197 1474 47 20 med
248 1461 39 33 de
302 1457 188 47 differenspunkter
510 1479 45 15 som
576 1473 85 26 åtskilja
677 1473 25 20 de
717 1472 58 21 olika
791 1472 108 27 religions-

76 1503 132 20 samfunden.
239 1502 41 21 Det
295 1501 39 22 har
348 1501 39 22 här
402 1508 25 15 en
436 1501 55 28 gång
506 1501 68 22 blifvit
589 1501 81 28 yttradt
684 1502 32 20 att
732 1499 167 28 differenspunk-

75 1533 63 20 terna
152 1533 38 19 äro
206 1531 150 26 oväsendtliga.
386 1531 40 26 Jag
440 1531 41 20 kan
497 1530 96 27 omöjligt
607 1529 74 22 förena
695 1529 43 28 mig
748 1536 34 15 om
793 1529 41 22 den
844 1529 55 28 åsig-
