1081 1806
203 147 55 21 3246
390 151 160 18 Presteståndet
562 152 55 17 1878.
641 151 24 17 10
675 151 88 21 januari.

244 220 129 21 Godkännes
389 220 12 26 &
418 221 26 20 14
460 220 65 26 enligt
546 220 39 20 den
601 220 23 20 af
638 220 105 20 utskottet
763 219 120 26 föreslagna
902 219 94 27 lydelsen

175 248 51 22 eller
248 248 61 22 icke?
339 248 79 21 Vinner
433 248 34 26 nej
484 248 38 21 har
537 248 85 22 ståndet
637 248 33 20 för
685 248 41 21 den
741 248 53 20 sista
809 248 112 26 meningen
936 249 61 20 anta-

173 277 31 27 git
219 278 40 20 den
272 277 23 21 af
308 280 85 24 prosten
409 277 59 27 Hjelt
483 277 119 27 föreslagna
616 276 127 22 förändrade
755 276 102 27 lydelsen.

241 334 131 22 Besvarades
387 334 48 21 med
450 336 75 19 nästan
541 334 102 26 enhälligt
656 334 29 26 ja.

241 391 122 23 Utskottets
385 391 79 27 förslag
486 391 32 22 till
541 392 78 26 lydelse
641 390 33 22 för
696 391 26 27 $$
747 392 32 25 17,
803 391 27 20 20
851 390 39 22 och
911 391 26 20 22
954 390 45 21 blef

174 420 50 22 derå
246 421 28 25 på
296 420 155 26 framställning
466 420 23 21 af
506 420 50 22 herr
577 421 160 20 talmannen
753 420 22 20 af
789 420 84 21 ståndet
894 419 103 26 enhälligt

173 449 115 28 godkändt.

241 506 114 27 Angående
372 506 12 27 8
400 506 27 21 23
443 506 82 22 anhölls
542 507 60 21 ordet
617 505 22 22 af

241 562 81 23 Rektor
344 563 124 22 Kihlman
492 569 45 16 som
559 563 95 28 yttrade:
685 563 40 21 Det
746 563 23 21 af
787 563 156 26 presteståndet
958 563 37 21 be-

172 592 71 21 slutna
264 592 97 27 tillägget
384 592 32 21 till
439 593 70 20 denna
531 592 100 27 paragraf
649 592 39 21 har
707 592 22 21 af
745 591 106 22 utskottet
866 591 46 21 icke
927 591 68 22 blifvit

171 621 111 21 förordadt
304 621 38 21 hos
365 621 26 21 de
414 621 66 26 öfriga
503 621 95 21 stånden.
628 620 111 22 Utskottet
762 620 60 21 anför
842 621 68 20 såsom
926 619 69 22 skäl
983 615 15 37 i

172 649 99 22 afseende
286 651 13 20 &
315 649 35 22 det
365 649 67 22 första
447 650 95 27 tillägget
557 650 105 26 nämligen
677 649 66 27 fysisk
758 649 39 21 och
809 649 87 26 psykisk
906 649 89 26 svaghet

172 680 32 19 att
227 679 36 20 det
285 685 50 14 vore
357 678 115 27 obehöfligt
495 679 87 21 emedan
598 679 40 20 den
655 679 64 20 tanke
733 684 45 15 som
794 678 108 27 uttryckes
918 684 75 20 genom

172 708 62 21 dessa
248 707 39 21 ord
303 707 64 21 redan
383 707 66 26 ligger
463 708 7 20 i
486 708 108 26 uttrycket
608 707 122 26 kroppslyte
746 707 51 21 eller
811 707 122 26 sjuklighet.
956 706 38 21 Så-

171 736 59 21 ledes
252 736 39 21 har
313 736 106 21 utskottet
441 738 70 19 ansett
533 736 65 27 fysisk
620 736 51 21 eller
691 735 88 27 psykisk
794 735 89 27 svaghet
898 741 50 16 vara
964 737 31 20 ett

172 764 52 26 skäl,
247 771 45 14 som
313 765 66 20 borde
399 765 68 20 befria
487 765 45 21 från
547 764 129 27 krigstjenst,
692 771 48 14 men
755 765 39 20 har
809 766 71 19 ansett
895 764 35 21 det
946 769 49 16 vara

172 793 115 26 obehöfligt
301 795 32 19 att
349 795 92 25 upptaga
457 794 60 21 dessa
533 793 84 27 uttryck
633 793 88 21 emedan
740 793 61 26 lagen
817 799 49 15 vore
882 793 65 26 enligt
962 795 32 19 ut-

172 822 91 21 skottets
278 822 137 21 förmenande
430 822 122 27 tillräckligt
572 821 65 28 tydlig
653 821 5 20 i
675 822 58 20 detta
755 821 124 22 hänseende.
910 821 40 26 Jag
962 822 34 20 för

171 851 44 20 min
231 850 33 21 del
281 850 58 21 delar
354 850 46 21 icke
423 851 68 20 denna
506 851 61 26 åsigt.
598 851 49 20 Man
662 851 42 20 kan
720 850 62 21 hafva
798 856 26 15 en
839 856 51 20 svag
904 849 90 27 kropps-

171 879 141 20 konstitution
327 880 51 19 utan
395 881 31 18 att
442 885 47 15 man
506 879 71 21 derför
592 879 42 20 kan
649 881 61 24 sägas
725 878 64 22 hafva
804 879 122 26 kroppslyte
942 879 52 20 eller

170 907 43 22 kan
229 913 62 15 anses
307 913 50 15 vara
378 907 87 27 sjuklig;
482 914 47 15 man
545 908 41 20 kan
601 907 67 21 under
683 907 84 26 vanliga
781 907 146 21 förhållanden
944 913 51 15 vara

171 936 53 21 frisk
239 942 41 20 nog
295 942 48 15 men
354 942 47 15 man
412 937 39 20 har
461 937 46 20 icke
519 943 24 14 en
555 936 219 27 kroppskonstitution
788 942 44 15 som
843 936 42 21 kan
895 935 100 27 fördraga

172 965 25 20 de
213 967 117 24 strapatser
352 964 39 21 och
413 965 177 26 ansträngningar
613 971 43 14 som
679 964 144 27 krigsståndet
844 965 87 20 medför.
962 964 32 21 Då

172 993 35 22 det
222 993 69 22 måste
306 993 61 21 äfven
383 993 38 21 här
437 1000 51 15 vara
502 993 76 27 vigtigt
593 995 32 20 att
640 993 61 27 lagen
717 995 23 19 är
756 993 47 21 klar
818 993 39 21 och
873 993 66 27 tydlig
955 993 39 21 och

172 1022 26 21 då
221 1022 60 21 äfven
303 1022 106 21 utskottet
423 1022 7 21 i
445 1022 115 21 allmänhet
585 1022 39 21 har
645 1022 97 21 förordat
763 1022 42 21 alla
821 1022 113 27 ändringar
949 1028 44 15 som

170 1051 44 20 afse
230 1052 31 19 ett
276 1051 156 26 förtydligande
447 1051 24 20 af
484 1052 62 25 lagen
563 1052 24 20 så
608 1057 60 20 synes
684 1052 35 19 det
735 1051 42 26 mig
793 1051 68 21 såsom
877 1051 69 20 skulle
960 1052 35 19 ut-

171 1079 80 21 skottet
266 1079 61 21 äfven
343 1080 69 20 denna
427 1080 54 27 gång
496 1080 63 21 hafva
575 1079 48 21 bort
641 1079 86 22 förorda
739 1081 31 20 ett
788 1079 80 27 tillägg,
880 1085 43 15 som
935 1079 59 26 afsåg

171 1108 108 26 ingenting
302 1110 65 19 annat
389 1110 26 19 än
437 1109 72 25 lagens
532 1108 160 27 förtydligande.
723 1108 111 21 Utskottet
859 1110 24 19 är
898 1109 7 20 i
921 1107 74 27 sjelfva

171 1136 75 21 verket
261 1136 24 21 af
299 1143 81 14 samma
395 1137 64 21 tanke
480 1143 45 15 som
547 1137 156 26 presteståndet
719 1139 31 19 att
765 1137 106 26 nämligen
886 1143 107 20 personer,

171 1171 46 16 som
240 1167 37 19 äro
300 1165 76 26 fysiskt
398 1166 52 21 eller
471 1166 96 27 psykiskt
582 1172 70 19 svaga,
669 1167 36 19 äro
721 1165 116 28 oskickliga
853 1165 32 21 till
900 1165 94 27 krigare-

172 1194 91 21 värfvets
278 1195 102 26 utöfning,
397 1196 31 19 att
444 1194 25 21 de
485 1195 6 20 i
507 1195 74 26 sjelfva
597 1194 72 21 verket
684 1194 37 21 der
735 1194 47 21 icke
797 1201 69 19 gagna
880 1196 53 19 utan
943 1194 50 21 fast-

171 1229 45 14 mer
240 1224 37 19 äro
300 1223 32 20 till
354 1223 66 21 skada
436 1223 38 21 och
491 1225 32 19 att
538 1223 36 21 det
589 1223 81 21 således
685 1229 50 15 vore
751 1223 93 26 önskligt
858 1224 33 19 att
906 1223 25 20 de
947 1222 46 21 icke

171 1251 65 22 blifva
251 1251 34 21 vid
301 1251 108 27 uppbådet
424 1251 103 22 anstälda.
556 1251 123 22 Emellertid
695 1251 27 21 då
737 1257 26 16 en
778 1251 66 22 sådan
861 1251 132 26 bestämning

171 1287 29 14 nu
214 1280 46 21 icke
275 1279 67 22 finnes
357 1280 85 21 komma
460 1280 153 26 otvifvelaktigt
628 1281 33 25 de,
677 1286 44 15 som
737 1281 85 21 komma
837 1282 32 19 att
884 1279 110 22 efterlefva

170 1309 68 26 lagen,
255 1309 52 26 följa
322 1308 72 27 lagens
415 1309 86 21 bokstaf
522 1310 39 20 och
583 1311 38 19 när
641 1315 25 15 en
684 1315 77 20 person
781 1309 46 21 icke
845 1309 39 20 har
904 1309 88 26 kropps-

170 1338 44 25 lyte
230 1337 38 20 och
285 1338 46 19 icke
347 1339 24 18 är
387 1338 82 25 sjuklig,
492 1344 33 14 om
548 1338 41 20 han
605 1337 53 21 ockä
674 1338 95 25 föröfrigt
785 1338 39 20 har
838 1343 52 20 svag
904 1338 89 25 kropps-

170 1365 105 26 byggnad,
297 1365 96 21 kommer
415 1365 41 21 han
479 1367 32 19 att
529 1365 6 20 i
551 1365 94 21 rullorna
667 1365 119 21 inskrifvas.
816 1365 40 26 Jag
878 1365 66 26 vägar
965 1365 28 27 pä

170 1393 68 27 grund
254 1393 63 21 häraf
330 1393 111 21 hemställa
457 1394 32 20 till
502 1394 35 21 det
553 1394 128 26 högvördiga
697 1394 85 21 ständet
793 1393 105 22 huruvida
908 1394 86 21 ständet

170 1422 48 21 icke
232 1422 36 21 vill
284 1421 99 22 fasthälla
399 1422 35 21 det
449 1422 70 21 beslut
537 1429 45 15 som
598 1422 57 21 förut
670 1422 39 21 har
726 1422 68 21 blifvit
809 1421 78 22 fattadt
903 1422 39 21 och
958 1428 36 21 ge-

170 1457 49 15 nom
239 1451 124 27 inbjudning
385 1451 32 21 till
439 1451 26 21 de
488 1451 68 26 öfriga
584 1451 90 21 stånden
702 1451 53 21 söka
771 1453 33 19 att
826 1451 76 28 bringa
924 1451 70 21 denna

170 1479 100 27 paragraf
291 1480 33 21 till
344 1482 68 19 större
435 1479 104 28 tydlighet
561 1486 45 15 som
629 1486 61 21 synes
713 1487 51 14 vara
778 1479 99 28 behöflig.
906 1479 86 22 Detta
979 1475 15 36 i

170 1509 98 21 afseende
284 1509 12 21 &
313 1509 39 21 den
375 1508 66 22 första
463 1509 80 26 frågan.
573 1510 42 20 Det
639 1509 66 22 andra
720 1509 97 27 tillägget
832 1509 47 22 åter
893 1508 59 29 afsäg
967 1509 27 21 de

170 1538 100 27 religiösa
285 1537 175 28 betänkligheter,
476 1544 45 15 som
535 1539 7 20 i
558 1538 70 22 denna
642 1538 39 21 sak
695 1538 72 21 kunna
781 1539 120 21 förefinnas.
924 1537 68 23 Äfven
