1073 1806
278 153 159 18 Presteständet
450 154 55 17 1877.
528 154 23 17 12
564 154 111 17 december.
813 149 55 21 2769

78 224 44 19 mot
138 222 40 21 den
193 218 114 31 Verldsliga
328 222 123 27 ordningen,
467 222 34 21 för
515 224 33 20 att
562 222 91 22 tillvälla
668 222 32 26 sig
714 222 125 28 myndighet
854 224 45 19 mot

78 251 76 26 denna,
170 252 24 19 är
210 253 31 19 ett
256 250 59 22 bevis
329 251 35 27 pä,
380 254 32 18 att
433 251 74 27 frågan
522 251 40 21 har
576 257 26 15 en
617 251 84 27 mycket
716 251 130 21 allmännare
862 250 38 21 be-

77 279 87 27 tydelse,
180 281 27 19 än
223 280 40 20 den
278 285 34 15 om
333 280 79 20 allmän
433 280 119 26 värnepligt
571 279 3 21 i
589 279 140 21 Finland.
715 274 15 36 —
744 279 62 21 Hvad
821 279 32 21 för
868 278 30 22 öf-

78 308 42 26 rigt
135 320 28 2 —
178 307 34 21 för
235 309 31 20 att
289 308 27 26 gä
333 308 50 21 bort
400 307 46 22 frän
462 308 61 21 dessa
538 308 106 21 allmänna
656 308 112 26 principer,
783 313 45 16 som
844 307 56 22 ändä

79 336 49 26 föga
151 342 41 20 nog
213 336 60 21 torde
296 336 71 21 kunna
390 336 39 22 här
444 336 6 22 i
467 342 25 15 en
508 336 89 27 muntlig
614 336 119 22 diskussion
748 336 57 21 lösas
820 348 28 4 —
864 336 35 22 det

78 365 111 27 praktiska
204 365 22 21 af
240 365 75 27 frägan
338 365 106 25 beträffar,
465 364 37 22 vill
521 366 37 26 jag
578 366 66 26 fräga,
665 365 54 21 huru
742 365 35 21 det
790 367 24 19 är
829 365 69 27 nägon

78 393 109 27 rimlighet
202 395 38 25 att,
256 394 70 21 säsom
344 394 72 21 rektor
436 394 99 21 Kihlman
552 394 38 21 har
606 394 81 26 önskat,
702 393 129 22 tillerkänna
846 394 54 21 indi-

78 422 68 25 viden,
170 422 36 21 det
230 422 130 22 individuela
375 424 103 20 samvetet
501 423 53 21 eller
572 422 54 22 huru
642 429 48 15 man
706 422 38 22 vill
759 423 57 21 kalla
832 422 42 26 det,
891 422 7 21 i

78 451 73 28 hvarje
167 451 93 22 enskildt
278 451 37 22 fall
324 458 25 15 en
358 452 160 21 bestämmande
529 451 92 22 rätt
581 447 9 36 i
602 447 21 36 en
630 452 107 27 handling,
754 457 45 16 som
815 453 25 20 är
854 453 46 20 sta-

80 483 46 19 tens
149 480 39 21 och
208 481 48 20 hela
280 481 135 21 samhällets?
445 481 61 21 Huru
526 481 41 20 kan
588 487 48 15 man
652 481 65 21 tänka
732 480 38 27 sig,
787 483 32 18 att
834 481 65 27 nägot

80 509 76 22 sädant
171 509 69 22 skulle
254 509 108 27 praktiskt
378 509 79 22 utföras
472 512 51 19 utan
539 512 32 19 att
587 509 122 22 samhällets
729 509 171 27 handlingskraft

80 539 6 20 i
102 538 73 27 hvarje
199 539 113 26 ögonblick
333 539 68 21 skulle
421 538 66 22 blifva
502 539 117 20 förlamad?
649 539 81 21 Rektor
744 538 101 21 Kihlman
860 538 40 21 har

80 567 61 22 tänkt
156 567 32 27 sig
202 567 112 22 samhället
330 567 75 22 endast
422 567 69 22 säsom
507 570 31 19 ett
554 567 118 28 despotiskt
692 567 102 22 samhälle
809 567 48 21 med
872 573 26 15 en

80 596 125 22 oinskränkt
227 597 87 20 monark
330 597 6 20 i
352 599 89 24 spetsen,
458 596 39 22 och
513 597 123 27 derigenom
659 597 73 26 tycker
746 596 43 21 han
804 596 32 27 sig
850 596 48 21 med

80 625 103 21 frihetens
206 626 113 26 premisser
342 625 85 22 komma
448 625 33 21 till
504 627 30 20 ett
556 626 53 21 visst
630 625 148 27 berättigande
802 625 33 21 för
858 625 40 22 den

80 654 128 21 individuela
228 654 76 27 viljans
326 655 118 26 opposition
465 657 44 18 mot
527 655 69 20 denna
611 653 75 28 högsta
702 654 54 27 vilja.
788 654 48 21 Men
852 654 47 21 svä-

80 683 122 27 righeterna
225 683 65 21 blifva
312 684 78 25 precist
411 683 114 26 desamma,
549 690 34 15 om
600 683 20 20 vi
636 683 66 20 tänka
717 689 34 15 oss
767 683 39 20 den
822 683 77 27 högsta

80 712 87 21 makten
189 712 7 20 i
218 717 32 20 en,
269 712 39 21 den
331 714 54 19 mest
412 712 164 26 republikanska
604 711 179 27 folkförsamlings
812 711 86 22 händer.

80 741 42 21 Det
144 741 68 20 måste
227 740 6 21 i
250 741 42 20 alla
313 740 44 27 fall,
383 747 33 14 om
439 747 49 15 man
509 741 75 21 tänker
600 740 31 27 sig
647 739 183 23 samhällsskicket
845 741 54 20 huru

80 769 160 27 republikanskt
269 775 45 16 som
334 769 62 24 helst,
418 770 34 21 väl
475 769 97 28 slutligen
588 769 82 22 ändock
685 771 31 19 ett
731 769 69 21 beslut
815 769 83 27 uppstå,

81 804 44 15 som
142 800 23 19 är
181 800 80 19 statens
280 798 76 25 beslut,
373 798 38 21 och
427 798 54 21 huru
497 798 36 21 det
548 798 55 22 skall
618 804 50 15 vara
683 797 83 28 möjligt
781 800 38 23 att,
834 798 65 21 sedan

80 830 32 18 ett
135 827 76 21 sådant
234 827 69 21 beslut
318 829 24 19 är
356 827 79 21 fattadt
449 840 28 2 —
493 827 35 21 det
548 827 69 21 skulle
632 827 7 21 i
655 827 58 21 detta
728 827 36 21 fall
780 827 57 26 gälla
852 827 47 26 krig

81 856 51 21 eller
154 856 47 21 fred
217 869 27 2 —
259 856 127 21 tillerkänna
408 856 39 21 den
471 856 96 22 enskilda
586 856 106 21 individen
714 858 32 19 att
766 855 33 21 för
816 856 33 21 sin
865 855 34 22 del

80 887 52 24 göra
147 885 48 26 krig
210 885 52 21 eller
277 884 47 21 fred
339 885 53 21 efter
407 884 55 22 hvad
478 885 41 20 han
535 885 99 26 behagar,
656 885 41 20 kan
710 884 37 28 jag
762 885 18 26 ej
796 883 63 28 finna,
876 884 23 21 sä

81 914 61 25 länge
157 913 106 28 nämligen
278 913 70 27 nägon
369 915 42 20 stat
430 913 55 22 skall
500 914 98 21 existera.
628 913 58 22 Skall
703 919 25 15 en
743 913 99 26 krigshär
857 913 42 21 till-

81 942 77 27 frägas,
179 949 34 14 om
237 943 40 20 den
300 948 69 21 anser,
391 944 31 19 att
444 943 70 26 kriget
529 945 23 18 är
568 943 84 20 rättvist
668 942 50 21 eller
733 942 52 27 icke,
801 944 23 19 är
840 942 60 21 detta

81 973 55 19 ännu
152 971 108 25 tänkbart,
283 971 65 21 ehuru
368 971 34 21 det
417 971 123 27 visserligen
556 973 24 19 är
594 971 84 27 mycket
693 970 127 28 opraktiskt.
849 970 50 22 Men

81 1002 92 25 antaget,
188 1002 32 19 att
235 1000 67 21 denna
317 1000 97 26 krigshär
429 1000 18 27 ej
463 1001 24 19 är
502 999 118 28 endrägtig,
640 1002 30 19 att
686 1000 134 27 majoriteten
830 999 70 22 beslu-

81 1032 33 17 ter
129 1029 32 26 sig
176 1028 32 21 för
223 1029 53 26 krig,
292 1034 48 15 men
356 1035 25 14 en
396 1028 34 22 hel
445 1034 71 15 massa
531 1028 103 22 individer
650 1029 99 25 förklara,
765 1030 31 19 att
813 1029 25 20 de
849 1034 51 16 anse

81 1057 69 27 kriget
166 1057 107 26 orättvist;
290 1057 26 21 dä
332 1057 60 21 skola
411 1057 82 22 säledes
511 1057 62 21 dessa
590 1057 104 21 individer
709 1057 7 21 i
732 1057 124 26 krigshären
872 1069 27 3 —

82 1086 105 21 mähända
210 1093 25 14 en
258 1085 95 28 betydlig
374 1086 108 21 minoritet
497 1098 28 3 —
540 1085 64 22 hafva
624 1085 102 27 rättighet
741 1087 32 20 att
788 1087 52 26 göra
854 1085 46 22 fred

82 1114 33 21 för
138 1121 52 20 egen
213 1115 96 27 räkning,
330 1114 39 21 och
390 1121 34 15 om
439 1115 19 26 ej
475 1114 59 22 detta
556 1115 54 21 skall
625 1114 47 21 föra
686 1115 33 20 till
734 1116 32 19 ett
780 1115 48 26 krig
843 1114 56 21 inom

82 1143 130 28 krigshären,
228 1150 34 14 om
279 1144 18 27 ej
314 1143 58 21 detta
388 1143 53 22 skall
456 1143 47 21 föra
518 1143 33 21 till
564 1149 25 16 en
601 1143 127 27 upplösning
740 1143 23 21 af
774 1143 48 21 hela
831 1143 65 27 krigs-

81 1171 65 22 hären
162 1173 40 20 och
217 1172 68 21 likasä
300 1173 72 20 säkert
387 1172 60 21 äfven
463 1171 33 22 till
511 1178 26 15 en
552 1171 126 28 upplösning
688 1172 24 21 af
720 1171 49 22 hela
780 1171 119 26 samhället,

82 1201 38 21 har
136 1201 127 21 ätminstone
284 1201 36 27 jag
343 1201 80 26 ganska
445 1202 56 19 orätt
522 1201 80 21 kunnat
624 1201 74 26 förstä,
714 1201 55 20 huru
784 1200 116 22 historiska

81 1229 113 21 händelser
216 1229 76 22 hända.
322 1230 40 26 Jag
384 1230 36 21 vill
441 1229 18 27 ej
481 1231 51 26 göra
550 1230 43 27 mig
608 1229 32 21 till
656 1229 85 22 domare
757 1229 59 21 öfver
830 1229 70 28 någon

81 1258 121 21 menniskas
222 1261 99 18 samvete.
352 1258 48 21 Men
420 1258 36 27 jag
472 1259 66 20 måste
554 1260 58 25 säga,
628 1259 32 20 att
674 1259 34 26 jag
724 1257 32 22 för
771 1258 44 21 min
830 1257 34 22 del
880 1258 19 27 ej

81 1287 42 21 kan
140 1287 94 21 erkänna
255 1287 35 21 det
306 1287 129 21 individuela
453 1288 116 20 samvetets
592 1287 147 26 berättigande
754 1286 7 21 i
777 1286 73 27 hvarje
865 1293 35 14 en-

81 1315 67 22 skildt
162 1315 155 27 handlingsfall.
348 1315 41 22 Det
403 1317 24 19 är
441 1315 63 26 klart,
520 1317 33 19 att
568 1315 27 21 dä
610 1315 36 21 det
658 1315 130 21 individuela
797 1317 104 19 samvetet

81 1344 141 21 underkastar
236 1345 33 26 sig
284 1344 40 21 den
340 1344 105 21 allmänna
460 1344 71 27 viljan,
547 1346 80 19 statens
642 1344 56 27 vilja,
714 1343 129 26 öfverheten,
860 1344 40 21 den

81 1373 118 27 menskliga
222 1373 122 26 ordningen,
366 1379 44 15 som
431 1372 36 22 det
482 1375 25 18 är
522 1373 92 27 skyldigt
629 1374 32 19 att
676 1372 129 21 underkasta
819 1372 37 27 sig,
874 1372 27 21 dä

82 1403 23 19 är
120 1401 36 21 det
178 1401 62 22 äfven
262 1401 46 22 fritt
328 1401 32 22 för
381 1401 172 27 tillräknelighet,
575 1401 47 21 fritt
636 1401 33 22 för
683 1407 82 20 ansvar,
782 1401 39 21 och
836 1401 64 27 nägot

81 1430 72 20 vidare
170 1430 147 26 berättigande
339 1430 42 20 kan
399 1430 36 26 jag
451 1430 33 19 för
499 1430 43 19 min
558 1430 34 19 del
608 1429 18 26 ej
644 1430 132 19 tillerkänna.
806 1430 42 25 Jag
864 1429 36 20 vill

82 1458 18 27 ej
116 1458 73 21 vidare
209 1458 113 26 uppehälla
345 1457 84 22 ständet
450 1458 48 21 med
519 1457 69 21 denna
610 1457 65 26 fräga,
697 1463 46 15 som
762 1459 24 19 är
801 1457 45 21 helt
861 1457 40 21 och

82 1486 66 21 hället
163 1486 102 21 teoretisk
281 1486 39 21 och
336 1486 113 27 omöjligen
464 1487 42 19 kan
522 1485 22 22 fä
558 1485 66 28 nägot
639 1486 55 26 slags
709 1485 97 27 praktisk
817 1485 84 28 lösning

82 1515 7 22 i
104 1515 60 22 detta
179 1515 119 28 lagförslag.

798 1577 34 18 174
