1078 1811
319 153 160 18 Presteståndet
491 154 56 17 1878.
571 154 12 17 2
593 153 89 22 januari.
832 149 55 20 3133

97 222 43 27 liga
162 223 113 20 ständerna
295 222 22 21 af
335 221 77 28 nädiga
427 222 158 27 propositionen
601 222 39 21 och
655 222 115 22 utskottets
786 221 132 23 betänkande

96 251 111 26 angående
222 257 27 21 ny
263 251 122 26 förordning
400 257 33 15 om
451 250 273 28 stämpelpappersafgiften.

166 306 121 22 Utskottets
302 306 75 27 åtgärd
392 306 131 22 beträffande
538 307 14 27 &
568 308 13 20 4
596 306 92 27 gillades.

166 362 135 23 Beträffande
317 364 12 26 &
345 364 12 20 5
374 363 103 27 begärdes
492 364 62 21 ordet
568 362 21 23 af

166 420 89 22 Prosten
277 420 99 27 Hjelt,
397 426 45 16 som
462 420 93 28 yttrade:
578 420 43 22 För
636 420 42 22 min
694 420 34 22 del
743 420 68 22 finner
823 421 37 27 jag
874 421 45 21 icke

97 449 66 27 nägot
183 449 46 21 skäl
249 450 32 20 att
301 449 91 25 förorda,
408 451 32 19 att
456 450 155 26 presteständet
627 449 67 21 skulle
709 449 75 27 frängä
800 450 35 21 det
851 450 69 21 beslut

97 484 45 15 som
159 478 35 21 det
210 478 34 21 vid
260 477 146 22 diskussionen
423 484 34 16 om
472 478 240 27 kartasigillataafgiften
728 478 86 27 fattade,
830 480 22 26 ty
867 478 52 22 hvar

95 507 42 21 och
150 513 26 15 en
188 507 67 21 mäste
270 506 110 28 medgifva,
396 509 32 19 att
444 514 25 14 en
485 507 106 27 ojemnhet
605 506 95 22 kommer
714 509 33 19 att
762 513 39 21 ega
816 513 52 21 rum,
885 513 34 15 om

97 542 25 14 en
143 541 84 21 person,
247 542 45 15 som
311 536 96 26 öfvergär
423 536 32 21 till
471 538 30 19 ett
517 538 64 19 annat
596 538 101 25 pastorat,
714 536 37 21 der
765 536 32 22 fär
812 536 45 22 lösa
872 535 47 22 full-

97 564 59 21 makt
170 564 32 22 för
217 564 308 28 kontraktsprostebefattning.

166 627 79 22 Rektor
263 627 142 22 Kihlman
427 627 75 22 delade
517 627 60 22 äfven
594 627 25 22 de
635 627 83 26 äsigter,
734 633 45 16 som
795 628 87 21 uttalats
898 627 23 21 af

96 657 87 26 prosten
202 655 63 28 Hjelt.
295 655 70 22 Saken
381 662 37 15 var
433 656 88 21 alldeles
536 655 79 22 solklar
630 656 38 21 och
684 655 82 22 derföre
781 656 65 21 borde
862 656 56 21 stän-

96 685 37 21 det
156 685 53 21 söka
229 687 37 23 att,
285 685 24 21 sä
327 685 44 21 vidt
385 684 85 22 ständet
485 685 115 26 förmädde,
617 685 86 20 inverka
718 685 27 26 pä
760 684 104 22 utskottet
880 684 39 21 och

96 713 110 21 utskotten
228 713 6 20 i
256 713 121 26 allmänhet,
400 715 39 22 att,
462 713 27 21 dä
509 720 25 15 en
555 713 122 26 förändring
692 713 22 21 af
728 715 31 19 ett
773 713 62 22 ständ
851 712 68 23 blifvit

95 741 62 27 gjord
180 742 38 21 och
243 742 68 21 denna
333 741 123 28 förändring
478 742 67 21 blifvit
566 742 47 21 med
636 742 77 26 vigtiga
734 741 45 22 skäl
795 741 123 24 motiverad,

97 769 106 22 utskottet
218 770 39 21 och
273 770 109 22 utskotten
397 771 45 21 icke
459 770 88 24 derföre,
564 772 31 19 att
610 771 74 25 frägan
700 771 75 21 endast
789 771 8 20 i
812 772 31 19 ett
857 770 62 22 ständ

95 799 42 21 fätt
156 801 31 19 ett
204 799 125 22 förändradt
347 800 108 25 utseende,
470 800 35 21 mä
517 800 44 21 läta
577 799 39 22 den
632 799 86 26 förfalla,
735 803 50 18 utan
802 799 65 21 hellre
882 805 36 15 an-

97 827 56 22 mäla
168 827 65 22 saken
248 828 7 21 i
271 828 26 21 de
313 828 66 27 öfriga
394 829 95 25 stånden,
505 829 24 20 sä
544 830 31 20 att
591 828 59 21 dessa
666 829 65 20 måtte
748 828 62 21 blifva
820 829 6 20 i
837 827 82 22 tillfälle

95 858 34 20 att
144 856 73 28 frängä
233 857 44 21 sina
293 857 125 27 föregäende
434 857 75 26 beslut,
521 863 34 16 om
565 857 26 21 de
602 863 50 15 anse
663 857 47 21 skäl
722 857 69 21 dertill
801 857 117 22 förefinnas.

166 919 110 22 Professor
302 920 119 21 Donner
441 920 124 26 hemstälde,
588 919 102 22 huruvida
714 920 42 25 det,
777 926 33 15 om
833 920 86 21 ständet

97 948 92 22 vidhölle
205 949 36 20 sitt
256 948 70 21 beslut
341 948 7 21 i
363 948 40 21 den
419 948 56 21 förra
491 949 99 26 punkten,
601 954 51 16 vore
667 948 45 21 skäl
728 950 32 20 att
776 948 92 22 vidhälla
883 948 36 22 det

96 976 7 21 i
127 976 98 22 afseende
247 977 13 21 å
283 977 39 21 den
339 982 82 20 senare,
436 977 88 21 emedan
541 976 72 28 frågan
629 977 6 21 i
650 977 66 21 sådan
737 977 100 21 händelse
852 978 66 20 måste

95 1005 85 27 afgöras
195 1006 6 20 i
216 1005 103 21 förstärkt
334 1005 88 21 utskott.

166 1067 88 22 Prosten
275 1068 178 26 Rosengren
475 1068 98 27 önskade,
589 1070 32 19 att
636 1068 84 21 ståndet
737 1068 68 21 skulle
821 1068 98 22 vidblifva

96 1096 39 22 sitt
149 1096 70 22 beslut
233 1097 7 21 i
256 1096 65 28 begge
337 1096 92 22 delarne.

166 1160 89 21 Prosten
281 1160 146 22 Varelius
451 1161 84 27 yttrade
557 1167 25 15 en
605 1160 95 21 häremot
722 1160 87 23 alldeles
831 1162 88 21 motsatt

96 1188 57 28 åsigt
168 1189 39 21 och
222 1189 153 21 understöddes
391 1189 45 21 häri
451 1189 22 21 af
488 1190 76 21 doktor
584 1189 33 21 La
628 1184 85 37 mpÅén.

166 1252 103 26 Följande
283 1252 131 28 proposition
429 1252 142 22 framstäldes:

165 1309 42 22 Vill
223 1310 84 21 ståndet
322 1309 111 27 godkänna
449 1310 239 26 bevillningsutskottets
702 1309 160 27 ifrågavarande
877 1309 42 21 för-

97 1337 46 28 slag
159 1338 79 25 derom,
253 1341 32 19 att
302 1338 39 22 den
357 1338 22 22 af
393 1339 155 27 presteståndet
563 1338 96 22 beslutna
669 1338 149 27 förändringen
829 1338 90 21 rörande

97 1367 57 21 förra
177 1367 60 21 delen
256 1368 22 20 af
295 1368 12 26 &
327 1368 12 20 5
358 1367 23 21 af
398 1366 322 28 karta-sigillata-författningen
742 1367 67 21 måtte
829 1366 89 26 förfalla,

97 1395 53 22 eller
164 1395 60 22 icke?

166 1452 79 22 Vinner
267 1452 40 27 nej,
330 1452 39 22 har
391 1453 84 20 ståndet
497 1453 46 20 med
566 1452 177 21 underkännande
766 1452 22 22 af
805 1452 114 21 utskottets

98 1480 137 22 merberörda
252 1480 78 27 förslag
349 1480 56 22 velat
419 1480 7 21 i
442 1481 41 25 den
501 1480 60 22 delen
579 1480 93 22 vidhälla
686 1481 38 21 sitt
740 1480 88 28 tidigare
843 1480 75 22 beslut.

167 1537 129 26 Besvarades
312 1537 48 22 med
375 1537 27 22 22
416 1537 22 28 ja
454 1537 39 22 och
509 1538 12 20 7
537 1537 40 28 nej.
