1075 1803
296 147 160 18 Presteståndet
469 149 53 16 1877.
548 149 22 17 15
582 149 112 17 december.
827 145 53 20 2891

93 215 96 22 kommer
203 217 33 19 att
250 215 127 22 verkställas
392 217 65 20 redan
471 216 8 21 i
494 216 91 28 Augusti
600 216 82 22 månad.
712 217 68 21 Deras
795 218 58 21 antal
869 217 42 22 kan

93 244 83 21 derföre
191 244 47 21 icke
255 244 28 27 på
298 245 64 25 något
377 246 43 20 sätt
434 244 88 22 inverka
537 245 27 27 på
579 245 81 22 antalet
675 245 23 21 af
712 246 25 20 de
752 246 159 28 värnepligtige,

90 278 47 16 som
152 272 6 21 i
174 273 59 21 aktiv
248 273 64 27 tjenst
327 272 60 22 skola
401 272 91 22 inträda.

160 340 111 22 Professor
316 347 127 15 Forsman:
475 340 41 28 Jag
534 342 39 21 ber
588 342 32 21 att
634 341 21 22 få
669 341 56 22 fästa
739 344 86 24 prosten
841 342 68 27 Hjelts

93 369 189 27 uppmärksamhet
297 369 28 27 pä
340 369 13 27 $
369 369 27 21 80
413 371 38 19 1:0.
481 369 44 22 Der
540 369 45 22 står
600 369 141 28 uttryckligen
756 373 33 18 att
798 371 35 21 vid
843 370 67 22 inkal-

92 397 63 22 lande
177 397 32 22 till
230 397 57 22 aktiv
307 398 64 27 tjenst
386 397 61 22 skola
465 398 75 21 främst
555 400 60 25 tagas
630 399 7 21 i
652 399 92 26 anspräk
759 399 33 25 de,
807 406 45 15 som
867 399 43 22 för-

93 426 95 22 fallolöst
204 426 62 22 hafva
281 426 107 22 uteblifvit
402 427 46 21 från
463 427 129 27 lottningen;
605 427 82 22 således
704 429 37 20 äro
751 428 46 27 just
808 428 60 21 desse
878 428 32 26 de,

90 461 49 15 som
162 461 48 16 man
232 455 7 21 i
261 455 89 22 främsta
368 457 91 19 rummet
473 458 59 24 tager
547 455 7 21 i
568 456 99 26 anspråk,
683 456 39 21 och
735 457 26 20 de
777 458 36 19 äro
828 457 34 20 väl
877 458 33 19 att

91 483 101 27 päräkna.
223 483 74 22 Ehuru
320 483 36 22 det
377 484 34 21 väl
428 483 43 22 kan
493 483 131 28 förutsättas,
640 486 32 19 att
686 491 26 14 en
729 485 38 21 och
783 491 70 15 annan
867 485 43 21 kan

91 512 63 21 hafva
177 515 55 24 rymt
250 512 49 21 land
319 512 39 21 och
378 512 52 27 rike,
450 512 43 21 kan
508 513 54 21 dock
577 513 77 21 sädant
668 513 46 22 icke
729 513 7 21 i
751 514 36 26 lag
801 515 60 26 tagas
876 513 33 22 för

89 541 71 26 gifvet.
190 541 42 21 Det
250 544 22 17 är
294 541 84 22 derföre
400 541 37 21 det
457 541 83 28 riktiga,
560 544 32 19 att
606 541 60 22 desse
682 544 104 25 upptagas
800 542 7 21 i
823 548 87 21 propor-

89 569 45 22 tion
150 569 69 22 säsom
235 569 107 27 verkligen
357 569 139 22 existerande.

156 633 89 22 Prosten
267 633 94 27 Hjelt:
393 633 46 21 Den
462 633 7 21 i
487 634 16 27 &
519 634 31 25 80,
564 639 62 16 mom.
650 633 14 21 b
682 633 173 22 förekommande
873 634 35 22 be-

88 663 106 25 stämning
209 661 40 22 har
263 661 99 22 afseende
377 662 27 27 pä
419 661 46 22 helt
480 663 66 20 andra
565 668 106 21 personer.
699 662 47 21 Den
762 663 39 21 har
816 663 93 26 tydligen

86 691 100 20 afseende
208 691 28 26 pä
256 690 54 26 dem,
325 697 45 14 som
386 690 67 21 under
469 691 35 21 det
518 690 128 27 föregäende
662 691 46 21 äret
722 691 127 22 förfallolöst
864 693 44 20 ute-

88 718 69 22 blifvit
179 719 39 21 och
240 719 71 21 hvilka
335 725 34 15 om
385 719 26 21 de
426 719 101 21 anträffas
541 719 67 21 under
624 719 36 21 det
675 719 64 27 derpä
754 719 93 27 följande
863 719 46 21 äret

87 747 76 21 främst
182 747 52 21 böra
249 747 83 21 inträda
347 747 63 21 bland
430 748 27 20 de
477 748 158 27 värnepligtige.
665 748 48 20 Men
730 748 47 21 dei
793 748 12 26 S
821 749 26 20 77
864 754 44 15 om-

87 776 93 21 nämnda
198 775 86 22 tillhöra
305 782 81 15 samma
400 776 35 21 ärs
450 776 158 27 värnepligtige.
638 776 68 21 Dessa
721 778 94 20 moment
829 776 79 21 handla

85 804 84 22 säledes
184 805 18 27 ej
219 810 34 16 om
269 810 81 16 samma
364 804 56 27 slags
435 810 106 21 personer.

156 868 89 22 Prosten
268 868 191 26 Rosengren:
489 868 42 26 Jag
553 868 69 21 skulle
645 871 49 23 taga
712 868 43 26 mig
770 868 90 21 friheten
875 870 32 19 att

84 898 55 26 göra
157 903 25 15 en
201 896 140 26 anmärkning
356 899 57 19 emot
428 897 40 21 den
483 897 75 27 grund,
574 903 45 15 som
634 897 7 20 i
657 897 68 21 denna
740 897 101 27 paragraf
854 902 53 22 upp-

86 926 74 21 ställes
183 925 33 21 för
231 926 79 20 antalet
330 924 21 22 af
365 926 55 26 dem,
435 932 45 14 som
496 926 60 21 skola
571 926 129 20 bestämmas
715 925 33 21 till
763 926 58 21 aktiv
835 926 71 26 tjenst,

86 955 106 25 nämligen
212 954 26 20 de
255 954 7 20 i
282 960 62 15 mom.
364 960 17 19 e,
400 954 9 20 f
428 954 38 21 och
482 960 13 20 g
510 954 131 21 betecknade
656 960 107 21 personer.
793 954 45 26 Mig
852 954 55 21 före-

87 983 61 21 faller
171 982 41 26 det,
232 984 32 20 att
286 983 145 26 värnepligten
457 982 31 22 till
511 984 32 20 sin
559 982 34 22 idé
608 982 65 22 borde
689 982 64 22 hafva
767 982 98 22 afseende
879 982 28 27 pä

86 1011 160 27 personantalet
269 1012 39 20 och
331 1011 82 21 säledes
435 1017 26 15 en
484 1011 41 21 viss
547 1012 123 26 proportion
686 1011 89 21 emellan
791 1011 116 26 folkmäng-

88 1040 40 20 den
144 1040 6 20 i
166 1039 36 22 det
216 1039 58 21 länet
289 1039 39 21 och
343 1039 82 21 antalet
439 1045 102 21 personer
556 1039 6 21 i
579 1040 25 20 de
620 1039 66 27 öfriga
701 1045 52 16 vara
768 1040 40 20 den
816 1039 90 21 bestäm-

86 1068 76 21 mande
177 1068 103 27 grunden.

156 1130 110 22 Professor
312 1137 130 15 Forsman:
472 1131 47 27 Nog
535 1130 60 21 torde
611 1132 86 24 prosten
713 1129 59 27 Hjelt
786 1129 46 22 fara
847 1130 59 25 vilse,

88 1159 28 22 dä
137 1159 41 22 han
197 1162 51 23 tror,
268 1161 33 19 att
316 1159 66 25 desse,
397 1165 45 16 som
457 1159 63 22 hafva
534 1158 127 22 förfallolöst
676 1159 106 21 uteblifvit
797 1159 46 21 frän
858 1159 49 20 lott-

88 1188 84 27 ningen,
186 1188 121 27 derigenom
324 1187 69 22 skulle
407 1187 63 22 hafva
484 1187 41 22 fätt
540 1190 31 19 ett
586 1186 92 28 uppskof
692 1187 33 21 till
741 1187 36 21 det
787 1187 120 27 päföljande

88 1217 54 21 äret.
171 1216 28 23 Sä
214 1217 24 20 är
254 1217 35 21 det
304 1215 87 23 alldeles
406 1217 53 21 icke.
490 1217 33 21 Dä
537 1216 69 22 skulle
621 1222 48 15 man
686 1216 18 27 ej
721 1222 36 15 ens
772 1216 89 21 behöfva
871 1216 36 21 be-

88 1247 97 23 stämma,
200 1247 33 19 att
248 1245 26 21 de
290 1247 50 19 utan
356 1245 91 25 lottning
461 1245 61 21 skola
536 1251 51 15 vara
595 1245 157 21 underkastade
762 1244 145 27 tjenstgöring,

87 1276 52 19 utan
160 1274 27 21 dä
209 1274 70 21 kunde
302 1273 25 21 de
348 1273 95 26 undergä
458 1280 26 20 ny
500 1274 91 25 lottning
606 1273 34 21 vid
656 1272 40 22 den
711 1272 92 27 följande
820 1272 87 22 lottnin-

85 1308 49 20 gen.
164 1302 111 26 Meningen
298 1304 30 24 är,
352 1303 33 20 att
407 1308 33 14 om
463 1302 46 26 den,
531 1308 45 14 som
596 1301 129 21 förfallolöst
739 1300 107 22 uteblifvit
860 1301 47 21 frän

87 1330 125 26 lottningen,
226 1330 47 22 icke
288 1330 101 21 behöfver
403 1331 73 25 lottas,
497 1331 41 21 han
554 1332 24 19 är
592 1330 7 20 i
615 1330 89 21 främsta
719 1332 91 18 rummet
824 1329 83 27 skyldig

87 1361 34 19 att
143 1359 85 21 inträda
246 1359 40 22 den
302 1359 11 19 1
330 1359 121 21 November
465 1358 40 22 och
520 1359 36 21 det
570 1364 80 16 samma
665 1359 25 21 år
704 1358 40 22 och
756 1358 46 21 icke
818 1358 35 21 det
868 1356 39 22 föl-

85 1387 65 27 jande
171 1388 56 26 året;
250 1390 22 25 ty
293 1387 97 21 hvarföre
407 1387 69 21 skulle
493 1388 42 21 han
552 1387 22 22 få
589 1393 25 15 en
630 1386 176 27 tidsförkortning
818 1386 32 22 för
865 1386 42 26 det,

87 1418 33 19 att
135 1416 41 21 han
192 1416 128 22 förfallolöst
336 1415 106 22 uteblifvit
457 1416 45 22 från
518 1422 26 15 en
558 1416 98 26 lottning.
686 1416 42 21 Det
742 1415 67 21 finnes
824 1414 82 22 således

87 1443 20 27 ej
128 1444 70 27 något,
218 1449 45 16 som
282 1443 69 22 skulle
369 1443 50 27 tyda
438 1443 33 27 på,
490 1445 32 20 att
539 1443 42 22 han
597 1443 67 22 borde
678 1443 22 21 få
714 1443 93 26 uppskof
819 1443 33 20 till
867 1443 40 20 föl-

85 1471 64 28 jande
173 1472 29 21 år.
224 1483 28 4 —
267 1472 62 21 Hvad
350 1474 87 24 prosten
459 1472 133 26 Rosengrens
612 1471 133 22 framställda
760 1470 147 27 betänklighet

87 1501 73 26 angår,
183 1500 70 22 kunde
275 1507 49 15 man
338 1500 122 27 visserligen
476 1500 65 22 tänka
556 1500 32 27 sig
603 1499 61 22 äfven
679 1499 40 22 den
734 1499 75 27 grund,
824 1501 32 20 att
871 1499 36 22 det

87 1531 67 26 antal,
172 1536 46 16 som
241 1529 54 22 skall
316 1530 32 21 till
363 1529 59 22 aktiv
437 1529 64 28 tjenst
516 1531 91 24 uttagas,
623 1531 66 20 sattes
704 1529 7 21 i
726 1528 132 22 förhållande
874 1529 33 21 till
