<?xml version="1.0" encoding="UTF-8"?>
<alto xmlns="http://www.loc.gov/standards/alto/ns-v3#" xmlns:xlink="http://www.w3.org/1999/xlink" xmlns:xsi="http://www.w3.org/2001/XMLSchema-instance" xsi:schemaLocation="http://www.loc.gov/standards/alto/ns-v3# http://www.loc.gov/alto/v3/alto-3-0.xsd">
	<Description>
		<MeasurementUnit>pixel</MeasurementUnit>
		<sourceImageInformation>
			<fileName>/tmp/tess_ly4x3hrx_input.PNG</fileName>
		</sourceImageInformation>
		<OCRProcessing ID="OCR_0">
			<ocrProcessingStep>
				<processingSoftware>
					<softwareName>tesseract 5.3.4</softwareName>
				</processingSoftware>
			</ocrProcessingStep>
		</OCRProcessing>
	</Description>
	<Layout>
		<Page WIDTH="1078" HEIGHT="1803" PHYSICAL_IMG_NR="0" ID="page_0">
			<PrintSpace HPOS="0" VPOS="0" WIDTH="1078" HEIGHT="1803">
				<ComposedBlock ID="cblock_0" HPOS="285" VPOS="153" WIDTH="584" HEIGHT="22">
					<TextBlock ID="block_0" HPOS="285" VPOS="153" WIDTH="584" HEIGHT="22">
						<TextLine ID="line_0" HPOS="285" VPOS="153" WIDTH="584" HEIGHT="22">
							<String ID="string_0" HPOS="285" VPOS="157" WIDTH="160" HEIGHT="17" WC="0.91" CONTENT="Presteståndet"/><SP WIDTH="12" VPOS="157" HPOS="445"/>
							<String ID="string_1" HPOS="457" VPOS="158" WIDTH="53" HEIGHT="17" WC="0.96" CONTENT="1877."/><SP WIDTH="24" VPOS="158" HPOS="510"/>
							<String ID="string_2" HPOS="534" VPOS="159" WIDTH="23" HEIGHT="16" WC="0.96" CONTENT="21"/><SP WIDTH="13" VPOS="159" HPOS="557"/>
							<String ID="string_3" HPOS="570" VPOS="159" WIDTH="111" HEIGHT="16" WC="0.95" CONTENT="december."/><SP WIDTH="135" VPOS="159" HPOS="681"/>
							<String ID="string_4" HPOS="816" VPOS="153" WIDTH="53" HEIGHT="21" WC="0.96" CONTENT="3061"/>
						</TextLine>
					</TextBlock>
				</ComposedBlock>
				<GraphicalElement ID="cblock_1" HPOS="80" VPOS="185" WIDTH="820" HEIGHT="6"></GraphicalElement >
				<ComposedBlock ID="cblock_2" HPOS="79" VPOS="225" WIDTH="821" HEIGHT="541">
					<TextBlock ID="block_1" HPOS="79" VPOS="225" WIDTH="821" HEIGHT="541">
						<TextLine ID="line_1" HPOS="80" VPOS="225" WIDTH="819" HEIGHT="26">
							<String ID="string_5" HPOS="80" VPOS="231" WIDTH="38" HEIGHT="14" WC="0.96" CONTENT="nes"/><SP WIDTH="15" VPOS="231" HPOS="118"/>
							<String ID="string_6" HPOS="133" VPOS="226" WIDTH="172" HEIGHT="20" WC="0.95" CONTENT="sammanträden"/><SP WIDTH="18" VPOS="226" HPOS="305"/>
							<String ID="string_7" HPOS="323" VPOS="225" WIDTH="66" HEIGHT="22" WC="0.95" CONTENT="blifva"/><SP WIDTH="14" VPOS="225" HPOS="389"/>
							<String ID="string_8" HPOS="403" VPOS="225" WIDTH="58" HEIGHT="21" WC="0.95" CONTENT="flera."/><SP WIDTH="23" VPOS="225" HPOS="461"/>
							<String ID="string_9" HPOS="484" VPOS="226" WIDTH="33" HEIGHT="21" WC="0.96" CONTENT="Då"/><SP WIDTH="15" VPOS="226" HPOS="517"/>
							<String ID="string_10" HPOS="532" VPOS="228" WIDTH="31" HEIGHT="19" WC="0.93" CONTENT="ett"/><SP WIDTH="15" VPOS="228" HPOS="563"/>
							<String ID="string_11" HPOS="578" VPOS="226" WIDTH="156" HEIGHT="21" WC="0.91" CONTENT="ständerbeslut"/><SP WIDTH="15" VPOS="226" HPOS="734"/>
							<String ID="string_12" HPOS="749" VPOS="227" WIDTH="81" HEIGHT="24" WC="0.93" CONTENT="härom,"/><SP WIDTH="16" VPOS="227" HPOS="830"/>
							<String ID="string_13" HPOS="846" VPOS="227" WIDTH="53" HEIGHT="21" WC="0.91" CONTENT="hvil-"/>
						</TextLine>
						<TextLine ID="line_2" HPOS="81" VPOS="253" WIDTH="818" HEIGHT="28">
							<String ID="string_14" HPOS="81" VPOS="253" WIDTH="37" HEIGHT="21" WC="0.96" CONTENT="ket"/><SP WIDTH="22" VPOS="253" HPOS="118"/>
							<String ID="string_15" HPOS="140" VPOS="255" WIDTH="24" HEIGHT="19" WC="0.93" CONTENT="är"/><SP WIDTH="15" VPOS="255" HPOS="164"/>
							<String ID="string_16" HPOS="179" VPOS="253" WIDTH="166" HEIGHT="28" WC="0.92" CONTENT="sanktioneradt,"/><SP WIDTH="15" VPOS="253" HPOS="345"/>
							<String ID="string_17" HPOS="360" VPOS="254" WIDTH="120" HEIGHT="27" WC="0.96" CONTENT="föreligger,"/><SP WIDTH="16" VPOS="254" HPOS="480"/>
							<String ID="string_18" HPOS="496" VPOS="257" WIDTH="24" HEIGHT="18" WC="0.96" CONTENT="är"/><SP WIDTH="16" VPOS="257" HPOS="520"/>
							<String ID="string_19" HPOS="536" VPOS="255" WIDTH="34" HEIGHT="20" WC="0.93" CONTENT="det"/><SP WIDTH="16" VPOS="255" HPOS="570"/>
							<String ID="string_20" HPOS="586" VPOS="254" WIDTH="110" HEIGHT="27" WC="0.91" CONTENT="sjelffallet,"/><SP WIDTH="16" VPOS="254" HPOS="696"/>
							<String ID="string_21" HPOS="712" VPOS="257" WIDTH="32" HEIGHT="18" WC="0.96" CONTENT="att"/><SP WIDTH="16" VPOS="257" HPOS="744"/>
							<String ID="string_22" HPOS="760" VPOS="256" WIDTH="40" HEIGHT="20" WC="0.93" CONTENT="den"/><SP WIDTH="16" VPOS="256" HPOS="800"/>
							<String ID="string_23" HPOS="816" VPOS="255" WIDTH="83" HEIGHT="21" WC="0.91" CONTENT="författ-"/>
						</TextLine>
						<TextLine ID="line_3" HPOS="80" VPOS="282" WIDTH="819" HEIGHT="28">
							<String ID="string_24" HPOS="80" VPOS="282" WIDTH="51" HEIGHT="26" WC="0.95" CONTENT="ning"/><SP WIDTH="22" VPOS="282" HPOS="131"/>
							<String ID="string_25" HPOS="153" VPOS="288" WIDTH="34" HEIGHT="15" WC="0.93" CONTENT="om"/><SP WIDTH="22" VPOS="288" HPOS="187"/>
							<String ID="string_26" HPOS="209" VPOS="282" WIDTH="162" HEIGHT="27" WC="0.91" CONTENT="tingsgästning,"/><SP WIDTH="21" VPOS="282" HPOS="371"/>
							<String ID="string_27" HPOS="392" VPOS="289" WIDTH="45" HEIGHT="14" WC="0.96" CONTENT="som"/><SP WIDTH="16" VPOS="289" HPOS="437"/>
							<String ID="string_28" HPOS="453" VPOS="289" WIDTH="28" HEIGHT="14" WC="0.95" CONTENT="nu"/><SP WIDTH="15" VPOS="289" HPOS="481"/>
							<String ID="string_29" HPOS="496" VPOS="283" WIDTH="54" HEIGHT="21" WC="0.95" CONTENT="hade"/><SP WIDTH="12" VPOS="283" HPOS="550"/>
							<String ID="string_30" HPOS="562" VPOS="283" WIDTH="81" HEIGHT="21" WC="0.92" CONTENT="kunnat"/><SP WIDTH="15" VPOS="283" HPOS="643"/>
							<String ID="string_31" HPOS="658" VPOS="286" WIDTH="95" HEIGHT="24" WC="0.92" CONTENT="antagas,"/><SP WIDTH="16" VPOS="286" HPOS="753"/>
							<String ID="string_32" HPOS="769" VPOS="283" WIDTH="46" HEIGHT="21" WC="0.96" CONTENT="icke"/><SP WIDTH="15" VPOS="283" HPOS="815"/>
							<String ID="string_33" HPOS="830" VPOS="283" WIDTH="69" HEIGHT="22" WC="0.96" CONTENT="skulle"/>
						</TextLine>
						<TextLine ID="line_4" HPOS="79" VPOS="310" WIDTH="820" HEIGHT="27">
							<String ID="string_34" HPOS="79" VPOS="310" WIDTH="65" HEIGHT="21" WC="0.94" CONTENT="hafva"/><SP WIDTH="22" VPOS="310" HPOS="144"/>
							<String ID="string_35" HPOS="166" VPOS="310" WIDTH="81" HEIGHT="21" WC="0.95" CONTENT="kunnat"/><SP WIDTH="20" VPOS="310" HPOS="247"/>
							<String ID="string_36" HPOS="267" VPOS="311" WIDTH="108" HEIGHT="26" WC="0.96" CONTENT="tillämpas"/><SP WIDTH="15" VPOS="311" HPOS="375"/>
							<String ID="string_37" HPOS="390" VPOS="311" WIDTH="64" HEIGHT="21" WC="0.95" CONTENT="innan"/><SP WIDTH="16" VPOS="311" HPOS="454"/>
							<String ID="string_38" HPOS="470" VPOS="317" WIDTH="24" HEIGHT="15" WC="0.95" CONTENT="en"/><SP WIDTH="16" VPOS="317" HPOS="494"/>
							<String ID="string_39" HPOS="510" VPOS="311" WIDTH="79" HEIGHT="22" WC="0.96" CONTENT="reform"/><SP WIDTH="15" VPOS="311" HPOS="589"/>
							<String ID="string_40" HPOS="604" VPOS="311" WIDTH="24" HEIGHT="21" WC="0.93" CONTENT="af"/><SP WIDTH="13" VPOS="311" HPOS="628"/>
							<String ID="string_41" HPOS="641" VPOS="311" WIDTH="174" HEIGHT="22" WC="0.92" CONTENT="häradsrätterne"/><SP WIDTH="15" VPOS="311" HPOS="815"/>
							<String ID="string_42" HPOS="830" VPOS="312" WIDTH="69" HEIGHT="21" WC="0.96" CONTENT="skulle"/>
						</TextLine>
						<TextLine ID="line_5" HPOS="79" VPOS="338" WIDTH="820" HEIGHT="28">
							<String ID="string_43" HPOS="79" VPOS="338" WIDTH="64" HEIGHT="22" WC="0.93" CONTENT="hafva"/><SP WIDTH="22" VPOS="338" HPOS="143"/>
							<String ID="string_44" HPOS="165" VPOS="339" WIDTH="118" HEIGHT="27" WC="0.89" CONTENT="försiggått."/><SP WIDTH="31" VPOS="339" HPOS="283"/>
							<String ID="string_45" HPOS="314" VPOS="339" WIDTH="10" HEIGHT="21" WC="0.95" CONTENT="I"/><SP WIDTH="24" VPOS="339" HPOS="324"/>
							<String ID="string_46" HPOS="348" VPOS="339" WIDTH="48" HEIGHT="21" WC="0.96" CONTENT="mitt"/><SP WIDTH="22" VPOS="339" HPOS="396"/>
							<String ID="string_47" HPOS="418" VPOS="340" WIDTH="62" HEIGHT="24" WC="0.96" CONTENT="tycke"/><SP WIDTH="22" VPOS="340" HPOS="480"/>
							<String ID="string_48" HPOS="502" VPOS="340" WIDTH="67" HEIGHT="21" WC="0.96" CONTENT="skulle"/><SP WIDTH="23" VPOS="340" HPOS="569"/>
							<String ID="string_49" HPOS="592" VPOS="340" WIDTH="35" HEIGHT="21" WC="0.96" CONTENT="det"/><SP WIDTH="18" VPOS="340" HPOS="627"/>
							<String ID="string_50" HPOS="645" VPOS="340" WIDTH="63" HEIGHT="21" WC="0.96" CONTENT="likväl"/><SP WIDTH="16" VPOS="340" HPOS="708"/>
							<String ID="string_51" HPOS="724" VPOS="340" WIDTH="65" HEIGHT="21" WC="0.96" CONTENT="hafva"/><SP WIDTH="14" VPOS="340" HPOS="789"/>
							<String ID="string_52" HPOS="803" VPOS="341" WIDTH="55" HEIGHT="20" WC="0.96" CONTENT="varit"/><SP WIDTH="15" VPOS="341" HPOS="858"/>
							<String ID="string_53" HPOS="873" VPOS="347" WIDTH="26" HEIGHT="14" WC="0.96" CONTENT="en"/>
						</TextLine>
						<TextLine ID="line_6" HPOS="79" VPOS="366" WIDTH="819" HEIGHT="30">
							<String ID="string_54" HPOS="79" VPOS="366" WIDTH="56" HEIGHT="22" WC="0.96" CONTENT="vinst"/><SP WIDTH="16" VPOS="366" HPOS="135"/>
							<String ID="string_55" HPOS="151" VPOS="374" WIDTH="33" HEIGHT="14" WC="0.96" CONTENT="om"/><SP WIDTH="16" VPOS="374" HPOS="184"/>
							<String ID="string_56" HPOS="200" VPOS="374" WIDTH="48" HEIGHT="15" WC="0.96" CONTENT="man"/><SP WIDTH="16" VPOS="374" HPOS="248"/>
							<String ID="string_57" HPOS="264" VPOS="368" WIDTH="67" HEIGHT="21" WC="0.96" CONTENT="skulle"/><SP WIDTH="16" VPOS="368" HPOS="331"/>
							<String ID="string_58" HPOS="347" VPOS="368" WIDTH="64" HEIGHT="20" WC="0.96" CONTENT="hafva"/><SP WIDTH="15" VPOS="368" HPOS="411"/>
							<String ID="string_59" HPOS="426" VPOS="368" WIDTH="40" HEIGHT="21" WC="0.96" CONTENT="fått"/><SP WIDTH="16" VPOS="368" HPOS="466"/>
							<String ID="string_60" HPOS="482" VPOS="368" WIDTH="68" HEIGHT="21" WC="0.96" CONTENT="denna"/><SP WIDTH="15" VPOS="368" HPOS="550"/>
							<String ID="string_61" HPOS="565" VPOS="368" WIDTH="59" HEIGHT="27" WC="0.96" CONTENT="fråga"/><SP WIDTH="13" VPOS="368" HPOS="624"/>
							<String ID="string_62" HPOS="637" VPOS="374" WIDTH="34" HEIGHT="15" WC="0.93" CONTENT="om"/><SP WIDTH="10" VPOS="374" HPOS="671"/>
							<String ID="string_63" HPOS="681" VPOS="369" WIDTH="162" HEIGHT="27" WC="0.91" CONTENT="tingsgästning,"/><SP WIDTH="10" VPOS="369" HPOS="843"/>
							<String ID="string_64" HPOS="853" VPOS="375" WIDTH="45" HEIGHT="15" WC="0.96" CONTENT="som"/>
						</TextLine>
						<TextLine ID="line_7" HPOS="80" VPOS="396" WIDTH="819" HEIGHT="28">
							<String ID="string_65" HPOS="80" VPOS="396" WIDTH="65" HEIGHT="20" WC="0.96" CONTENT="redan"/><SP WIDTH="22" VPOS="396" HPOS="145"/>
							<String ID="string_66" HPOS="167" VPOS="396" WIDTH="39" HEIGHT="21" WC="0.88" CONTENT="har"/><SP WIDTH="20" VPOS="396" HPOS="206"/>
							<String ID="string_67" HPOS="226" VPOS="396" WIDTH="101" HEIGHT="22" WC="0.88" CONTENT="förevarit"/><SP WIDTH="20" VPOS="396" HPOS="327"/>
							<String ID="string_68" HPOS="347" VPOS="397" WIDTH="35" HEIGHT="21" WC="0.96" CONTENT="vid"/><SP WIDTH="15" VPOS="397" HPOS="382"/>
							<String ID="string_69" HPOS="397" VPOS="396" WIDTH="50" HEIGHT="21" WC="0.93" CONTENT="flere"/><SP WIDTH="16" VPOS="396" HPOS="447"/>
							<String ID="string_70" HPOS="463" VPOS="397" WIDTH="132" HEIGHT="27" WC="0.91" CONTENT="landtdagar,"/><SP WIDTH="16" VPOS="397" HPOS="595"/>
							<String ID="string_71" HPOS="611" VPOS="403" WIDTH="48" HEIGHT="15" WC="0.96" CONTENT="men"/><SP WIDTH="15" VPOS="403" HPOS="659"/>
							<String ID="string_72" HPOS="674" VPOS="399" WIDTH="53" HEIGHT="19" WC="0.96" CONTENT="stött"/><SP WIDTH="15" VPOS="399" HPOS="727"/>
							<String ID="string_73" HPOS="742" VPOS="398" WIDTH="27" HEIGHT="26" WC="0.97" CONTENT="på"/><SP WIDTH="15" VPOS="398" HPOS="769"/>
							<String ID="string_74" HPOS="784" VPOS="398" WIDTH="24" HEIGHT="20" WC="0.96" CONTENT="så"/><SP WIDTH="15" VPOS="398" HPOS="808"/>
							<String ID="string_75" HPOS="823" VPOS="397" WIDTH="76" HEIGHT="27" WC="0.96" CONTENT="många"/>
						</TextLine>
						<TextLine ID="line_8" HPOS="80" VPOS="424" WIDTH="819" HEIGHT="28">
							<String ID="string_76" HPOS="80" VPOS="424" WIDTH="136" HEIGHT="27" WC="0.95" CONTENT="svårigheter,"/><SP WIDTH="23" VPOS="424" HPOS="216"/>
							<String ID="string_77" HPOS="239" VPOS="425" WIDTH="98" HEIGHT="27" WC="0.93" CONTENT="slutligen"/><SP WIDTH="22" VPOS="425" HPOS="337"/>
							<String ID="string_78" HPOS="359" VPOS="425" WIDTH="91" HEIGHT="27" WC="0.90" CONTENT="afgjord,"/><SP WIDTH="22" VPOS="425" HPOS="450"/>
							<String ID="string_79" HPOS="472" VPOS="425" WIDTH="38" HEIGHT="21" WC="0.96" CONTENT="och"/><SP WIDTH="19" VPOS="425" HPOS="510"/>
							<String ID="string_80" HPOS="529" VPOS="426" WIDTH="27" HEIGHT="20" WC="0.97" CONTENT="då"/><SP WIDTH="15" VPOS="426" HPOS="556"/>
							<String ID="string_81" HPOS="571" VPOS="426" WIDTH="35" HEIGHT="20" WC="0.96" CONTENT="det"/><SP WIDTH="16" VPOS="426" HPOS="606"/>
							<String ID="string_82" HPOS="622" VPOS="425" WIDTH="83" HEIGHT="21" WC="0.96" CONTENT="föreföll"/><SP WIDTH="15" VPOS="425" HPOS="705"/>
							<String ID="string_83" HPOS="720" VPOS="426" WIDTH="43" HEIGHT="26" WC="0.96" CONTENT="mig"/><SP WIDTH="15" VPOS="426" HPOS="763"/>
							<String ID="string_84" HPOS="778" VPOS="426" WIDTH="69" HEIGHT="21" WC="0.96" CONTENT="såsom"/><SP WIDTH="17" VPOS="426" HPOS="847"/>
							<String ID="string_85" HPOS="864" VPOS="432" WIDTH="35" HEIGHT="15" WC="0.96" CONTENT="om"/>
						</TextLine>
						<TextLine ID="line_9" HPOS="80" VPOS="453" WIDTH="818" HEIGHT="28">
							<String ID="string_86" HPOS="80" VPOS="453" WIDTH="59" HEIGHT="21" WC="0.96" CONTENT="detta"/><SP WIDTH="15" VPOS="453" HPOS="139"/>
							<String ID="string_87" HPOS="154" VPOS="454" WIDTH="115" HEIGHT="20" WC="0.95" CONTENT="utskottets"/><SP WIDTH="16" VPOS="454" HPOS="269"/>
							<String ID="string_88" HPOS="285" VPOS="454" WIDTH="66" HEIGHT="20" WC="0.96" CONTENT="motiv"/><SP WIDTH="15" VPOS="454" HPOS="351"/>
							<String ID="string_89" HPOS="366" VPOS="454" WIDTH="68" HEIGHT="20" WC="0.96" CONTENT="skulle"/><SP WIDTH="15" VPOS="454" HPOS="434"/>
							<String ID="string_90" HPOS="449" VPOS="454" WIDTH="63" HEIGHT="20" WC="0.96" CONTENT="hafva"/><SP WIDTH="15" VPOS="454" HPOS="512"/>
							<String ID="string_91" HPOS="527" VPOS="454" WIDTH="55" HEIGHT="21" WC="0.96" CONTENT="varit"/><SP WIDTH="14" VPOS="454" HPOS="582"/>
							<String ID="string_92" HPOS="596" VPOS="454" WIDTH="130" HEIGHT="26" WC="0.93" CONTENT="väsentligen"/><SP WIDTH="11" VPOS="454" HPOS="726"/>
							<String ID="string_93" HPOS="737" VPOS="454" WIDTH="161" HEIGHT="27" WC="0.91" CONTENT="öfvervägande,"/>
						</TextLine>
						<TextLine ID="line_10" HPOS="79" VPOS="481" WIDTH="820" HEIGHT="28">
							<String ID="string_94" HPOS="79" VPOS="481" WIDTH="66" HEIGHT="27" WC="0.95" CONTENT="ansåg"/><SP WIDTH="18" VPOS="481" HPOS="145"/>
							<String ID="string_95" HPOS="163" VPOS="482" WIDTH="37" HEIGHT="26" WC="0.95" CONTENT="jag"/><SP WIDTH="21" VPOS="482" HPOS="200"/>
							<String ID="string_96" HPOS="221" VPOS="481" WIDTH="74" HEIGHT="27" WC="0.96" CONTENT="frågan"/><SP WIDTH="23" VPOS="481" HPOS="295"/>
							<String ID="string_97" HPOS="318" VPOS="482" WIDTH="129" HEIGHT="21" WC="0.94" CONTENT="åtminstone"/><SP WIDTH="21" VPOS="482" HPOS="447"/>
							<String ID="string_98" HPOS="468" VPOS="482" WIDTH="52" HEIGHT="21" WC="0.96" CONTENT="värd"/><SP WIDTH="18" VPOS="482" HPOS="520"/>
							<String ID="string_99" HPOS="538" VPOS="484" WIDTH="32" HEIGHT="20" WC="0.92" CONTENT="att"/><SP WIDTH="15" VPOS="484" HPOS="570"/>
							<String ID="string_100" HPOS="585" VPOS="482" WIDTH="109" HEIGHT="21" WC="0.92" CONTENT="betänkas."/><SP WIDTH="29" VPOS="482" HPOS="694"/>
							<String ID="string_101" HPOS="723" VPOS="482" WIDTH="42" HEIGHT="27" WC="0.96" CONTENT="Jag"/><SP WIDTH="14" VPOS="482" HPOS="765"/>
							<String ID="string_102" HPOS="779" VPOS="482" WIDTH="39" HEIGHT="21" WC="0.95" CONTENT="har"/><SP WIDTH="15" VPOS="482" HPOS="818"/>
							<String ID="string_103" HPOS="833" VPOS="483" WIDTH="66" HEIGHT="21" WC="0.95" CONTENT="likväl"/>
						</TextLine>
						<TextLine ID="line_11" HPOS="79" VPOS="510" WIDTH="820" HEIGHT="26">
							<String ID="string_104" HPOS="79" VPOS="510" WIDTH="121" HEIGHT="21" WC="0.96" CONTENT="sedermera"/><SP WIDTH="22" VPOS="510" HPOS="200"/>
							<String ID="string_105" HPOS="222" VPOS="510" WIDTH="76" HEIGHT="24" WC="0.96" CONTENT="funnit,"/><SP WIDTH="24" VPOS="510" HPOS="298"/>
							<String ID="string_106" HPOS="322" VPOS="513" WIDTH="32" HEIGHT="19" WC="0.96" CONTENT="att"/><SP WIDTH="22" VPOS="513" HPOS="354"/>
							<String ID="string_107" HPOS="376" VPOS="511" WIDTH="106" HEIGHT="21" WC="0.96" CONTENT="utskottet"/><SP WIDTH="21" VPOS="511" HPOS="482"/>
							<String ID="string_108" HPOS="503" VPOS="510" WIDTH="61" HEIGHT="22" WC="0.96" CONTENT="äfven"/><SP WIDTH="23" VPOS="510" HPOS="564"/>
							<String ID="string_109" HPOS="587" VPOS="510" WIDTH="38" HEIGHT="22" WC="0.96" CONTENT="har"/><SP WIDTH="21" VPOS="510" HPOS="625"/>
							<String ID="string_110" HPOS="646" VPOS="513" WIDTH="30" HEIGHT="19" WC="0.96" CONTENT="ett"/><SP WIDTH="20" VPOS="513" HPOS="676"/>
							<String ID="string_111" HPOS="696" VPOS="514" WIDTH="65" HEIGHT="18" WC="0.96" CONTENT="annat"/><SP WIDTH="15" VPOS="514" HPOS="761"/>
							<String ID="string_112" HPOS="776" VPOS="511" WIDTH="71" HEIGHT="25" WC="0.96" CONTENT="motiv,"/><SP WIDTH="16" VPOS="511" HPOS="847"/>
							<String ID="string_113" HPOS="863" VPOS="511" WIDTH="36" HEIGHT="21" WC="0.96" CONTENT="det"/>
						</TextLine>
						<TextLine ID="line_12" HPOS="79" VPOS="539" WIDTH="820" HEIGHT="28">
							<String ID="string_114" HPOS="79" VPOS="539" WIDTH="113" HEIGHT="26" WC="0.92" CONTENT="nemligen,"/><SP WIDTH="23" VPOS="539" HPOS="192"/>
							<String ID="string_115" HPOS="215" VPOS="541" WIDTH="32" HEIGHT="19" WC="0.93" CONTENT="att"/><SP WIDTH="21" VPOS="541" HPOS="247"/>
							<String ID="string_116" HPOS="268" VPOS="539" WIDTH="157" HEIGHT="27" WC="0.91" CONTENT="Ridderskapet"/><SP WIDTH="21" VPOS="539" HPOS="425"/>
							<String ID="string_117" HPOS="446" VPOS="539" WIDTH="40" HEIGHT="21" WC="0.93" CONTENT="och"/><SP WIDTH="17" VPOS="539" HPOS="486"/>
							<String ID="string_118" HPOS="503" VPOS="540" WIDTH="75" HEIGHT="26" WC="0.91" CONTENT="Adeln,"/><SP WIDTH="16" VPOS="540" HPOS="578"/>
							<String ID="string_119" HPOS="594" VPOS="540" WIDTH="80" HEIGHT="20" WC="0.93" CONTENT="hvilket"/><SP WIDTH="16" VPOS="540" HPOS="674"/>
							<String ID="string_120" HPOS="690" VPOS="540" WIDTH="73" HEIGHT="20" WC="0.91" CONTENT="stånds"/><SP WIDTH="14" VPOS="540" HPOS="763"/>
							<String ID="string_121" HPOS="777" VPOS="540" WIDTH="122" HEIGHT="27" WC="0.96" CONTENT="privilegier"/>
						</TextLine>
						<TextLine ID="line_13" HPOS="79" VPOS="567" WIDTH="821" HEIGHT="28">
							<String ID="string_122" HPOS="79" VPOS="567" WIDTH="88" HEIGHT="21" WC="0.95" CONTENT="beröras"/><SP WIDTH="14" VPOS="567" HPOS="167"/>
							<String ID="string_123" HPOS="181" VPOS="568" WIDTH="8" HEIGHT="20" WC="0.96" CONTENT="i"/><SP WIDTH="15" VPOS="568" HPOS="189"/>
							<String ID="string_124" HPOS="204" VPOS="567" WIDTH="80" HEIGHT="27" WC="0.96" CONTENT="frågan,"/><SP WIDTH="17" VPOS="567" HPOS="284"/>
							<String ID="string_125" HPOS="301" VPOS="568" WIDTH="18" HEIGHT="26" WC="0.96" CONTENT="ej"/><SP WIDTH="18" VPOS="568" HPOS="319"/>
							<String ID="string_126" HPOS="337" VPOS="568" WIDTH="38" HEIGHT="21" WC="0.96" CONTENT="har"/><SP WIDTH="14" VPOS="568" HPOS="375"/>
							<String ID="string_127" HPOS="389" VPOS="568" WIDTH="95" HEIGHT="26" WC="0.96" CONTENT="godkänt"/><SP WIDTH="20" VPOS="568" HPOS="484"/>
							<String ID="string_128" HPOS="504" VPOS="569" WIDTH="116" HEIGHT="21" WC="0.93" CONTENT="utskottets"/><SP WIDTH="23" VPOS="569" HPOS="620"/>
							<String ID="string_129" HPOS="643" VPOS="568" WIDTH="257" HEIGHT="27" WC="0.91" CONTENT="sammanjemkningsför-"/>
						</TextLine>
						<TextLine ID="line_14" HPOS="80" VPOS="595" WIDTH="819" HEIGHT="29">
							<String ID="string_130" HPOS="80" VPOS="595" WIDTH="51" HEIGHT="27" WC="0.94" CONTENT="slag."/><SP WIDTH="31" VPOS="595" HPOS="131"/>
							<String ID="string_131" HPOS="162" VPOS="596" WIDTH="41" HEIGHT="21" WC="0.96" CONTENT="Vid"/><SP WIDTH="16" VPOS="596" HPOS="203"/>
							<String ID="string_132" HPOS="219" VPOS="597" WIDTH="76" HEIGHT="21" WC="0.96" CONTENT="sådant"/><SP WIDTH="16" VPOS="597" HPOS="295"/>
							<String ID="string_133" HPOS="311" VPOS="597" WIDTH="132" HEIGHT="21" WC="0.95" CONTENT="förhållande"/><SP WIDTH="11" VPOS="597" HPOS="443"/>
							<String ID="string_134" HPOS="454" VPOS="598" WIDTH="23" HEIGHT="20" WC="0.96" CONTENT="är"/><SP WIDTH="12" VPOS="598" HPOS="477"/>
							<String ID="string_135" HPOS="489" VPOS="596" WIDTH="72" HEIGHT="27" WC="0.95" CONTENT="frågan"/><SP WIDTH="8" VPOS="596" HPOS="561"/>
							<String ID="string_136" HPOS="569" VPOS="596" WIDTH="135" HEIGHT="28" WC="0.96" CONTENT="naturligtvis"/><SP WIDTH="10" VPOS="596" HPOS="704"/>
							<String ID="string_137" HPOS="714" VPOS="599" WIDTH="33" HEIGHT="19" WC="0.96" CONTENT="att"/><SP WIDTH="11" VPOS="599" HPOS="747"/>
							<String ID="string_138" HPOS="758" VPOS="603" WIDTH="60" HEIGHT="15" WC="0.96" CONTENT="anses"/><SP WIDTH="11" VPOS="603" HPOS="818"/>
							<String ID="string_139" HPOS="829" VPOS="597" WIDTH="70" HEIGHT="21" WC="0.96" CONTENT="såsom"/>
						</TextLine>
						<TextLine ID="line_15" HPOS="80" VPOS="624" WIDTH="819" HEIGHT="29">
							<String ID="string_140" HPOS="80" VPOS="624" WIDTH="105" HEIGHT="26" WC="0.92" CONTENT="förfallen,"/><SP WIDTH="17" VPOS="624" HPOS="185"/>
							<String ID="string_141" HPOS="202" VPOS="625" WIDTH="69" HEIGHT="21" WC="0.92" CONTENT="derest"/><SP WIDTH="16" VPOS="625" HPOS="271"/>
							<String ID="string_142" HPOS="287" VPOS="626" WIDTH="18" HEIGHT="26" WC="0.96" CONTENT="ej"/><SP WIDTH="16" VPOS="626" HPOS="305"/>
							<String ID="string_143" HPOS="321" VPOS="626" WIDTH="65" HEIGHT="26" WC="0.96" CONTENT="något"/><SP WIDTH="15" VPOS="626" HPOS="386"/>
							<String ID="string_144" HPOS="401" VPOS="628" WIDTH="63" HEIGHT="18" WC="0.96" CONTENT="annat"/><SP WIDTH="17" VPOS="628" HPOS="464"/>
							<String ID="string_145" HPOS="481" VPOS="626" WIDTH="62" HEIGHT="20" WC="0.96" CONTENT="stånd"/><SP WIDTH="16" VPOS="626" HPOS="543"/>
							<String ID="string_146" HPOS="559" VPOS="626" WIDTH="68" HEIGHT="20" WC="0.96" CONTENT="skulle"/><SP WIDTH="15" VPOS="626" HPOS="627"/>
							<String ID="string_147" HPOS="642" VPOS="626" WIDTH="70" HEIGHT="20" WC="0.96" CONTENT="känna"/><SP WIDTH="15" VPOS="626" HPOS="712"/>
							<String ID="string_148" HPOS="727" VPOS="626" WIDTH="32" HEIGHT="26" WC="0.93" CONTENT="sig"/><SP WIDTH="10" VPOS="626" HPOS="759"/>
							<String ID="string_149" HPOS="769" VPOS="627" WIDTH="130" HEIGHT="26" WC="0.91" CONTENT="uppmanadt"/>
						</TextLine>
						<TextLine ID="line_16" HPOS="80" VPOS="654" WIDTH="818" HEIGHT="27">
							<String ID="string_150" HPOS="80" VPOS="655" WIDTH="32" HEIGHT="19" WC="0.96" CONTENT="att"/><SP WIDTH="22" VPOS="655" HPOS="112"/>
							<String ID="string_151" HPOS="134" VPOS="654" WIDTH="27" HEIGHT="26" WC="0.94" CONTENT="gå"/><SP WIDTH="23" VPOS="654" HPOS="161"/>
							<String ID="string_152" HPOS="184" VPOS="654" WIDTH="47" HEIGHT="20" WC="0.93" CONTENT="med"/><SP WIDTH="18" VPOS="654" HPOS="231"/>
							<String ID="string_153" HPOS="249" VPOS="654" WIDTH="124" HEIGHT="27" WC="0.91" CONTENT="inbjudning"/><SP WIDTH="15" VPOS="654" HPOS="373"/>
							<String ID="string_154" HPOS="388" VPOS="654" WIDTH="33" HEIGHT="20" WC="0.93" CONTENT="till"/><SP WIDTH="15" VPOS="654" HPOS="421"/>
							<String ID="string_155" HPOS="436" VPOS="654" WIDTH="156" HEIGHT="27" WC="0.91" CONTENT="Ridderskapet"/><SP WIDTH="15" VPOS="654" HPOS="592"/>
							<String ID="string_156" HPOS="607" VPOS="654" WIDTH="39" HEIGHT="21" WC="0.93" CONTENT="och"/><SP WIDTH="16" VPOS="654" HPOS="646"/>
							<String ID="string_157" HPOS="662" VPOS="654" WIDTH="75" HEIGHT="21" WC="0.91" CONTENT="Adeln."/><SP WIDTH="29" VPOS="654" HPOS="737"/>
							<String ID="string_158" HPOS="766" VPOS="655" WIDTH="42" HEIGHT="26" WC="0.96" CONTENT="Jag"/><SP WIDTH="15" VPOS="655" HPOS="808"/>
							<String ID="string_159" HPOS="823" VPOS="656" WIDTH="35" HEIGHT="19" WC="0.96" CONTENT="vet"/><SP WIDTH="14" VPOS="656" HPOS="858"/>
							<String ID="string_160" HPOS="872" VPOS="655" WIDTH="26" HEIGHT="26" WC="0.96" CONTENT="ej,"/>
						</TextLine>
						<TextLine ID="line_17" HPOS="80" VPOS="682" WIDTH="819" HEIGHT="28">
							<String ID="string_161" HPOS="80" VPOS="688" WIDTH="34" HEIGHT="15" WC="0.95" CONTENT="om"/><SP WIDTH="19" VPOS="688" HPOS="114"/>
							<String ID="string_162" HPOS="133" VPOS="683" WIDTH="37" HEIGHT="26" WC="0.95" CONTENT="jag"/><SP WIDTH="20" VPOS="683" HPOS="170"/>
							<String ID="string_163" HPOS="190" VPOS="682" WIDTH="54" HEIGHT="21" WC="0.96" CONTENT="skall"/><SP WIDTH="15" VPOS="682" HPOS="244"/>
							<String ID="string_164" HPOS="259" VPOS="683" WIDTH="53" HEIGHT="26" WC="0.96" CONTENT="våga"/><SP WIDTH="15" VPOS="683" HPOS="312"/>
							<String ID="string_165" HPOS="327" VPOS="683" WIDTH="77" HEIGHT="21" WC="0.96" CONTENT="föreslå"/><SP WIDTH="15" VPOS="683" HPOS="404"/>
							<String ID="string_166" HPOS="419" VPOS="683" WIDTH="65" HEIGHT="27" WC="0.96" CONTENT="något"/><SP WIDTH="15" VPOS="683" HPOS="484"/>
							<String ID="string_167" HPOS="499" VPOS="683" WIDTH="84" HEIGHT="26" WC="0.96" CONTENT="sådant;"/><SP WIDTH="17" VPOS="683" HPOS="583"/>
							<String ID="string_168" HPOS="600" VPOS="683" WIDTH="34" HEIGHT="21" WC="0.96" CONTENT="det"/><SP WIDTH="16" VPOS="683" HPOS="634"/>
							<String ID="string_169" HPOS="650" VPOS="690" WIDTH="50" HEIGHT="14" WC="0.95" CONTENT="vore"/><SP WIDTH="14" VPOS="690" HPOS="700"/>
							<String ID="string_170" HPOS="714" VPOS="684" WIDTH="82" HEIGHT="20" WC="0.95" CONTENT="kanske"/><SP WIDTH="16" VPOS="684" HPOS="796"/>
							<String ID="string_171" HPOS="812" VPOS="683" WIDTH="87" HEIGHT="26" WC="0.71" CONTENT="fåfängt."/>
						</TextLine>
						<TextLine ID="line_18" HPOS="79" VPOS="710" WIDTH="820" HEIGHT="28">
							<String ID="string_172" HPOS="79" VPOS="710" WIDTH="43" HEIGHT="21" WC="0.96" CONTENT="Det"/><SP WIDTH="15" VPOS="710" HPOS="122"/>
							<String ID="string_173" HPOS="137" VPOS="711" WIDTH="32" HEIGHT="20" WC="0.96" CONTENT="lär"/><SP WIDTH="14" VPOS="711" HPOS="169"/>
							<String ID="string_174" HPOS="183" VPOS="712" WIDTH="33" HEIGHT="19" WC="0.96" CONTENT="väl"/><SP WIDTH="17" VPOS="712" HPOS="216"/>
							<String ID="string_175" HPOS="233" VPOS="712" WIDTH="70" HEIGHT="20" WC="0.96" CONTENT="derför"/><SP WIDTH="15" VPOS="712" HPOS="303"/>
							<String ID="string_176" HPOS="318" VPOS="712" WIDTH="109" HEIGHT="26" WC="0.96" CONTENT="ingenting"/><SP WIDTH="15" VPOS="712" HPOS="427"/>
							<String ID="string_177" HPOS="442" VPOS="713" WIDTH="65" HEIGHT="19" WC="0.96" CONTENT="annat"/><SP WIDTH="15" VPOS="713" HPOS="507"/>
							<String ID="string_178" HPOS="522" VPOS="718" WIDTH="52" HEIGHT="14" WC="0.96" CONTENT="vara"/><SP WIDTH="14" VPOS="718" HPOS="574"/>
							<String ID="string_179" HPOS="588" VPOS="714" WIDTH="32" HEIGHT="18" WC="0.96" CONTENT="att"/><SP WIDTH="15" VPOS="714" HPOS="620"/>
							<String ID="string_180" HPOS="635" VPOS="713" WIDTH="57" HEIGHT="25" WC="0.95" CONTENT="göra,"/><SP WIDTH="17" VPOS="713" HPOS="692"/>
							<String ID="string_181" HPOS="709" VPOS="714" WIDTH="26" HEIGHT="18" WC="0.96" CONTENT="än"/><SP WIDTH="16" VPOS="714" HPOS="735"/>
							<String ID="string_182" HPOS="751" VPOS="714" WIDTH="32" HEIGHT="18" WC="0.96" CONTENT="att"/><SP WIDTH="16" VPOS="714" HPOS="783"/>
							<String ID="string_183" HPOS="799" VPOS="712" WIDTH="43" HEIGHT="20" WC="0.92" CONTENT="låta"/><SP WIDTH="15" VPOS="712" HPOS="842"/>
							<String ID="string_184" HPOS="857" VPOS="712" WIDTH="42" HEIGHT="20" WC="0.91" CONTENT="frå-"/>
						</TextLine>
						<TextLine ID="line_19" HPOS="80" VPOS="739" WIDTH="146" HEIGHT="27">
							<String ID="string_185" HPOS="80" VPOS="745" WIDTH="41" HEIGHT="21" WC="0.93" CONTENT="gan"/><SP WIDTH="16" VPOS="745" HPOS="121"/>
							<String ID="string_186" HPOS="137" VPOS="739" WIDTH="89" HEIGHT="21" WC="0.95" CONTENT="förfalla."/>
						</TextLine>
					</TextBlock>
				</ComposedBlock>
				<ComposedBlock ID="cblock_3" HPOS="79" VPOS="807" WIDTH="822" HEIGHT="228">
					<TextBlock ID="block_2" HPOS="79" VPOS="807" WIDTH="822" HEIGHT="228">
						<TextLine ID="line_20" HPOS="149" VPOS="807" WIDTH="750" HEIGHT="28">
							<String ID="string_187" HPOS="149" VPOS="807" WIDTH="89" HEIGHT="22" WC="0.96" CONTENT="Prosten"/><SP WIDTH="43" VPOS="807" HPOS="238"/>
							<String ID="string_188" HPOS="281" VPOS="807" WIDTH="142" HEIGHT="28" WC="0.94" CONTENT="Dahlberg:"/><SP WIDTH="22" VPOS="807" HPOS="423"/>
							<String ID="string_189" HPOS="445" VPOS="807" WIDTH="95" HEIGHT="22" WC="0.96" CONTENT="Emedan"/><SP WIDTH="16" VPOS="807" HPOS="540"/>
							<String ID="string_190" HPOS="556" VPOS="814" WIDTH="25" HEIGHT="15" WC="0.96" CONTENT="en"/><SP WIDTH="16" VPOS="814" HPOS="581"/>
							<String ID="string_191" HPOS="597" VPOS="808" WIDTH="105" HEIGHT="27" WC="0.96" CONTENT="reglering"/><SP WIDTH="15" VPOS="808" HPOS="702"/>
							<String ID="string_192" HPOS="717" VPOS="807" WIDTH="21" HEIGHT="22" WC="0.92" CONTENT="af"/><SP WIDTH="14" VPOS="807" HPOS="738"/>
							<String ID="string_193" HPOS="752" VPOS="808" WIDTH="147" HEIGHT="27" WC="0.92" CONTENT="tingsgästnin-"/>
						</TextLine>
						<TextLine ID="line_21" HPOS="79" VPOS="837" WIDTH="821" HEIGHT="27">
							<String ID="string_194" HPOS="79" VPOS="842" WIDTH="41" HEIGHT="21" WC="0.96" CONTENT="gen"/><SP WIDTH="15" VPOS="842" HPOS="120"/>
							<String ID="string_195" HPOS="135" VPOS="838" WIDTH="24" HEIGHT="19" WC="0.96" CONTENT="är"/><SP WIDTH="14" VPOS="838" HPOS="159"/>
							<String ID="string_196" HPOS="173" VPOS="837" WIDTH="80" HEIGHT="26" WC="0.90" CONTENT="ganska"/><SP WIDTH="15" VPOS="837" HPOS="253"/>
							<String ID="string_197" HPOS="268" VPOS="837" WIDTH="71" HEIGHT="27" WC="0.90" CONTENT="vigtig,"/><SP WIDTH="14" VPOS="837" HPOS="339"/>
							<String ID="string_198" HPOS="353" VPOS="837" WIDTH="121" HEIGHT="26" WC="0.91" CONTENT="isynnerhet"/><SP WIDTH="16" VPOS="837" HPOS="474"/>
							<String ID="string_199" HPOS="490" VPOS="837" WIDTH="76" HEIGHT="24" WC="0.96" CONTENT="derför,"/><SP WIDTH="12" VPOS="837" HPOS="566"/>
							<String ID="string_200" HPOS="578" VPOS="839" WIDTH="31" HEIGHT="19" WC="0.96" CONTENT="att"/><SP WIDTH="10" VPOS="839" HPOS="609"/>
							<String ID="string_201" HPOS="619" VPOS="837" WIDTH="70" HEIGHT="26" WC="0.96" CONTENT="fattigt"/><SP WIDTH="11" VPOS="837" HPOS="689"/>
							<String ID="string_202" HPOS="700" VPOS="837" WIDTH="43" HEIGHT="21" WC="0.96" CONTENT="folk"/><SP WIDTH="11" VPOS="837" HPOS="743"/>
							<String ID="string_203" HPOS="754" VPOS="837" WIDTH="67" HEIGHT="21" WC="0.95" CONTENT="skulle"/><SP WIDTH="11" VPOS="837" HPOS="821"/>
							<String ID="string_204" HPOS="832" VPOS="837" WIDTH="68" HEIGHT="27" WC="0.95" CONTENT="slippa"/>
						</TextLine>
						<TextLine ID="line_22" HPOS="80" VPOS="865" WIDTH="819" HEIGHT="28">
							<String ID="string_205" HPOS="80" VPOS="865" WIDTH="48" HEIGHT="21" WC="0.96" CONTENT="med"/><SP WIDTH="22" VPOS="865" HPOS="128"/>
							<String ID="string_206" HPOS="150" VPOS="871" WIDTH="25" HEIGHT="15" WC="0.95" CONTENT="en"/><SP WIDTH="19" VPOS="871" HPOS="175"/>
							<String ID="string_207" HPOS="194" VPOS="865" WIDTH="90" HEIGHT="26" WC="0.96" CONTENT="lindring"/><SP WIDTH="15" VPOS="865" HPOS="284"/>
							<String ID="string_208" HPOS="299" VPOS="865" WIDTH="7" HEIGHT="21" WC="0.96" CONTENT="i"/><SP WIDTH="15" VPOS="865" HPOS="306"/>
							<String ID="string_209" HPOS="321" VPOS="865" WIDTH="141" HEIGHT="28" WC="0.96" CONTENT="betalningen,"/><SP WIDTH="16" VPOS="865" HPOS="462"/>
							<String ID="string_210" HPOS="478" VPOS="866" WIDTH="47" HEIGHT="21" WC="0.97" CONTENT="med"/><SP WIDTH="15" VPOS="866" HPOS="525"/>
							<String ID="string_211" HPOS="540" VPOS="866" WIDTH="35" HEIGHT="21" WC="0.93" CONTENT="två"/><SP WIDTH="15" VPOS="866" HPOS="575"/>
							<String ID="string_212" HPOS="590" VPOS="865" WIDTH="86" HEIGHT="28" WC="0.91" CONTENT="kappar,"/><SP WIDTH="17" VPOS="865" HPOS="676"/>
							<String ID="string_213" HPOS="693" VPOS="866" WIDTH="61" HEIGHT="21" WC="0.96" CONTENT="torde"/><SP WIDTH="16" VPOS="866" HPOS="754"/>
							<String ID="string_214" HPOS="770" VPOS="865" WIDTH="35" HEIGHT="22" WC="0.96" CONTENT="det"/><SP WIDTH="15" VPOS="865" HPOS="805"/>
							<String ID="string_215" HPOS="820" VPOS="866" WIDTH="79" HEIGHT="21" WC="0.94" CONTENT="kanske"/>
						</TextLine>
						<TextLine ID="line_23" HPOS="80" VPOS="893" WIDTH="819" HEIGHT="28">
							<String ID="string_216" HPOS="80" VPOS="893" WIDTH="18" HEIGHT="28" WC="0.96" CONTENT="ej"/><SP WIDTH="24" VPOS="893" HPOS="98"/>
							<String ID="string_217" HPOS="122" VPOS="900" WIDTH="51" HEIGHT="15" WC="0.96" CONTENT="vara"/><SP WIDTH="22" VPOS="900" HPOS="173"/>
							<String ID="string_218" HPOS="195" VPOS="894" WIDTH="100" HEIGHT="27" WC="0.96" CONTENT="omöjligt,"/><SP WIDTH="23" VPOS="894" HPOS="295"/>
							<String ID="string_219" HPOS="318" VPOS="896" WIDTH="33" HEIGHT="19" WC="0.96" CONTENT="att"/><SP WIDTH="20" VPOS="896" HPOS="351"/>
							<String ID="string_220" HPOS="371" VPOS="894" WIDTH="147" HEIGHT="27" WC="0.95" CONTENT="ridderskapet"/><SP WIDTH="22" VPOS="894" HPOS="518"/>
							<String ID="string_221" HPOS="540" VPOS="895" WIDTH="40" HEIGHT="20" WC="0.96" CONTENT="och"/><SP WIDTH="22" VPOS="895" HPOS="580"/>
							<String ID="string_222" HPOS="602" VPOS="894" WIDTH="62" HEIGHT="21" WC="0.96" CONTENT="adeln"/><SP WIDTH="21" VPOS="894" HPOS="664"/>
							<String ID="string_223" HPOS="685" VPOS="894" WIDTH="68" HEIGHT="21" WC="0.96" CONTENT="skulle"/><SP WIDTH="19" VPOS="894" HPOS="753"/>
							<String ID="string_224" HPOS="772" VPOS="894" WIDTH="75" HEIGHT="27" WC="0.96" CONTENT="frångå"/><SP WIDTH="14" VPOS="894" HPOS="847"/>
							<String ID="string_225" HPOS="861" VPOS="895" WIDTH="38" HEIGHT="21" WC="0.96" CONTENT="sitt"/>
						</TextLine>
						<TextLine ID="line_24" HPOS="81" VPOS="922" WIDTH="820" HEIGHT="28">
							<String ID="string_226" HPOS="81" VPOS="922" WIDTH="74" HEIGHT="28" WC="0.96" CONTENT="beslut,"/><SP WIDTH="22" VPOS="922" HPOS="155"/>
							<String ID="string_227" HPOS="177" VPOS="929" WIDTH="34" HEIGHT="15" WC="0.95" CONTENT="om"/><SP WIDTH="22" VPOS="929" HPOS="211"/>
							<String ID="string_228" HPOS="233" VPOS="923" WIDTH="36" HEIGHT="21" WC="0.95" CONTENT="det"/><SP WIDTH="14" VPOS="923" HPOS="269"/>
							<String ID="string_229" HPOS="283" VPOS="923" WIDTH="85" HEIGHT="21" WC="0.95" CONTENT="ståndet"/><SP WIDTH="15" VPOS="923" HPOS="368"/>
							<String ID="string_230" HPOS="383" VPOS="923" WIDTH="91" HEIGHT="21" WC="0.96" CONTENT="erhåller"/><SP WIDTH="15" VPOS="923" HPOS="474"/>
							<String ID="string_231" HPOS="489" VPOS="929" WIDTH="25" HEIGHT="15" WC="0.93" CONTENT="en"/><SP WIDTH="15" VPOS="929" HPOS="514"/>
							<String ID="string_232" HPOS="529" VPOS="923" WIDTH="122" HEIGHT="27" WC="0.92" CONTENT="inbjudning"/><SP WIDTH="15" VPOS="923" HPOS="651"/>
							<String ID="string_233" HPOS="666" VPOS="929" WIDTH="75" HEIGHT="21" WC="0.96" CONTENT="genom"/><SP WIDTH="15" VPOS="929" HPOS="741"/>
							<String ID="string_234" HPOS="756" VPOS="923" WIDTH="65" HEIGHT="27" WC="0.96" CONTENT="något"/><SP WIDTH="15" VPOS="923" HPOS="821"/>
							<String ID="string_235" HPOS="836" VPOS="925" WIDTH="65" HEIGHT="20" WC="0.96" CONTENT="annat"/>
						</TextLine>
						<TextLine ID="line_25" HPOS="80" VPOS="951" WIDTH="820" HEIGHT="27">
							<String ID="string_236" HPOS="80" VPOS="952" WIDTH="69" HEIGHT="25" WC="0.96" CONTENT="stånd,"/><SP WIDTH="22" VPOS="952" HPOS="149"/>
							<String ID="string_237" HPOS="171" VPOS="951" WIDTH="39" HEIGHT="22" WC="0.96" CONTENT="och"/><SP WIDTH="23" VPOS="951" HPOS="210"/>
							<String ID="string_238" HPOS="233" VPOS="951" WIDTH="67" HEIGHT="22" WC="0.96" CONTENT="skulle"/><SP WIDTH="19" VPOS="951" HPOS="300"/>
							<String ID="string_239" HPOS="319" VPOS="951" WIDTH="38" HEIGHT="27" WC="0.96" CONTENT="jag"/><SP WIDTH="20" VPOS="951" HPOS="357"/>
							<String ID="string_240" HPOS="377" VPOS="952" WIDTH="31" HEIGHT="21" WC="0.95" CONTENT="till"/><SP WIDTH="22" VPOS="952" HPOS="408"/>
							<String ID="string_241" HPOS="430" VPOS="952" WIDTH="79" HEIGHT="21" WC="0.96" CONTENT="hälften"/><SP WIDTH="16" VPOS="952" HPOS="509"/>
							<String ID="string_242" HPOS="525" VPOS="958" WIDTH="50" HEIGHT="15" WC="0.96" CONTENT="vara"/><SP WIDTH="15" VPOS="958" HPOS="575"/>
							<String ID="string_243" HPOS="590" VPOS="952" WIDTH="49" HEIGHT="26" WC="0.96" CONTENT="böjd"/><SP WIDTH="16" VPOS="952" HPOS="639"/>
							<String ID="string_244" HPOS="655" VPOS="954" WIDTH="32" HEIGHT="19" WC="0.96" CONTENT="att"/><SP WIDTH="15" VPOS="954" HPOS="687"/>
							<String ID="string_245" HPOS="702" VPOS="951" WIDTH="83" HEIGHT="24" WC="0.96" CONTENT="föreslå,"/><SP WIDTH="16" VPOS="951" HPOS="785"/>
							<String ID="string_246" HPOS="801" VPOS="952" WIDTH="36" HEIGHT="21" WC="0.96" CONTENT="det"/><SP WIDTH="15" VPOS="952" HPOS="837"/>
							<String ID="string_247" HPOS="852" VPOS="951" WIDTH="48" HEIGHT="22" WC="0.95" CONTENT="ville"/>
						</TextLine>
						<TextLine ID="line_26" HPOS="79" VPOS="980" WIDTH="820" HEIGHT="27">
							<String ID="string_248" HPOS="79" VPOS="980" WIDTH="157" HEIGHT="27" WC="0.91" CONTENT="presteståndet"/><SP WIDTH="20" VPOS="980" HPOS="236"/>
							<String ID="string_249" HPOS="256" VPOS="980" WIDTH="54" HEIGHT="21" WC="0.96" CONTENT="fatta"/><SP WIDTH="22" VPOS="980" HPOS="310"/>
							<String ID="string_250" HPOS="332" VPOS="980" WIDTH="70" HEIGHT="21" WC="0.96" CONTENT="beslut"/><SP WIDTH="20" VPOS="980" HPOS="402"/>
							<String ID="string_251" HPOS="422" VPOS="982" WIDTH="32" HEIGHT="19" WC="0.96" CONTENT="att"/><SP WIDTH="19" VPOS="982" HPOS="454"/>
							<String ID="string_252" HPOS="473" VPOS="981" WIDTH="87" HEIGHT="26" WC="0.96" CONTENT="inbjuda"/><SP WIDTH="14" VPOS="981" HPOS="560"/>
							<String ID="string_253" HPOS="574" VPOS="981" WIDTH="147" HEIGHT="26" WC="0.96" CONTENT="ridderskapet"/><SP WIDTH="15" VPOS="981" HPOS="721"/>
							<String ID="string_254" HPOS="736" VPOS="981" WIDTH="39" HEIGHT="21" WC="0.96" CONTENT="och"/><SP WIDTH="15" VPOS="981" HPOS="775"/>
							<String ID="string_255" HPOS="790" VPOS="981" WIDTH="61" HEIGHT="20" WC="0.95" CONTENT="adeln"/><SP WIDTH="16" VPOS="981" HPOS="851"/>
							<String ID="string_256" HPOS="867" VPOS="982" WIDTH="32" HEIGHT="20" WC="0.96" CONTENT="att"/>
						</TextLine>
						<TextLine ID="line_27" HPOS="80" VPOS="1008" WIDTH="497" HEIGHT="27">
							<String ID="string_257" HPOS="80" VPOS="1008" WIDTH="75" HEIGHT="27" WC="0.96" CONTENT="frångå"/><SP WIDTH="16" VPOS="1008" HPOS="155"/>
							<String ID="string_258" HPOS="171" VPOS="1009" WIDTH="46" HEIGHT="21" WC="0.96" CONTENT="dess"/><SP WIDTH="16" VPOS="1009" HPOS="217"/>
							<String ID="string_259" HPOS="233" VPOS="1008" WIDTH="56" HEIGHT="21" WC="0.96" CONTENT="förut"/><SP WIDTH="15" VPOS="1008" HPOS="289"/>
							<String ID="string_260" HPOS="304" VPOS="1009" WIDTH="6" HEIGHT="20" WC="0.96" CONTENT="i"/><SP WIDTH="16" VPOS="1009" HPOS="310"/>
							<String ID="string_261" HPOS="326" VPOS="1009" WIDTH="64" HEIGHT="21" WC="0.96" CONTENT="saken"/><SP WIDTH="16" VPOS="1009" HPOS="390"/>
							<String ID="string_262" HPOS="406" VPOS="1009" WIDTH="81" HEIGHT="21" WC="0.96" CONTENT="fattade"/><SP WIDTH="15" VPOS="1009" HPOS="487"/>
							<String ID="string_263" HPOS="502" VPOS="1009" WIDTH="75" HEIGHT="21" WC="0.96" CONTENT="beslut."/>
						</TextLine>
					</TextBlock>
				</ComposedBlock>
				<ComposedBlock ID="cblock_4" HPOS="80" VPOS="1077" WIDTH="820" HEIGHT="84">
					<TextBlock ID="block_3" HPOS="80" VPOS="1077" WIDTH="820" HEIGHT="84">
						<TextLine ID="line_28" HPOS="149" VPOS="1077" WIDTH="750" HEIGHT="27">
							<String ID="string_264" HPOS="149" VPOS="1077" WIDTH="30" HEIGHT="21" WC="0.96" CONTENT="På"/><SP WIDTH="15" VPOS="1077" HPOS="179"/>
							<String ID="string_265" HPOS="194" VPOS="1077" WIDTH="154" HEIGHT="26" WC="0.96" CONTENT="framställning"/><SP WIDTH="15" VPOS="1077" HPOS="348"/>
							<String ID="string_266" HPOS="363" VPOS="1077" WIDTH="24" HEIGHT="21" WC="0.96" CONTENT="af"/><SP WIDTH="10" VPOS="1077" HPOS="387"/>
							<String ID="string_267" HPOS="397" VPOS="1077" WIDTH="49" HEIGHT="21" WC="0.96" CONTENT="herr"/><SP WIDTH="14" VPOS="1077" HPOS="446"/>
							<String ID="string_268" HPOS="460" VPOS="1078" WIDTH="43" HEIGHT="20" WC="0.85" CONTENT="tal"/><SP WIDTH="40" VPOS="1078" HPOS="503"/>
							<String ID="string_269" HPOS="543" VPOS="1084" WIDTH="96" HEIGHT="14" WC="0.95" CONTENT="mannen"/><SP WIDTH="15" VPOS="1084" HPOS="639"/>
							<String ID="string_270" HPOS="654" VPOS="1078" WIDTH="66" HEIGHT="26" WC="0.95" CONTENT="ansåg"/><SP WIDTH="14" VPOS="1078" HPOS="720"/>
							<String ID="string_271" HPOS="734" VPOS="1078" WIDTH="32" HEIGHT="25" WC="0.96" CONTENT="sig"/><SP WIDTH="15" VPOS="1078" HPOS="766"/>
							<String ID="string_272" HPOS="781" VPOS="1078" WIDTH="84" HEIGHT="21" WC="0.96" CONTENT="ståndet"/><SP WIDTH="15" VPOS="1078" HPOS="865"/>
							<String ID="string_273" HPOS="880" VPOS="1077" WIDTH="19" HEIGHT="26" WC="0.96" CONTENT="ej"/>
						</TextLine>
						<TextLine ID="line_29" HPOS="80" VPOS="1104" WIDTH="820" HEIGHT="28">
							<String ID="string_274" HPOS="80" VPOS="1104" WIDTH="53" HEIGHT="22" WC="0.96" CONTENT="böra"/><SP WIDTH="20" VPOS="1104" HPOS="133"/>
							<String ID="string_275" HPOS="153" VPOS="1105" WIDTH="85" HEIGHT="27" WC="0.96" CONTENT="vidtaga"/><SP WIDTH="21" VPOS="1105" HPOS="238"/>
							<String ID="string_276" HPOS="259" VPOS="1106" WIDTH="68" HEIGHT="26" WC="0.96" CONTENT="någon"/><SP WIDTH="16" VPOS="1106" HPOS="327"/>
							<String ID="string_277" HPOS="343" VPOS="1112" WIDTH="69" HEIGHT="15" WC="0.96" CONTENT="annan"/><SP WIDTH="16" VPOS="1112" HPOS="412"/>
							<String ID="string_278" HPOS="428" VPOS="1106" WIDTH="75" HEIGHT="26" WC="0.96" CONTENT="åtgärd"/><SP WIDTH="15" VPOS="1106" HPOS="503"/>
							<String ID="string_279" HPOS="518" VPOS="1106" WIDTH="7" HEIGHT="21" WC="0.96" CONTENT="i"/><SP WIDTH="15" VPOS="1106" HPOS="525"/>
							<String ID="string_280" HPOS="540" VPOS="1106" WIDTH="112" HEIGHT="26" WC="0.96" CONTENT="anledning"/><SP WIDTH="14" VPOS="1106" HPOS="652"/>
							<String ID="string_281" HPOS="666" VPOS="1105" WIDTH="22" HEIGHT="22" WC="0.96" CONTENT="af"/><SP WIDTH="14" VPOS="1105" HPOS="688"/>
							<String ID="string_282" HPOS="702" VPOS="1106" WIDTH="69" HEIGHT="21" WC="0.96" CONTENT="denna"/><SP WIDTH="14" VPOS="1106" HPOS="771"/>
							<String ID="string_283" HPOS="785" VPOS="1105" WIDTH="115" HEIGHT="27" WC="0.96" CONTENT="skrifvelse,"/>
						</TextLine>
						<TextLine ID="line_30" HPOS="81" VPOS="1134" WIDTH="362" HEIGHT="27">
							<String ID="string_284" HPOS="81" VPOS="1136" WIDTH="26" HEIGHT="19" WC="0.96" CONTENT="än"/><SP WIDTH="16" VPOS="1136" HPOS="107"/>
							<String ID="string_285" HPOS="123" VPOS="1134" WIDTH="125" HEIGHT="26" WC="0.95" CONTENT="anteckning"/><SP WIDTH="15" VPOS="1134" HPOS="248"/>
							<String ID="string_286" HPOS="263" VPOS="1134" WIDTH="32" HEIGHT="22" WC="0.95" CONTENT="till"/><SP WIDTH="16" VPOS="1134" HPOS="295"/>
							<String ID="string_287" HPOS="311" VPOS="1134" WIDTH="132" HEIGHT="27" WC="0.96" CONTENT="protokollet."/>
						</TextLine>
					</TextBlock>
				</ComposedBlock>
				<ComposedBlock ID="cblock_5" HPOS="80" VPOS="1310" WIDTH="822" HEIGHT="249">
					<TextBlock ID="block_4" HPOS="80" VPOS="1310" WIDTH="822" HEIGHT="249">
						<TextLine ID="line_31" HPOS="149" VPOS="1310" WIDTH="752" HEIGHT="28">
							<String ID="string_288" HPOS="149" VPOS="1311" WIDTH="120" HEIGHT="27" WC="0.96" CONTENT="Föredrogs"/><SP WIDTH="22" VPOS="1311" HPOS="269"/>
							<String ID="string_289" HPOS="291" VPOS="1311" WIDTH="35" HEIGHT="21" WC="0.96" CONTENT="det"/><SP WIDTH="20" VPOS="1311" HPOS="326"/>
							<String ID="string_290" HPOS="346" VPOS="1311" WIDTH="45" HEIGHT="21" WC="0.96" CONTENT="från"/><SP WIDTH="22" VPOS="1311" HPOS="391"/>
							<String ID="string_291" HPOS="413" VPOS="1311" WIDTH="125" HEIGHT="26" WC="0.96" CONTENT="föregående"/><SP WIDTH="15" VPOS="1311" HPOS="538"/>
							<String ID="string_292" HPOS="553" VPOS="1311" WIDTH="84" HEIGHT="27" WC="0.93" CONTENT="plenum"/><SP WIDTH="15" VPOS="1311" HPOS="637"/>
							<String ID="string_293" HPOS="652" VPOS="1310" WIDTH="117" HEIGHT="27" WC="0.92" CONTENT="bordlagda"/><SP WIDTH="15" VPOS="1310" HPOS="769"/>
							<String ID="string_294" HPOS="784" VPOS="1311" WIDTH="77" HEIGHT="26" WC="0.96" CONTENT="utdrag"/><SP WIDTH="15" VPOS="1311" HPOS="861"/>
							<String ID="string_295" HPOS="876" VPOS="1316" WIDTH="25" HEIGHT="16" WC="0.96" CONTENT="ur"/>
						</TextLine>
						<TextLine ID="line_32" HPOS="81" VPOS="1338" WIDTH="820" HEIGHT="28">
							<String ID="string_296" HPOS="81" VPOS="1338" WIDTH="184" HEIGHT="28" WC="0.91" CONTENT="borgareståndets"/><SP WIDTH="22" VPOS="1338" HPOS="265"/>
							<String ID="string_297" HPOS="287" VPOS="1339" WIDTH="107" HEIGHT="27" WC="0.96" CONTENT="protokoll"/><SP WIDTH="22" VPOS="1339" HPOS="394"/>
							<String ID="string_298" HPOS="416" VPOS="1339" WIDTH="32" HEIGHT="21" WC="0.96" CONTENT="för"/><SP WIDTH="23" VPOS="1339" HPOS="448"/>
							<String ID="string_299" HPOS="471" VPOS="1340" WIDTH="39" HEIGHT="20" WC="0.96" CONTENT="den"/><SP WIDTH="20" VPOS="1340" HPOS="510"/>
							<String ID="string_300" HPOS="530" VPOS="1340" WIDTH="25" HEIGHT="21" WC="0.95" CONTENT="18"/><SP WIDTH="16" VPOS="1340" HPOS="555"/>
							<String ID="string_301" HPOS="571" VPOS="1340" WIDTH="6" HEIGHT="20" WC="0.95" CONTENT="i"/><SP WIDTH="16" VPOS="1340" HPOS="577"/>
							<String ID="string_302" HPOS="593" VPOS="1340" WIDTH="141" HEIGHT="20" WC="0.96" CONTENT="innevarande"/><SP WIDTH="23" VPOS="1340" HPOS="734"/>
							<String ID="string_303" HPOS="757" VPOS="1339" WIDTH="77" HEIGHT="21" WC="0.95" CONTENT="månad"/><SP WIDTH="19" VPOS="1339" HPOS="834"/>
							<String ID="string_304" HPOS="853" VPOS="1339" WIDTH="48" HEIGHT="21" WC="0.95" CONTENT="med"/>
						</TextLine>
						<TextLine ID="line_33" HPOS="80" VPOS="1367" WIDTH="821" HEIGHT="28">
							<String ID="string_305" HPOS="80" VPOS="1367" WIDTH="126" HEIGHT="28" WC="0.90" CONTENT="inbjudning"/><SP WIDTH="20" VPOS="1367" HPOS="206"/>
							<String ID="string_306" HPOS="226" VPOS="1368" WIDTH="31" HEIGHT="20" WC="0.92" CONTENT="till"/><SP WIDTH="22" VPOS="1368" HPOS="257"/>
							<String ID="string_307" HPOS="279" VPOS="1368" WIDTH="156" HEIGHT="26" WC="0.90" CONTENT="presteståndet"/><SP WIDTH="23" VPOS="1368" HPOS="435"/>
							<String ID="string_308" HPOS="458" VPOS="1370" WIDTH="32" HEIGHT="19" WC="0.96" CONTENT="att"/><SP WIDTH="21" VPOS="1370" HPOS="490"/>
							<String ID="string_309" HPOS="511" VPOS="1368" WIDTH="73" HEIGHT="21" WC="0.96" CONTENT="förena"/><SP WIDTH="21" VPOS="1368" HPOS="584"/>
							<String ID="string_310" HPOS="605" VPOS="1368" WIDTH="32" HEIGHT="26" WC="0.96" CONTENT="sig"/><SP WIDTH="23" VPOS="1368" HPOS="637"/>
							<String ID="string_311" HPOS="660" VPOS="1374" WIDTH="33" HEIGHT="14" WC="0.96" CONTENT="om"/><SP WIDTH="17" VPOS="1374" HPOS="693"/>
							<String ID="string_312" HPOS="710" VPOS="1368" WIDTH="26" HEIGHT="20" WC="0.96" CONTENT="de"/><SP WIDTH="15" VPOS="1368" HPOS="736"/>
							<String ID="string_313" HPOS="751" VPOS="1368" WIDTH="74" HEIGHT="23" WC="0.93" CONTENT="beslut,"/><SP WIDTH="17" VPOS="1368" HPOS="825"/>
							<String ID="string_314" HPOS="842" VPOS="1367" WIDTH="59" HEIGHT="21" WC="0.91" CONTENT="hvari"/>
						</TextLine>
						<TextLine ID="line_34" HPOS="81" VPOS="1396" WIDTH="820" HEIGHT="27">
							<String ID="string_315" HPOS="81" VPOS="1396" WIDTH="175" HEIGHT="26" WC="0.92" CONTENT="borgareständet"/><SP WIDTH="14" VPOS="1396" HPOS="256"/>
							<String ID="string_316" HPOS="270" VPOS="1398" WIDTH="86" HEIGHT="19" WC="0.96" CONTENT="stannat"/><SP WIDTH="15" VPOS="1398" HPOS="356"/>
							<String ID="string_317" HPOS="371" VPOS="1396" WIDTH="34" HEIGHT="21" WC="0.96" CONTENT="vid"/><SP WIDTH="16" VPOS="1396" HPOS="405"/>
							<String ID="string_318" HPOS="421" VPOS="1396" WIDTH="154" HEIGHT="27" WC="0.96" CONTENT="behandlingen"/><SP WIDTH="11" VPOS="1396" HPOS="575"/>
							<String ID="string_319" HPOS="586" VPOS="1396" WIDTH="21" HEIGHT="21" WC="0.93" CONTENT="af"/><SP WIDTH="8" VPOS="1396" HPOS="607"/>
							<String ID="string_320" HPOS="615" VPOS="1396" WIDTH="44" HEIGHT="26" WC="0.92" CONTENT="lag-"/><SP WIDTH="11" VPOS="1396" HPOS="659"/>
							<String ID="string_321" HPOS="670" VPOS="1396" WIDTH="39" HEIGHT="21" WC="0.93" CONTENT="och"/><SP WIDTH="11" VPOS="1396" HPOS="709"/>
							<String ID="string_322" HPOS="720" VPOS="1396" WIDTH="181" HEIGHT="20" WC="0.91" CONTENT="ekonomiutskot-"/>
						</TextLine>
						<TextLine ID="line_35" HPOS="81" VPOS="1424" WIDTH="820" HEIGHT="26">
							<String ID="string_323" HPOS="81" VPOS="1426" WIDTH="42" HEIGHT="18" WC="0.93" CONTENT="tets"/><SP WIDTH="15" VPOS="1426" HPOS="123"/>
							<String ID="string_324" HPOS="138" VPOS="1424" WIDTH="78" HEIGHT="26" WC="0.96" CONTENT="förslag"/><SP WIDTH="15" VPOS="1424" HPOS="216"/>
							<String ID="string_325" HPOS="231" VPOS="1424" WIDTH="31" HEIGHT="20" WC="0.93" CONTENT="till"/><SP WIDTH="16" VPOS="1424" HPOS="262"/>
							<String ID="string_326" HPOS="278" VPOS="1424" WIDTH="202" HEIGHT="25" WC="0.92" CONTENT="sammanjemkning"/><SP WIDTH="16" VPOS="1424" HPOS="480"/>
							<String ID="string_327" HPOS="496" VPOS="1425" WIDTH="22" HEIGHT="20" WC="0.93" CONTENT="af"/><SP WIDTH="14" VPOS="1425" HPOS="518"/>
							<String ID="string_328" HPOS="532" VPOS="1425" WIDTH="100" HEIGHT="20" WC="0.92" CONTENT="ständens"/><SP WIDTH="14" VPOS="1425" HPOS="632"/>
							<String ID="string_329" HPOS="646" VPOS="1424" WIDTH="122" HEIGHT="26" WC="0.92" CONTENT="skiljaktiga"/><SP WIDTH="14" VPOS="1424" HPOS="768"/>
							<String ID="string_330" HPOS="782" VPOS="1424" WIDTH="70" HEIGHT="20" WC="0.96" CONTENT="beslut"/><SP WIDTH="14" VPOS="1424" HPOS="852"/>
							<String ID="string_331" HPOS="866" VPOS="1424" WIDTH="35" HEIGHT="20" WC="0.96" CONTENT="vid"/>
						</TextLine>
						<TextLine ID="line_36" HPOS="81" VPOS="1451" WIDTH="821" HEIGHT="27">
							<String ID="string_332" HPOS="81" VPOS="1451" WIDTH="156" HEIGHT="27" WC="0.92" CONTENT="handläggning"/><SP WIDTH="15" VPOS="1451" HPOS="237"/>
							<String ID="string_333" HPOS="252" VPOS="1452" WIDTH="23" HEIGHT="21" WC="0.93" CONTENT="af"/><SP WIDTH="12" VPOS="1452" HPOS="275"/>
							<String ID="string_334" HPOS="287" VPOS="1452" WIDTH="115" HEIGHT="21" WC="0.92" CONTENT="utskottets"/><SP WIDTH="16" VPOS="1452" HPOS="402"/>
							<String ID="string_335" HPOS="418" VPOS="1452" WIDTH="133" HEIGHT="21" WC="0.92" CONTENT="betänkande"/><SP WIDTH="16" VPOS="1452" HPOS="551"/>
							<String ID="string_336" HPOS="567" VPOS="1458" WIDTH="33" HEIGHT="15" WC="0.96" CONTENT="n:o"/><SP WIDTH="17" VPOS="1458" HPOS="600"/>
							<String ID="string_337" HPOS="617" VPOS="1452" WIDTH="12" HEIGHT="20" WC="0.96" CONTENT="3"/><SP WIDTH="16" VPOS="1452" HPOS="629"/>
							<String ID="string_338" HPOS="645" VPOS="1452" WIDTH="5" HEIGHT="20" WC="0.93" CONTENT="i"/><SP WIDTH="16" VPOS="1452" HPOS="650"/>
							<String ID="string_339" HPOS="666" VPOS="1451" WIDTH="114" HEIGHT="26" WC="0.92" CONTENT="anledning"/><SP WIDTH="14" VPOS="1451" HPOS="780"/>
							<String ID="string_340" HPOS="794" VPOS="1451" WIDTH="23" HEIGHT="21" WC="0.93" CONTENT="af"/><SP WIDTH="8" VPOS="1451" HPOS="817"/>
							<String ID="string_341" HPOS="825" VPOS="1451" WIDTH="77" HEIGHT="27" WC="0.93" CONTENT="nädiga"/>
						</TextLine>
						<TextLine ID="line_37" HPOS="81" VPOS="1479" WIDTH="821" HEIGHT="28">
							<String ID="string_342" HPOS="81" VPOS="1480" WIDTH="157" HEIGHT="27" WC="0.93" CONTENT="propositionen"/><SP WIDTH="16" VPOS="1480" HPOS="238"/>
							<String ID="string_343" HPOS="254" VPOS="1481" WIDTH="108" HEIGHT="26" WC="0.93" CONTENT="angäende"/><SP WIDTH="15" VPOS="1481" HPOS="362"/>
							<String ID="string_344" HPOS="377" VPOS="1486" WIDTH="26" HEIGHT="15" WC="0.93" CONTENT="en"/><SP WIDTH="15" VPOS="1486" HPOS="403"/>
							<String ID="string_345" HPOS="418" VPOS="1479" WIDTH="121" HEIGHT="28" WC="0.91" CONTENT="förordning"/><SP WIDTH="16" VPOS="1479" HPOS="539"/>
							<String ID="string_346" HPOS="555" VPOS="1486" WIDTH="34" HEIGHT="15" WC="0.93" CONTENT="om"/><SP WIDTH="15" VPOS="1486" HPOS="589"/>
							<String ID="string_347" HPOS="604" VPOS="1480" WIDTH="132" HEIGHT="27" WC="0.93" CONTENT="näringarna,"/><SP WIDTH="16" VPOS="1480" HPOS="736"/>
							<String ID="string_348" HPOS="752" VPOS="1481" WIDTH="32" HEIGHT="20" WC="0.92" CONTENT="att"/><SP WIDTH="13" VPOS="1481" HPOS="784"/>
							<String ID="string_349" HPOS="797" VPOS="1479" WIDTH="105" HEIGHT="27" WC="0.92" CONTENT="nemligen"/>
						</TextLine>
						<TextLine ID="line_38" HPOS="82" VPOS="1507" WIDTH="820" HEIGHT="29">
							<String ID="string_350" HPOS="82" VPOS="1508" WIDTH="131" HEIGHT="23" WC="0.92" CONTENT="beträffande"/><SP WIDTH="21" VPOS="1508" HPOS="213"/>
							<String ID="string_351" HPOS="234" VPOS="1509" WIDTH="13" HEIGHT="27" WC="0.84" CONTENT="$"/><SP WIDTH="22" VPOS="1509" HPOS="247"/>
							<String ID="string_352" HPOS="269" VPOS="1510" WIDTH="26" HEIGHT="21" WC="0.96" CONTENT="10"/><SP WIDTH="22" VPOS="1510" HPOS="295"/>
							<String ID="string_353" HPOS="317" VPOS="1511" WIDTH="55" HEIGHT="20" WC="0.93" CONTENT="samt"/><SP WIDTH="21" VPOS="1511" HPOS="372"/>
							<String ID="string_354" HPOS="393" VPOS="1509" WIDTH="11" HEIGHT="27" WC="0.85" CONTENT="&amp;"/><SP WIDTH="22" VPOS="1509" HPOS="404"/>
							<String ID="string_355" HPOS="426" VPOS="1509" WIDTH="25" HEIGHT="21" WC="0.96" CONTENT="13"/><SP WIDTH="19" VPOS="1509" HPOS="451"/>
							<String ID="string_356" HPOS="470" VPOS="1515" WIDTH="62" HEIGHT="16" WC="0.96" CONTENT="mom."/><SP WIDTH="16" VPOS="1515" HPOS="532"/>
							<String ID="string_357" HPOS="548" VPOS="1509" WIDTH="13" HEIGHT="20" WC="0.96" CONTENT="5"/><SP WIDTH="16" VPOS="1509" HPOS="561"/>
							<String ID="string_358" HPOS="577" VPOS="1509" WIDTH="7" HEIGHT="20" WC="0.93" CONTENT="i"/><SP WIDTH="16" VPOS="1509" HPOS="584"/>
							<String ID="string_359" HPOS="600" VPOS="1508" WIDTH="135" HEIGHT="27" WC="0.93" CONTENT="lagförslaget"/><SP WIDTH="15" VPOS="1508" HPOS="735"/>
							<String ID="string_360" HPOS="750" VPOS="1507" WIDTH="99" HEIGHT="23" WC="0.92" CONTENT="vidblifva"/><SP WIDTH="15" VPOS="1507" HPOS="849"/>
							<String ID="string_361" HPOS="864" VPOS="1507" WIDTH="38" HEIGHT="23" WC="0.96" CONTENT="sitt"/>
						</TextLine>
						<TextLine ID="line_39" HPOS="81" VPOS="1537" WIDTH="146" HEIGHT="22">
							<String ID="string_362" HPOS="81" VPOS="1538" WIDTH="58" HEIGHT="21" WC="0.89" CONTENT="förra"/><SP WIDTH="14" VPOS="1538" HPOS="139"/>
							<String ID="string_363" HPOS="153" VPOS="1537" WIDTH="74" HEIGHT="22" WC="0.96" CONTENT="beslut."/>
						</TextLine>
					</TextBlock>
				</ComposedBlock>
			</PrintSpace>
		</Page>
	</Layout>
</alto>
