1081 1803
203 155 55 22 3252
390 159 161 18 Presteståndet
563 159 55 18 1878.
642 160 25 17 10
678 160 89 21 januari.

175 228 47 22 icke
242 228 38 21 bör
299 234 51 15 vara
369 228 24 21 så
408 233 54 22 noga
477 227 49 22 med
540 227 168 22 kristendomens
723 227 44 22 bud
782 227 40 22 och
836 227 80 27 åsigter
930 228 7 21 i
952 227 44 22 allt.

175 257 43 21 Det
238 263 50 15 vore
308 256 133 27 sannerligen
462 255 97 27 ovärdigt
573 258 111 25 presterna
698 256 40 22 och
753 256 156 27 presteståndet
924 257 32 21 att
970 257 28 26 på

176 291 26 16 en
220 285 66 22 sådan
303 285 69 26 grund
386 284 74 27 frångå
476 285 39 21 den
530 284 62 27 åsigt,
608 291 45 15 som
669 285 25 21 de
710 284 53 22 efter
778 286 70 26 moget
864 285 134 22 betänkande

174 313 62 22 hafva
251 313 69 22 fattat.

244 381 70 22 Sedan
330 381 146 22 diskussionen
491 381 86 22 härmed
593 380 113 22 förklarats
718 381 92 22 afslutad
820 381 134 23 framstäldes
966 381 32 22 till

176 410 94 22 ståndets
282 410 130 22 besvarande
427 410 92 26 följande
533 410 140 28 proposition:

244 478 43 22 Vill
308 478 85 22 ståndet
412 478 113 27 godkänna
542 478 116 22 utskottets
673 485 29 15 nu
716 478 142 28 föreliggande
873 478 79 28 förslag
966 479 33 22 till

176 507 203 27 sammanjemkning
393 507 55 22 hvad
464 508 65 26 angår
544 507 11 29 $
566 508 27 20 23
604 508 7 21 i
622 507 40 22 den
673 507 118 27 föreslagna
802 508 196 27 värnepligtslagen,

176 536 52 22 eller
243 536 61 22 icke?
333 536 80 22 Vinner
427 536 41 26 nej,
483 536 40 22 har
538 536 84 22 ståndet
637 536 48 22 med
700 536 136 22 förkastande
848 536 22 22 af
883 536 115 22 utskottets

176 564 78 28 förslag
268 566 8 20 i
291 564 98 22 afseende
404 566 13 20 å
432 565 92 21 nämnda
543 565 99 27 paragraf
658 566 57 20 velat
726 565 92 21 vidhålla
833 566 37 20 sitt
888 565 3 22 i
907 566 93 21 nämnda

176 593 35 22 del
232 593 57 22 förut
308 593 81 21 fattade
410 593 70 21 beslut
494 594 7 20 i
516 594 80 21 hvilket
617 593 37 22 fall
675 600 33 15 om
725 594 59 21 deraf
798 594 111 22 föranledd
924 594 75 28 åtgärd

175 622 96 22 kommer
286 624 32 20 att
333 622 100 21 särskildt
449 622 100 22 beslutas.

244 691 131 21 Besvarades
390 691 48 21 med
455 692 25 20 18
494 691 22 27 ja
531 691 39 21 och
585 692 13 20 9
614 691 32 26 nej
659 691 39 21 och
708 691 104 22 stannade
822 691 84 22 ståndet
916 691 82 22 således

176 719 35 22 vid
226 719 35 22 det
276 719 70 22 beslut
356 721 32 19 att
398 719 112 26 godkänna
520 719 124 27 paragrafen
656 719 65 27 enligt
731 720 115 21 utskottets
857 719 139 23 betänkande.

244 879 100 22 Ståndets
366 879 136 22 medlemmar
520 880 102 21 åtskildes
640 880 51 20 derå
709 880 29 21 kl.
757 881 41 26 2,35
812 880 92 22 minuter
918 880 32 22 för
965 882 32 20 att

175 908 47 22 åter
236 908 158 22 sammanträda
408 908 29 20 kl.
454 908 12 20 6
482 908 53 22 efter
550 908 117 27 middagen.

750 954 21 18 In
782 954 62 18 fidem:

662 988 52 21 Carl
728 988 50 22 Joh.
795 988 133 30 Lindeqvist.
