1073 1803
282 147 159 18 Presteståndet
457 148 54 17 1877.
535 148 23 17 10
571 149 111 17 december.
808 145 55 20 2643

141 216 45 21 Här
208 216 82 21 afbröts
312 216 82 21 talaren
415 216 24 21 af
460 223 25 14 en
509 217 123 26 deputation
648 217 46 21 från
710 218 36 21 det
760 217 132 22 hedervärda

73 244 159 25 bondeståndet,
249 244 75 21 anförd
339 244 23 21 af
373 245 202 26 landtdagsmannea
588 245 105 25 Aschan,
704 252 44 15 som
762 246 130 27 meddelade,

73 276 32 18 att
127 273 35 21 det
184 273 132 21 hedervärda
338 273 84 22 ståndet
442 274 81 26 antagit
539 274 165 27 presteståndets
720 274 124 27 inbjudning
860 277 32 19 att

72 302 73 21 förena
168 301 31 27 sig
220 307 34 15 om
276 301 60 22 detta
357 301 72 22 stånds
449 301 69 22 beslut
534 305 32 18 att
582 305 46 18 utse
644 309 26 14 en
686 303 23 20 af
722 303 37 21 två
774 303 118 22 ledamöter

72 330 38 21 och
127 330 43 21 lika
186 329 75 28 många
276 330 137 27 suppleanter
427 330 32 21 för
475 331 71 26 hvarje
562 331 62 21 stånd
638 331 115 22 bestående
764 331 127 27 delegation,

72 358 84 22 hvilken
172 359 68 21 blefve
255 359 141 27 bemyndigad
411 361 32 19 att
458 359 33 21 till
507 361 61 19 nästa
583 361 143 20 ständermöte
738 360 95 21 anskaffa
842 360 49 21 full-

72 388 84 27 ständig
178 387 78 27 ritning
279 388 39 21 och
340 387 182 29 kostnadsförslag
540 388 33 21 till
588 390 31 20 ett
634 390 7 19 i
657 388 101 22 närheten
774 388 22 22 af
810 389 82 21 riddar-

72 416 60 22 huset
156 416 108 26 placeradt
286 416 133 26 ständerhus,
442 418 55 20 samt
520 416 89 26 besluta,
626 420 32 18 att
674 417 117 22 kostnaden
806 418 33 21 för
854 424 37 15 an-

72 445 108 21 skaffande
196 444 22 22 af
232 445 105 27 ritningar
352 445 40 21 och
405 446 189 27 kostnadsförslag,
610 446 107 21 äfvensom
729 447 33 21 till
774 447 118 25 ersättning

72 474 32 21 för
120 474 269 27 delegationsmedlemmar
403 474 106 22 utbetalas
525 474 55 22 efter
592 474 98 27 pröfning
700 474 24 21 af
733 475 158 21 bankfullmäk-

71 502 42 27 tige
136 502 46 22 från
202 502 101 22 Finlands
318 502 66 26 Bank,
400 503 66 21 likväl
481 504 67 20 under
563 503 116 26 uttalande,
695 504 31 20 att
742 504 148 20 ständerhuset

71 531 46 22 icke
135 530 91 22 behöfde
241 531 130 27 nödvändigt
386 532 100 26 uppföras
501 532 27 26 pä
544 532 39 20 den
599 533 95 20 närmast
709 532 31 21 till
756 532 135 21 riddarhuset

70 560 90 26 belägna
172 562 88 23 tomten,
272 562 50 19 utan
334 560 147 26 nägonstädes,
492 560 70 21 sävidt
571 560 83 27 möjligt
665 566 55 19 vore,
731 561 7 20 i
750 561 47 21 dess
807 561 83 24 närhet,

72 589 6 20 i
94 588 168 22 bestämmandet
278 588 22 22 af
314 588 85 21 hvilken
409 588 56 27 plats
476 588 146 27 delegationen
633 589 107 21 lemnades
752 589 40 21 fria
802 589 87 21 händer.

140 662 69 21 Sedan
232 663 150 27 deputationen
404 663 111 21 betackats
530 663 23 21 af
569 663 48 22 herr
632 663 158 22 talmannen
805 663 39 22 och
860 663 32 21 af-

71 691 63 26 trädt,
150 691 100 22 fortsatte

139 732 135 26 domprosten
296 732 132 20 Renvall:
459 732 40 21 Till
519 732 52 27 följd
586 732 23 20 af
622 732 41 25 sin,
679 732 69 21 säsom
763 733 43 25 mig
821 738 69 21 synes,

72 760 187 27 missuppfattning
281 760 23 21 af
324 760 243 28 frivillighetsprincipen
590 761 39 21 och
652 761 47 21 dess
714 760 134 28 tillämpning
863 761 29 26 pä

71 788 100 22 värfvade
188 791 86 24 trupper
290 788 38 22 har
342 791 73 25 pastor
431 789 57 21 Öller
503 789 83 27 antagit
600 789 47 21 från
663 792 170 18 reservanteruas
848 789 43 21 för-

72 818 45 26 slag
132 818 40 21 den
188 818 62 20 klena
266 817 66 26 sidan,
349 818 39 20 den
404 817 60 27 ringa
480 818 98 21 värfvade
592 820 67 24 trupp,
671 824 45 14 som
727 818 37 20 der
774 820 116 24 uppsättes,

71 846 39 21 och
132 846 28 27 pä
182 846 84 27 hvilken
289 846 65 21 likväl
376 846 180 21 fäderneslandets
577 846 109 27 värnande
705 846 101 21 särskildt
823 846 67 22 skulle

72 875 61 21 stöda
156 875 37 27 sig.
223 874 68 22 Äfven
315 875 35 20 det
372 876 48 24 sätt,
443 874 27 27 pä
491 875 80 21 hvilket
587 877 72 25 pastor
673 875 58 21 Oller
746 875 98 27 antydde,
860 877 32 19 att

72 904 67 21 denna
162 903 124 27 frivillighet
308 903 68 21 skulle
399 904 117 24 realiseras,
532 906 32 18 att
582 903 104 27 nemligen
701 903 73 27 hvarje
790 904 101 21 kommun

72 932 67 22 skulle
160 932 107 27 uppställa
286 934 32 19 ett
332 932 52 21 visst
400 932 57 21 antal
472 938 107 21 personer,
595 938 50 15 vore
660 932 55 21 blott
730 935 32 19 att
776 932 69 21 införa
861 935 31 18 ett

71 961 233 27 entreprenadväsende
318 961 7 20 i
341 960 71 27 hvarje
427 961 108 25 kommun,
552 962 19 20 d.
587 968 19 14 v.
622 968 16 14 s.
654 962 32 20 att
696 961 21 21 fä
727 967 107 21 personer,
846 967 44 15 som

72 990 32 22 för
128 990 35 21 det
185 990 78 21 minsta
281 989 86 27 möjliga
382 989 49 27 vilja
447 989 62 28 ätaga
525 990 32 26 sig
573 990 39 21 den
628 990 168 26 medborgerliga
812 990 79 26 pligten

72 1022 32 18 att
124 1020 66 20 värna
210 1018 177 26 fäderneslandet,
405 1019 28 26 pä
456 1018 35 21 det
507 1021 32 19 att
553 1018 139 21 kommunens
708 1018 68 28 öfriga
790 1019 102 21 medlem-

71 1054 45 15 mar
138 1047 67 22 mätte
228 1048 68 26 slippa
318 1047 48 21 med
386 1047 39 21 den
441 1048 77 20 minsta
534 1047 86 27 möjliga
636 1047 193 27 penningesumma.
860 1047 32 21 De

71 1076 51 21 sitta
144 1076 26 20 dä
192 1076 83 20 hemma
290 1076 7 20 i
313 1076 46 20 sina
374 1076 124 20 kommuner
513 1076 39 21 och
568 1076 35 21 två
619 1077 45 19 sina
679 1075 81 22 händer
775 1076 40 20 och
830 1082 62 15 mena

71 1107 41 18 att:
129 1104 84 24 utföra
228 1105 25 20 de
269 1104 94 27 krigiska
379 1104 96 27 bragder,
491 1104 23 21 sä
530 1107 23 18 är
568 1104 36 21 det
612 1104 82 25 ganska
704 1104 59 26 bra*;
774 1104 80 21 kanske
866 1104 26 20 de

72 1133 63 21 också
157 1135 50 25 taga
229 1133 32 21 sin
284 1133 61 20 andel
366 1132 6 21 i
391 1134 57 19 äran.
479 1132 57 21 Göra
555 1133 25 21 de
596 1133 36 21 det
646 1132 52 26 icke,
714 1133 63 26 tycka
792 1133 36 20 de:
844 1133 48 26 ,det

72 1168 36 14 var
131 1161 47 21 icke
200 1161 24 21 sä
241 1163 44 19 stor
300 1161 67 21 skada
382 1161 27 26 pä
425 1161 35 22 det
476 1161 36 21 der
527 1161 122 26 sällskapet,
666 1167 44 16 som
727 1161 101 26 härifrån,
844 1161 47 21 från

71 1191 51 20 vära
142 1191 131 24 kommuner,
294 1190 109 25 försvann;
423 1196 49 15 man
491 1191 42 20 kan
554 1190 34 21 väl
610 1191 56 20 sätta
686 1196 42 21 upp
743 1189 66 27 nägra
824 1190 67 21 andra

72 1219 72 27 dylika
159 1225 100 21 personer
275 1219 93 24 äterigen
383 1219 34 20 vid
432 1219 97 27 lämpligt
545 1218 103 21 tillfälle.*

141 1247 82 22 Doktor
233 1247 101 22 Lindelöf
343 1247 38 21 har
391 1247 117 22 framhållit
518 1259 28 4 —
554 1247 39 22 och
605 1247 35 21 det
650 1247 81 27 ganska
739 1249 44 19 rätt
792 1259 24 3 —
826 1247 66 27 några

72 1277 80 27 vigtiga
179 1277 176 25 modifikationer,
378 1282 44 15 som
448 1276 114 21 utskottets
588 1276 134 21 betänkande
744 1276 56 27 gjort
822 1276 6 20 i
852 1276 40 21 den

72 1305 119 27 Kejserliga
201 1305 164 26 propositionen,
382 1305 135 26 hvarigenom
532 1305 106 21 utskottet
653 1305 48 20 sökt
716 1305 53 20 efter
784 1305 31 20 sin
830 1304 62 21 bästa

72 1333 95 27 förmåga
183 1333 177 27 fullständiggöra
379 1333 40 21 den
439 1333 169 27 värnepligtside,
625 1339 45 16 som
691 1333 7 20 i
719 1333 39 20 den
774 1333 118 26 Kejserliga

72 1363 157 26 propositionen
246 1364 23 19 är
284 1362 88 25 uttalad,
389 1362 29 24 sä,
434 1364 32 19 att
482 1362 39 21 den
533 1363 42 20 kan
588 1364 106 19 motsvara
705 1361 39 21 den
755 1361 137 27 medborger-

72 1391 44 26 liga
138 1390 159 27 uppfattningen
320 1391 24 20 af
364 1397 26 14 en
413 1391 124 26 värnepligt,
559 1392 55 19 samt
636 1390 41 26 det,
698 1395 45 16 som
759 1396 25 15 en
800 1389 92 21 nationel

72 1419 84 21 tillvaro
178 1419 40 21 och
238 1419 74 25 sjelfva
333 1421 81 19 statens
434 1419 83 21 tillvaro
532 1419 82 26 bjuder,
630 1418 40 22 och
685 1418 86 22 äfvensä
786 1420 106 19 motsvara

73 1447 42 24 det,
130 1453 45 14 som
192 1447 25 20 de
232 1447 98 20 unionela
344 1446 168 21 förbindelserna
527 1447 31 20 tili
574 1446 144 26 kejsardömet
733 1445 22 21 af
769 1452 34 15 oss
814 1445 79 21 kräfva.

73 1475 32 20 Då
128 1481 34 19 nu,
185 1476 69 19 såsom
276 1475 95 25 nämnädt,
389 1474 64 27 enligt
468 1475 116 20 utskottets
599 1474 134 21 betänkande
748 1474 144 25 värnepligten

72 1503 67 27 gäller
157 1503 42 21 alla
214 1509 106 20 personer,
337 1509 44 15 som
396 1503 55 21 blott
467 1504 36 20 äro
519 1503 109 26 förmögna
644 1505 32 18 att
692 1502 52 21 bära
758 1508 73 21 vapen,
847 1507 45 16 som

74 1534 36 20 äro
132 1531 130 28 fullkomligt
283 1531 119 28 kroppsligt
425 1531 108 22 utbildade
556 1531 39 22 och
613 1531 18 27 ej
647 1531 43 22 lida
707 1531 22 21 af
742 1530 70 28 nägon
827 1531 66 21 sädan
