1081 1803
309 147 159 19 Presteståndet
484 149 54 17 1877.
561 149 26 17 29
600 149 112 17 december.
827 143 55 21 3113

160 217 12 26 8
188 218 10 19 1
216 217 39 21 och
271 218 12 20 2
298 216 24 22 af
335 216 215 27 bevillningsstadgan
565 217 129 26 godkändes.

159 273 39 21 Om
214 273 11 27 $
242 274 12 20 3
269 274 91 26 uppstod
375 274 92 26 följande
483 274 130 21 diskussion:

158 330 90 21 Prosten
263 330 101 26 Hjelt:
394 330 72 26 Enligt
481 330 11 27 $
508 330 12 21 3
537 332 36 20 äro
589 330 42 20 alla
647 329 121 27 bankbolag
783 329 127 22 beskattade

90 358 50 21 lika.
173 358 49 21 Men
244 359 35 20 det
304 360 23 19 är
349 359 46 21 icke
417 359 136 26 konseqvent.
588 358 30 27 Ty
640 359 25 20 de
688 358 83 26 privata
793 359 116 25 bankerna,

90 386 72 22 hvilka
183 393 39 20 ega
243 387 103 26 rättighet
368 389 31 19 att
421 387 81 26 utgifva
524 387 76 26 sedlar,
624 393 39 20 ega
683 388 31 20 ett
733 389 54 19 stort
803 387 108 21 företräde

90 415 88 22 framför
200 416 54 26 dem,
274 416 73 21 hvilka
361 416 46 21 icke
423 416 78 26 utgifva
517 416 86 21 sådana.
631 415 41 26 Jag
687 421 62 16 anser
764 415 76 25 derför,
856 417 32 19 att
903 415 7 21 i

90 444 70 21 denna
174 444 102 27 paragraf
289 445 40 20 bör
343 447 63 25 göras
421 447 32 18 ett
468 445 73 26 tillägg
555 445 7 20 i
578 445 37 20 det
628 444 60 27 syfte,
701 446 33 19 att
745 444 25 21 de
783 444 126 26 bankbolag,

90 473 72 21 hvilka
176 473 80 26 utgifva
271 473 77 26 sedlar,
365 473 52 21 böra
433 473 84 26 åläggas
533 480 25 14 en
574 473 59 26 afgift
649 473 22 21 af
685 473 12 20 2
713 479 38 20 per
766 473 56 21 mille
838 473 22 21 af
875 473 36 20 det

90 501 76 50 böpsta
187 502 77 27 belopp
286 502 23 21 af
330 502 26 21 de
377 502 68 21 under
466 502 125 27 föregående
612 501 46 22 året
673 501 6 21 i
695 502 78 21 rörelse
788 502 122 21 utlemnade

91 536 75 15 sedlar.

159 587 111 22 Professor
292 588 127 21 Donner:
451 588 40 21 Det
516 589 23 20 är
561 587 122 27 visserligen
706 587 46 21 icke
775 587 68 26 någon
869 587 42 26 hög

91 616 67 27 afgift,
182 623 44 14 som
249 618 88 25 prosten
359 617 58 26 Hjelt
432 617 99 25 föreslår;
547 623 47 15 men
608 616 37 27 jag
659 616 42 21 kan
717 616 46 21 icke
779 616 44 21 inse
839 618 70 22 annat,

91 647 27 19 än
138 647 34 19 att
187 645 88 21 sålunda
290 647 31 19 ett
337 645 68 27 dylikt
419 645 121 27 bankbolag
555 646 83 20 komme
653 647 32 18 att
700 644 110 27 tvåfaldigt
825 645 86 20 beskat-

90 676 40 19 tas.
160 674 140 26 Naturligtvis
324 674 99 25 bidrager
445 674 128 26 rättigheten
592 675 32 19 att
639 673 80 26 utgifva
735 673 70 21 sedlar
820 674 6 20 i
842 675 68 19 större

90 703 53 26 grad
165 702 33 21 för
220 705 30 18 ett
270 703 77 20 sådant
363 703 62 26 bolag
440 702 32 21 till
487 709 25 14 en
528 703 106 20 blifvande
649 703 60 22 vinst,
727 702 38 21 och
783 702 26 20 då
825 702 86 25 bolaget

92 731 95 26 erlägger
211 730 113 27 bevillning
344 730 33 22 för
398 731 69 21 denna
482 730 48 22 hela
545 731 60 25 vinst,
622 736 61 20 synes
699 730 35 20 det
750 730 33 20 väl
798 730 46 20 icke
861 736 50 14 vara

92 760 88 20 alldeles
202 759 74 27 billigt,
300 761 32 19 att
352 760 36 20 det
403 760 107 20 dessutom
526 759 67 21 skulle
609 759 85 26 erlägga
709 759 66 21 sådan
790 758 33 21 för
837 758 74 26 sjelfva

91 788 130 25 rättigheten
236 790 33 18 att
284 788 95 21 bedrifva
393 788 31 20 sin
441 788 78 20 rörelse
535 788 61 20 äfven
611 794 75 19 genom
700 787 121 25 utgifvande
831 788 23 19 af
865 787 46 21 sed-

91 816 39 26 lar,
146 816 87 21 emedan
250 817 68 20 denna
333 818 60 19 extra
414 816 113 26 bevillning
542 816 82 21 således
639 816 67 20 skulle
722 816 64 20 blifva
801 815 55 21 blott
872 815 39 21 och

92 845 49 21 bart
163 851 25 15 en
210 844 90 21 särskild
322 844 61 27 afgift
404 844 33 21 för
456 845 128 26 rättigheten
607 846 32 19 att
659 844 80 26 utgifva
756 844 75 20 sedlar.
862 844 49 20 Men

91 873 72 21 härtill
186 873 96 21 kommer
303 874 64 24 ännu,
387 875 32 19 att
443 873 36 21 det
500 874 60 20 torde
575 879 52 15 vara
642 872 83 27 mycket
740 872 58 21 svårt
813 874 32 19 att
860 872 51 21 kon-

91 902 94 22 trollera.
215 902 50 21 Man
279 904 36 18 vet
330 901 129 27 visserligen,
475 902 55 20 huru
545 903 55 19 stort
616 901 75 26 belopp
707 901 98 26 möjligen
821 901 41 20 kan
878 902 33 19 ut-

91 930 67 28 gifvas
173 930 23 22 af
209 936 40 20 nya
264 930 77 21 sedlar.
371 930 48 21 Men
435 930 42 21 alla
493 930 31 26 de,
540 936 45 15 som
601 930 49 26 löpa
664 930 21 20 in
701 930 90 21 tillbaka
805 929 7 21 i
828 929 83 21 banken

92 960 40 20 och
153 959 49 27 löpa
218 959 90 22 derifrån
324 961 24 19 ut
363 959 54 27 igen,
434 959 67 21 skulle
517 958 100 25 medföra,
634 964 61 21 synes
711 958 35 21 det
761 958 48 26 mig,
825 964 26 14 en
867 960 45 19 stor

92 988 113 26 svårighet,
228 988 38 21 och
286 988 39 20 den
346 987 60 24 vinst,
423 994 48 14 man
488 988 85 24 erhölle,
589 987 68 21 skulle
673 987 107 21 sannolikt
795 986 46 22 icke
856 986 34 21 stå
905 986 6 21 i

91 1018 65 25 något
172 1016 131 22 förhållande
319 1016 32 22 till
366 1016 159 26 svårigheterna
539 1016 33 20 vid
589 1016 148 26 beräkningen,
754 1022 33 14 om
803 1022 48 14 man
865 1015 47 21 icke

91 1046 87 26 utginge
198 1045 47 21 från
268 1045 41 21 den
332 1045 139 27 synpunkten,
489 1047 32 19 att
536 1044 65 26 något
616 1044 74 26 afdrag
705 1044 40 21 alls
759 1044 46 21 icke
822 1044 90 21 behöfde

92 1074 38 21 der
153 1074 84 20 komma
254 1074 7 20 i
283 1073 60 27 fråga
363 1073 61 20 äfven
446 1073 33 20 för
502 1074 39 20 den
561 1073 164 25 sedelemission,
749 1079 44 14 som
813 1073 61 25 ginge
889 1072 22 20 in

92 1102 96 25 tillbaka,
210 1108 33 15 om
267 1102 40 21 den
331 1102 39 21 ock
391 1108 49 15 vore
464 1103 56 20 ännu
542 1103 75 25 större,
639 1103 26 19 än
684 1101 84 21 banken
783 1101 67 21 under
865 1101 46 20 året

92 1131 39 21 har
146 1131 90 26 utgifvit.

98 1195 1 3 |
160 1188 110 21 Professor
294 1188 154 21 Forsman:
479 1187 40 26 Jag
541 1187 38 21 ber
598 1189 31 18 att
644 1186 21 21 få
680 1186 130 21 understöda
825 1188 87 25 prosten

92 1217 64 27 Hjelt.
188 1217 104 21 Fördelen
313 1217 22 20 af
355 1218 32 19 att
406 1216 21 21 få
449 1217 80 26 utgifva
547 1216 69 21 sedlar
637 1217 23 19 är
683 1222 24 14 en
729 1215 64 21 bland
817 1216 26 20 de
857 1218 73 23 mest
922 1211 13 37 .

93 1245 155 27 vinstgifvande
263 1245 33 21 för
312 1251 25 15 en
353 1245 68 26 privat
436 1245 179 25 bankinrättning.
646 1244 45 20 Den
707 1245 24 19 är
747 1244 84 26 specielt
846 1245 66 20 vinst-

92 1274 99 26 gifvande
207 1274 77 24 derför,
300 1275 32 19 att
348 1279 25 15 en
395 1274 65 20 sådan
476 1274 69 25 privat
560 1272 174 26 bankinrättning
749 1272 46 21 icke
811 1272 102 21 behöfver

92 1315 28 3 -—
141 1302 81 22 hvilket
245 1302 95 21 deremot
361 1304 24 18 är
406 1302 60 21 fallet
488 1302 48 20 med
559 1301 138 21 statsbanken
713 1313 27 3 -—
756 1300 69 22 såsom
840 1300 73 22 valuta

92 1331 34 21 för
150 1331 32 21 sin
206 1330 156 22 sedelemission
382 1330 63 21 ställa
461 1330 78 25 metall,
555 1330 39 21 och
609 1332 33 18 att
657 1330 40 20 den
713 1329 41 21 kan
770 1330 95 26 begagna
879 1329 33 21 till

94 1366 25 14 en
140 1361 45 19 stor
204 1359 32 21 del
252 1359 156 21 räntebärande
423 1365 80 20 papper
518 1360 69 20 såsom
603 1358 71 21 valuta
689 1358 39 21 och
743 1358 88 21 sålunda
847 1358 66 26 draga

92 1390 64 19 ränta
178 1387 26 27 på
226 1394 25 14 en
272 1388 55 26 gång
348 1388 22 20 af
389 1388 36 20 det
446 1388 86 26 kapital,
551 1393 44 15 som
612 1387 40 20 den
669 1386 38 21 har
722 1387 69 20 såsom
806 1386 107 24 säkerhet,

93 1416 40 22 och
153 1416 22 21 af
194 1416 48 21 hela
258 1416 40 21 den
314 1416 115 26 utlöpande
444 1416 151 20 sedelstocken.
626 1415 11 20 I
651 1415 99 21 afseende
765 1416 13 19 &
793 1414 120 26 sedelutgif-

93 1443 170 27 ningsförmänen
281 1444 33 20 stä
337 1446 58 18 utom
417 1443 29 21 all
472 1443 60 26 fräga
554 1443 184 26 privatbankerna,
763 1443 67 20 ehuru
851 1443 63 20 deras

94 1472 157 21 sedelemission
266 1472 68 21 mäste
349 1477 51 15 vara
414 1471 124 26 begränsad,
552 1471 64 20 likväl
627 1471 6 20 i
645 1477 24 14 en
680 1470 165 26 fördelaktigare
855 1469 58 22 ställ-

93 1501 57 26 ning,
173 1502 26 19 än
222 1501 145 24 statsbanken,
389 1500 20 21 d.
431 1506 19 15 v.
466 1507 15 14 s.
496 1499 138 22 statsbanken
649 1500 24 19 är
689 1499 46 24 den,
751 1505 46 15 som
812 1504 102 15 ansvarar

94 1529 41 28 för,
150 1531 32 20 att
198 1530 35 21 det
248 1529 131 22 kurserande
393 1531 81 26 myntet
489 1529 39 21 har
542 1528 113 27 tillräcklig
671 1528 103 21 stabilitet
789 1527 39 22 och
841 1527 73 22 säker-
