1073 1800
267 148 160 18 Presteståndet
440 149 54 18 1877.
518 150 13 16 3
544 150 113 17 december.
795 144 55 21 2419

58 223 61 15 anses
140 216 94 27 utjemna
256 216 127 27 hvarandra,
404 217 39 21 och
464 224 34 14 om
517 218 100 21 liknande
632 217 147 22 förhållanden
794 218 86 22 komma

58 247 33 20 att
112 251 40 20 ega
172 250 53 21 rum,
242 245 65 21 borde
323 245 83 21 banken
421 246 68 21 under
504 246 40 21 den
559 246 126 21 kommande
700 245 179 28 femårsperioden

58 275 52 26 göra
132 279 26 15 en
181 273 56 22 vinst
259 273 24 21 af
303 274 128 21 åtminstone
448 276 9 19 1
475 274 80 21 million
577 275 73 26 hvarje
665 275 30 20 år.
725 275 40 21 Vid
781 275 63 21 slutet
858 275 23 22 af

58 303 40 21 den
114 308 28 15 nu
157 302 127 21 kommande
300 303 178 26 femårsperioden
494 303 65 21 borde
575 303 88 25 således,
679 303 65 26 enligt
757 309 25 16 en
796 304 84 26 mycket

58 331 35 27 låg
114 331 123 26 beräkning,
262 331 83 21 banken
367 331 123 27 ytterligare
513 331 64 22 hafva
599 338 26 15 en
639 331 56 22 vinst
709 332 24 21 af
747 333 12 20 5
775 332 105 22 millioner

57 359 68 22 mark.
151 360 38 21 Att
204 359 115 22 ständerva
333 360 28 26 på
376 359 69 22 denna
460 359 107 23 blifvande
580 361 61 25 vinst,
652 359 62 22 äfven
725 367 34 15 om
770 361 26 21 de
805 363 74 26 uttoge

58 389 44 25 allt,
124 388 55 21 hvad
201 394 28 15 nu
250 388 65 21 redan
331 388 66 21 finnes
413 389 135 26 disponibelt,
565 389 67 22 skulle
648 389 72 22 anvisa
735 391 31 19 ett
781 389 98 25 förskott,

58 417 68 22 finner
138 417 37 28 jag
190 417 47 21 icke
252 423 50 16 vara
317 417 72 22 alltför
401 417 85 28 vägadt.
511 417 49 22 Men
571 418 76 21 sädant
658 419 25 20 är
693 418 47 22 icke
751 424 36 15 ens
798 419 80 26 nödigt,

58 446 28 22 dä
101 446 27 21 de
149 447 72 20 kunna
243 446 73 21 anvisa
335 447 58 20 detta
415 446 91 22 förskott
521 447 28 26 pä
564 447 40 21 den
620 447 134 21 äterstäende
769 447 110 22 millionen

58 475 23 22 af
102 475 26 21 de
150 475 154 26 odisponerade
326 476 146 24 vinstmedlen,
496 481 44 16 som
565 476 23 21 af
602 477 161 20 statsutskottet
778 476 46 21 icke
838 477 40 20 har

56 504 66 27 tagits
138 504 6 21 i
159 503 98 28 anspräk.
283 504 77 21 Dertill
377 504 38 22 bör
429 506 56 19 ännu
500 504 101 28 päpekas,
617 507 32 19 att
660 504 69 22 denna
739 511 82 15 summa
831 505 47 22 icke

56 533 69 21 skulle
146 535 86 24 uttagas
247 533 47 21 med
311 539 42 20 ens,
369 534 51 21 utan
436 533 7 21 i
455 533 84 22 mindre
554 537 83 24 poster;
663 536 33 19 att
711 533 81 22 säledes
807 541 26 14 en
843 536 35 19 ut-

56 562 109 27 betalning
181 562 22 21 af
217 562 97 28 möjligen
327 568 39 21 par
378 561 83 22 hundra
471 564 61 19 tusen
543 563 60 21 mark
613 569 35 14 om
659 562 45 22 äret
715 562 68 22 skulle
793 563 86 21 komma

56 591 7 21 i
79 591 66 28 fråga.
175 591 50 21 Men
247 593 32 19 att
302 591 33 21 för
355 591 70 21 denna
447 591 64 27 utgift
533 592 63 21 vinna
614 591 71 27 målet,
700 593 31 20 ett
746 592 132 26 ständerhus,

56 626 45 16 som
117 620 68 21 skulle
201 620 143 21 sammanföra
359 620 26 22 de
400 620 104 21 särskilda
519 620 96 26 ständen,
631 620 23 22 sä
669 623 32 19 att
714 620 25 22 de
749 621 71 21 kunde
828 621 49 21 med

56 650 68 20 större
146 649 152 26 skyndsamhet
320 648 97 22 bedrifva
435 649 118 21 ärendenas
568 649 62 27 gång,
644 655 62 22 synes
721 649 44 27 mig
779 656 51 15 vara
846 652 31 19 ett

56 677 49 25 mäl,
121 677 34 21 väl
170 677 61 21 värdt
247 684 25 14 en
287 677 66 21 sädan
368 677 126 28 uppoffring.
524 678 33 21 De
571 678 98 21 enskilda
683 678 120 26 punkterna
819 678 6 21 i
841 678 37 21 det

55 705 75 28 gjorda
152 706 101 27 förslaget
276 707 71 20 kunna
368 706 23 27 ju
413 706 131 27 modifieras;
579 713 48 14 men
648 708 32 19 att
703 707 44 20 deri
768 707 39 21 bör
828 707 50 26 ingä

56 735 61 21 äfven
136 735 80 26 förslag
239 741 34 15 om
296 735 109 21 inlösande
427 734 24 21 af
471 734 141 27 riddarhuset,
628 741 61 21 synes
704 735 44 27 mig
762 741 51 16 vara
826 735 53 21 nöd-

56 764 93 27 vändigt.
178 763 30 27 Ty
224 770 33 15 om
273 770 48 15 man
337 763 90 27 fordrar,
443 765 32 19 att
490 764 42 21 alla
548 764 68 25 ständ,
632 764 81 21 säledes
724 764 61 21 äfven
797 764 82 21 ridder-

56 793 76 26 skapet
148 792 40 21 och
203 793 68 23 adeln,
287 792 60 21 skola
362 799 51 14 vara
428 792 48 21 med
491 799 34 14 om
539 795 31 19 ett
583 793 74 26 anslag
667 792 33 21 för
710 795 31 18 ett
751 793 46 24 hus,
808 792 70 22 afsedt

56 821 34 22 för
112 821 26 21 de
159 824 33 18 tre
212 821 77 21 ofrälse
310 821 95 26 stånden,
427 823 24 18 är
466 821 36 21 det
516 821 34 21 väl
565 823 44 20 rätt
623 821 41 22 och
679 821 74 27 billigt,
769 823 32 20 att
816 821 62 22 äfven

56 852 33 19 ett
104 850 69 27 dylikt
187 850 74 27 anslag
276 851 61 25 göres
352 850 7 21 i
375 849 55 22 form
441 849 24 22 af
473 850 81 21 inlösen
565 849 24 22 af
597 850 147 27 ridderskapet
754 850 39 22 och
804 850 74 22 adelns

55 885 29 15 nu
99 879 65 21 redan
179 879 134 21 existerande
329 879 46 21 hus.

124 935 112 22 Professor
275 941 124 16 Forsman:
429 935 73 22 Ehuru
514 935 39 28 jag
567 935 33 22 för
614 936 44 21 min
674 935 33 22 del
717 936 47 21 icke
774 935 36 22 vill
822 936 56 21 neka

55 964 71 27 vigten
141 964 28 25 af,
185 966 32 19 att
232 967 31 18 ett
278 965 131 26 gemensamt
430 964 127 21 ständerhus
572 965 68 22 skulle
656 964 165 27 ästadkommas,
836 965 40 21 och

55 999 67 20 anser,
146 995 33 20 att
200 993 159 27 presteständet
374 993 39 21 har
428 993 36 21 det
479 993 77 21 minsta
577 993 69 22 skälet
662 993 62 22 bland
739 993 89 22 ständen
844 995 32 20 att

54 1024 104 19 motsätta
172 1022 33 27 sig
220 1024 31 19 ett
266 1022 77 21 sådant
358 1022 104 27 syftemäl,
478 1022 88 22 emedan
582 1023 59 21 detta
657 1022 62 21 stånd
737 1023 34 20 väl
782 1024 24 19 är
818 1022 58 22 öfver

56 1051 82 21 hufvud
153 1051 35 21 det
203 1053 66 19 sämst
290 1051 106 26 logerade,
412 1057 63 15 anser
487 1051 37 27 jag
539 1051 65 22 likväl
620 1051 18 26 ej
655 1051 64 21 saken
735 1051 22 21 af
769 1051 70 26 nägon
854 1051 24 22 sä

56 1080 108 27 synnerlig
184 1079 51 27 vigt,
255 1081 32 20 att
306 1079 33 22 för
362 1079 122 22 densamma
498 1080 65 27 nägot
579 1080 6 21 i
602 1080 40 21 den
657 1079 110 22 finansiela
782 1079 95 22 stäilnin-

56 1115 52 21 gens
130 1108 100 22 säkerhet
250 1108 67 21 borde
339 1108 98 21 riskeras.
467 1108 61 21 Hvad
550 1109 25 21 de
598 1108 115 27 tillgängar
733 1107 96 25 beträffa,
844 1108 34 21 till

56 1137 72 21 hvilka
150 1136 107 28 professor
279 1138 86 20 Donner
386 1136 39 22 har
439 1136 104 28 hänvisat,
559 1137 36 21 vill
609 1137 37 27 jag
661 1136 33 22 till
709 1143 26 15 en
750 1136 74 26 början
839 1143 35 15 an-

56 1165 80 27 märka,
152 1167 32 19 att
199 1167 31 19 ett
245 1165 115 22 anvisande
375 1165 63 21 äfven
449 1166 55 20 blott
514 1165 136 22 förskottsvis
660 1166 28 26 pä
697 1165 102 21 Finlands
809 1165 67 22 banks

56 1194 108 22 blifvande
179 1194 56 21 vinst
249 1194 47 22 icke
311 1194 23 21 af
348 1194 43 27 mig
406 1194 42 21 kan
463 1194 130 27 godkännas.
623 1194 40 27 Jag
679 1200 68 20 anser,
759 1195 32 20 att
801 1194 75 21 sädant

56 1223 19 27 ej
91 1223 39 22 bör
152 1223 67 21 under
240 1224 67 27 nägra
328 1223 69 22 vilkor
417 1224 85 21 komma
524 1223 75 28 ifräga,
621 1223 63 21 äfven
699 1223 78 26 derför,
791 1225 38 25 att,
842 1229 35 15 om

56 1251 62 22 äfven
141 1253 55 20 vinst
219 1253 47 20 med
288 1252 100 26 temligen
411 1252 99 21 säkerhet
525 1252 41 21 kan
582 1251 106 28 päräknas
704 1252 66 21 under
783 1251 39 22 den
838 1251 39 22 föl-

53 1281 65 27 jande
142 1281 185 26 femärsperioden,
352 1279 62 22 äfven
437 1281 36 20 det
494 1281 39 21 bör
554 1281 153 26 ihägkommas,
729 1282 31 19 att
775 1280 101 21 Finlands

56 1309 57 22 bank
134 1310 40 21 bör
195 1309 72 22 kunna
287 1309 25 22 är
333 1309 34 21 för
389 1309 24 22 år
428 1309 6 21 i
450 1309 39 21 allt
506 1311 68 20 större
589 1309 52 27 grad
656 1309 113 24 tillgodose
784 1309 40 21 den
839 1309 37 21 sti-

56 1339 68 26 gande
139 1337 94 22 rörelsen
248 1339 6 20 i
270 1338 79 21 landet.
378 1338 63 21 Hvad
457 1338 46 21 äter
518 1338 131 21 vidkommer
665 1338 25 21 de
701 1337 119 28 tillgängar,
830 1343 46 16 som

56 1367 69 22 skulle
146 1367 68 21 finnas
228 1367 8 21 i
251 1367 40 21 den
312 1366 119 25 bankvinst,
454 1373 45 15 som
521 1367 65 21 redan
602 1366 121 26 förefinnes,
739 1366 37 21 vill
789 1367 36 26 jag
840 1371 37 16 an-

56 1396 82 24 märka,
160 1397 39 24 att,
220 1402 34 15 om
275 1395 38 22 der
335 1395 108 27 verkligen
465 1394 61 23 äfven
547 1395 68 21 finnes
631 1396 10 20 1
658 1395 80 21 million
755 1406 25 3 —
796 1394 82 22 hvilket

55 1424 108 27 professor
178 1424 87 20 Donner
279 1423 74 26 riktigt
367 1424 40 21 har
421 1423 125 26 kalkylerat,
562 1423 106 21 mähända
682 1424 48 19 med
745 1423 48 20 litet
802 1423 75 26 afdrag

56 1452 23 22 af
92 1452 56 21 hvad
162 1452 120 21 bankhuset
297 1451 42 21 kan
354 1451 63 22 kosta
432 1451 59 22 öfver
506 1458 25 14 en
547 1451 47 21 half
607 1451 81 21 million
699 1463 27 3 —
736 1453 25 19 är
776 1451 35 21 det
822 1451 54 21 dock

56 1487 26 15 en
98 1480 163 27 omständighet,
285 1479 80 28 hvarpä
385 1479 61 21 äfven
465 1480 86 21 ständet
572 1479 105 22 törhända
692 1479 67 21 borde
773 1485 51 15 vara
839 1479 37 21 be-

56 1509 54 22 redt.
140 1509 41 21 Det
201 1515 34 15 ser
255 1508 24 22 af
297 1509 56 21 vissa
368 1508 64 22 bland
448 1507 25 23 de
489 1509 66 20 andra
569 1507 102 22 ständens
686 1508 70 21 beslut
771 1509 24 20 ut
806 1508 70 21 säsom

56 1545 35 16 om
106 1538 115 25 ständerna
235 1538 47 21 icke
297 1537 69 22 skulle
381 1537 85 22 komma
478 1537 32 22 till
524 1537 70 28 någon
609 1537 88 27 endrägt
711 1537 111 31 angående
834 1537 42 22 den
