1078 1811
289 161 160 18 Presteståndet
462 162 54 17 1877.
540 163 23 16 19
577 163 111 16 december.
815 157 53 21 2991

148 230 40 21 och
206 230 68 21 skulle
289 230 74 22 härom
379 231 18 26 ej
413 231 80 20 mindre
510 231 236 26 värnepligtsutskottet
761 233 26 20 än
803 231 98 26 samtliga

79 258 138 21 medstånden
233 258 6 21 i
255 258 48 27 öflig
318 261 40 24 väg
372 259 141 21 underrättas.

147 401 40 21 Till
203 401 86 21 fortsatt
303 402 129 26 granskning
446 401 94 28 företogs
555 402 51 22 derå
618 402 147 27 ridderskapet
776 402 39 22 och
826 403 74 21 adelns

78 430 126 27 inbjudning
223 429 32 22 till
274 431 157 25 presteståndet
449 432 33 19 att
499 431 74 26 frångå
597 431 46 21 sina
657 431 35 21 vid
706 431 155 27 behandlingen
878 432 24 19 af

78 458 151 27 lagutskottets
251 458 134 22 betänkande
407 465 33 15 n:o
463 460 26 20 14
509 459 6 21 i
535 459 113 27 anledning
667 459 21 22 af
706 459 60 22 Hans
781 460 119 27 Kejserliga

77 487 113 26 Majestäts
214 487 77 26 nådiga
316 487 131 27 proposition
473 494 33 15 om
535 488 162 27 dissenterlagar
719 488 82 21 fattade
823 488 75 22 beslut.

77 516 115 26 Angående
212 516 99 26 förslaget
326 515 32 22 till
372 516 138 27 ,förordning
525 523 34 14 om
574 519 43 19 rätt
632 517 32 21 för
679 517 68 21 finska
761 517 139 27 medborgare

78 544 23 21 af
119 545 132 21 främmande
273 545 92 20 troslära
382 548 32 19 att
428 545 91 22 bekläda
534 546 96 21 embeten
646 546 39 21 och
702 546 88 27 tjenster
805 546 7 21 i
827 547 72 20 landet

77 575 55 19 samt
156 579 34 15 om
212 573 150 26 medborgares
383 575 44 20 rätt
450 580 44 15 som
517 575 33 20 vid
573 574 114 27 öfvergång
706 575 32 21 till
757 575 46 21 icke
819 575 79 21 kristen

76 602 93 20 troslära
184 602 129 22 bibehälles*
329 603 92 25 uppstod
435 603 92 26 följande
543 603 124 21 diskussion.

145 659 110 21 Professor
273 658 158 23 Ehrström:
462 660 69 22 Sedan
547 660 155 22 bondeståndet
716 660 33 22 för
764 660 31 21 sin
811 660 33 22 del
860 661 40 21 har

77 687 68 27 afböjt
164 688 146 26 ridderskapet
325 688 39 21 och
380 689 73 21 adelns
467 689 124 27 inbjudning
603 689 113 27 föreligger
730 689 53 21 väli
798 688 100 22 afseende

77 717 13 21 å
105 716 36 21 det
160 716 79 27 förslag
260 717 32 21 till
311 723 25 15 en
351 718 247 27 grundlagsförfattning,
614 724 33 15 om
663 718 81 22 hvilket
759 724 30 16 nu
803 720 95 19 närmast

79 746 68 21 mäste
168 745 66 21 blifva
255 746 66 26 fräga,
338 746 60 26 ringa
419 747 66 27 utsigt
500 748 32 20 till
548 749 32 19 att
595 747 61 21 deraf
668 747 68 21 skulle
749 747 72 21 kunna
833 746 65 22 blifva

76 774 41 27 lag,
133 781 48 15 men
197 775 27 21 dä
238 775 65 21 likväl
319 776 156 26 presteständet
489 776 34 21 för
537 776 31 21 sin
584 775 33 22 del
633 782 27 15 nu
672 776 39 20 har
724 776 81 27 antagit
818 776 80 20 ridder-

76 804 76 26 skapet
175 804 39 21 och
236 804 73 21 adelns
332 804 124 28 inbjadning
477 811 61 21 synes
553 805 42 26 mig
610 804 63 22 likväl
688 804 46 22 skäl
750 804 101 27 föreligga
866 806 33 20 att

76 839 48 15 man
140 833 141 21 underkastar
297 833 58 21 detta
370 833 215 27 författningsförslag
599 834 128 26 granskning
742 834 33 20 för
791 833 40 22 den
847 833 52 21 hän-

77 862 57 21 delse
151 864 31 18 att
198 862 155 21 bondeständet
368 864 56 19 ännu
440 863 99 27 möjligen
549 863 28 26 pä
586 863 67 26 grund
664 862 23 22 af
695 862 204 27 sammanjemkning

77 891 68 20 skulle
160 890 85 21 komma
260 893 32 18 att
307 891 66 21 ändra
388 891 31 21 sin
434 891 62 27 äsigt.
519 892 61 20 Hvad
596 891 74 27 sjelfva
684 892 66 20 saken
761 891 66 26 angär
837 897 61 20 synes

76 919 43 26 mig
140 925 51 16 vara
211 919 119 27 uppenbart
349 921 32 20 att
399 920 35 21 det
449 921 25 20 är
489 920 95 26 omöjligt
599 921 32 20 att
645 920 46 21 icke
706 920 50 26 vilja
771 920 128 21 tillerkänna

75 948 68 21 finska
162 948 138 27 medborgare
320 948 124 27 fullständig
462 949 183 26 medborgarerätt
663 949 55 21 blott
732 949 28 27 pä
775 949 40 21 den
829 949 68 27 grund

76 979 32 20 att
123 977 27 21 de
165 977 47 22 icke
227 977 86 21 tillhöra
329 978 40 20 den
384 977 109 22 lutherska
509 978 65 26 läran,
583 977 89 22 oaktadt
683 977 25 22 de
718 978 73 21 kunna
801 977 97 22 bekänna

75 1007 32 26 sig
129 1006 32 21 till
184 1007 68 25 nägon
272 1006 85 27 kristlig
376 1006 87 27 religion
485 1007 38 21 och
545 1007 82 21 säledes
643 1006 32 22 stä
690 1006 27 27 pä
732 1013 82 14 samma
829 1007 68 26 grund

75 1035 40 21 och
131 1035 73 21 botten
220 1040 45 15 som
281 1035 83 21 landets
380 1035 67 27 öfriga
461 1035 134 22 innevänare.
621 1036 33 21 Dä
669 1035 71 21 härtill
756 1036 94 21 kommer
865 1037 33 19 att

75 1064 159 26 lagstiftningen
257 1064 6 20 i
285 1063 98 22 afseende
403 1065 14 20 &
437 1063 56 22 vissa
514 1071 44 15 mer
577 1064 151 27 inflytelserika
746 1064 97 21 embeten
859 1063 39 22 har

75 1093 49 21 sökt
147 1095 32 18 att
197 1094 96 25 uppgöra
316 1093 36 21 sitt
372 1092 77 27 förslag
469 1093 69 21 säsom
554 1095 31 20 ett
600 1093 243 27 öfvergängsstadgande
859 1093 38 20 och

77 1121 75 22 dervid
168 1121 100 27 iakttagit
283 1127 25 16 en
323 1122 42 21 viss
380 1121 120 22 varsamhet
515 1128 61 20 synes
591 1122 43 27 mig
649 1122 46 21 icke
710 1121 65 27 något
785 1121 114 26 väsentligt

76 1151 46 20 skäl
139 1150 102 27 föreligga
256 1151 31 20 att
303 1150 46 21 icke
363 1151 113 26 godkänna
491 1150 61 21 äfven
568 1151 59 21 detta
642 1150 221 27 författningsförslag.

144 1208 91 21 Prosten
258 1208 91 26 Hjelt:
379 1208 43 21 Det
445 1210 23 19 är
490 1208 47 21 icke
556 1208 81 27 kyrkan
657 1210 50 19 utan
728 1208 37 20 det
783 1209 24 19 är
821 1209 75 23 staten,

75 1242 46 16 som
136 1236 101 22 behöfver
253 1236 47 22 stöd
311 1237 22 20 af
343 1243 25 14 en
379 1236 246 27 grundlagsbestämning
638 1237 6 20 i
655 1237 59 21 detta
728 1236 126 23 hänseende,
865 1239 34 18 att

75 1266 63 26 ingen
154 1272 69 14 annan
234 1267 27 19 än
276 1266 47 25 den,
339 1272 45 14 som
399 1266 104 20 erkänner
518 1266 31 26 sig
564 1265 85 21 tillhöra
664 1265 135 27 evangeliska
809 1265 87 26 kyrkan,

75 1296 24 18 är
115 1294 121 26 berättigad
251 1296 32 19 att
299 1294 91 20 bekläda
405 1296 80 19 statens
501 1294 103 21 embeten.
627 1295 39 20 Att
681 1295 23 20 sä
719 1296 24 19 är
758 1294 61 20 fallet
833 1294 64 20 fram-

75 1322 39 27 gär
133 1322 155 26 ovedersägligt
305 1322 61 21 deraf
379 1324 32 19 att
426 1329 49 15 man
491 1324 69 20 ansett
575 1329 25 14 en
616 1322 64 21 sädan
696 1322 134 26 bestämning
845 1322 53 20 böra

75 1351 7 22 i
97 1351 130 26 grundlagen
242 1351 89 27 intagas.
362 1350 80 22 Genom
459 1352 68 20 denna
541 1351 248 27 grundlagsbestämning
805 1351 38 20 har
855 1352 43 19 sta-

75 1382 36 20 ten
133 1380 76 21 erkänt
229 1380 32 26 sig
281 1386 50 15 vara
346 1379 47 21 icke
408 1380 75 21 endast
498 1386 25 15 en
539 1380 80 21 kristen
635 1381 42 19 stat
692 1382 52 18 utan
760 1386 25 15 en
801 1379 96 21 luthersk

75 1410 50 20 stat.
156 1408 58 21 Skall
233 1410 77 25 staten,
327 1408 53 21 efter
395 1410 32 19 att
442 1408 7 21 i
464 1409 42 20 360
521 1408 24 22 är
559 1408 63 21 hafva
637 1408 75 20 erkänt
727 1409 68 20 denna
811 1408 86 26 princip,

76 1444 28 13 nu
123 1436 75 26 frängä
214 1437 121 20 densamma
350 1436 39 20 och
403 1437 72 25 jemka
490 1437 23 19 sä
529 1437 47 19 med
592 1436 31 26 sig
640 1438 31 18 att
686 1436 40 20 den
742 1436 60 20 äfven
818 1435 80 21 tilläter

75 1464 122 22 bekännare
215 1464 22 21 af
251 1465 66 20 andra
332 1464 113 26 religioner
459 1466 33 19 att
507 1464 91 21 bekläda
613 1464 47 20 dess
676 1464 110 21 embeten?
817 1464 41 20 Det
873 1465 24 19 är

75 1492 123 27 visserligen
214 1495 48 18 sant
277 1495 32 18 att
324 1499 49 14 man
388 1492 39 21 har
441 1492 82 21 försökt
539 1495 31 18 att
584 1494 52 24 göra
651 1492 55 20 vissa
721 1491 176 26 inskränkningar

75 1528 48 15 men
139 1521 97 26 omöjligt
251 1521 40 21 kan
307 1527 48 15 man
371 1521 6 20 i
392 1521 91 26 längden
499 1521 100 21 fasthälla
609 1521 39 20 den
661 1521 141 25 grundsatsen
812 1524 33 17 att
855 1521 43 19 rätt

75 1551 34 21 för
123 1550 131 22 främmande
270 1550 179 21 trosbekännares
464 1549 93 22 tillträde
573 1549 32 22 till
620 1551 80 20 statens
715 1549 98 22 embeten
826 1551 23 19 är
862 1548 35 21 be-
