1073 1803
198 150 55 19 2762
375 153 159 18 Presteståndet
546 155 55 17 1877.
627 155 22 16 12
661 154 113 17 december.

169 222 72 22 hvilka
255 229 105 19 reserven,
376 223 39 20 och
430 223 32 20 för
477 224 32 19 att
524 221 137 26 undandraga
676 223 40 20 den
732 222 72 27 frågan
820 222 38 21 allt
874 222 111 26 godtycke,

169 251 39 22 har
228 250 119 27 föreslagits
367 251 44 26 här,
430 250 88 22 likasom
534 251 6 20 i
557 250 41 21 alla
613 250 193 27 värnepligtslagar,
821 249 97 27 lottning,
935 250 51 21 hvil-

168 280 41 21 ken
229 279 128 22 åtminstone
379 279 17 26 ej
418 279 66 26 gifver
504 279 111 26 anledning
635 279 32 21 till
687 280 63 25 något
766 279 110 27 godtycke,
893 285 33 15 om
943 279 44 21 deri

169 308 60 21 äfven
250 308 67 27 ligger
336 310 31 19 ett
384 308 163 21 hasarderande.
577 307 48 22 Men
646 307 36 22 det
696 307 102 28 antyddes
814 320 27 3 —
854 307 36 27 jag
906 310 45 19 tror
966 307 21 22 af

169 336 106 28 professor
290 337 103 21 Forsman
409 349 27 2 —
452 338 31 19 att
497 336 92 26 lottning
601 335 78 28 jemväl
694 336 27 26 på
737 336 66 21 andra
818 336 168 27 medborgerliga

168 365 58 27 gebit
245 364 120 23 förefinnes.
394 364 32 22 En
448 365 66 21 sådan
533 364 141 27 lottkastning
692 364 67 22 finnes
777 364 32 22 till
825 365 39 21 och
879 365 47 21 med
942 371 44 15 om-

169 394 76 21 nämnd
265 394 6 20 i
293 394 36 21 det
348 393 47 27 Nya
415 393 145 21 Testamentet
580 392 35 22 vid
633 393 114 27 afgörande
763 393 22 21 af
798 393 103 22 särskilda
916 399 71 21 perso-

169 428 48 16 ners
232 422 131 22 anställande
379 423 6 20 i
400 422 92 27 kyrkans
508 422 68 27 tjenst.
608 422 49 21 Man
672 422 32 21 lär
719 422 70 22 derför
804 422 18 28 ej
834 422 71 22 kunna
915 422 69 27 undgå

169 453 32 19 att
221 450 62 22 hafva
304 450 124 28 paragrafen
449 451 44 26 här,
513 451 38 21 och
574 450 35 22 det
628 451 59 21 bästa
706 453 23 19 är
744 453 32 19 att
791 450 62 22 hafva
868 451 60 21 den
921 446 12 36 i
944 451 40 21 den

168 479 63 21 enkla
246 480 60 26 form,
320 480 7 20 i
342 480 85 21 hvilken
443 480 39 20 den
497 486 29 14 nu
541 481 23 19 är
579 479 114 21 framstäld.

237 537 84 21 Doktor
335 536 158 22 Nordström:
522 536 41 27 Jag
578 536 35 21 vill
629 536 18 26 ej
663 536 35 21 vid
713 536 153 28 behandlingen
882 537 22 21 af
919 537 68 21 denna

167 565 100 27 paragraf
279 567 58 25 yttra
353 565 41 27 mig
409 572 34 14 om
459 566 25 20 de
501 565 82 27 möjliga
599 565 139 27 exceptioner,
754 571 45 15 som
815 565 71 21 kunna
900 566 87 26 beviljas

167 594 48 21 från
235 594 154 26 värnepligtens
411 594 122 26 utgörande.
563 593 80 22 Sådant
664 594 38 20 hör
720 593 31 22 till
769 600 75 15 senare
859 594 127 27 paragrafer,

167 622 40 22 och
225 622 127 22 förbehåller
368 622 36 27 jag
424 622 47 27 mig,
488 622 26 22 då
530 622 18 21 vi
563 622 86 22 komma
664 622 31 21 till
711 622 54 27 dem,
781 625 31 19 att
827 622 20 22 få
862 623 68 21 uttala
946 623 41 27 mig

168 652 79 21 derom.
278 652 45 20 Här
343 651 66 27 gäller
429 652 35 20 det
479 651 56 21 blott
549 651 143 26 fördelningen
708 652 23 20 af
744 652 26 21 de
785 652 125 26 uppbådade
925 652 62 21 emel-

167 680 35 21 lan
226 686 95 16 reserven
345 680 38 22 och
407 680 89 21 aktiven.
526 680 40 26 Jag
587 679 42 25 vill,
652 682 32 18 att
705 680 68 21 denna
788 680 118 27 fördelning
920 680 66 22 skulle

168 709 138 21 öfverlemnas
326 710 23 20 åt
368 709 156 20 kommunerna.
557 708 48 21 Man
625 708 38 21 har
684 709 101 26 uppträdt
801 712 55 18 emot
872 709 58 22 detta
945 710 42 20 för-

167 737 52 26 slag,
240 737 62 27 yrkat
320 738 27 26 på
364 737 97 27 lottning.
490 737 41 26 Jag
546 740 35 18 vet
596 737 17 27 ej
630 737 105 21 hvarifrån
751 738 69 21 denna
834 738 107 21 förkärlek
956 737 32 22 för

168 766 91 27 lottning
279 766 38 21 har
338 766 95 21 kommit.
464 766 101 26 Lottning
584 766 40 21 kan
641 766 95 27 vanligen
752 767 68 21 såsom
836 768 31 20 ett
881 766 107 21 ultimum

167 794 116 27 refugium,
301 795 27 21 då
347 795 18 26 ej
387 795 67 21 andra
469 794 67 22 medel
551 794 119 24 förefinnas,
687 795 109 27 tillgripas.
825 795 41 26 Jag
881 795 38 22 har
934 795 53 22 före-

168 823 62 27 slagit
245 823 33 21 val
293 829 75 21 genom
384 823 162 22 kommunernas
561 823 177 22 förtroendemän.
768 823 40 27 Jag
820 826 50 22 tror,
884 826 31 19 att
926 825 62 20 dessa

167 851 72 22 kunna
260 851 43 22 afse
326 851 133 28 billighetens
480 852 120 26 fordringar
622 852 35 21 vid
679 851 141 27 fullgörandet
837 852 23 22 af
873 852 39 21 sitt
926 853 62 21 svåra

167 881 118 26 åliggande.
315 880 74 22 Denna
408 880 61 27 ringa
488 880 63 21 frihet
573 880 64 22 borde
652 887 48 14 man
715 876 49 36 ändå
759 881 153 22 -tillerkänna
927 881 61 22 kom-

167 915 102 16 munerna
291 909 6 21 i
325 909 68 22 denna
421 909 184 27 maktpåliggande
630 909 43 22 sak.
708 909 108 22 Professor
831 910 102 21 Forsman
948 910 40 21 och

169 938 135 26 domprosten
325 937 87 22 Renvall
433 938 71 27 tyckas
522 937 57 27 hylla
595 937 38 22 den
650 938 87 26 åsigten,
753 941 32 18 att
801 938 119 27 derigenom
936 939 51 26 god-

168 967 61 26 tycke
252 966 67 22 skulle
342 966 77 21 infinna
442 967 36 26 sig.
509 966 92 22 Hvarför
620 966 104 27 tillgriper
745 973 47 15 man
814 967 17 26 ej
847 967 91 26 lottning
953 967 34 22 vid

168 995 125 26 afgörandet
307 995 24 22 af
344 995 65 22 andra
424 995 135 22 kommunala
574 995 191 26 angelägenheter?
795 995 48 22 Icke
858 996 66 27 väljer
938 1002 49 15 man

167 1023 218 28 kommunalstyrelse,
412 1024 46 21 icke
483 1024 199 21 kommunalnämnd
704 1030 76 20 genom
802 1025 98 26 lottning.
937 1025 49 21 Man

167 1052 67 27 väljer
254 1053 55 25 dem,
330 1052 31 21 till
384 1052 71 21 hvilka
475 1059 46 14 man
543 1052 39 21 har
601 1053 127 25 förtroende,
744 1059 44 15 som
804 1059 47 15 man
867 1055 45 19 tror
927 1053 60 22 skola

167 1080 44 21 afse
232 1081 138 20 kommunens
392 1081 66 20 bästa.
488 1081 39 26 Jag
548 1081 41 21 kan
612 1081 18 26 ej
651 1081 44 21 inse
714 1082 64 25 något
793 1081 44 21 skäl
854 1081 32 21 till
902 1082 85 20 lottnin-

167 1114 50 20 gens
238 1109 153 26 föredragande
411 1108 92 28 framför,
524 1112 33 18 att
577 1109 144 26 fördelningen
736 1110 49 20 sker
799 1116 75 20 genom
890 1110 26 21 de
932 1112 53 24 män,

167 1137 32 21 för
215 1137 70 21 hvilka
301 1138 125 20 kommunen
443 1138 38 20 har
496 1138 127 21 förtroende.

235 1194 90 20 Prosten
341 1194 74 21 Roos:
446 1194 45 20 Här
504 1194 41 21 har
561 1194 5 20 i
582 1194 41 27 dag
638 1194 67 20 blifvit
718 1194 67 21 taladt
797 1200 34 15 om
844 1197 93 19 samvete
948 1194 39 22 och

167 1222 164 21 samvetsömhet
346 1222 39 22 och
401 1222 96 27 skrupler
512 1224 23 20 så
551 1223 88 27 mycket,
655 1225 32 18 att
699 1222 37 27 jag
751 1223 32 21 väl
799 1225 51 23 tror,
863 1225 32 19 att
908 1223 78 21 kanske

167 1252 31 19 ett
219 1250 44 22 helt
283 1251 25 21 år
325 1252 42 20 kan
382 1251 21 21 få
418 1250 59 27 förgå
492 1252 50 20 utan
558 1253 32 19 att
605 1251 27 27 på
647 1251 69 21 denna
731 1254 34 18 ort
780 1251 61 21 ordet
856 1254 92 19 samvete
964 1252 23 21 så

167 1279 76 27 många
263 1280 79 25 gånger
361 1281 92 20 nämnes.
483 1280 42 21 Det
548 1279 38 22 har
609 1279 67 22 blifvit
696 1280 68 26 sagdt,
785 1281 31 20 att
835 1286 33 15 om
889 1280 97 22 afseende

166 1308 68 21 skulle
249 1308 66 21 fästas
330 1308 27 27 på
372 1308 144 25 samvetsskäl,
532 1308 97 28 skrupler
645 1308 38 22 och
702 1308 77 25 ömhet,
799 1309 23 21 så
833 1308 68 22 skulle
911 1309 77 26 många

166 1336 136 21 samvetslöse
317 1336 84 26 betjena
415 1337 32 25 sig
463 1337 63 24 deraf,
542 1338 31 19 för
589 1339 32 19 att
635 1337 85 20 försöka
735 1337 68 26 slippa
816 1337 39 20 fria
865 1337 46 20 från
921 1337 66 25 krigs-

167 1364 70 26 tjenst.
267 1364 42 20 Det
328 1364 39 20 har
386 1364 46 26 gått
450 1364 23 20 så
488 1363 65 27 långt,
568 1366 32 19 att
615 1370 48 15 man
679 1364 63 21 också
756 1364 39 21 har
810 1364 70 21 anfört
895 1370 92 16 mormo-

166 1392 81 21 nismen
263 1392 69 20 såsom
348 1393 31 20 ett
394 1391 94 27 exempel
504 1392 84 21 hvarför
603 1398 48 15 man
667 1392 38 21 här
719 1393 47 21 icke
778 1392 46 27 just
838 1392 66 22 borde
916 1392 72 23 kunna

166 1420 55 22 fästa
241 1420 32 27 sig
293 1420 35 21 vid
347 1420 132 22 menniskors
500 1423 98 19 samvete.
627 1421 42 21 Det
688 1421 39 21 har
742 1421 66 22 blifvit
822 1422 68 25 sagdt,
906 1424 32 19 att
954 1428 33 15 om

166 1448 74 27 utbyte
260 1449 68 21 skulle
349 1449 21 21 få
389 1449 37 21 ske
446 1449 88 22 emellan
555 1452 75 19 tvenne
650 1455 101 21 personer
769 1450 39 21 och
827 1450 45 27 den,
893 1456 46 15 som
960 1451 28 21 då

167 1477 94 28 tillbyter
280 1477 32 28 sig
332 1478 41 21 den
391 1477 91 22 militära
496 1478 97 27 tjensten,
608 1478 67 21 skulle
691 1480 68 25 stupa,
775 1479 23 21 så
812 1478 68 23 skulle
896 1479 39 22 den
952 1486 35 15 an-

167 1506 38 22 dra
227 1508 52 25 göra
300 1506 31 27 sig
353 1506 84 28 mycket
456 1507 58 21 svårt
534 1509 99 20 samvete.
663 1507 42 22 Det
727 1509 25 20 är
769 1508 71 26 något,
858 1514 44 15 som
916 1508 36 28 jag
968 1509 18 27 ej

166 1535 84 22 förstår.
281 1535 39 22 Om
337 1535 39 22 den
393 1535 65 22 andre
474 1536 92 27 frivilligt
581 1536 38 21 hav
634 1537 67 26 åtagit
717 1537 30 26 sig
763 1537 97 27 tjensten,
872 1539 34 20 vet
913 1538 37 27 jag
960 1538 26 27 ej,
