1078 1800
292 155 161 19 Presteståndet
467 157 54 17 1877.
547 158 21 16 12
581 157 113 17 december.
818 151 54 21 2787

152 224 128 22 Besvarades
296 224 48 21 med
360 224 151 27 öfvervägande
526 225 43 26 nej;
585 225 39 21 och

152 281 127 21 Godkänner
300 280 108 29 ståndet
398 276 13 38 &
424 281 13 20 9
453 281 125 22 oförändrad
600 281 51 21 eller
673 281 59 22 icke?
761 281 78 22 Vinner
861 282 39 26 nej,

84 311 23 19 är
121 309 125 26 paragrafen
262 310 22 20 af
298 309 84 21 ståndet
396 309 99 27 godkänd
510 311 47 20 med
574 309 133 22 uteslutande
722 309 63 22 derur
799 309 22 22 af
835 309 64 22 orden

84 337 63 28 »eller
162 337 31 21 till
210 337 167 22 tukthusstrafi.*

151 395 129 21 Besvarades
296 395 46 21 med
359 395 151 26 öfvervägande
525 395 42 26 nej;
584 395 84 21 hvarför
683 395 81 22 säledes
775 395 124 27 paragrafen

83 423 22 21 af
118 423 85 50 spa
223 423 103 26 godkänts
342 423 48 22 med
411 423 133 22 uteslutande
559 423 22 21 af
595 423 64 22 orden
676 423 64 28 ,eller
755 423 31 22 till
802 423 97 22 tukthus-

83 455 79 18 straff."

151 509 32 22 Då
205 509 57 22 tiden
282 510 63 21 redan
361 512 37 18 var
414 509 57 27 långt
486 509 137 22 framskriden
640 509 80 21 afbröts
735 509 145 22 diskussionen
896 510 6 19 i

85 539 67 20 denna
167 538 59 27 fråga
240 538 81 21 härvid.

153 670 160 27 Lagutskottets
335 670 132 21 betänkande
494 675 34 15 n:o
550 670 26 20 25
599 669 6 20 i
628 668 112 27 anledning
763 668 21 21 af
808 671 29 18 ett
860 668 42 21 för-

84 698 45 27 slag
145 698 31 21 till
192 698 130 26 underdånig
338 698 88 27 petition
442 703 35 15 om
492 703 24 16 en
533 698 89 21 revision
638 697 21 20 af
674 697 26 20 de
710 696 60 22 civila
784 696 118 22 sabbatsla-

83 733 66 20 garne
163 727 55 21 hade
233 727 110 22 inkommit
358 727 31 20 till
405 726 90 25 ståndet,
509 726 92 21 utdelats
616 726 63 21 bland
690 725 162 22 medlemmarne
863 725 38 21 och

85 755 118 22 bordlades.

152 887 60 21 Efter
234 888 34 20 det
288 889 60 19 nästa
368 887 162 26 sammanträde,
545 887 7 21 i
568 892 93 21 morgon,
684 887 78 20 utsatts
784 884 31 21 till
830 884 29 21 kl.
876 886 27 20 10

84 915 163 27 föremiddagen,
262 915 114 22 afslutades
390 916 166 21 sammanträdet
571 915 39 21 och
625 914 163 22 medlemmarne
803 913 101 22 åtskildes

84 944 28 21 kl.
129 945 12 20 9
151 945 26 26 :/,
193 944 170 27 eftermiddagen.

663 999 21 18 In
695 999 61 18 fidem:

580 1034 51 22 Carl
645 1034 48 22 Joh.
710 1033 134 28 Lindeqvist.
