1081 1811
189 158 55 21 3134
388 162 159 17 Presteständet
559 163 56 17 1878.
639 163 13 16 2
663 162 89 20 januari.

228 231 151 22 Resolutionen
395 230 129 22 beträffande
539 231 11 26 $
566 231 13 20 6
595 230 61 21 ordet
672 230 93 24 ,vexel*.

228 294 89 21 Prosten
339 293 96 27 Hjelt:
459 289 68 25 Äfven
546 293 39 21 här
605 293 67 20 måste
685 292 36 27 jag
735 293 53 26 yrka
803 293 33 26 på,
852 294 32 19 att
899 295 81 23 preste-

159 322 85 22 ståndet
265 322 111 21 vidblifver
398 322 36 21 sitt
454 321 75 22 beslut.
559 321 32 21 De
607 320 95 22 enskilda
717 321 108 21 bankerna
840 327 39 21 ega
893 321 46 21 häri
955 327 26 15 en

158 351 68 22 fördel
241 350 85 22 framför
342 350 100 22 Finlands
458 350 60 21 bank.
548 350 11 21 I
575 350 60 21 dessa
645 350 118 26 emottagas
774 349 70 21 vexlar
854 349 32 21 till
897 350 83 21 diskon-

159 380 69 27 tering
247 382 51 19 utan
316 380 65 25 något
399 378 169 27 stämpelmärke,
587 384 47 16 men
650 384 25 15 en
692 378 57 25 hvar,
765 384 44 16 som
826 378 133 22 diskonterar
974 378 8 22 i

158 408 102 22 Finlands
282 408 57 22 bank
362 414 25 15 en
408 408 64 26 vexel,
490 410 24 19 är
529 407 81 22 således
625 406 82 28 skyldig
723 409 31 19 att
769 407 85 27 erlägga
870 407 70 22 derför
955 414 26 15 en

160 438 54 21 ökad
230 436 60 28 afgift
304 437 6 21 i
326 437 53 21 form
395 436 22 22 af
430 435 237 29 karta-sigillata-afgift.

228 496 56 22 Herr
296 496 44 22 vice
373 496 25 22 tal
408 502 123 16 mannen
546 495 102 23 framlade
663 495 92 27 följande
770 494 141 29 proposition:

230 560 128 22 Godkännes
380 560 115 21 utskottets
519 558 290 28 sammanjemkningsförslag
827 558 7 22 i
852 564 28 16 nu
900 558 81 22 föreva-

160 588 66 22 rande
241 588 40 27 del,
297 588 52 21 eller
363 588 60 21 icke?

228 646 79 22 Vinner
322 646 40 27 nej,
377 645 40 21 har
431 645 85 21 ståndet
531 645 47 21 med
593 644 180 21 underkännande
789 643 21 22 af
821 642 161 28 sammanjemk-

160 675 162 28 ningsförslaget
337 675 7 20 i
359 675 68 20 denna
445 674 33 21 del
494 673 56 22 velat
565 673 100 22 vidblifva
680 673 38 21 sitt
733 673 89 26 tidigare
837 672 75 21 beslut.

228 733 129 22 Besvarades
373 732 47 21 med
437 733 26 20 16
476 731 22 27 ja
514 731 39 22 och
568 731 26 21 13
609 731 40 26 nej.

229 790 31 21 På
276 790 72 21 derom
363 789 60 26 gjord
439 788 154 27 framställning
605 787 44 22 blef
657 787 325 27 sammanjemkningsförslagets

160 819 133 22 återstående
306 819 34 20 del
355 817 105 27 godkänd.

229 881 45 21 Och
292 880 69 22 skulle
381 879 154 22 underrättelse
553 879 74 22 härom
642 879 7 20 i
664 879 69 26 vanlig
748 881 40 24 väg
803 879 107 21 meddelas
926 884 55 21 resp.

160 910 138 21 medstånden
314 909 39 21 och
369 908 235 26 bevillningsutskottet.

216 1058 119 26 Föredrogs
351 1056 105 22 allmänna
468 1056 202 22 besvärsutskottets
680 1055 115 27 skrifvelse,
807 1061 46 21 ang.
866 1055 116 22 utskottets

159 1086 140 26 verksamhet,
315 1086 22 21 af
351 1085 90 27 följande
457 1085 87 27 lydelse:
558 1085 18 27 >)

228 1149 154 22 Antecknades.

226 1292 90 22 Prosten
335 1291 150 22 Borenius
505 1291 67 22 erhöll
593 1293 26 25 på
641 1292 71 20 derom
727 1291 62 27 gjord
804 1290 98 22 anhållan
919 1291 61 21 ordet

158 1320 40 23 och
218 1321 92 27 yttrade:
333 1320 34 22 Då
387 1320 36 21 det
439 1320 38 21 sist
493 1327 36 14 var
544 1320 59 27 fråga
618 1326 33 15 om
667 1320 138 26 uppbärande
821 1320 21 20 af
856 1320 124 26 landtdags-

158 1350 155 20 mannaarvode
333 1350 33 19 för
386 1349 154 20 skollärarenes
559 1351 176 23 representanter,
754 1349 90 20 nämnde
857 1348 36 26 jag
909 1348 71 20 hvilka

158 1378 130 25 svårigheter
310 1376 139 26 domkapitlet
464 1376 6 20 i
486 1376 70 26 Borgå
575 1376 44 21 haft
639 1376 20 21 af
673 1378 32 19 att
720 1376 63 26 åtaga
799 1376 30 26 sig
845 1376 68 21 denna
928 1382 52 20 upp-

158 1405 53 21 börd
235 1405 38 21 och
295 1404 67 22 skulle
382 1404 36 27 jag
436 1404 27 21 be
478 1406 31 19 att
525 1410 28 15 nu
567 1404 21 21 få
603 1404 71 21 bevisa
689 1404 48 21 mitt
751 1404 122 26 påstående.
903 1404 11 20 I
929 1404 51 26 följd

226 1479 17 23 +)
262 1479 30 18 Uti
310 1478 83 23 originala
410 1478 107 23 protokollen
535 1478 64 18 saknas
617 1478 56 18 denna
691 1478 97 22 skrifvelse,
800 1483 40 13 men
853 1478 6 18 i
871 1478 109 23 marginalen

157 1504 57 17 finnes
229 1503 77 22 följande
321 1501 172 23 blyertsanteckning
505 1502 89 22 relation
606 1508 30 11 om
647 1502 90 17 utskottets
749 1501 122 18 verksamhet"
891 1501 42 22 fins
945 1502 33 21 ej".

158 1526 107 19 Skrifvelsen
278 1527 19 16 är
308 1525 99 23 uppenbart
424 1525 102 18 densamma
543 1530 38 13 som
597 1525 32 17 här
641 1525 52 18 ofvan
705 1525 70 22 intagits
787 1525 10 17 å
809 1530 38 17 pag.
860 1515 120 28 3184—3127.

809 1553 43 23 Utg.
865 1559 46 12 anm.
