1073 1803
212 154 58 22 2482
399 158 162 18 Prestestöändet
572 158 56 18 1877.
651 158 14 17 4
677 158 114 18 december.

251 226 110 23 Professor
389 226 90 22 Cleve:
516 227 34 21 Då
568 226 40 27 jag
627 226 54 22 först
702 227 38 25 såg
763 227 36 20 det
819 226 80 26 tillägg,
920 226 90 22 hvarom

182 256 137 27 domprosten
341 256 57 26 Borg
417 255 45 27 just
484 261 50 21 nyss
556 255 40 21 har
614 254 53 22 talat
682 254 39 22 och
736 254 63 22 hvars
814 254 136 28 olämplighet
965 254 43 22 han

181 284 62 22 sökte
265 284 40 22 och
320 284 71 26 ocksä,
407 284 70 21 säsom
493 284 42 26 mig
550 283 79 29 tyckes,
645 283 99 28 lyckades
759 282 76 27 bevisa,
851 282 82 22 föreföll
948 283 62 22 detta

183 314 42 26 mig
245 312 133 27 sannerligen
394 312 145 27 förunderligt,
559 318 47 15 men
619 312 37 26 jag
671 311 41 22 kan
727 312 46 22 icke
789 312 54 21 neka
858 314 32 19 att
905 312 36 21 det
957 313 49 25 sätt,

182 342 80 26 hvarpä
282 342 59 21 detta
362 340 74 27 tillägg
457 341 38 21 här
513 340 38 22 har
565 340 69 22 blifvit
649 340 21 22 af
685 340 114 22 utskottets
815 340 137 22 medlemmar
965 340 45 22 för-

182 370 93 24 svaradt,
295 369 106 22 förefaller
419 369 44 26 mig
481 371 56 20 ännu
557 375 58 16 mera
629 368 83 27 gätlikt.
743 369 32 22 Då
791 369 104 22 utskottet
909 375 26 15 en
951 369 57 27 gång

182 399 39 23 har
243 398 87 22 anslutit
351 398 32 26 sig
403 397 33 22 till
451 398 40 21 den
506 397 118 26 Kejserliga
639 397 157 27 propositionen
812 397 45 22 deri
872 399 33 20 att
919 397 89 22 försam-

182 424 133 29 lingsvärden
337 426 39 22 hos
399 426 113 22 dissenters
533 426 66 21 borde
623 426 64 26 delas,
709 425 90 22 sälunda
813 426 104 27 nämligen
933 429 33 19 att
980 433 28 16 en

182 458 59 25 prest
255 456 52 21 eller
321 455 70 22 lärare
406 455 70 21 kunde
491 454 107 26 anställas,
615 461 44 14 som
675 454 61 22 stode
751 455 87 21 alldeles
851 458 57 19 utom
920 455 88 22 försam-

181 485 82 26 lingens
280 483 132 22 förhällande
427 483 32 22 till
475 483 36 22 det
527 482 118 28 borgerliga
659 483 112 22 samhället
785 483 39 22 och
840 486 69 19 staten
925 483 41 22 och
980 491 28 16 en

181 513 152 25 föreständare,
348 519 45 15 som
409 512 46 21 äter
470 512 53 26 ägde
539 514 32 19 att
583 512 102 21 förmedla
697 512 60 21 dessa
768 512 152 26 förhällanden,
929 513 81 22 förstär

180 542 36 27 jag
235 541 120 26 verkeligen
375 541 45 21 icke
441 540 54 22 huru
516 541 65 26 nägot
601 540 46 22 skäl
665 540 70 21 kunde
751 541 66 21 finnas
833 543 31 19 att
879 542 52 25 göra
946 541 62 22 äfven

182 571 95 25 prestens
298 569 35 21 val
349 569 107 22 beroende
479 570 22 20 af
521 569 151 21 statsmaktens
687 569 104 21 sanktion.
821 569 41 21 Det
878 569 38 22 har
930 570 78 21 visser-

180 598 57 27 iigen
252 598 81 21 anförts
349 598 39 20 här
403 599 32 20 att
450 597 35 22 det
501 597 65 22 borde
582 603 49 15 vara
647 597 82 26 analogi
745 597 89 21 emellan
847 598 40 21 den
898 598 110 22 lutherska

182 626 149 27 församlingen
351 626 39 21 och
409 626 271 26 dissentersförsamlingen.
714 626 33 21 Då
766 626 35 22 det
823 632 27 15 nu
872 626 67 22 finnes
961 627 47 22 icke

181 655 56 22 blott
257 654 147 23 konsistoriela
419 657 51 19 utan
490 655 61 21 äfven
566 654 109 28 imperiela
692 655 100 27 pastora!,
810 655 64 21 borde
889 656 36 21 det
940 655 69 23 finnas

181 684 110 27 imperiela
312 686 96 25 pastorat
430 683 63 23 också
516 683 64 22 bland
602 684 121 21 dissenters.
753 684 65 21 Detta
839 686 24 19 är
879 684 24 27 ju
920 684 89 22 alldeles

182 712 99 27 orimligt,
296 719 48 15 men
359 712 58 22 öfver
431 712 79 21 hufvud
525 714 58 24 taget
600 712 41 21 kan
657 712 35 21 det
707 712 46 22 icke
768 712 67 22 finnas
851 714 64 26 något
930 713 46 22 skäl
986 714 24 21 af

182 743 70 24 värde,
271 747 45 16 som
335 741 67 22 skulle
419 741 44 22 tala
477 741 33 22 för
525 743 33 20 att
572 741 141 21 statsmakten
728 741 69 22 skulle
812 741 77 22 blanda
904 743 32 26 sig
950 742 8 21 i
973 743 34 21 val

181 770 23 21 af
224 772 57 25 prest
303 770 38 21 der
363 769 139 22 statsmakten
522 770 38 21 har
579 769 121 22 förbehällit
720 769 31 27 sig
772 776 26 15 en
817 776 69 16 annan
909 777 55 20 man,
979 777 29 15 en

182 799 152 24 föreständare,
355 805 44 14 som
420 801 50 24 äger
491 798 81 22 bevaka
592 798 141 26 sedlighetens
752 798 40 21 och
811 799 72 26 lagens
902 799 104 22 intressen

182 827 38 22 hos
240 827 155 26 församlingen,
418 834 25 14 en
465 826 151 27 föreständare,
636 833 46 16 som
696 826 39 22 har
750 827 32 26 sig
797 827 95 27 förelagd
908 828 98 27 tillsynen

181 856 52 22 derä
247 858 32 19 att
294 855 34 22 vid
344 856 159 26 församlingens
518 855 108 27 offentliga
640 855 118 28 gudstjenst
773 856 39 21 och
828 856 66 22 andra
904 857 100 22 andakts-

181 884 97 27 öfningar
293 885 34 26 lag
342 884 39 22 och
396 885 104 26 sedlighet
514 885 19 26 ej
547 885 92 21 kränkas
654 883 51 22 eller
717 884 41 27 god
772 885 89 26 ordning
873 885 135 22 äsidosättes.

181 913 34 22 Då
230 915 69 20 staten
315 919 28 15 nu
358 913 38 21 har
411 913 121 21 förbehällit
547 913 32 26 sig
594 919 26 15 en
635 912 66 22 sådan
717 919 54 20 man,
787 913 38 22 har
839 915 59 20 detta
913 914 94 27 tydligen

181 942 58 21 skett
253 942 6 21 i
275 941 37 22 akt
327 942 40 21 och
382 941 85 27 mening
482 944 31 19 att
528 943 69 20 staten
614 942 34 21 mä
663 941 71 22 kunna
745 941 71 27 lämpa
827 943 36 20 sitt
875 943 133 21 förhällande

181 970 33 22 till
235 970 263 27 dissentersförsamlingen
519 970 54 22 efter
598 973 48 23 eget
667 969 48 22 kraf
733 970 32 21 för
787 972 32 19 att
843 971 72 22 kunna
937 971 71 22 lemna

181 999 46 21 lära
242 999 39 22 och
297 999 87 22 lärande
398 999 53 26 fritt,
467 999 32 22 för
513 1001 33 19 att
560 999 83 22 säledes
658 998 46 22 icke
719 998 88 23 behöfva
825 999 79 22 befatta
916 1001 32 26 sig
958 1001 48 21 med

181 1027 131 22 tillsättande
335 1027 22 22 af
377 1030 58 25 prest
451 1027 50 22 eller
516 1028 76 21 lärare.
623 1027 60 22 Skall
701 1030 69 19 staten
789 1034 26 15 en
832 1029 55 26 gäng
907 1031 49 24 taga
971 1035 35 15 om

181 1056 58 22 hand
253 1057 68 20 denna
335 1056 155 27 angelägenhet
505 1057 61 21 torde
582 1057 39 25 väl,
637 1056 66 26 enligt
718 1056 26 21 de
760 1057 117 26 premisser,
889 1063 46 15 som
947 1057 60 22 dom-

181 1087 86 24 prosten
287 1084 88 22 Renvall
396 1084 108 27 uppställt,
528 1083 263 28 dissentersförsamlingen
810 1085 48 21 med
881 1085 97 22 afseende
993 1086 15 21 å

182 1113 68 21 lärare
274 1112 40 23 och
336 1112 86 22 lärande
446 1113 51 21 böra
519 1113 62 21 träda
603 1112 7 21 i
630 1112 86 22 alldeles
731 1119 81 15 samma
827 1113 131 22 förhållande
973 1114 32 21 till

180 1143 70 20 staten
265 1147 46 16 som
326 1141 240 27 evangelisk-lutherska
581 1141 92 27 kyrkans
688 1141 123 27 församling
826 1142 19 21 d.
863 1149 18 15 v.
892 1148 16 15 s.
920 1143 37 22 det
967 1143 40 21 bör

181 1170 87 26 stadgas
283 1175 26 16 en
324 1169 98 22 bestämd
437 1170 90 26 ordning
541 1169 32 22 för
588 1172 95 25 prestens
699 1169 161 28 bildningsgäng
878 1171 71 22 säsom
966 1171 42 22 här

181 1198 65 22 också
266 1199 65 20 redan
346 1198 73 27 yrkats
434 1199 27 26 pä
476 1205 25 15 en
517 1198 66 21 sådan
599 1198 96 21 bestämd
710 1199 90 26 ordning
815 1199 32 21 för
861 1199 53 22 hans
929 1199 77 22 tilisät-

180 1227 65 21 tande
260 1226 87 22 alldeles
363 1227 70 21 säsom
448 1227 7 20 i
470 1227 142 27 statskyrkan.
643 1227 64 20 Detta
722 1227 41 21 kan
775 1227 25 26 ju
814 1227 47 22 icke
875 1227 44 22 läta
931 1227 74 22 förena

180 1255 32 26 sig
231 1255 48 21 med
300 1255 115 27 begreppet
437 1254 239 27 dissentersförsamling
697 1257 22 25 ty
735 1255 58 22 detta
809 1255 92 28 begrepp
917 1257 90 21 innebär

177 1284 25 27 ju
217 1285 32 20 att
265 1283 35 22 det
315 1285 24 20 är
354 1286 31 19 ett
400 1284 108 27 undantag
522 1283 47 22 frän
585 1283 105 22 allmänna
705 1284 79 27 regeln,
799 1286 31 20 ett
840 1285 109 27 undantag
959 1291 46 16 som

180 1313 49 21 sker
248 1312 6 21 i
273 1312 192 21 samvetsfrihetens
483 1313 95 21 intresse.
609 1312 92 27 Stadgar
718 1318 48 15 man
787 1319 28 15 nu
834 1315 32 19 att
882 1313 123 22 dissenters-

179 1341 122 25 församling
321 1340 47 20 icke
388 1341 33 20 får
441 1341 82 25 åtnjuta
544 1341 155 20 samvetsfrihet
720 1341 117 26 upphäfver
858 1348 49 14 man
925 1342 24 25 ju
963 1343 41 20 den

179 1368 41 21 och
235 1368 36 21 det
286 1370 24 19 är
322 1368 24 26 ju
358 1368 45 26 just
417 1369 7 20 i
439 1368 194 21 samvetsfrihetens
648 1368 89 22 intresse
753 1375 45 15 som
809 1369 19 21 vi
840 1369 103 26 tillstädja
952 1376 52 20 upp-

179 1397 98 20 komsten
299 1396 40 21 och
362 1395 98 22 tillvaron
479 1396 22 21 af
519 1403 26 14 en
561 1396 144 27 dissenterlag.
735 1396 72 27 Lägga
822 1397 19 21 vi
857 1403 28 15 nu
900 1400 32 19 ett
946 1397 57 22 band

181 1426 28 26 pä
233 1425 46 21 dess
301 1425 52 24 lära,
376 1424 23 22 sä
420 1425 62 26 lägga
503 1425 21 21 vi
540 1425 57 21 band
619 1425 28 27 pä
661 1425 188 28 samvetsfriheten,
864 1426 21 22 vi
900 1426 105 28 upphäfva

180 1454 40 21 den
235 1453 82 22 säledes
332 1452 33 22 till
380 1453 37 22 sitt
432 1454 98 26 begrepp.
560 1454 104 21 Desutom
680 1454 116 22 innehäller
811 1454 59 22 detta
885 1456 118 26 stadgande

179 1488 27 16 en
226 1482 131 27 motsägelse,
375 1488 46 16 som
440 1482 7 22 i
467 1482 111 27 praktiken
599 1482 42 22 kan
663 1482 28 22 bli
708 1483 107 27 betänklig
830 1490 47 21 nog.
908 1484 42 22 Det
964 1484 40 22 har

179 1510 129 28 medgifvits,
331 1511 39 21 och
392 1511 36 21 det
450 1511 67 27 ligger
539 1511 65 23 ocksä
623 1512 8 20 i
646 1512 77 21 sakens
742 1514 63 20 natur
819 1515 32 19 att
866 1513 77 22 sädant
957 1513 48 23 ofta

178 1540 69 22 måste
269 1540 93 26 inträffa,
385 1542 32 19 att
440 1543 85 24 presten
548 1540 39 21 och
609 1540 161 22 föreståndaren
792 1542 42 22 kan
855 1548 52 15 vara
921 1548 26 15 en
962 1542 41 22 och
