1078 1795
286 148 159 18 Presteständet
458 150 56 17 1877.
538 151 8 15 1
559 150 114 17 december.
807 144 55 21 2397

68 216 60 32 ringa
149 216 98 26 begäran,
263 223 45 15 som
323 224 29 14 nu
370 216 108 22 framföres
495 217 46 21 från
556 218 74 21 staden
645 217 113 27 Uleåborg,
774 218 33 20 för
822 220 33 19 att
868 218 23 22 få

65 244 230 27 jernvägsförbindelse
310 246 90 21 emellan
416 246 116 26 Uleäborgs
548 246 47 21 stad
612 246 38 22 och
668 246 119 22 Uleäträsk.

137 301 89 21 Prosten
242 302 88 26 Hjelt:
360 302 40 26 Jag
423 302 33 21 för
479 302 42 22 min
541 302 33 22 del
596 303 41 21 kan
652 302 46 22 icke
713 302 74 22 bifalla
801 303 33 21 till
850 303 36 21 det

67 330 86 27 förslag,
175 336 44 15 som
235 330 5 21 i
257 331 59 21 detta
331 330 119 22 hänseende
466 333 24 19 är
504 331 23 21 af
538 331 204 27 jernvägsutskottet
757 331 127 22 framstäldt.

67 358 31 27 Ty
113 359 32 21 för
161 358 35 22 det
211 359 72 25 första,
296 358 27 22 dä
334 360 36 20 det
380 359 66 21 finnes
460 366 31 17 en,
502 359 68 21 säsom
580 360 36 26 jag
628 360 39 20 här
677 360 41 20 kan
732 360 57 21 kalla
800 360 85 26 honom,

67 387 117 27 låntagare,
205 388 65 20 borde
293 388 36 20 det
351 388 64 21 också
437 387 67 22 finnas
526 388 74 26 någon,
624 394 45 15 som
691 388 68 21 skulle
774 391 52 23 taga
840 392 46 18 mot

67 416 64 20 lånet.
161 416 48 20 Men
224 416 7 20 i
246 416 58 20 detta
320 416 36 20 fall
372 416 66 20 finnes
453 417 69 25 ingen,
536 416 22 21 ät
571 416 82 21 hvilken
667 416 61 22 dessa
739 417 68 21 medel
817 417 68 21 skulle

67 444 76 26 gifvas;
167 446 21 24 ty
208 446 56 18 ännu
286 446 24 18 är
332 445 53 20 intet
407 444 64 27 bolag
493 444 87 26 bildadt,
598 444 79 21 hvilket
691 445 68 20 skulle
775 445 64 27 ätaga
855 446 32 25 sig

68 473 60 20 detta
143 472 70 21 såsom
229 478 25 15 en
270 472 58 21 affär.
351 473 49 20 Man
416 473 41 20 kan
473 473 127 26 visserligen,
617 479 34 15 om
664 479 48 15 man
725 473 100 26 erbjuder
835 480 51 20 pen-

68 501 75 27 ningar
157 501 23 21 ät
195 501 71 26 några,
283 501 67 21 förmå
365 501 48 21 dem
429 501 75 21 dertill.
528 501 48 22 Men
588 501 34 21 det
633 503 24 19 är
667 501 45 21 icke
723 502 83 21 derföre
818 503 67 25 sagdt,

68 531 33 19 att
116 530 25 20 de
158 531 36 19 äro
210 529 6 20 i
232 529 61 21 ständ
309 532 32 19 att
356 530 122 26 genomföra
494 530 57 21 detta
566 530 85 26 förslag.
670 530 107 25 Föröfrigt
787 533 46 18 tror
843 531 43 27 jag,

67 560 34 19 att
116 559 65 20 redan
197 559 39 20 den
252 558 77 26 kalkyl,
346 564 45 15 som
407 559 39 20 här
460 558 28 27 pä
502 565 47 20 pag.
567 560 25 19 16
608 561 24 18 är
644 559 105 26 uppstäld,
760 559 62 25 visar,
833 559 55 21 huru

69 587 96 26 omöjligt
188 587 35 20 det
246 588 29 24 är,
298 589 31 18 att
350 593 25 14 en
391 587 65 20 sädan
473 587 55 20 bana
542 587 68 21 skulle
626 587 51 21 bära
692 587 37 26 sig.
760 587 72 27 Enligt
847 588 43 21 den

69 615 69 26 lägsta
160 615 143 26 beräkningen
325 615 34 21 för
381 615 60 21 drift-
463 615 39 21 och
522 616 201 20 remontkostnaden
738 616 65 26 stiger
819 617 71 20 denna

68 643 34 21 till
124 644 92 25 315,000
238 643 60 21 mark
316 643 79 26 ärligen
411 644 39 21 och
465 643 49 21 hela
529 643 79 22 banans
623 644 92 21 inkomst
730 651 50 14 vore
795 645 95 25 435,000

70 672 67 21 mark.
168 672 48 21 Men
238 672 84 27 enhvar,
344 678 44 15 som
410 673 47 20 litet
478 672 102 27 granskar
598 673 61 20 dessa
674 672 75 26 siffror,
765 672 74 27 finner,
859 675 32 19 att

68 701 69 26 aldrig
163 701 39 20 den
225 700 68 27 trafik,
316 707 45 14 som
384 701 37 20 der
441 703 93 24 antages,
552 701 95 21 kommer
663 703 31 18 att
706 701 27 26 pä
749 701 68 21 denna
832 701 58 21 bana

70 729 74 20 finnas.
175 729 40 26 Jag
230 729 67 21 måste
312 729 82 21 således
410 729 32 20 för
458 729 42 21 min
516 728 34 22 del
565 729 53 22 afslä
633 729 36 21 det
684 729 92 26 begärda
792 729 98 26 anslaget

69 757 32 20 till
124 757 170 21 understödande
316 757 23 21 af
360 764 26 14 en
407 758 55 20 bana
478 758 90 20 emellän
584 757 116 27 Uleäborgs
717 758 47 21 stad
780 758 39 21 och
834 757 54 22 Uleä

69 786 66 25 träsk,
161 786 38 20 och
222 786 36 20 det
280 786 24 20 sä
324 786 83 26 mycket
429 792 65 19 mera,
515 792 45 14 som
578 792 87 15 numera
679 786 46 21 icke
740 786 67 21 finnas
823 786 67 26 nägra

70 814 68 21 medel
153 816 32 19 att
201 814 21 20 af
236 815 114 20 ständerna
365 814 109 27 tillgripas,
491 814 27 21 dä
530 814 44 26 allt,
586 821 44 15 som
644 814 31 21 till
687 814 201 22 kommunikations-

69 842 78 51 jonden
169 843 65 27 ingår,
254 844 24 20 är
298 843 96 27 anslaget
415 843 31 21 tili
470 842 417 22 Tammerfors
642 838 75 37 Etseri
726 838 10 37 —
747 842 140 22 Nikolaistads

85 878 62 15 janan.

140 928 152 27 Kyrkoherden
310 929 180 20 Fredrikson:
520 929 40 26 Jag
582 929 46 20 äter
644 929 67 20 skulle
727 935 56 19 anse,
799 930 39 22 att,
854 935 33 14 om

70 957 85 21 ständet
165 957 68 20 skulle
244 963 49 14 anse
304 957 31 26 sig
346 958 71 20 kunna
427 957 55 21 fästa
493 957 63 26 nägot
567 957 98 21 afseende
676 957 34 20 vid
723 957 62 21 dessa
793 957 96 21 enskilda

71 986 120 26 petitioner,
207 985 45 27 just
270 985 68 22 denna
358 986 88 26 petition
462 985 6 21 i
484 985 113 27 synnerhet
612 985 65 21 borde
692 985 23 21 af
728 985 85 22 ständet
824 986 65 21 beak-

71 1017 38 24 tas,
135 1014 87 21 emedan
245 1014 39 20 den
311 1014 120 26 föreslagna
453 1014 69 21 banan
541 1014 90 21 emellan
652 1013 117 27 Uleäborgs
787 1015 48 20 stad
851 1013 40 22 och

70 1043 121 24 Uleäträsk,
207 1042 127 21 åtminstone
350 1043 65 26 enligt
425 1042 39 21 allt
473 1043 55 20 hvad
541 1042 116 27 menskliga
668 1042 141 27 beräkningar
819 1043 72 20 kunna

72 1071 75 27 utvisa,
162 1071 84 21 relativt
262 1071 60 21 torde
338 1071 51 21 bära
404 1071 38 26 sig.
472 1071 48 21 Men
536 1071 32 23 till
583 1073 32 19 att
630 1071 104 21 utskottet
749 1071 39 21 har
804 1071 86 26 beviljat

71 1100 34 21 för
121 1100 68 21 denna
204 1100 55 21 bana
274 1101 14 20 4
302 1099 104 22 millioner
422 1100 66 25 mark,
504 1101 27 20 dä
542 1100 164 27 petitionärerne
718 1099 71 27 ätnöja
800 1100 31 26 sig
841 1099 49 22 med

72 1130 12 20 3
107 1129 110 25 millioner,
238 1128 66 21 finner
323 1128 36 27 jag
375 1129 18 26 ej
409 1129 65 26 något
490 1129 52 20 skäl.
572 1129 40 25 Jag
627 1128 67 21 skulle
709 1129 7 20 i
731 1129 43 20 alla
789 1128 36 21 fall
841 1128 49 27 vilja

71 1157 85 27 föreslä,
172 1159 32 19 att
219 1157 115 21 ständerna
348 1157 46 21 icke
410 1157 73 26 skulle,
500 1157 89 22 oaktadt
601 1157 80 21 hvilket
691 1157 68 26 bolag,
772 1163 45 15 som
828 1157 61 26 helst,

71 1186 70 22 skulle
162 1185 58 22 bilda
242 1187 38 26 sig,
303 1186 59 21 anslä
380 1186 132 25 subvention,
528 1187 50 20 utan
594 1185 72 26 hellre,
683 1187 31 20 att
729 1188 70 19 staten
815 1186 74 25 skulle,

72 1221 34 15 om
122 1215 69 21 medel
206 1215 119 26 förefinnas,
342 1215 108 26 öfvertaga
465 1215 83 21 arbetet
563 1215 23 21 sä
601 1214 42 21 fort
658 1214 117 27 Uleäborgs
787 1215 47 20 stad
850 1214 40 21 och

74 1244 84 26 omnejd
174 1243 87 21 förmått
276 1244 31 21 till
323 1245 69 20 staten
409 1243 89 22 atlemna
513 1244 40 21 den
568 1249 87 19 summa,
667 1249 45 15 som
723 1243 32 20 för
763 1243 127 26 jernvägens

73 1272 147 21 fullbordande
241 1272 105 26 behöfves,
370 1273 64 20 sedan
458 1274 68 19 staten
541 1271 67 27 ätagit
623 1272 30 26 sig
669 1274 32 18 att
716 1271 71 21 dertill
802 1271 88 26 bidraga

73 1301 48 20 med
144 1301 13 21 3
180 1301 109 26 millioner,
312 1303 32 19 att
365 1301 83 20 arbetet
467 1301 82 20 säledes
564 1300 46 21 icke
624 1299 67 22 skulle
708 1300 96 27 begynna
818 1300 71 21 förrän

73 1329 39 21 hos
127 1331 70 19 staten
213 1331 24 19 är
252 1329 130 26 deponeradt
397 1330 14 20 4
423 1329 51 21 eller
489 1331 12 19 5
517 1329 104 21 millioner
636 1329 66 20 mark.

143 1386 90 20 Prosten
256 1386 82 21 Roos:
367 1386 90 21 Prosten
479 1386 100 21 Bäckvall
601 1385 84 21 kallade
709 1385 68 21 denna
797 1385 93 26 begäran

73 1414 66 26 billig.
159 1414 34 21 Nu
203 1416 24 18 är
237 1414 71 24 likväl,
319 1414 69 21 såsom
398 1414 148 26 kyrkoherden
557 1414 128 21 Fredrikson
696 1413 65 21 redan
774 1413 117 25 anmärkte,

74 1441 60 21 fallet
157 1442 41 25 det,
220 1444 37 24 att,
281 1442 27 20 då
330 1442 162 26 petitionärerne
513 1442 65 21 önska
598 1442 12 19 3
627 1441 103 20 millioner
745 1440 61 21 mark
821 1440 69 21 såsom

75 1470 176 26 amorteringslån
271 1470 39 21 och
331 1470 106 21 räntefritt
452 1470 67 20 under
534 1469 171 27 byggnadstiden,
716 1469 106 20 utskottet
836 1469 55 21 före-

74 1498 64 27 slagit
159 1499 14 21 4
194 1498 104 22 millioner
313 1498 61 21 mark
388 1499 46 20 icke
449 1497 71 22 såsom
534 1498 174 26 amorteringslån
724 1497 39 22 och
778 1497 113 26 räntefritt,

75 1527 46 22 icke
144 1527 66 22 heller
232 1527 32 22 för
284 1527 96 22 bestämd
398 1527 37 28 tid,
452 1527 38 21 och
506 1527 64 22 redan
586 1527 58 21 detta
659 1528 24 19 är
699 1526 64 27 något
778 1526 112 27 underligt.
