1092 1806
307 148 161 19 Presteständet
480 150 54 18 1877.
558 150 13 17 5
584 151 114 17 december.
831 145 54 21 2501

93 218 97 22 enskilda
211 218 198 27 religionsöfningar
430 219 39 22 och
490 219 33 21 för
545 219 36 22 det
601 220 68 21 andra
684 219 108 27 offentliga
807 219 108 27 religions-

94 246 101 28 öfningar.
228 247 33 21 Då
281 253 26 15 en
330 248 65 21 sådan
415 247 83 23 skilnad
519 248 46 21 dem
584 248 90 22 emellan
693 248 7 21 i
713 248 126 27 paragrafen
852 250 67 25 göres.

93 275 41 22 och
152 276 7 20 i
174 276 13 21 5
203 275 13 27 &
238 276 75 21 endast
328 278 24 19 är
366 275 61 27 fråga
441 282 34 15 om
492 276 93 27 offentlig
599 276 126 28 gudstjenst,
739 276 73 27 tyckes
827 276 42 28 mig
885 278 31 20 uti

92 303 73 28 sjelfva
187 304 116 27 begreppet
324 304 96 26 offentlig
440 304 118 27 gudstjenst
572 307 52 19 utan
639 306 66 25 något
719 305 75 27 tillägg
809 305 56 27 ligga
879 306 39 20 det

92 334 33 20 att
138 332 60 22 såväl
213 332 108 27 offentliga
338 332 148 28 myndigheten
502 340 45 15 som
563 333 64 22 också
642 333 72 27 hvarje
724 339 69 16 annan
807 334 113 21 menniska.

92 363 24 20 är
131 360 120 28 berättigad
266 363 32 19 att
314 361 34 22 vid
364 367 25 15 en
405 362 66 21 sådan
484 361 94 28 offentlig
589 362 118 27 gudstjenst
718 364 96 20 närvara.
843 362 74 27 Enligt:

91 390 42 22 min
154 390 56 27 åsigt
232 390 68 22 skulle
324 390 82 22 således
428 391 36 21 det
484 397 52 15 vara
557 393 32 19 att
611 390 48 22 hela
676 390 35 22 det
733 390 52 22 sista
801 390 110 27 tillägget:

92 418 54 26 »Vid
174 419 160 27 församlingens
355 419 119 27 gudstjenst
492 420 33 21 må
541 419 92 22 tillträde
655 419 18 27 ej
694 419 108 27 förvägras
823 419 94 27 offentlig

92 448 136 27 myndighet"
245 449 62 26 utgår
324 448 52 22 eller
392 454 33 15 om
442 448 36 22 det
492 448 47 22 icke
553 448 68 22 skulle
636 448 73 22 kunna
723 454 61 16 anses
799 448 73 28 riktigt
883 448 35 22 åt-

92 476 104 23 minstone
218 476 71 28 flyttas
308 477 31 22 till
357 478 10 21 1
388 477 19 28 $,
422 477 38 22 der
475 477 59 27 fråga
549 479 23 20 är
588 484 35 15 om
638 477 59 22 såväl
712 477 93 28 offentlig
819 483 46 16 som
881 483 36 16 en-

90 505 57 22 skild
161 505 124 28 gudstjenst.

161 563 90 23 Prosten
266 564 151 27 Bergroth:
446 564 34 22 Då
499 563 37 28 jag
549 565 65 21 redan
630 564 35 21 vid
679 564 136 27 kyrkomötet
829 563 40 22 bar
883 565 34 20 ut-

95 592 54 22 talat
164 593 42 26 mig
221 593 6 20 i
243 599 81 15 samma
338 592 54 28 syfte
407 599 45 16 som
468 593 78 22 doktor
561 593 120 22 Calamnius
696 599 34 19 nu,
746 593 63 21 hvars
819 592 98 27 föredrag

91 620 68 22 blifvit
173 621 127 22 understödt
315 622 21 21 at
350 621 78 23 doktor
444 621 78 23 Geitlin
537 621 37 22 ber
585 622 38 27 jag
639 623 32 20 att
686 621 20 22 få
719 621 7 22 i
737 621 41 22 allo
789 621 73 22 förena
873 621 46 26 mig

92 650 48 21 med
155 649 85 22 honom.

98 729 2 2 ;
159 707 90 22 Prosten
270 707 95 28 Hjelt:
394 707 42 27 Jag
457 707 74 22 tänkte
552 707 64 22 ocksä
630 707 55 22 fästa
699 707 216 28 uppmärksamheten

92 735 27 27 pä
140 735 146 28 kyrkomötets
308 736 70 22 beslut
400 738 32 19 att
455 736 44 21 helt
520 737 38 21 och
577 736 66 22 hället
661 737 109 21 eliminera
790 737 36 20 det
841 742 76 15 senare

92 767 116 20 momentet
223 765 39 21 och
277 766 7 20 i
299 765 48 22 dess
365 765 61 22 ställe
442 765 68 22 införa
525 767 31 20 ett
570 766 24 21 sä
609 765 90 28 lydande
714 767 104 19 moment:
849 781 5 10 ,
856 764 60 27 För-

92 793 125 27 samlingens
238 794 118 27 gudstjenst
376 795 36 20 mä
434 794 47 22 icke
502 794 57 22 inom
581 794 71 22 slutoa
673 795 73 20 dörrar
758 793 88 22 hållas."
876 793 41 26 Jag

92 822 105 22 erkänner
220 823 64 22 ocksä
306 825 32 20 att
361 823 59 22 detta
442 823 65 22 redan
530 823 97 27 möjligen
650 823 42 21 kan
714 823 81 26 framgä
811 822 60 22 deraf
884 824 34 19 att

91 851 145 27 gudstjensten
253 853 24 20 är
300 851 94 27 offentlig
413 852 69 21 säsom
499 852 35 21 det
549 852 6 21 i
571 853 11 20 1
600 858 61 15 mom.
678 853 67 25 säges,
762 858 47 15 men
825 851 27 22 dä
868 857 49 16 man

92 879 31 22 uti
144 879 92 27 följande
258 883 94 19 moment
374 881 39 21 har
430 882 68 25 yttrat
513 882 32 20 att
559 881 23 21 ät
597 887 25 15 en
638 879 94 28 offentlig
747 880 122 27 myndighet
884 880 33 21 fär

92 908 46 21 icke
156 908 85 22 tillräde
262 909 116 26 förvägras,
402 911 23 19 är
448 909 36 21 det
506 909 101 26 naturligt
629 911 31 19 att
683 915 48 15 man
745 908 47 22 icke
807 908 55 21 ändå
879 909 38 20 har

92 937 62 21 tänkt
168 937 32 27 sig
216 937 40 22 den
271 938 23 21 sä
309 937 95 28 offentlig
418 939 32 20 att
466 937 38 22 den
520 937 67 22 skulle
603 937 67 22 hällas
685 937 54 22 inför
755 939 70 25 öppna
837 937 79 21 dörrar.

92 965 39 28 Jag
153 966 39 21 har
212 965 63 23 fattat
300 969 8 18 1
333 966 12 29 &
368 967 24 21 sä
410 968 32 20 att
462 966 37 21 der
514 966 141 22 förekommer
669 968 77 19 tvenne
761 966 155 21 distinctioner:

92 994 40 22 den
149 994 95 22 enskilda
260 995 124 27 gudstjenst,
400 1001 46 16 som
462 995 60 21 äfven
537 995 79 22 sådana
631 994 146 27 församlingar
792 995 7 20 i
810 995 46 21 vårt
867 995 49 20 land

92 1023 22 22 få
133 1023 63 27 hålla,
220 1023 70 22 hvilka
313 1024 45 22 icke
381 1025 36 20 äro
440 1024 151 26 autoriserade,
616 1024 39 21 och
678 1022 95 27 offentlig
792 1023 125 26 gudstjenst,

92 1051 85 22 hvilken
200 1053 75 21 endast
298 1053 32 26 de,
348 1059 45 16 som
412 1052 61 22 hafva
488 1052 41 22 fått
544 1052 39 22 den
599 1052 6 22 i
621 1053 12 26 $
649 1053 12 20 2
678 1051 110 22 bestämda
803 1051 114 22 tillätelsen

92 1080 24 23 af
129 1081 130 27 regeringen,
283 1081 21 22 få
329 1081 62 22 hålla.
421 1081 43 22 Det
479 1081 67 21 skulle
561 1081 68 26 aldrig
644 1080 63 22 hafva
722 1080 54 22 fallit
791 1081 42 26 mig
848 1080 20 21 in
884 1082 33 19 att

93 1109 35 22 vid
150 1110 135 27 kyrkomötet
306 1112 52 25 göra
380 1116 26 15 en
428 1110 138 27 anmärkning
589 1110 73 21 derom
681 1115 32 16 om
731 1109 45 22 icke
793 1109 35 22 det
843 1115 74 16 senare

92 1141 117 19 momentet
231 1139 35 21 vid
288 1139 11 27 $
322 1139 12 22 5
358 1139 67 21 skulle
448 1139 62 21 hafva
532 1139 140 26 förekommit,
696 1138 81 21 hvilket
794 1144 75 20 genom
885 1137 32 22 sin

92 1168 98 26 negativa
212 1167 145 22 beskaffenhet
378 1167 140 28 uttryckligen
541 1170 66 25 säger,
624 1169 32 19 att
676 1167 39 21 den
732 1166 107 27 offentliga
853 1166 64 27 guds-

93 1196 91 26 tjensten
206 1196 42 21 kan
270 1197 67 21 hållas
361 1196 54 21 inför
436 1196 70 21 slutna
529 1196 74 21 dörrar
625 1196 39 21 och
679 1197 33 20 att
727 1195 62 26 ingen
805 1201 69 15 annan
889 1197 28 20 än

94 1223 93 28 offentlig
209 1225 123 27 myndighet
354 1227 23 20 är
400 1225 118 26 berättigad
549 1225 33 21 till
604 1225 101 21 tillträde.
735 1224 90 21 Derföre
849 1223 69 22 skulle

92 1253 35 27 jag
150 1255 57 20 rösta
230 1253 33 22 för
283 1257 32 18 att
334 1254 36 21 det
385 1260 75 15 senare
475 1255 115 20 momentet
604 1253 69 22 skulle
688 1254 91 20 ersättas
795 1253 23 20 af
831 1252 35 21 det
882 1252 35 21 vid

94 1282 136 27 kyrkomötet
244 1285 93 24 antagna
352 1284 116 19 momentet
484 1284 46 23 ,att
544 1281 149 27 församlingen
708 1282 19 27 ej
742 1281 33 22 får
785 1281 58 22 hålla
853 1281 65 26 guds-

94 1310 65 27 tjenst
180 1311 56 22 inom
259 1311 70 22 slutna
344 1311 96 22 dörrar",
469 1310 41 27 Jag
525 1313 44 20 tror
584 1312 32 20 att
632 1317 25 14 en
673 1310 92 21 kontroll
782 1309 21 22 af
817 1309 48 22 hela
880 1309 38 22 all-

94 1339 112 22 mänheten
222 1340 39 22 har
276 1340 84 27 mycket
374 1340 81 21 mindre
470 1341 101 20 utseende
586 1339 22 22 af
621 1339 186 22 misstänksamhet
821 1340 27 20 än
863 1344 34 15 om
910 1338 7 21 i

94 1368 62 27 lagen
172 1368 135 23 föreskrifves
322 1368 92 23 kontroll
430 1368 22 22 af
466 1375 26 14 en
508 1368 93 27 offentlig
617 1367 126 28 myndighet.

162 1426 112 20 Professor
288 1426 164 21 Ehrström:
482 1425 44 21 När
542 1426 35 21 det
591 1425 30 21 uti
636 1425 12 26 &
660 1425 11 21 5
682 1425 7 20 i
701 1424 217 22 öfverensstämmelse

94 1453 49 22 med
168 1455 9 19 1
202 1453 13 28 8
236 1455 24 19 är
274 1453 60 26 fråga
349 1460 34 14 om
398 1453 40 21 hus
453 1452 52 22 eller
520 1459 53 18 rum,
588 1459 45 15 som
649 1452 23 21 af
685 1452 131 21 främmande
831 1452 87 20 försam-

94 1481 44 28 ling
160 1482 106 27 'begagnas
289 1483 69 20 såsom
374 1481 39 21 hus
429 1481 32 22 till
477 1481 92 26 offentlig
584 1481 125 26 gudstjenst,
725 1486 61 21 synes
801 1479 42 27 mig
859 1478 61 33 häraf

95 1511 81 27 framgä
198 1513 32 19 att
253 1511 35 21 det
307 1511 19 26 ej
342 1510 42 22 kan
400 1516 50 15 vara
465 1511 31 20 tal
512 1509 37 22 här
564 1509 117 27 egentligen
697 1515 33 15 om
747 1508 67 27 nägra
828 1507 91 27 hemliga

94 1539 192 23 sammankomster
308 1539 32 22 för
360 1539 72 22 slutna
453 1539 75 21 dörrar
542 1538 39 22 och
597 1538 35 21 det
647 1540 24 19 är
686 1538 47 21 med
748 1537 82 28 hänsyn
846 1536 72 22 dertill
