1070 1811
287 150 159 19 Presteständet
457 151 55 17 1877.
536 151 11 17 7
560 151 111 17 december.
807 144 55 21 2617

75 220 157 27 inbjudningen,
252 222 24 19 är
298 220 55 21 dock
372 220 166 27 presteståndets
555 219 69 22 beslut
639 219 24 21 af
676 219 23 21 så
714 219 178 28 genomgripande

75 249 108 27 betydelse
198 248 39 22 och
253 248 137 27 fördelaktigt
405 248 32 21 för
453 249 25 20 de
493 248 233 27 skjutsningsskyldige,
742 249 31 20 att
783 247 37 28 jag
831 253 62 16 anser

74 277 157 27 presteståndet
246 277 52 22 böra
312 277 102 21 vidblifva
430 277 121 22 detsamma.

143 334 76 22 Pastor
238 334 102 22 Lilius:
370 335 41 26 Jag
426 334 39 22 har
479 334 109 27 ingenting
602 336 33 20 att
649 334 93 28 tillägga,
756 334 37 28 jag
808 334 85 22 förenar

76 364 43 28 mig
133 364 48 21 med
196 366 86 25 prosten
298 363 113 27 Dahlberg.

143 421 110 21 Professor
275 421 93 21 Cleve:
397 421 43 21 För
461 421 43 20 min
523 421 33 21 del
572 420 147 22 underkänner
731 420 37 27 jag
783 420 34 21 för
831 420 62 27 ingen

78 449 34 22 del
135 449 26 22 de
183 449 98 26 fördelar,
298 456 44 15 som
358 449 70 22 kunde
443 449 88 22 beredas
547 449 25 22 de
588 448 214 28 skjutningsskyldige
817 455 76 20 genom

75 485 27 15 en
117 478 65 22 sådan
197 479 124 26 anordning,
337 485 44 15 som
398 478 156 27 presteståndet
568 477 38 22 här
617 478 116 27 föreslagit.
753 477 44 22 Min
809 477 84 27 mening

75 509 24 20 är
113 507 90 27 likvisst,
218 509 32 20 att
265 514 26 15 en
307 507 65 21 sådan
388 507 117 27 anordning
520 507 70 21 kunde
602 507 37 21 ske
649 507 28 26 på
687 507 155 21 administrativ
853 508 40 25 väg

76 536 39 21 och
138 536 46 21 icke
199 536 161 27 nödvändigtvis
376 535 89 22 behöfde
481 542 51 15 vara
546 536 7 21 i
568 535 36 28 lag
617 535 102 28 grundad.
754 535 45 22 Den
814 535 80 22 formu-

76 565 67 27 lering
164 565 125 27 paragrafen
307 565 39 22 har
360 565 8 20 i
383 565 115 21 utskottets
513 565 85 28 förslag,
613 564 72 27 borde,
701 564 75 21 tänker
788 563 43 28 jag,
847 563 46 22 icke

76 594 77 21 hindra
168 601 25 14 en
209 594 72 21 sådan.
303 594 33 21 Då
350 593 156 27 presteständet
520 595 6 19 i
542 594 37 21 sitt
593 593 80 23 förslag
688 595 24 19 är
727 597 88 21 ensamt,
832 599 61 21 synes

77 623 35 21 det
131 623 49 27 mig,
202 629 44 15 som
269 623 35 21 det
324 629 50 15 vore
394 622 58 27 godt,
468 629 33 15 om
517 622 85 22 ståndet
616 622 67 21 skulle
698 622 70 21 kunna
783 622 58 26 fråga
856 622 37 21 sitt

76 651 70 22 beslut
161 651 40 22 och
215 651 84 22 biträda
314 652 234 28 sammanjemkningen.

145 710 56 21 Herr
216 710 166 21 talmannen
398 709 123 21 framstälde
536 709 93 28 följande
644 708 141 28 proposition:

145 767 127 21 Godkännes
288 767 316 27 sammanjemkningsförslaget
619 767 30 21 uti
664 773 28 14 nu
708 767 7 19 i
729 766 60 27 fråga
801 766 93 21 varande

77 796 34 22 del
126 796 52 22 eller
192 796 60 21 icke?

145 860 78 21 Vinner
239 860 40 26 nej,
295 862 23 19 är
333 859 102 28 förslaget
449 859 7 21 i
472 860 68 20 denna
555 859 33 21 del
604 858 24 22 af
641 858 85 22 ståndet
738 858 127 22 förkastadt.

145 923 130 22 Besvarades
290 923 47 21 med
353 923 153 26 öfvervägande
518 922 30 27 ja.

146 986 243 28 Resolutionsförslagen
404 986 27 27 på
446 986 53 22 sidd.
516 987 12 20 7
544 985 39 23 och
598 986 13 21 8
626 985 128 28 godkändes.

146 1050 226 27 Resolutionsförlaget
386 1050 28 27 på
429 1050 37 21 sid.
485 1050 25 21 10
525 1050 108 27 angående

399 1137 13 26 $
429 1137 31 25 13,
476 1143 63 14 mom.
557 1138 17 19 1.

146 1194 89 21 Prosten
257 1193 156 27 Dahlberg:
450 1193 42 21 Det
514 1195 23 19 är
561 1192 129 22 beträffande
715 1192 58 21 detta
795 1193 101 25 moment,

77 1230 46 14 som
142 1223 37 27 jag
199 1222 69 22 skulle
289 1222 91 24 anhälla,
396 1224 32 20 att
447 1222 84 21 ständet
546 1220 48 22 ville
609 1221 70 21 lemna
695 1220 74 27 frägan
784 1220 112 24 beroende,

77 1252 44 21 tills
137 1252 35 21 det
188 1251 40 21 fåt:
243 1253 50 19 veta
306 1251 56 21 hvad
376 1250 148 28 ridderskapet
539 1250 39 22 och
593 1250 62 21 adeln
670 1250 39 21 och
720 1249 176 28 borgareständet

78 1280 87 22 beslutit
180 1280 7 21 i
203 1280 80 26 frägan.

146 1342 110 22 Professor
278 1342 138 22 Forsman:
445 1342 42 26 Jag
502 1341 89 21 ämnade
606 1340 74 22 endast
696 1342 56 25 säga,
768 1342 33 19 att
813 1340 37 26 jag
864 1340 33 21 för

79 1372 42 22 min
144 1372 32 21 del
197 1372 54 21 hade
272 1371 94 26 godkänt
382 1371 68 21 denna
464 1371 72 26 punkt,
554 1370 26 21 dä
592 1370 37 26 jag
645 1369 118 26 förordade,
779 1371 32 18 att
827 1368 69 21 säsom

78 1400 89 28 petition
189 1400 68 22 skulle
277 1402 104 25 upptagas
399 1400 45 26 just
459 1398 185 28 borgareständets
659 1398 75 26 beslut,
750 1404 45 15 som
811 1397 63 21 äfven
890 1397 7 20 i

77 1429 85 26 mycket
181 1428 198 21 öfverensstämmer
399 1428 48 20 med
468 1428 166 25 presteständets
655 1426 147 26 ursprungliga
819 1425 78 21 beslut.

79 1457 74 21 Likväl
168 1456 70 21 kunde
253 1456 36 21 det
302 1456 22 26 ju
336 1455 76 25 hända,
422 1456 32 20 att
464 1454 175 28 borgareständet
649 1454 40 21 och
699 1454 148 26 ridderskapet
857 1453 41 21 och

78 1485 62 21 adeln
162 1491 29 15 nu
213 1484 68 22 skulle
304 1484 55 20 fatta
380 1483 70 21 beslut
472 1484 6 20 i
501 1483 67 21 likhet
583 1482 47 21 med
645 1482 155 21 bondeständet
815 1481 40 22 och
870 1481 27 21 dä

78 1514 70 21 kunde
171 1513 36 21 det
228 1519 51 15 vara
301 1512 47 22 skäl
370 1514 32 19 att
424 1512 86 21 invänta
529 1512 43 21 det.
601 1511 41 28 Jag
657 1511 38 21 har
711 1510 53 22 dock
779 1509 46 22 icke
840 1511 58 20 emot

80 1545 32 20 att
127 1543 73 27 frägan
216 1549 28 14 nu
259 1544 75 25 genast
348 1541 91 28 afgöres.
