1081 1803
320 144 160 17 Presteståndet
493 145 54 18 1878.
567 145 22 17 15
602 145 93 18 Januari.
833 139 53 22 3321

96 218 75 20 genom
192 215 32 19 att
243 213 94 21 vidhälla
357 213 37 22 sitt
409 214 70 21 beslut
493 214 68 21 skulle
577 214 110 21 förorsaka
702 214 69 26 nägon
787 214 108 26 splittring
910 215 6 20 i

96 246 25 15 en
138 241 45 24 sak,
199 247 45 15 som
259 241 65 22 redan
341 242 71 26 tyckes
423 242 85 21 komma
518 242 32 21 till
561 242 134 27 enhällighet.
719 243 41 26 Jag
770 249 62 14 anser
842 243 74 20 visser-

95 269 56 27 ligen
172 269 34 21 för
225 270 41 21 min
282 270 33 21 del
331 270 131 22 fortfarande
476 271 89 21 likasom
582 271 56 21 förut
653 273 32 19 att
700 271 36 20 det
751 273 24 18 är
790 277 25 15 en
831 273 84 24 oegent-

96 297 66 26 lighet
184 299 37 24 att,
238 298 26 21 dä
288 298 59 27 lagen
371 299 38 20 har
431 299 39 21 den
493 299 143 27 provisoriska
657 301 69 24 natur,
745 305 45 16 som
807 299 39 21 den
861 299 56 22 både

95 331 75 21 genom
190 327 158 26 propositionen
369 327 39 21 och
429 333 74 21 genom
523 328 48 21 dess
587 334 50 20 egen
654 316 132 39 ordalydelse
801 327 47 27 fätt,
864 329 52 26 göra

96 354 60 21 deraf
177 355 66 27 några
263 355 254 28 grundlagsstadganden.
550 356 48 21 Men
621 356 13 21 å
657 357 65 20 andra
743 357 67 25 sidan,
833 362 34 15 om
890 356 25 21 de

96 382 68 28 öfriga
183 384 87 21 ständen
288 384 71 26 önska,
375 386 32 19 att
422 390 25 15 en
463 385 65 21 sädan
544 384 143 28 oegentlighet
702 385 54 21 skall
771 387 68 29 göras,
855 384 60 22 torde

95 412 35 21 det
152 411 140 23 öfverhufvud
313 413 46 21 icke
382 419 49 15 vara
449 414 79 26 nyttigt
547 416 32 18 att
595 413 45 21 rida
656 414 26 26 pä
697 414 108 32 principen
821 414 7 20 i
844 413 71 27 dylika

95 440 43 22 fall.
170 440 48 22 Men
231 441 37 27 jag
284 442 38 20 har
338 441 54 21 dock
408 442 33 21 för
456 442 134 27 ögonblicket
605 444 56 19 ännu
674 448 24 16 en
710 442 42 21 viss
763 442 152 26 betänklighet,

95 475 45 15 som
153 470 37 26 jag
205 469 38 22 ber
257 472 32 19 att
304 470 33 21 för
351 470 86 22 ståndet
451 459 30 33 få
487 470 124 28 framlägga,
627 477 26 15 en
668 470 145 28 betänklighet
830 477 33 15 om
875 471 40 21 den

94 500 58 19 rätta
174 498 126 33 tidpunkten
324 498 33 22 för
380 499 69 21 denna
470 499 116 27 förklaring
607 500 39 20 och
664 500 36 26 jag
715 500 36 20 vill
766 500 7 20 i
789 500 59 20 detta
863 499 52 21 hän-

95 527 76 21 seende
186 530 57 23 yttra
258 528 42 25 mig
316 528 81 26 ganska
411 528 125 28 uppriktigt.
566 528 42 21 Det
622 528 67 26 gäller
703 528 106 26 nämligen
825 528 90 21 hufvud-

95 555 103 27 sakligast
213 555 165 22 bondeståndets
393 556 101 27 ställning
507 546 40 33 och
562 556 95 27 hållning
672 556 32 22 till
717 556 155 27 vakansfrågan
883 556 32 22 för

94 585 139 20 närvarande.
263 585 41 20 Det
324 587 25 18 är
366 573 126 39 visserligen
504 586 80 27 ganska
600 585 63 24 klart,
679 587 37 24 att,
733 592 33 15 om
783 585 81 27 engång
879 592 36 14 en-

96 613 61 26 drägt
176 613 72 21 vinnes
271 613 6 20 i
298 614 162 27 vakansfrågan,
483 621 45 14 som
551 621 28 14 nu
600 617 62 24 utgör
682 602 35 33 det
732 615 106 26 egentliga
853 614 62 21 svåra

95 641 117 27 problemet
228 642 6 19 i
250 642 65 21 saken
334 643 51 20 eller
400 643 127 22 åtminstone
542 643 41 21 kan
599 649 62 15 anses
675 649 50 15 vara
741 643 42 26 det,
799 649 44 15 som
859 644 55 20 ännu

94 670 47 21 icke
160 670 39 21 har
215 670 42 21 fört
272 671 32 20 till
320 671 91 27 egentlig
427 672 81 26 lösning
523 672 22 21 af
559 671 80 28 frågan,
656 671 35 21 det
703 671 41 21 kan
760 671 13 21 å
788 671 127 22 bondestån-

96 699 46 21 dets
165 699 45 21 sida
232 705 60 16 anses
314 699 33 22 för
370 706 25 15 en
417 701 106 26 trygghet,
545 703 32 19 att
598 701 12 26 $
629 702 11 19 2
657 700 6 21 i
679 701 40 21 den
735 707 40 19 nya
791 700 67 26 lagen,
875 700 39 21 den

95 727 107 27 paragraf,
222 734 44 15 som
287 730 66 25 säger,
376 730 32 20 att
428 730 23 20 så
467 729 60 27 länge
542 729 146 27 värnepligten
704 729 103 21 existerar
821 730 6 19 i
842 717 73 33 landet

94 756 47 21 icke
156 756 69 27 någon
236 757 144 27 uppställning
390 757 23 21 af
422 758 79 21 militär
512 758 65 27 enligt
587 757 192 27 indelningsverket
790 757 38 21 bör
837 757 78 27 ifråga-

95 769 101 49 komma,
209 787 62 24 göres
292 786 32 21 till
345 792 26 15 en
392 786 215 28 grundlagsparagraf
621 786 39 22 och
675 774 82 34 således
773 786 104 21 beroende
893 786 24 21 af

95 814 46 27 fyra
157 814 72 21 stånds
245 816 158 26 samstämmiga
417 816 75 25 beslut,
504 817 86 20 emedan
602 816 51 20 det
648 822 21 20 ju
679 816 70 20 kunde
760 815 75 21 tänkas
845 815 69 21 såsom

96 848 25 16 en
137 842 115 28 möjlighet,
268 846 36 24 att,
320 832 89 33 oaktadt
425 844 39 21 den
481 833 105 32 allmänna
601 845 152 27 värnepligten,
769 844 64 20 likväl
844 850 25 14 en
881 844 34 20 del

96 871 22 22 af
136 872 39 21 den
197 872 71 21 aktiva
284 860 152 44 truppstyrkan
453 873 67 21 skulle
535 873 60 21 bestå
611 872 22 22 af
647 873 79 21 indelta
742 885 27 3 —
784 874 31 20 ett
830 874 84 25 system,

95 906 45 15 som
162 900 59 21 äfven
240 900 38 22 har
292 901 6 20 i
314 901 85 26 Sverige
418 902 67 20 blifvit
501 902 116 26 föreslaget.
648 902 42 20 Det
705 902 41 20 kan
763 900 76 27 derför,
855 903 60 24 säger

93 928 43 27 jag,
155 935 63 20 synas
237 930 68 20 såsom
321 936 26 15 en
363 930 98 27 trygghet
475 930 33 21 för
523 930 163 22 bondeständets
702 930 109 24 intressen,
827 932 32 18 att
875 931 10 25 $
901 930 13 20 2

96 957 44 27 och,
157 958 29 20 låt
202 964 56 18 vara,
272 958 77 26 jemväl
365 958 66 26 öfriga
446 958 22 22 af
483 959 102 21 utskottet
600 958 118 26 föreslagna
729 958 122 27 paragrafer
861 958 54 22 före-

95 986 42 22 slås
156 986 31 21 till
205 987 244 27 grundlagsparagrafer.
480 988 49 21 Men
544 988 13 21 å
571 988 66 21 andra
652 987 66 26 sidan,
734 988 23 20 så
772 986 67 26 villigt
854 986 60 22 äfven

95 1015 156 26 presteståndet
273 1016 39 20 har
335 1016 54 21 visat
410 1016 32 26 sig
465 1018 30 19 att
517 1016 26 27 gå
558 1016 165 22 bondeståndets
739 1016 128 26 önskningar
882 1016 32 21 till

94 1045 67 20 mötes
181 1044 5 20 i
206 1044 60 22 dessa
287 1044 78 28 frågor,
385 1045 61 21 torde
464 1044 63 22 likväl
543 1044 59 22 äfven
615 1045 157 26 presteståndet
788 1044 51 22 böra
853 1044 62 22 hafva

94 1074 68 25 någon
178 1073 82 26 garanti
275 1073 38 25 för,
329 1076 32 18 att
376 1074 45 21 icke
437 1074 58 21 detta
511 1074 110 21 medstånd
635 1074 72 25 måtte,
721 1080 74 20 genom
807 1075 30 19 ett
848 1074 67 20 envist

94 1102 40 20 och
154 1102 139 26 omedgörligt
314 1102 135 21 vidhållande
468 1103 33 20 vid
518 1103 31 20 sin
565 1102 136 26 formulering
715 1103 8 20 i
738 1101 73 28 sjelfva
826 1101 89 22 vakans-

94 1130 78 26 frågan,
196 1132 57 19 sätta
275 1131 73 26 sjelfva
368 1131 271 27 värnepligtsinrättningen
660 1132 27 25 på
707 1131 44 26 spel
773 1137 27 14 nu
817 1131 51 20 eller
883 1130 32 21 för

94 1159 118 21 framtiden.
235 1159 74 22 Ehuru
321 1159 37 27 jag
373 1163 44 17 tror
433 1160 39 21 och
489 1159 85 27 hoppas,
588 1161 31 20 att
629 1160 155 21 bondeståndet
795 1159 53 21 skall
859 1159 56 21 finna

94 1187 32 28 sig
140 1187 129 28 fullkomligt
284 1188 155 21 tillfredsstäldt
455 1189 46 20 med
518 1189 39 20 den
573 1188 134 26 formulering
723 1187 21 22 af
755 1187 159 27 vakansfrågan,

94 1222 44 15 som
162 1217 105 21 utskottet
287 1223 29 14 nu
331 1217 39 21 har
384 1217 114 26 föreslagit,
514 1217 86 22 emedan
617 1217 39 21 den
673 1217 5 20 i
695 1216 72 27 sjelfva
784 1217 73 20 verket
870 1216 45 27 just

94 1244 116 22 innehåller
225 1245 5 21 i
246 1245 119 22 hufvudsak
380 1245 55 22 hvad
449 1245 155 22 bondeståndet
618 1245 39 22 har
672 1245 77 27 åsyftat
765 1245 38 21 och
819 1244 96 22 fullkom-

93 1273 39 33 ligt
154 1274 88 21 sålunda
263 1274 61 27 följer
341 1275 166 26 presteståndets
528 1275 108 25 anvisning
651 1274 6 21 i
673 1270 153 42 återremissen,
848 1274 67 21 måste

91 1302 37 27 jag
143 1302 63 21 likväl
222 1303 110 26 medgifva,
348 1305 32 19 att
394 1302 165 22 bondeståndets
575 1302 118 27 tankegång
708 1304 24 20 är
742 1302 31 21 för
784 1302 131 22 närvarande

94 1332 65 26 något
181 1331 141 27 oberäknelig,
345 1332 39 21 och
405 1332 37 26 jag
465 1332 70 21 skulle
557 1332 70 21 derför
651 1332 72 25 önska,
739 1333 38 23 att,
796 1331 2 20 i
815 1331 99 21 händelse

94 1360 166 21 bondeståndets
282 1360 71 22 beslut
375 1360 108 26 angående
501 1360 105 22 vakansen
627 1360 46 21 icke
688 1360 69 21 blefve
771 1344 82 46 sådant,
869 1365 45 16 som

94 1394 28 16 nu
140 1390 24 19 är
179 1388 119 27 föreslaget,
314 1389 40 21 och
369 1390 7 19 i
391 1389 100 21 bändelse
507 1389 36 21 det
557 1388 88 22 sålunda
659 1388 70 21 kunde
744 1388 64 21 blifva
823 1394 25 14 en
864 1388 51 26 möj-

94 1416 72 27 lighet,
186 1418 32 20 att
232 1421 15 17 t.
262 1423 32 16 ex.
310 1417 34 21 vid
360 1419 61 19 nästa
436 1418 100 25 landtdag
551 1417 105 21 vakansen
671 1416 67 22 skulle
753 1416 96 26 upphöra
864 1418 50 19 utan

95 1446 31 19 att
147 1445 65 26 något
233 1447 64 18 annat
319 1445 148 20 motsvarande
489 1444 67 21 skulle
576 1444 61 21 träda
652 1445 7 19 i
674 1443 72 22 stället
765 1443 40 21 och
826 1443 89 22 sålunda

94 1472 136 26 möjligheten
246 1475 31 18 att
293 1472 89 21 bekosta
397 1472 39 21 och
452 1472 123 21 underhålla
591 1478 25 15 en
632 1472 57 21 aktiv
701 1471 136 26 truppstyrka
849 1471 66 26 enligt

95 1501 228 27 värnepligtssystemet
345 1500 68 22 skulle
435 1500 156 27 omintetgöras,
615 1506 25 15 en
661 1499 110 28 möjlighet
785 1499 130 22 återstode
905 1495 14 37 i

94 1531 12 25 8
126 1530 12 20 2
159 1531 31 20 att
205 1542 28 3 —
246 1529 36 27 jag
298 1529 41 22 har
357 1529 52 22 dock
428 1529 45 22 icke
491 1529 56 27 gjort
566 1528 42 27 mig
626 1531 96 20 närmare
740 1529 52 21 reda
806 1528 39 26 för,
861 1528 54 21 huru
