1092 1809
196 158 56 20 3366

386 162 159 17 Presteståndet
558 162 55 17 1878.
637 162 24 16 18
671 161 88 21 januari.

168 234 24 19 är
213 233 31 20 ett
258 231 137 21 våldförande
410 230 21 22 af
445 230 136 28 kyrkolagen,
597 236 44 16 som
655 230 36 26 jag
705 230 33 21 för
752 230 43 21 min
810 229 34 22 del
859 231 45 20 tror
919 229 71 33 kunde

168 260 62 22 hafva
245 260 75 27 farliga
334 260 157 27 konsegvenser
506 259 32 22 för
548 259 119 25 framtiden,
679 265 33 15 om
723 258 156 28 presteständet
889 258 101 22 särskildt

168 289 68 22 skulle
250 290 27 26 gå
292 290 21 20 in
328 290 27 26 på
370 291 32 19 ett
416 289 82 21 sådant.

236 347 90 21 Prosten
355 346 85 27 Hjelt:
478 346 43 21 För
543 346 42 27 mig
608 352 37 15 var
665 346 18 26 ej
705 345 228 27 grundlagsutskottets
956 345 34 21 vid

170 376 53 21 1867
248 376 34 20 års
304 376 101 25 landtdag
427 374 78 27 afgifna
528 375 133 21 betänkande
680 376 64 25 något
758 374 135 22 främmande.
923 374 68 22 Innan

166 404 36 27 jag
223 404 83 27 yttrade
327 404 43 26 mig
391 404 6 20 i
413 404 79 26 frågan,
509 403 53 22 hade
575 404 37 26 jag
626 404 122 26 genomgått
763 403 116 21 detsamma
898 404 39 20 och
952 402 39 22 har

169 434 36 20 det
218 433 63 21 också
296 433 39 21 här
350 432 32 22 till
397 432 74 27 hands,
487 438 47 16 men
549 438 48 16 man
613 431 67 22 finner
695 432 81 27 tydligt,
793 434 32 19 att
840 432 151 25 motiveringen

168 462 32 20 till
216 460 30 23 74
259 460 16 28 $
286 462 39 26 går
340 464 22 18 ut
378 461 26 27 pä
420 462 33 20 att
468 460 92 22 förfäkta
568 461 46 21 den
630 460 81 26 åsigten
721 463 38 23 att,
770 467 33 14 om
815 463 31 18 tre
857 460 62 22 stånd
930 460 60 21 hafva

169 490 88 22 beslutit
272 490 108 26 angående
397 496 25 15 en
437 490 45 26 sak,
498 493 32 18 att
546 490 40 21 den
601 490 46 20 icke
662 489 33 21 får
710 489 88 25 förfalla,
814 489 40 21 bör
869 490 39 20 den
923 488 68 22 under

168 518 103 22 förstärkt
286 519 82 21 utskott
383 518 91 27 bringas,
491 521 22 24 ty
526 518 37 22 det
574 518 99 27 exempel,
684 524 44 15 som
742 518 22 21 af
773 518 218 27 grundlagsutskottet

170 548 38 21 der
222 548 83 21 anföres
321 548 55 20 visar
389 549 43 23 just
447 547 91 27 tydligen
555 548 64 21 detta.
650 547 40 21 Det
705 547 59 21 anför
780 546 105 27 nämligen
899 546 92 27 följande

169 577 46 21 fall:
239 583 45 20 ,om
307 576 101 22 Finlands
431 576 56 21 bank
510 576 117 26 öfvertages
651 574 20 22 af
692 576 113 21 ständerna
825 575 54 22 skall
895 576 39 21 den
949 575 42 22 för-

169 606 101 21 vandlas*
279 605 19 26 *)
314 605 50 21 eller
378 605 44 27 just
438 605 36 21 det
488 607 32 19 att
536 605 72 27 frågan
624 605 18 27 ej
658 604 33 22 får
706 604 88 26 förfalla,
811 604 60 22 äfven
887 611 33 14 om
933 604 58 22 stän-

170 635 40 20 den
226 637 75 19 stanna
316 634 36 21 tvä
367 636 57 19 emot
440 634 41 26 tvä,
498 635 26 20 dä
540 637 33 18 tre
587 634 62 21 ständ
665 635 36 19 äro
717 640 50 15 ense
782 640 33 14 om
831 635 32 19 att
878 633 74 27 frägan
968 636 23 18 är

170 663 22 21 af
213 664 39 20 den
267 662 151 27 beskaffenhet,
434 664 32 20 att
482 663 39 21 den
538 664 17 26 ej
572 663 39 21 bör
627 662 89 21 förfalla.
746 662 43 22 Det
803 662 67 22 finnes
886 662 105 27 nämligen

169 692 47 21 icke
238 692 38 20 här
299 692 61 26 sagdt
381 692 70 26 nägot,
472 698 45 14 som
540 692 67 20 skulle
629 693 76 24 utgöra
727 694 31 18 ett
773 692 81 20 försvar
869 691 31 21 för
916 692 39 20 den
971 691 23 21 af

170 722 86 25 prosten
277 720 121 26 Rosengren
418 720 124 21 utvecklade
559 720 80 26 äsigten
655 720 39 20 och
710 720 85 21 dermed
812 722 44 19 tror
868 720 37 26 jag
921 720 70 23 ocksä,

171 751 31 19 att
216 749 36 26 jag
270 748 39 22 har
334 749 80 21 bemött
436 749 54 20 hvad
515 755 25 14 en
563 754 68 16 annan
654 749 67 20 talare
744 748 39 21 har
807 751 72 24 yttrat,
904 750 33 19 att
961 751 31 18 ett

171 778 62 20 ständ
253 777 70 21 kunde
339 777 76 21 hindra
430 779 32 19 ett
476 777 79 27 förslag
571 779 32 19 att
618 777 65 21 blifva
704 779 30 19 ett
757 778 162 20 ständerbeslut.
950 778 43 20 Det

170 808 24 18 är
213 806 24 26 ju
260 806 61 25 klart,
342 808 31 19 att
394 812 34 15 om
448 808 32 18 tre
496 806 62 21 stånd
574 806 62 22 hafva
651 806 61 27 yrkat
727 806 28 26 pä
770 808 32 19 att
817 806 64 21 saken
897 806 46 21 icke
959 806 32 20 får

170 834 90 27 förfalla,
276 835 23 21 sä
314 835 32 21 fär
362 836 36 20 det
412 834 66 28 fjerde
494 835 84 21 ständet
593 834 56 28 gifva
664 835 46 21 med
728 835 36 26 sig.
783 834 108 22 Professor
906 835 86 21 Donner

170 864 82 26 tycktes
275 863 63 21 likväl
360 864 45 26 just
426 864 22 20 af
470 864 35 21 det
526 864 69 21 skälet
610 864 52 26 yrka
674 864 28 26 pä
717 866 32 18 att
765 864 39 21 den
819 864 136 27 uppfattning
970 864 24 21 af

172 893 69 21 denna
256 892 105 27 paragraf,
377 898 45 16 som
438 892 41 22 han
495 893 61 26 hade,
572 892 67 22 skulle
655 899 49 14 vara
715 894 40 20 den
764 895 63 23 rätta,
839 899 46 15 men
894 893 37 27 jag
941 896 51 24 tror,

171 924 32 19 att
218 921 40 21 den
273 922 87 26 princip,
376 921 46 21 från
439 921 84 21 hvilken
539 922 41 21 han
596 922 38 20 har
649 921 76 27 utgått,
741 924 24 18 är
781 922 83 26 oriktig.

239 978 111 22 Professor
369 979 115 21 Donner:
514 979 135 21 Beträffande
666 980 39 20 den
721 979 143 28 uppfattning,
881 986 45 15 som
942 980 50 27 kyr-

170 1008 109 21 koherden
295 1008 106 21 Stenbäck
416 1008 40 21 här
471 1008 123 26 framhällit,
610 1010 32 19 att
657 1009 156 26 presteständet
829 1009 68 21 skulle
908 1009 35 21 vid
957 1015 35 15 an-

171 1037 101 27 tagandet
291 1037 22 21 af
328 1037 72 20 adelns
416 1036 125 28 inbjudning
556 1037 90 21 rörande
661 1038 165 25 godkännandet
842 1038 150 21 öfverhufvud-

171 1067 60 25 taget
253 1065 23 21 af
298 1066 61 20 dessa
383 1065 121 27 lagförslag,
534 1066 62 21 hafva
625 1066 89 21 utfästat
735 1069 31 18 ett
789 1066 106 22 bestämdt
918 1067 74 25 vilkor,

171 1094 94 28 framgär
287 1094 115 27 ingalunda
417 1094 76 21 sädant
508 1094 22 22 af
544 1095 39 21 den
599 1094 144 28 formulering,
760 1101 45 15 som
821 1095 41 21 han
878 1095 47 27 sjelf
939 1102 52 20 upp-

171 1123 60 21 läste.
250 1123 66 21 Detta
330 1128 62 22 synes
408 1125 56 19 ännu
479 1124 110 26 tydligare,
605 1130 34 14 om
654 1130 49 14 man
716 1124 78 26 jemför
810 1124 95 21 ständets
920 1126 72 25 proto-

171 1152 43 21 koll
230 1152 90 21 rörande
336 1153 47 20 dess
400 1152 68 21 beslut
483 1152 6 21 i
506 1152 75 28 frägan
597 1159 32 15 om
646 1153 25 21 de
687 1152 69 28 öfriga
771 1153 113 27 förslagen.
900 1153 41 21 Det
955 1153 37 22 he-

171 1184 33 18 ter
226 1181 6 20 i
255 1181 131 26 protokollet
408 1181 33 21 för
456 1181 40 21 den
513 1183 25 19 19
555 1182 122 26 December,
694 1182 26 20 dä
735 1182 84 21 ständet
835 1186 64 22 antog
915 1183 40 21 den
971 1182 23 21 af

171 1210 141 26 lagutskottet
335 1210 140 21 formulerade
496 1211 68 20 andra
585 1211 60 26 lagen
668 1216 34 16 om
725 1212 42 20 rätt
783 1211 31 21 till
830 1211 125 21 besättande
970 1211 24 21 af

172 1238 97 21 embeten
292 1238 34 21 för
347 1238 127 28 bekännare,
496 1245 45 15 som
564 1240 46 20 icke
626 1239 86 21 tillhöra
727 1240 39 20 den
783 1239 209 28 lutherska-kyrkan,

171 1270 33 17 att
226 1267 60 21 detta
308 1267 65 21 andra
396 1267 116 28 lagförslag
532 1270 76 25 antogs
623 1268 33 20 för
672 1269 39 19 den
727 1268 101 21 händelse
843 1271 32 19 att
891 1269 101 27 förslaget

172 1302 33 14 om
222 1295 123 27 förordning
363 1296 109 26 angäende
487 1296 120 22 bekännare
623 1296 23 21 af
659 1296 131 22 främmande
805 1297 80 21 kristen
903 1298 90 21 troslära

240 1389 17 21 +)
282 1390 63 17 Citatet
356 1390 6 17 i
374 1390 181 22 originalprotokollen
567 1391 124 22 ofullständigt.
716 1392 182 22 Grundiagsutskottet
909 1392 30 17 vid
948 1392 44 18 1867

171 1412 29 18 ärs
210 1411 83 24 landtdag
304 1413 56 21 yttrar
371 1412 6 18 i
388 1413 117 18 betänkandet
516 1413 34 18 N:o
563 1414 6 17 1
585 1418 38 18 pag.
636 1414 29 18 58:

239 1434 40 18 >Om
297 1435 83 19 Finlands
397 1436 49 17 Bank
463 1436 98 22 öfvertages
578 1437 19 17 af
608 1437 98 23 ständerna,
719 1437 44 18 skall
775 1438 33 17 den
821 1438 83 18 förvaltas
917 1438 46 18 efter
974 1439 19 17 af

171 1458 41 18 dem
230 1458 60 23 gifven
307 1458 109 18 instruktion.
440 1459 59 18 Skulle
518 1465 24 12 nu
560 1460 57 18 hända
635 1462 25 16 att
677 1460 53 18 sådan
748 1460 66 19 olikhet
825 1462 6 17 i
843 1462 64 22 äsigter
919 1462 73 18 stånden

172 1481 76 18 emellan
260 1482 77 22 yppades
349 1483 26 17 att
387 1483 26 17 tre
426 1483 59 17 ständs
497 1484 189 17 sammanstämmande
698 1484 57 18 beslut
767 1485 16 22 ej
797 1484 80 22 erhålles,
890 1486 30 17 bör
931 1485 61 23 frågan

171 1504 93 23 ingalunda
280 1505 68 18 derföre
364 1506 18 16 få
398 1505 74 18 förfalla.
500 1506 89 18 Utskottet
604 1507 33 17 har
651 1507 40 18 med
703 1507 52 18 dessa
767 1508 81 23 exempel
859 1508 48 18 velat
918 1508 38 18 visa
968 1509 26 17 att

171 1528 35 17 den
219 1528 99 22 föreslagna
329 1528 121 18 institutionen
462 1530 20 16 är
492 1529 98 23 nödvändig
601 1530 27 18 för
640 1531 25 16 att
679 1530 3 17 i
695 1531 62 22 mänga
766 1531 59 23 frägor
833 1532 69 17 komma
903 1524 32 34 till
946 1532 48 22 nägot

172 1550 78 24 resultat,
262 1551 33 18 och
306 1552 30 17 det
348 1552 70 22 sålänge
430 1552 101 18 nuvarande
544 1552 196 24 ständsrepresentation
752 1554 70 18 finnes».
