1081 1817
322 150 158 18 Presteståndet
493 152 56 17 1878.
573 152 12 17 5
596 152 89 21 januari,
826 148 54 22 3157

106 246 4 4 +
158 219 58 21 Enär
230 219 157 26 presteståndet
401 220 66 21 sedan
481 220 89 22 beslutit
585 222 32 20 att
631 221 65 21 aflåta
706 222 110 21 enahanda
827 222 84 28 inbjud-

90 253 51 21 ning
163 248 33 20 till
218 248 144 26 medstånden,
384 248 77 27 ansågs
483 249 88 21 ärendet
592 250 47 21 icke
653 250 86 27 påkalla
754 252 69 26 någon
838 251 72 22 vidare

90 276 75 26 åtgärd
180 276 46 21 från
241 276 95 21 ståndets
351 276 52 22 sida.

157 419 133 27 Föredrogos
305 420 238 22 ståndsmedlemmarne
559 421 33 21 till
602 421 119 21 kännedom
734 422 125 27 ytterligare
869 422 41 22 föl-

86 448 65 27 jande
166 448 34 21 till
215 448 94 22 ståndets
325 448 90 22 diarium
431 448 107 28 ingångna
552 450 206 28 protokollsutdrag:

158 506 40 27 1:0)
213 506 46 22 från
274 506 116 28 höglofliga
410 506 149 28 ridderskapet
574 507 39 22 och
629 507 62 21 adeln
708 507 23 21 af
746 508 40 21 den
802 509 12 20 3
830 508 79 22 dennes

88 535 48 21 med
158 535 105 26 anmälan,
285 538 33 19 att
339 536 96 21 bemälde
457 536 62 22 stånd
541 536 32 22 till
593 536 111 28 suppleant
720 536 6 22 i
742 537 166 27 expeditionsut-

88 564 81 22 skottet
184 566 66 20 utsett
262 564 91 22 friherre
367 564 26 22 V.
409 564 28 22 M.
453 572 19 14 v.
487 566 69 26 Born;

156 622 42 26 2:0)
220 622 47 21 från
289 622 130 22 hedervärda
442 623 155 21 bondeståndet
617 623 23 21 af
655 629 81 15 samma
752 623 41 27 dag
807 624 48 20 med
870 630 39 14 un-

88 650 132 26 derrättelse,
235 654 33 18 att
283 651 84 22 ständet
382 652 21 26 a)
419 652 88 22 beslutit
521 652 87 28 inbjuda
628 652 148 27 ridderskapet
790 652 40 21 och
846 652 62 22 adeln

88 680 39 21 och
148 680 175 26 borgareständet
345 682 38 24 att,
404 681 49 21 med
473 681 128 27 frängäende
617 681 24 21 af
655 680 45 22 sina
716 680 57 22 förra
788 681 70 21 beslut
874 681 34 21 be-

87 708 104 22 träffande
207 709 104 21 slutmom.
328 709 6 21 i
349 712 154 19 sammansatta
518 710 44 28 lag-
577 710 39 21 och
627 710 215 21 ekonomiutskottets
853 716 54 15 sam-

87 738 250 27 manjemkningsförslag
352 738 7 21 i
375 738 73 28 frågan
465 745 33 15 om
514 739 26 21 de
555 739 48 21 med
611 739 115 26 Kuusamo,
737 738 123 22 Kemiträsk
868 739 40 21 och

86 766 124 27 Kuolajärvi
226 767 117 21 socknebor
358 767 106 21 afslutade
485 768 187 25 knektekontrakt,
687 768 73 21 förena
775 768 32 26 sig
822 774 34 15 om
872 768 36 21 det

87 796 48 25 slut,
151 796 60 20 hvari
226 798 81 24 preste-
321 796 40 21 och
376 796 159 22 bondeständen
556 799 96 23 stannat;
668 796 23 26 b)
707 796 35 21 vid
757 796 151 28 föredragning

87 824 23 21 af
123 824 168 27 presteständets
305 825 126 28 inbjudning
446 826 131 21 beträffande
592 826 96 26 anslaget
701 826 33 20 för
741 825 167 28 jernvägsbygg-

86 854 69 21 naden
178 853 407 23 Tammerfors—Etseri—Nikolaistad
621 854 107 22 äfvensom
760 854 148 28 ridderskapet

87 882 39 22 och
142 883 72 21 adelns
230 883 125 27 inbjudning
377 885 31 19 att
429 883 91 22 omfatta
536 884 40 21 den
591 883 24 22 af
628 884 98 20 bemälda
742 884 62 21 stånd
818 884 36 21 vid
870 890 37 14 an-

86 912 102 27 tagandet
202 911 24 21 af
239 912 167 26 presteståndets
421 912 155 22 ofvanberörda
591 912 124 28 inbjudning
730 912 120 27 föreslagna
864 912 43 22 for-

86 940 104 28 mulering
205 941 23 21 af
241 941 124 21 ständernas
381 941 69 21 beslut
465 942 7 20 i
487 942 74 26 frågan
577 942 94 26 godkänt
693 941 167 27 presteståndets
876 942 31 20 in-

85 969 103 27 bjudning
211 976 33 14 om
266 970 119 26 beviljande
407 970 24 21 af
452 971 80 26 anslag,
551 977 48 14 men
621 970 70 26 afböjt
705 970 147 27 ridderskapet
868 970 40 22 och

86 998 74 22 adelns
174 998 80 28 förslag
269 1000 32 20 att
317 999 130 21 öfverlemna
461 999 23 21 åt
494 999 203 27 jernvägsutskottet
708 1001 32 19 att
749 999 22 21 åt
782 1000 126 20 ständernas

86 1027 70 22 beslut
170 1027 7 21 i
192 1027 73 27 frågan
281 1027 58 28 gifva
349 1028 66 21 sådan
425 1028 118 28 affattning,
555 1035 45 15 som
611 1028 48 21 bäst
669 1028 178 21 öfverensstämde
858 1028 49 21 med

86 1056 99 27 samtliga
208 1056 100 22 ståndens
331 1056 78 27 beslut;
432 1057 39 21 och
494 1057 19 27 c)
535 1057 109 27 godkändt
665 1056 242 28 bevillningsutskottets

86 1086 80 26 förslag
181 1085 32 21 till
229 1086 203 27 sammanjemkning
447 1086 7 20 i
470 1086 73 27 frågan
562 1093 34 15 om
612 1092 27 20 ny
655 1086 123 26 förordning
793 1092 33 15 om
842 1088 66 19 stäm-

85 1114 224 28 pelpappersafgiften.

154 1171 50 21 Med
227 1172 114 27 anledning
355 1172 22 21 af
393 1172 36 21 det
443 1172 7 20 i
467 1172 128 22 sistanförda
617 1172 195 27 protokollsutdrag
832 1172 75 27 gjorda

85 1200 149 22 meddelandet
249 1201 102 27 begärdes
367 1201 60 21 ordet
442 1200 24 22 af

154 1257 107 27 professor
283 1258 126 26 Donner,
433 1264 45 15 som
500 1258 97 27 yttrade:
627 1258 74 22 Såsom
717 1258 24 21 af
754 1258 153 27 protokollsut-

86 1286 75 27 draget
175 1286 100 27 framgår,
290 1286 39 22 har
344 1286 155 22 bondeståndet
514 1287 97 21 vidhällit
626 1287 38 21 sitt
679 1286 75 26 beslut,
770 1287 20 20 d.
806 1294 19 14 v.
841 1293 16 15 s.
868 1293 38 15 an-

85 1315 55 25 tagit
155 1315 324 27 sammanjemkningsförslaget,
496 1322 44 14 som
555 1316 48 27 gick
618 1317 25 19 ut
657 1315 28 27 pä
699 1317 32 19 att
742 1315 38 21 hos
791 1316 115 20 ständerna

85 1343 78 21 föreslå
185 1344 129 26 antagandet
329 1344 24 20 af
366 1344 40 20 den
422 1344 143 28 formulering,
588 1350 45 14 som
657 1344 156 26 presteständet
828 1344 56 26 gjort
898 1344 7 20 i

84 1371 74 28 frägan
174 1378 34 15 om
224 1372 119 28 antagande
358 1372 24 21 af
395 1372 250 28 stämpelpappersafgift,
665 1372 51 21 eller
731 1374 32 19 att
778 1372 128 22 bondestän-

86 1400 35 22 det
136 1400 68 22 skulle
224 1400 56 22 afstä
302 1401 47 21 frän
371 1402 40 20 den
426 1401 70 26 frihet,
512 1408 45 15 som
573 1402 35 20 det
623 1401 76 21 hittills
714 1401 87 27 ätnjutit
816 1402 6 20 i
838 1402 69 20 denna

85 1429 69 21 skatts
169 1430 133 26 erläggande.
331 1430 11 20 I
357 1430 38 26 gär
409 1430 135 21 meddelades
559 1430 156 26 presteständet
727 1430 47 20 frän
786 1430 120 20 ridderska-

84 1459 37 24 pet
136 1457 40 21 och
191 1458 68 26 adeln,
281 1458 32 20 att
335 1458 148 26 ridderskapet
504 1458 39 20 och
558 1458 62 20 adeln
635 1458 47 20 icke
697 1457 77 21 bifallit
789 1458 33 20 till
838 1458 68 20 denna

84 1485 204 27 sammanjemkning
303 1485 40 21 och
359 1486 60 20 äfven
434 1486 176 26 borgareständet
624 1485 39 21 har
679 1485 85 27 afslagit
777 1486 128 20 densamma.

84 1513 74 22 Under
178 1514 80 21 sädana
280 1513 147 22 förhällanden
450 1514 61 22 torde
526 1514 73 27 frägan
613 1513 126 28 hänskjutas
754 1514 33 21 till
803 1513 104 22 förstärkt

84 1543 83 21 utskott
189 1543 40 21 och
251 1543 106 27 utgängen
380 1543 37 21 der
439 1543 61 21 torde
521 1543 46 22 icke
589 1549 52 15 vara
662 1542 72 22 tvifvel
754 1542 152 26 underkastad,
