1073 1809
300 154 159 19 Presteståndet
471 156 54 17 1877.
550 156 12 17 6
574 155 113 18 december.
814 150 56 21 2543

78 227 59 19 terna
160 224 39 21 och
222 225 26 21 de
269 224 91 27 speciela
380 224 63 26 läror,
457 230 45 16 som
517 224 85 27 åtskilja
618 224 25 22 de
659 224 65 26 begge
739 224 162 26 ifrågavarande

76 252 199 28 kyrkosamfunden,
298 253 88 22 emedan
407 253 62 26 ingen
492 253 148 23 undervisning
662 252 22 22 af
702 258 24 16 en
742 253 65 21 sådan
823 258 77 21 person

76 281 49 22 kan.
148 282 127 21 åtminstone
298 281 53 22 efter
373 281 42 22 min
430 281 110 22 förmodan
556 281 132 22 annorlunda
702 281 44 22 ske.
775 281 41 27 Jag
830 281 70 22 skulle

77 311 53 20 dock
146 317 58 19 anse,
219 312 32 19 att
266 310 135 27 domprosten
415 310 68 26 Borgs
498 310 80 26 förslag
592 316 51 15 vore
653 310 129 27 lämpligare,
793 316 35 15 om
837 310 61 21 ordet

76 339 182 28 ypresterskapet*
274 339 68 22 skulle
356 339 49 26 ingå
419 339 8 20 i
437 339 71 21 stället
518 339 32 21 för
562 334 17 37 ,,
574 338 167 28 kyrkoherden",
752 339 88 21 emedan
850 338 48 21 der-

76 368 82 27 igenom
174 367 102 22 bereddes
291 367 81 22 tillfälle
387 369 32 20 att
433 368 69 21 vända
517 368 31 27 sig
563 367 31 22 till
610 368 68 25 någon
694 374 75 21 annan,
784 369 27 20 än
821 367 77 28 kyrko-

76 397 79 20 herden
171 397 51 20 eller
237 396 31 21 till
284 396 83 21 hvilken
382 396 92 27 kyrkans
489 397 69 21 lärare
572 403 45 14 som
634 396 59 26 helst,
709 396 31 21 till
756 396 84 21 hvilken
855 396 43 21 han

76 425 55 21 hade
146 427 68 19 större
230 425 121 22 förtroende
366 427 27 19 än
407 425 32 21 till
454 425 153 27 kyrkoherden.

143 483 141 26 Domprosten
295 482 77 27 Borg
383 481 83 28 medgaf
475 484 32 19 att
517 483 61 21 ordet
589 482 179 27 ,presterskapet*
780 488 37 15 var
828 481 69 22 bättre

75 513 27 19 än
118 511 60 21 ordet
200 527 5 8 ,
206 511 176 27 kyrkoherden",
398 517 47 15 men
462 511 47 21 ville
525 513 57 19 emot
597 511 135 26 domprosten
748 509 98 22 Renvalls
861 516 37 15 an-

75 540 111 26 märkning
202 541 57 20 emot
274 539 40 22 den
328 546 75 15 senare
419 539 59 22 delen
494 539 23 21 af
529 540 65 21 första
610 539 82 27 stycket
707 541 51 24 göra
774 545 25 15 en
812 538 85 22 invänd-

75 569 55 26 ning.
161 569 49 20 Man
229 568 54 21 hade
298 570 76 25 ansett,
390 570 32 19 att
436 575 49 14 man
501 569 45 20 icke
561 568 66 22 borde
642 568 102 26 stipulera
759 574 26 15 en
800 567 97 22 bestämd

74 597 38 27 tid,
127 597 57 21 inom
200 597 84 22 hvilken
299 603 25 15 en
339 603 76 21 person
431 597 53 21 skall
500 597 79 27 styrka,
595 599 31 20 att
641 597 41 21 han
697 597 73 20 tillhör
785 598 31 19 ett
831 598 68 19 annat

74 625 171 28 kyrkosamfund,
267 629 26 18 än
314 627 36 20 det
364 626 106 21 hvarifrån
486 625 41 22 han
543 627 75 26 utgått,
635 625 44 22 icke
695 625 21 22 af
730 625 39 22 den
786 625 63 22 orsak
864 627 34 19 att

74 661 48 15 man
146 655 46 21 icke
212 654 49 21 ville
281 655 28 27 på
323 655 65 27 något
403 657 42 19 sätt
461 655 73 21 hindra
549 655 53 21 hans
617 655 79 26 utgång
711 655 45 21 från
772 654 80 27 kyrkan
868 666 29 3 —

75 684 36 21 det
133 690 36 15 var
192 683 86 22 alldeles
298 687 58 18 emot
370 683 240 26 evangelisk-lutherska
625 683 91 28 kyrkans
732 683 55 22 anda
803 695 26 3 —
845 685 51 19 utan

74 713 88 21 emedan
185 719 49 15 man
256 713 48 21 ville
326 713 70 21 lemna
418 713 76 20 honom
517 713 63 21 frihet
602 714 32 19 att
656 712 72 27 styrka
743 713 42 24 det,
801 714 38 19 när
854 712 42 21 han

74 741 66 22 finner
157 741 35 22 det
207 742 33 21 för
254 742 58 26 godt.
338 741 86 22 Kanske
439 741 41 22 han
496 742 68 21 under
578 741 57 22 tiden
651 741 70 21 hunne
737 741 65 26 ångra
814 741 32 26 sig
856 740 40 21 och

74 770 36 21 vill
124 771 115 21 återvända
254 771 6 20 i
276 771 47 21 dess
338 771 68 24 sköte,
422 770 84 21 hvartill
522 773 56 19 ännu
592 770 70 21 kunde
673 770 78 27 läggas,
761 771 32 20 att
804 770 35 21 det
850 769 47 21 icke

74 799 101 22 smakade
195 800 24 21 så
236 800 52 26 godt
303 801 32 20 att
350 799 85 22 tillhöra
451 799 40 21 den
505 799 239 27 evangelisk-lutherska
759 799 81 27 kyrkan
856 798 39 21 och

74 830 32 20 ett
117 831 65 19 annat
192 829 95 21 samfund
297 829 29 27 på
336 834 25 16 en
372 828 59 28 gång.

142 886 142 28 Domprosten
309 886 127 22 Renvall
461 885 78 23 vidhöll
562 886 61 22 ordet
644 884 171 29 kyrkoherden"
838 887 58 20 emot

74 915 61 22 ordet
158 916 185 27 ,presterskapet*
366 916 87 21 emedan
476 915 160 28 ,presterskap'
652 921 38 16 var
704 915 64 27 något
783 915 112 21 kollektivt

74 945 37 22 och
126 951 49 15 man
190 945 68 21 skulle
273 945 71 21 kunna
359 947 82 24 antaga,
457 946 32 20 att
504 945 36 21 det
554 945 46 21 icke
613 951 37 14 var
664 950 26 15 en
706 946 63 25 prest,
783 947 50 18 utan
844 943 52 22 flere

74 979 44 17 som
134 974 68 21 skulle
216 974 114 21 undervisa
344 973 40 22 den
394 973 159 27 ifrågavarande
564 979 108 21 personen.
698 973 135 27 Kyrkolagen
843 973 52 21 sade

70 1003 31 26 ju,
124 1005 32 19 att
176 1002 42 27 det,
240 1009 46 15 som
308 1002 66 27 gäller
396 1008 34 16 om
453 1003 153 26 kyrkoherden,
622 1001 66 28 gäller
703 1002 60 21 äfven
778 1008 35 15 om
828 1002 67 21 andra

73 1033 88 26 prester.

141 1089 81 22 Rektor
244 1088 149 23 Kihlman:
419 1087 40 28 Jag
481 1088 92 27 begärde
596 1088 61 21 ordet
680 1088 74 21 endast
775 1087 34 22 för
826 1089 32 20 att
874 1087 21 22 få

73 1118 136 27 understödja
229 1118 25 21 de
270 1118 84 26 åsigter,
368 1123 44 16 som
428 1117 67 21 blifvit
510 1117 95 21 uttalade
620 1116 22 21 af
656 1116 135 27 domprosten
806 1116 88 21 Renvall

73 1147 39 22 och
127 1149 73 24 pastor
215 1146 61 27 Lyra.
300 1146 41 27 Jag
356 1147 23 20 är
393 1145 94 22 tacksam
503 1146 32 21 för
550 1145 40 21 den
601 1145 125 24 diskussion,
737 1151 45 15 som
792 1145 8 20 i
810 1145 85 21 ståndet

72 1175 117 27 försiggått,
212 1175 88 22 emedan
322 1175 65 21 sedan
407 1175 36 26 jag
464 1175 47 20 med
527 1173 187 28 uppmärksamhet
729 1173 39 22 har
783 1173 47 27 följt
845 1173 50 22 den-

72 1211 87 20 samma,
173 1204 37 26 jag
224 1204 40 21 har
279 1203 80 22 kunnat
374 1203 56 21 bilda
446 1203 41 26 mig
502 1209 26 15 en
544 1202 144 28 öfvertygelse,
704 1202 83 21 hvilken
801 1202 36 27 jag
847 1202 47 21 sak-

72 1234 54 20 nade
142 1233 6 21 i
164 1233 80 26 början,
261 1233 27 20 då
303 1231 145 22 diskussionen
468 1232 96 27 begynte.
594 1231 42 21 Det
651 1233 24 19 är
690 1231 50 21 visst
755 1234 54 23 sant,
824 1231 70 21 såsom

72 1262 106 27 professor
201 1261 111 22 Ehrström
333 1261 57 25 sade,
405 1262 32 19 att
452 1259 46 22 icke
513 1262 32 19 ett
557 1260 46 26 jota
618 1260 7 21 i
640 1259 129 28 kyrkolagen
784 1259 32 21 får
830 1259 65 21 blifva

74 1291 90 21 ändradt
179 1296 75 21 genom
270 1289 68 22 denna
352 1288 101 28 paragraf
466 1289 6 20 i
488 1288 164 26 dissenterlagen
665 1288 39 21 och
714 1290 32 19 att
756 1287 82 22 således
848 1287 48 22 icke

74 1321 30 20 ett
119 1319 113 26 intagande
248 1318 22 21 af
284 1317 157 27 bestämningen
457 1317 6 21 i
479 1317 141 27 kyrkolagens
635 1316 99 27 paragraf
747 1317 6 20 i
770 1316 67 21 denna
853 1316 43 21 dis-

72 1348 106 26 senterlag
200 1353 38 15 var
259 1347 85 21 absolut
365 1346 136 26 nödvändigt,
522 1352 48 15 men
586 1345 26 22 då
628 1345 36 21 det
678 1345 64 21 likväl
758 1347 24 19 är
796 1345 52 26 godt
862 1347 33 19 att

72 1376 46 22 icke
134 1377 6 20 i
156 1376 68 22 skilda
240 1376 78 21 böcker
332 1376 52 21 söka
398 1374 56 22 hvad
469 1380 44 16 som
529 1375 39 21 hör
583 1374 33 21 till
631 1380 80 16 samma
725 1374 45 25 sak,
786 1374 24 21 så
822 1374 74 26 tycker

70 1406 37 26 jag
122 1407 33 19 att
170 1406 36 20 det
218 1404 46 22 icke
280 1404 66 27 ligger
361 1404 64 27 något
441 1403 51 21 ondt
507 1403 45 22 deri
567 1404 31 20 att
614 1403 6 20 i
636 1404 12 20 7
664 1403 10 26 &
687 1402 68 22 skulle
765 1402 83 27 intagas
858 1402 37 20 det

72 1433 85 26 förslag,
180 1439 46 14 som
246 1432 68 21 finnes
330 1432 6 20 i
352 1433 12 19 6
380 1432 11 26 $
406 1432 23 20 af
441 1432 130 25 kyrkolagen
594 1431 38 21 och
649 1431 27 20 då
687 1431 37 25 jag
739 1432 40 20 har
794 1433 31 19 att
840 1430 55 26 välja

73 1460 90 22 emellan
179 1461 25 21 de
220 1461 22 21 af
256 1461 160 25 domprostarne
431 1459 57 26 Borg
503 1460 39 20 och
557 1458 87 22 Reuvall
660 1458 73 27 gjorda
747 1458 111 26 förslagen,
871 1458 24 21 så

72 1489 68 22 skulle
154 1488 37 28 jag
206 1488 48 27 vilja
270 1488 83 22 ansluta
368 1488 41 26 mig
424 1486 33 22 till
473 1487 134 27 domprosten
619 1486 99 22 Renvalls
730 1486 84 26 förslag,
825 1486 70 21 äfven-

73 1525 45 15 som
141 1518 36 22 det
198 1518 84 27 förslag,
304 1523 46 16 som
371 1516 21 22 af
405 1518 73 26 pastor
492 1516 57 27 Lyra
563 1515 109 27 framlagts
687 1521 34 15 om
737 1515 123 27 intagandet
874 1514 23 22 af

74 1550 31 20 ett
126 1547 74 27 tillägg
222 1546 32 22 till
276 1546 66 22 första
364 1546 110 26 meningen
497 1551 24 15 ur
545 1544 153 22 betänkandets
716 1544 71 22 motiv.
822 1544 73 22 Skulle
