1073 1798
298 152 161 19 Presteståndet
472 154 54 17 1877.
550 153 13 18 6
575 154 112 17 december.
817 149 53 21 2591

79 221 123 28 kisk-ryska
223 222 81 27 kyrkan
326 222 7 21 i
355 221 90 22 Finland
465 223 8 20 i
493 229 25 14 en
540 222 86 22 framtid
648 223 69 22 skulle
731 223 79 22 handla
825 229 76 16 annor-

78 250 72 26 lunda,
166 252 27 19 än
209 251 42 20 hon
266 251 39 20 har
319 249 58 29 gjort
393 251 36 20 det
444 251 145 25 annorstädes,
600 252 38 20 der
649 251 59 22 detta
717 251 40 22 har
767 254 54 19 varit
832 252 69 21 henne

78 278 88 27 möjligt.
196 278 47 21 Den
266 279 98 26 grekiska
386 279 81 26 kyrkan
491 279 39 21 har
544 279 87 22 makten
650 279 28 26 på
692 280 31 21 sin
739 280 52 25 sida,
807 281 40 20 den
862 281 39 20 har

79 307 77 26 många
170 307 68 21 andra
252 307 69 21 medel
334 307 32 21 till
382 307 59 26 buds,
456 313 45 16 som
516 309 38 20 äro
570 307 127 27 tillräckliga
712 310 32 19 att
755 308 67 21 skaffa
832 309 68 21 henne

78 335 83 22 inträde
184 335 39 22 och
245 335 125 27 utvidgning
391 335 123 27 isynnerhet
536 336 64 21 bland
620 336 39 21 den
675 335 75 28 fattiga
765 337 39 21 och
819 337 82 27 andligt

79 363 113 28 omyndiga
207 364 61 21 delen
283 364 23 21 af
320 363 155 27 befolkningen.
497 364 67 22 Afven
579 365 6 20 i
601 365 40 21 den
656 364 74 27 frågan
743 365 72 22 kunna
829 365 72 22 lärdo-

78 398 46 16 mar
142 392 47 21 från
205 392 114 21 historiska
334 392 154 23 förbållanden,
503 393 72 21 hvilka
589 393 56 27 ligga
660 399 35 16 oss
710 393 45 22 helt
769 396 59 22 nära,
843 394 58 27 tjena

79 427 41 22 oss.
150 421 43 21 Det
212 423 24 19 är
249 421 23 27 ju
287 421 62 27 ingen
364 421 121 27 hemlighet,
501 423 33 20 att
549 422 40 21 den
603 422 201 27 grekisk-ortodoxa
819 423 82 26 kyrkan

78 450 8 21 i
101 449 233 28 Östersjöprovinserna
356 451 67 20 under
445 451 50 20 åren
520 451 52 21 1841
589 451 33 21 till
639 451 53 21 1847
708 451 75 21 bedref
797 457 26 15 en
837 451 64 26 högst

79 478 117 22 vidsträckt
217 479 144 26 propaganda.
389 479 40 26 Jag
451 479 36 21 vill
509 479 123 28 visserligen
654 479 19 26 ej
691 481 56 25 säga,
763 482 32 19 att
811 480 42 21 alla
869 481 31 25 de,

79 513 45 16 som
148 507 121 27 öfvergingo
291 507 33 22 till
345 507 40 22 den
407 507 200 27 grekisk-ortodoxa
624 508 89 27 kyrkan,
728 508 73 28 gjorde
817 508 36 22 det
867 508 34 22 till

78 536 53 27 följd
146 536 24 21 af
184 535 175 29 proselytmakeri
373 536 47 22 från
436 537 69 21 denna
520 536 79 28 kyrkas
614 537 52 25 sida,
683 543 46 15 men
745 537 55 21 hvad
813 537 37 27 jag
865 538 35 20 vet

78 577 28 3 —
130 571 14 20 ty
164 564 37 28 jag
224 564 39 22 har
285 565 8 21 i
311 565 63 27 långa
391 564 55 22 tider
461 566 54 20 varit
530 565 199 27 tjenstförrättande
743 568 74 24 pastor
831 566 8 20 i
854 572 47 20 gre-

78 593 169 22 kisk-lutherska
268 593 149 27 församlingen
440 594 7 20 i
470 594 90 21 Estland
576 606 25 4 —
618 595 24 19 är
657 596 32 19 att
704 594 23 21 af
740 594 69 21 denna
824 600 76 21 propa-

78 622 69 26 ganda
163 622 88 22 ändlösa
265 621 154 27 förvecklingar
435 622 39 21 och
490 624 31 20 ett
535 624 55 20 stort
604 622 81 25 elände,
701 628 50 21 sorg
763 622 39 22 och
810 622 91 27 jämmer

78 650 122 27 isynnerhet
215 650 38 22 hos
269 650 62 22 dessa
346 650 141 22 konvertiters
503 651 58 27 barn,
578 651 73 21 hvilka
667 651 93 21 önskade
773 650 84 28 öfvergå
867 651 33 21 till

78 680 41 20 den
135 679 110 22 lutherska
260 679 81 27 kyrkan
357 678 97 22 förefans.
478 680 42 21 Det
535 682 25 19 är
575 679 75 22 endast
664 680 37 21 vär
713 680 122 21 nuvarande
848 680 51 26 hög-

78 708 56 21 sinte
154 708 40 21 och
213 708 47 21 ädle
275 708 101 21 monarks
391 708 74 21 kärlek
481 708 33 21 till
529 709 88 21 rättvisa
633 708 39 21 och
688 708 96 28 sanning,
800 714 45 16 som
861 708 39 21 har

78 736 78 22 lindrat
179 736 40 22 och
241 736 110 27 godtgjort
372 736 25 21 de
413 737 122 24 orättvisor,
550 744 45 14 som
610 737 67 21 under
691 737 92 26 tidigare
798 737 24 21 år
837 737 62 21 hafva

78 765 58 22 skett
156 765 60 22 detta
231 771 59 15 arma
305 764 56 27 folk;
378 771 47 15 men
439 765 36 27 jag
490 767 45 20 tror
550 765 71 27 också,
638 767 31 19 att
684 771 25 15 en
725 766 120 21 Alexander
860 765 39 21 II:s

78 794 33 22 för
126 794 42 22 alla
183 794 100 21 lidanden
299 794 110 21 ömmande
425 794 97 27 regering
534 794 40 22 hör
584 794 32 21 till
627 794 152 26 undantagen
771 790 14 35 i
792 794 108 21 enväldets

78 822 97 27 historia;
189 823 39 27 jag
243 824 51 25 tror,
309 824 32 20 att
357 829 47 15 man
420 822 19 27 ej
456 822 41 22 kan
513 823 79 21 skrifva
607 828 42 21 upp
665 822 37 22 det
716 823 70 21 såsom
802 824 31 20 ett
843 823 57 26 evigt

78 852 131 21 faststående
230 852 121 26 prejudikat
375 851 33 21 för
426 853 31 19 ett
472 852 65 27 ringa,
552 853 56 20 armt
624 851 39 21 och
678 852 73 26 fattigt
766 852 48 20 land
829 851 70 21 såsom

78 881 54 21 vårt.
162 880 31 22 På
215 880 68 28 grund
305 880 24 22 af
349 880 56 21 hvad
425 880 36 27 jag
483 880 45 22 haft
550 882 52 19 äran
617 880 75 21 anföra
707 880 85 21 förenar
805 880 36 27 jag
856 880 44 27 mig

78 910 49 21 med
143 909 25 22 de
183 909 75 25 talare,
273 915 46 16 som
333 909 64 21 hafva
411 909 64 27 yrkat
490 909 27 29 på
532 909 68 22 denna
616 909 109 26 paragrafs
741 909 104 26 utgående
861 908 39 22 och

78 938 86 21 förenar
179 938 43 26 mig
236 938 101 21 särskildt
351 938 47 21 med
411 941 74 24 pastor
500 938 58 22 Öller
573 938 51 26 deri,
641 941 32 18 att
688 938 36 21 det
739 938 46 21 icke
798 940 24 19 är
833 937 67 27 lämp-

80 967 39 27 ligt
141 967 33 21 för
196 967 117 21 ständerna
335 968 32 20 att
387 967 49 27 ingå
458 967 48 21 med
529 973 25 15 en
577 967 96 26 petition,
692 973 47 15 men
755 966 33 22 väl
804 968 32 20 att
852 972 48 16 man

79 996 80 21 uttalar
180 996 43 26 det,
241 998 33 19 att
288 996 7 20 i
310 996 90 21 Finland
415 996 68 26 hyllas
499 995 202 28 religionsfrihetens
717 996 40 20 och
771 995 130 22 samvetsfri-

79 1025 75 21 hetens
169 1025 139 26 grundsatser
324 1024 39 22 och
378 1024 91 27 följande
485 1024 61 22 dessa
561 1024 136 27 grundsatser
712 1024 63 21 hafva
785 1025 20 21 vi
817 1024 18 27 ej
848 1024 52 21 kun-

80 1055 38 20 nat
138 1054 148 21 åstadkomma
301 1055 31 20 ett
347 1053 70 21 bättre
432 1052 78 28 förslag
525 1055 26 20 än
567 1054 64 21 detta.
661 1052 81 22 Sådant
757 1055 24 19 är
796 1053 48 21 mitt
859 1052 42 22 för-

80 1082 52 28 slag,
148 1088 48 16 men
212 1082 27 21 då
254 1083 59 21 detta
328 1082 80 27 förslag
422 1082 23 22 af
455 1083 115 21 ständerna
584 1082 100 22 insändes
699 1082 32 21 till
746 1082 60 21 Hans
816 1082 85 26 Kejser-

80 1112 42 26 liga
144 1111 102 27 Majestät
268 1113 45 19 tror
333 1110 43 28 jag,
398 1112 32 20 att
445 1111 36 21 det
495 1112 114 25 ingalunda
624 1112 24 20 är
663 1116 26 16 en
705 1110 138 22 öfverdrifven
858 1110 43 21 för-

80 1140 108 27 hoppning
210 1142 33 18 att
265 1139 22 21 af
307 1146 26 14 en
349 1141 79 25 regent,
444 1139 66 21 sådan
527 1140 19 20 vi
562 1139 68 25 hafva,
645 1140 72 20 kunna
731 1139 7 21 i
754 1140 69 20 denna
837 1138 64 22 stund

80 1168 87 28 hoppas,
190 1169 70 21 såsom
283 1168 106 22 utskottet
411 1170 61 25 säger
488 1168 6 22 i
507 1168 32 22 sin
554 1168 131 27 motivering,
701 1170 45 23 ,att
761 1168 59 21 Haus
835 1167 66 27 Maje-

81 1199 53 20 stäts
160 1198 49 20 ädla
224 1197 59 21 sinne
298 1199 24 19 är
338 1198 63 26 öppet
416 1196 33 22 för
465 1197 39 21 och
519 1197 48 21 med
583 1199 71 19 värme
669 1196 100 22 omfattar
784 1196 61 22 äfven
861 1196 40 21 den

80 1226 125 27 dyrbaraste
229 1226 109 26 rättighet,
361 1231 45 16 som
429 1226 43 20 kan
494 1226 86 21 komma
602 1225 121 21 menniskor
738 1225 32 21 till
784 1225 41 26 del,
842 1226 59 19 näm-

80 1254 56 27 ligen
159 1254 40 22 den
222 1256 32 20 att
271 1254 22 22 få
308 1254 67 27 dyrka
390 1255 31 20 sin
437 1260 155 20 gemensamme
607 1254 96 26 Skapare
718 1254 27 26 på
760 1254 77 21 sådant
852 1255 49 23 sätt,

80 1289 46 15 som
147 1289 25 15 en
189 1283 64 21 hvars
273 1285 93 19 samvete
381 1283 22 21 af
416 1282 77 22 honom
509 1283 89 25 fordrar,
614 1285 55 19 samt
684 1284 32 19 att
731 1283 25 20 de
772 1282 130 26 omständig-

80 1311 67 26 heter,
166 1311 72 21 hvilka
253 1311 76 21 hittills
344 1312 85 20 hindrat
445 1312 76 20 honom
538 1313 31 19 att
584 1312 91 20 förunna
689 1310 46 22 sina
749 1310 153 27 grekisk-orto-

82 1341 53 20 doxa
150 1340 126 21 undersåter
290 1340 7 20 i
313 1340 90 21 Finland
416 1346 81 15 samma
507 1338 166 28 religionsfrihet
684 1345 45 15 som
741 1339 83 21 landets
835 1338 67 27 öfriga

80 1368 114 26 inbyggare
217 1370 26 19 är
264 1368 97 24 beskärd,
387 1370 59 19 snart
465 1368 45 21 icke
526 1374 45 16 mer
586 1368 60 21 skola
661 1367 78 21 afhålla
754 1367 77 22 honom
847 1366 56 22 deri-

80 1396 68 22 från".
178 1396 41 26 Jag
241 1403 106 20 upprepar
368 1396 83 22 derföre
473 1397 48 21 mitt
540 1396 93 27 yrkande
650 1396 27 26 på
692 1396 136 26 paragrafens
843 1395 60 27 utgå-

81 1425 53 21 ende
150 1427 55 18 samt
220 1425 27 26 på
261 1425 122 21 återremiss
398 1425 7 20 i
421 1426 36 19 det
472 1425 54 26 syfte
539 1425 36 26 jag
591 1426 115 19 omnämnt.

149 1481 143 26 Domprosten
315 1480 152 27 Hornborg:
501 1481 33 20 En
556 1480 127 26 föregående
705 1479 67 22 talare
795 1479 38 21 har
855 1479 48 21 litet

80 1509 107 27 misstagit
209 1509 32 28 sig
263 1509 51 27 deri,
337 1511 32 20 att
389 1509 36 22 det
445 1508 68 23 skulle
535 1509 55 21 varit
603 1509 42 26 jag,
660 1514 45 16 som
721 1507 102 27 åberopat
838 1508 27 21 72
880 1507 21 28 $,

80 1545 48 15 men
149 1538 37 28 jag
208 1538 55 22 hade
285 1544 66 21 gerna
368 1538 81 22 kunnat
464 1540 53 26 göra
532 1538 42 21 det.
604 1537 85 22 Samme
703 1537 68 22 talare
786 1536 65 27 ansåg
866 1536 37 22 det
