1081 1798
334 145 160 18 Presteståndet
508 146 54 17 1878.
585 146 13 17 8
609 145 89 21 januari.
836 139 54 21 3211

100 213 59 27 detta
181 213 50 21 land
253 213 37 21 har
308 213 77 22 hittills
400 213 56 27 gjort
472 214 32 27 sig
519 214 82 27 skyldig
616 214 33 21 till
665 214 25 21 de
706 214 130 27 öfvergrepp,
852 218 45 17 som
914 214 6 21 i

99 241 240 27 Östersjöprovinserna,
354 243 69 20 såsom
439 243 89 21 allmänt
542 243 80 21 bekant
636 244 30 24 är,
682 243 62 20 hafva
759 245 35 24 egt
809 249 53 17 rum,
872 249 48 14 men

100 269 27 22 då
142 276 48 15 man
207 270 109 21 betraktar
338 273 76 19 tvänne
436 271 85 27 kyrkor,
544 271 80 21 sådana
639 277 45 15 som
701 271 39 21 den
756 271 110 21 lutherska
881 271 39 21 och

100 299 40 20 den
156 299 106 26 grekiska,
278 299 6 20 i
301 299 61 21 deras
378 299 132 21 förhållande
527 300 32 20 till
575 300 118 21 hvarandra
708 299 40 21 och
758 300 96 21 kommer
864 299 56 27 ihog,

99 328 33 19 att
148 327 40 20 den
204 327 110 21 lutherska
329 328 116 27 medgifver
465 327 114 28 öfvergång
601 328 47 21 från
663 328 38 21 sitt
716 328 66 27 sköte,
799 329 39 20 den
854 328 67 21 andra

99 355 46 21 icke
162 355 40 22 och
217 361 49 15 man
282 356 70 21 tillika
368 356 90 25 befarar,
469 359 32 18 att
512 356 206 21 tidsförhållandena
728 358 57 19 ännu
795 357 47 20 icke
852 356 69 22 skulle

98 384 108 27 medgifva
221 384 37 21 vår
273 384 52 27 högt
340 385 86 21 älskade
442 384 116 22 Storfurste
574 388 32 18 att
621 385 22 21 åt
658 385 46 21 sina
716 384 69 22 finska
795 386 126 21 undersåter

99 412 22 21 af
136 413 102 26 grekiska
260 413 106 21 trosläran
389 413 77 27 bevilja
488 419 80 16 samma
584 413 64 22 frihet
664 420 44 15 som
724 413 150 22 lutheranerna
889 414 32 21 åt-

99 441 65 27 njuta,
188 447 62 16 anser
271 442 35 27 jag
328 442 36 21 det
386 449 50 14 vara
460 442 23 21 så
505 443 83 26 mycket
608 445 69 19 större
699 443 53 24 skäl,
772 443 27 21 då
814 449 25 14 en
855 443 66 21 sådan

99 470 75 27 stadga
197 471 71 24 finnes,
285 470 39 21 och
340 471 24 21 så
384 471 83 27 mycket
490 473 68 19 större
579 471 63 27 hopp,
658 473 32 20 att
706 471 68 21 denna
788 471 54 22 skall
858 471 63 21 vinna

102 499 60 21 Hans
176 499 120 27 Kejserliga
311 499 110 27 Majestäts
437 499 106 26 sanktion,
560 502 22 25 ty
598 500 79 21 tillåtes
692 500 45 21 icke
749 500 115 27 öfvergång
874 500 46 21 från

98 527 41 21 den
162 528 100 26 grekiska
284 529 82 26 kyrkan
390 529 31 21 till
444 529 40 21 den
506 528 116 26 lutherska,
638 529 69 21 såsom
724 535 48 15 man
788 529 89 26 befarar,
894 529 27 21 dä

98 556 55 21 skall
168 563 42 20 nog
225 557 59 21 Hans
301 557 33 21 för
348 557 29 21 all
392 558 90 20 rättvisa
496 559 70 25 öppna
581 558 60 20 sinne
651 557 57 21 finna
721 558 35 21 det
767 558 108 26 naturligt,
888 560 32 19 att

98 584 110 22 lutherska
231 586 82 26 kyrkan
334 586 36 20 vill
392 586 63 21 hafva
478 588 30 20 ett
530 586 75 21 sådant
619 588 57 25 yttre
691 588 50 20 värn
757 586 31 21 till
804 586 68 27 skydd
888 586 34 21 för

97 614 40 26 sig,
160 620 45 15 som
237 615 30 21 uti
298 620 25 15 en
346 614 303 28 proselytmakeriförfattning
670 615 117 21 innebäres.
818 615 103 21 Häremot

98 642 42 20 kan
163 643 52 20 visst
237 644 62 24 göras
322 649 25 14 en
370 644 84 25 mycket
474 644 68 26 viktig
560 644 146 26 anmärkning.
737 643 50 21 Man
803 645 61 25 säger
880 644 40 20 den

98 670 110 22 lutherska
223 672 82 26 kyrkan
321 671 101 21 behöfver
436 672 46 20 icke
497 672 80 21 sådana
592 674 57 24 yttre
668 672 110 24 skrankor,
794 672 126 26 sanningens

98 699 60 21 makt
174 706 72 20 segrar
268 700 119 22 oberoende
402 700 22 21 af
438 700 82 22 sådant.
551 700 104 22 Häremot
670 701 36 21 vill
718 701 38 27 jag
770 701 103 27 genmäla,
888 702 32 19 att

98 727 40 22 den
154 730 55 24 yttre
225 729 82 26 kyrkan
322 728 114 22 allestädes
450 729 28 27 på
491 730 75 26 jorden
582 729 39 21 har
636 729 55 21 varit
704 736 24 14 en
742 730 91 20 blandad
845 729 74 27 kyrka;

98 756 24 22 så
138 756 66 22 måste
220 758 36 20 det
268 764 57 20 vara,
340 757 40 21 och
396 758 40 20 den
451 758 67 20 finska
531 757 81 27 kyrkan
628 758 72 20 består
719 758 61 21 äfven
801 758 23 20 af
834 764 25 15 en
874 760 46 19 stor

98 786 77 26 mängd
192 786 99 26 andligen
306 786 113 27 omyndiga
434 787 142 27 medlemmar,
591 786 72 21 hvilka
676 787 37 26 jag
728 787 46 21 icke
785 787 67 21 skulle
862 786 58 27 gifva

97 814 33 21 till
146 814 44 26 pris
206 814 32 21 för
253 815 138 26 bearbetning
409 814 24 22 af
446 815 82 21 mindre
550 822 37 14 ren
606 815 153 21 beskaffenhet.
788 816 42 26 Jag
852 815 69 21 håller

98 843 52 24 före,
167 844 31 20 att
214 844 156 26 presteståndet
385 846 70 24 tryggt
470 844 70 20 kunde
551 844 73 21 förena
634 844 32 26 sig
677 850 33 15 om
722 844 148 26 ridderskapet
881 844 39 20 och

98 872 73 20 adelns
192 872 39 20 och
254 872 186 27 borgareständets
462 872 69 22 beslut
553 872 6 21 i
582 872 72 21 saken.
685 872 69 22 Hafva
774 873 147 26 ridderskapet

98 901 39 21 och
153 900 62 21 adeln
231 901 39 21 och
286 901 181 27 borgareståndet,
484 902 61 20 dessa
560 901 176 21 lekmannastånd
755 904 69 19 ansett
841 904 30 18 ett
886 901 35 21 så-

99 929 51 21 dant
166 931 51 20 värn
233 929 23 21 af
270 930 50 26 vigt,
336 931 73 26 tycker
422 930 37 27 jag
475 932 31 19 att
522 929 109 22 lutherska
654 930 92 27 kyrkans
768 933 48 24 eget
828 932 92 25 prester-

98 958 52 27 skap
167 958 46 22 icke
229 958 66 22 borde
310 965 51 15 anse
376 959 66 21 saken
458 959 81 21 mindre
555 958 72 27 vigtig.

166 1027 82 21 Rektor
262 1027 136 21 Kihlman:
428 1027 160 22 Presteständet
604 1028 39 21 har
658 1028 77 20 tvänne
757 1028 79 26 gånger
852 1027 69 21 beslu-

96 1056 33 26 tit,
153 1059 32 19 att
205 1056 69 22 denna
296 1056 126 28 författning
444 1056 68 21 skulle
533 1058 88 25 antagas
644 1057 66 21 under
734 1056 68 22 vilkor
825 1059 31 19 att
878 1056 42 21 för-

98 1085 117 27 ordningen
231 1085 108 27 angående
354 1086 121 20 bekännare
490 1085 24 21 af
527 1086 131 20 främmande
679 1085 81 21 kristen
776 1086 90 20 troslära
881 1085 40 21 och

98 1114 61 21 deras
175 1114 165 28 religionsfrihet
355 1114 61 22 äfven
432 1114 68 21 skulle
516 1117 94 24 antagas;
626 1114 158 27 presteståndet
799 1114 60 21 torde
874 1114 47 21 icke

97 1142 72 22 kunna
184 1143 73 27 frångå
272 1143 38 21 sitt
326 1143 75 25 beslut,
418 1146 50 18 utan
484 1145 32 19 att
532 1143 66 21 blifva
619 1143 71 21 dertill
708 1143 96 27 inbjudet
819 1143 24 21 af
856 1142 64 28 något

97 1173 65 20 annat
178 1172 68 21 stånd.

166 1234 76 22 Pastor
257 1235 69 26 Lyra
341 1235 65 25 ansåg
421 1234 168 28 presteståndets
605 1234 69 21 beslut
684 1235 47 21 icke
744 1234 101 21 innebära
856 1234 64 27 något

98 1262 74 22 hinder
194 1265 33 19 att
249 1270 28 14 nu
299 1262 73 22 förena
394 1263 32 27 sig
449 1264 47 20 med
520 1263 146 27 ridderskapet
687 1263 38 21 och
742 1262 61 22 adeln
819 1263 39 21 och
874 1263 47 21 bor-

98 1292 142 26 gareståndet.

167 1354 89 21 Prosten
279 1354 89 27 Hjelt:
398 1354 43 21 Det
463 1354 68 21 skulle
546 1354 66 26 enligt
627 1354 43 20 min
686 1353 55 27 åsigt
756 1360 50 15 vara
823 1354 99 21 fullkom-

98 1382 39 28 ligt
152 1383 108 21 stridande
283 1384 57 20 emot
362 1382 104 28 grundlag
488 1386 32 18 att
542 1382 90 22 beträda
652 1383 39 20 den
707 1383 55 21 bana
777 1385 73 25 pastor
866 1382 56 27 Lyra

98 1411 116 27 föreslagit.
244 1411 160 22 Presteståndet
426 1411 39 21 har
488 1411 118 28 egentligen
629 1411 47 21 icke
698 1412 64 26 något
783 1411 47 21 med
853 1411 69 21 denna

97 1439 58 21 kläm
170 1441 31 19 att
218 1441 56 26 göra,
288 1442 20 24 ty
328 1439 40 21 den
385 1439 199 21 öfverensstämmer
592 1440 48 19 med
651 1440 35 19 det
697 1440 75 25 beslut,
784 1445 45 15 som
842 1441 77 24 preste-

98 1467 86 22 ståndet
199 1468 65 21 redan
280 1468 40 20 har
335 1467 71 26 fattat,
422 1468 40 20 och
477 1467 158 27 presteståndet
655 1473 49 20 eger
719 1467 82 21 således
816 1467 47 20 icke
878 1469 44 19 rätt

98 1499 33 19 att
146 1496 108 27 upphäfva
270 1497 117 20 detsamma
398 1495 27 28 på
440 1496 68 27 grund
519 1496 22 21 af
551 1496 59 21 detta
621 1495 301 28 sammanjemkningsförslag.
