1081 1803
202 157 56 21 3290
417 161 160 18 Presteståndet
589 162 56 17 1878.
670 162 23 16 12
703 162 89 20 januari.

174 237 48 14 man
244 230 38 27 går
304 231 21 20 in
347 230 28 26 på
398 230 101 27 förslaget
519 232 24 19 är
558 230 39 21 den
613 230 82 25 förlust,
710 236 45 15 som
771 230 152 21 militiefonden
940 230 53 20 deri-

174 265 76 21 genom
265 259 95 21 kommer
376 260 31 19 att
423 258 49 27 lida,
488 258 47 21 icke
549 261 52 19 stor.
619 259 46 20 Den
680 258 94 21 kommer
786 260 32 20 att
831 260 75 24 utgöra
918 260 75 24 75,000

174 287 60 21 mark
257 288 82 20 mindre
361 289 27 19 än
413 288 39 20 den
475 287 121 21 nuvarande
623 286 170 28 vakansafgiften
816 288 68 25 utgör,
912 292 45 16 som
986 287 7 21 i

175 316 157 27 statsförslaget
355 318 24 19 är
399 315 108 21 beräknad
527 315 33 22 till
577 316 110 26 1,351,000
702 316 67 20 mark.
806 315 187 22 Rotehällsräntan

173 347 63 24 utgör
251 345 106 26 nämligen
373 346 91 25 642,000
480 345 60 20 mark
555 345 39 20 och
612 344 177 21 rusthållsräntan
803 346 63 24 utgör
876 344 48 21 litet
934 344 59 21 öfver

174 375 91 25 709,000
285 374 52 21 eller
357 373 138 21 tillsammans
514 373 109 26 1,351,000
639 372 66 27 mark,
722 379 44 14 som
782 372 69 21 skulle
867 372 27 21 då
908 373 85 21 komma

174 405 32 18 att
221 405 107 18 motsvara
338 402 26 21 de
375 407 28 16 nu
413 401 58 22 säväl
483 401 46 22 frän
540 404 55 19 rote-
607 408 45 15 som
663 401 116 22 rusthällen
789 401 104 27 ingäende
903 402 89 21 vakans-

174 431 39 22 och
239 430 256 28 passevolansafgifterna.
535 431 42 21 För
606 430 154 22 militiefonden
783 431 42 20 blir
846 430 60 21 detta
927 431 7 20 i
958 430 36 21 det

174 460 48 21 hela
243 462 59 25 taget
323 466 25 15 en
368 459 80 27 ganska
469 459 108 28 obetydlig
598 459 76 22 förlust
696 465 47 16 men
762 459 54 22 huru
832 459 161 22 förhållandena

173 489 86 21 komma
280 490 33 20 att
331 488 72 27 jemka
426 488 32 27 sig
480 489 47 20 med
550 488 53 26 dem,
626 488 71 21 hvilka
720 488 66 21 under
801 488 121 21 nuvarande
938 487 55 28 höga

174 517 44 27 pris
239 517 63 22 hafva
324 517 51 27 köpt
398 517 95 25 rusthäll,
509 519 24 19 är
553 521 31 17 em
599 523 69 15 annan
686 517 44 21 sak.
760 517 40 27 Jag
816 517 36 20 vill
868 517 81 21 säledes
965 523 28 14 nu

173 546 47 21 icke
234 546 27 26 gå
277 546 20 21 in
313 546 28 26 pä
355 546 166 21 bondeständets
536 546 130 26 inbjudning.

241 602 154 28 Kyrkoherden
414 602 189 22 Fredrikson:
634 602 41 22 Det
691 602 131 21 hedervärda
836 602 156 21 bondeständet

173 632 39 20 har
234 638 61 20 synes
318 632 35 20 det
377 632 42 26 mig
441 638 75 20 genom
539 631 32 21 sin
594 631 124 27 inbjudning
735 631 41 21 fätt
792 631 58 21 detta
866 631 62 21 ständ
944 630 6 21 i
966 637 25 15 en

174 660 104 27 ställning,
299 666 44 16 som
367 660 69 21 blifvit
459 660 46 21 litet
527 661 48 20 svär
594 662 32 19 att
641 660 50 21 reda
706 660 34 27 sig
755 661 46 20 med
818 660 39 21 och
871 660 37 27 jag
924 659 68 22 öfver-

173 690 81 20 lemnar
273 690 22 20 ät
316 689 85 21 ständet
422 692 31 18 att
469 690 52 20 söka
537 690 32 26 sig
584 689 61 21 bästa
661 688 85 28 möjliga
762 690 70 25 utväg.
862 688 68 25 Hvad,
947 695 44 15 som

174 718 32 21 för
221 718 43 27 mig
279 720 23 19 är
317 718 88 21 aildeles
417 718 62 24 klart,
493 720 24 19 är
530 718 35 21 det
576 720 32 19 att
619 719 35 19 det
665 718 33 20 väl
709 718 69 26 aldrig
788 718 41 20 kan
840 717 152 26 ifrägakomma

173 749 32 19 att
220 747 31 21 uti
267 749 30 19 ett
313 746 73 22 ständs
402 747 118 26 skriftligen
536 748 99 25 uppsatta
651 745 79 28 förslag
745 746 96 27 begynna
856 746 65 28 nägot
936 746 56 27 slags

173 775 174 27 omformulering
369 776 6 20 i
396 775 59 21 detta
477 775 36 21 fall
537 782 28 14 nu
587 775 7 20 i
617 775 167 27 presteständets
805 775 95 21 intresse.
931 775 61 21 Hvad

173 805 67 20 skulle
257 805 34 20 det
307 804 128 27 högvördiga
452 804 156 27 presteständet
622 806 51 25 säga
689 804 34 21 vid
739 806 31 19 ett
785 804 99 21 liknande
896 804 36 21 fall
945 803 47 22 frän

173 833 166 21 bondeständets
355 833 46 21 sida
416 839 33 15 om
466 833 155 21 bondeständet
636 833 67 21 skulle
719 833 96 26 företaga
828 833 32 26 sig
870 835 32 19 att
912 836 81 18 tumma

172 868 35 15 om
229 864 30 19 ett
278 861 85 27 förslag,
385 868 45 15 som
452 861 39 22 har
512 862 70 26 utgått
602 861 46 21 från
665 862 58 21 detta
738 862 68 24 stånd,
822 862 7 21 i
844 862 38 21 sitt
896 862 96 21 intresse.

172 891 42 26 Jag
236 891 73 26 tycker
331 892 32 19 att
383 890 25 21 de
431 891 73 26 talare,
521 896 44 15 som
586 890 63 21 hafva
667 892 66 25 yttrat
748 891 33 26 sig
796 890 22 22 ät
834 891 36 20 det
884 890 73 26 hället,
973 891 18 26 ej

172 919 63 21 hafva
258 919 113 28 ädagalagt
394 919 39 20 den
457 919 88 27 aktning
566 919 33 21 för
617 921 31 19 ett
665 921 65 19 annat
745 919 68 25 ständ,
829 925 45 15 som
890 925 48 15 man
954 919 39 21 bör

172 947 71 22 hafva.
273 948 61 21 Hvad
354 947 74 28 sjelfva
448 947 73 28 frågan
541 949 7 20 i
570 947 65 28 öfrigt
650 947 101 22 beträffar
765 948 39 21 har
816 948 37 27 jag
869 948 124 27 tillräckligt

173 977 57 20 förut
252 977 64 20 redan
339 976 78 21 uttalat
440 977 42 20 min
505 977 56 27 äsigt
581 979 32 19 att
629 977 36 26 jag
680 977 46 21 icke
741 977 42 20 kan
799 978 65 20 annat
879 979 26 19 än
921 977 71 26 afböja

172 1005 165 22 bondeständets
349 1005 130 27 inbjudning.

240 1062 112 21 Professor
367 1061 87 22 Cleve:
470 1062 50 21 Med
536 1062 113 27 anledning
660 1061 24 22 af
692 1062 147 26 kyrkoherden
852 1062 140 21 Fredriksons

170 1091 98 26 yttrande
283 1096 28 15 nu
327 1097 34 14 om
377 1091 36 20 det
427 1091 102 26 granlaga
546 1091 5 20 i
567 1093 32 18 att
614 1090 148 21 omformulera
777 1091 93 21 beslutet
886 1091 61 20 utber
956 1091 36 26 jag

170 1119 44 25 mig
235 1121 32 18 att
290 1119 21 20 fä
325 1119 100 26 päminna
441 1119 72 20 derom
529 1121 31 18 att
575 1119 155 26 presteständet
751 1119 47 21 icke
812 1119 24 21 sä
851 1119 61 26 länge
928 1119 65 21 sedan

170 1147 42 21 fick
234 1149 107 25 emottaga
363 1153 26 14 en
412 1147 124 26 deputation
559 1147 47 21 frän
628 1147 148 27 ridderskapet
794 1147 39 22 och
856 1147 68 27 adeln,
946 1153 46 16 som

170 1176 121 21 förklarade
311 1178 32 19 att
364 1176 59 21 detta
438 1176 61 21 ständ
515 1176 54 21 hade
584 1176 82 23 antagit
681 1176 165 25 presteständets
868 1176 124 27 inbjudning

170 1210 48 15 men
240 1206 70 19 ansett
332 1205 36 20 det
390 1204 73 27 nödigt
485 1207 33 18 att
533 1204 150 21 omformulera
698 1205 92 20 beslutet
805 1205 39 21 och
860 1208 32 17 att
913 1207 79 24 preste-

170 1232 85 22 ständet
278 1233 64 20 ocksä
365 1235 64 24 antog
451 1233 68 20 denna
541 1232 144 28 formulering.
715 1233 32 21 Dä
769 1239 81 15 samma
869 1233 125 27 inbjudning

169 1261 50 21 kom
242 1261 34 21 till
297 1261 155 22 bondeständet
469 1261 72 26 vidtog
561 1261 155 22 bondeständet
734 1262 44 27 just
794 1262 39 21 den
849 1262 82 27 ätgärd,
947 1267 45 16 som

170 1296 27 14 nu
221 1291 24 19 är
265 1289 7 21 i
293 1289 60 28 fräga
371 1289 106 28 nämligen
493 1292 31 19 att
540 1290 109 21 remittera
665 1290 63 21 saken
744 1290 32 21 till
793 1290 105 21 utskottet
912 1290 34 21 för
961 1293 31 18 att

170 1319 21 20 få
216 1319 140 26 motsägelsen
381 1319 119 26 utjemnad;
528 1319 36 21 det
585 1321 24 19 är
631 1319 82 21 således
736 1319 45 22 icke
805 1319 65 28 något
891 1319 101 22 oerhördt

170 1347 128 20 åtminstone
319 1347 35 20 vid
377 1348 68 19 denna
468 1347 100 26 landtdag
591 1347 39 20 och
650 1347 37 26 jag
709 1350 45 18 tror
777 1348 34 20 väl
833 1350 33 18 att
885 1353 26 15 en
927 1347 65 21 sådan

170 1374 76 27 åtgärd
261 1381 27 14 nu
304 1374 69 21 skulle
388 1381 51 14 vara
455 1375 40 20 den
511 1375 140 26 lämpligaste.

238 1431 111 22 Professor
369 1431 138 22 Forsman:
537 1432 50 21 Icke
608 1431 67 21 heller
689 1432 35 26 jag
740 1432 41 21 kan
797 1431 57 22 finna
869 1432 36 21 det
920 1434 72 26 egent-

169 1460 57 27 ligen
241 1466 51 16 vara
307 1460 66 28 något
387 1460 135 26 formvidrigt
533 1461 51 21 eller
595 1460 107 22 stridande
714 1464 44 18 mot
768 1461 141 27 landtdagens
921 1461 71 27 praxis

170 1492 32 19 att
224 1489 151 28 inbjudningen
398 1489 161 22 omformuleras
582 1490 39 21 och
642 1491 33 20 att
689 1489 145 29 öfverhufvud,
850 1490 28 22 då
892 1490 60 27 fråga
968 1492 23 19 är

170 1524 33 16 om
227 1518 210 28 sammanjemkning,
460 1525 48 15 man
532 1518 46 22 från
601 1521 57 19 ömse
673 1518 57 22 sidor
746 1518 96 22 försöker
857 1520 87 21 komma
959 1519 33 22 till

170 1548 95 26 endrägt,
281 1554 76 21 genom
381 1547 124 28 ömsesidigt
528 1547 153 28 medgifvande.
715 1548 41 27 Jag
778 1548 42 21 kan
842 1548 82 22 således
945 1548 46 22 icke
