1086 1809
302 148 159 18 Presteståndet
474 149 55 18 1877.
553 150 22 16 18
588 150 112 16 december.
833 144 52 22 2801

97 216 90 22 skottets
210 217 133 22 betänkande
364 216 66 23 skulle
453 218 91 26 qvarstå,
567 218 23 22 så
612 218 40 21 blir
670 218 141 21 förhållandet
826 218 88 22 alldeles

97 246 122 27 detsamma,
241 252 45 16 som
309 246 36 21 det
366 246 39 21 har
425 246 54 22 varit
494 246 62 25 förut,
574 246 38 22 och
628 247 107 25 professor
749 247 111 21 Ehrström
876 247 39 21 har

95 274 110 27 förklarat,
227 276 34 20 att
283 274 42 22 han
341 274 18 27 ej
374 274 42 21 kan
430 275 61 24 fatta,
507 274 54 22 hvad
577 275 36 21 det
628 276 24 20 är
666 275 32 21 för
714 281 24 15 en
754 275 112 25 anledning
882 277 33 19 att

96 304 101 20 motsätta
211 302 33 28 sig
259 303 203 26 omformuleringen.
479 303 48 21 Men
540 304 37 26 jag
591 302 68 22 skulle
674 303 25 21 be
714 305 32 19 att
760 304 21 20 få
796 302 58 28 fråga
864 310 51 20 pro-

94 330 67 22 fessor
176 331 118 27 Ehrström,
311 338 34 15 om
360 332 36 20 det
411 332 18 26 ej
446 332 23 20 är
485 338 27 14 en
527 332 83 21 skilnad
624 332 7 20 i
646 332 36 21 det
697 333 32 20 att
740 332 27 27 pä
777 332 137 21 administra-

95 359 30 21 tiv
147 361 39 25 väg
208 360 120 22 utkommer
350 366 26 15 en
397 359 130 28 författning,
546 367 45 15 som
607 360 48 21 hela
670 360 66 22 finska
751 360 65 22 folket
832 360 81 27 ogillar,

95 387 27 22 dä
138 388 40 21 den
193 388 19 27 ej
227 390 25 19 är
267 388 161 27 grudlagsenlig,
445 389 39 21 och
500 389 41 26 det,
557 391 32 19 att
600 390 113 20 ständerna
724 389 106 27 medgifva
840 389 73 27 laglig-

95 416 62 22 heten
180 416 22 22 af
223 417 82 27 sådant,
327 418 28 21 dä
377 418 26 20 de
424 419 51 25 säga
495 420 33 19 att
543 418 40 21 den
599 417 33 22 får
646 418 62 26 gälla.
738 418 34 21 Då
786 418 42 21 kan
841 418 37 26 jag
894 417 17 27 ej

94 445 60 25 fatta,
178 446 54 21 hvad
255 447 36 21 det
310 446 94 27 betyder,
419 448 32 19 att
465 452 50 16 man
531 446 73 27 ogillar
620 446 70 26 nägot,
706 452 44 16 som
766 448 24 20 är
804 446 28 28 pä
846 446 68 22 admi-

94 475 97 21 nistrativ
213 476 40 25 väg
275 475 7 21 i
302 475 53 21 strid
377 475 47 21 med
446 475 156 27 grundlagarne
622 475 132 22 tillkommet.
784 475 128 27 Visserligen

95 503 38 22 har
155 503 73 22 rektor
245 503 100 22 Kihlman
360 503 48 22 sökt
423 504 77 25 bevisa,
516 506 32 19 att
563 504 35 22 det
614 505 24 20 är
652 510 26 15 en
693 504 185 27 missuppfattning
893 504 22 22 af

94 532 81 27 frägan.
206 532 50 22 Man
276 532 42 22 kan
338 532 24 28 ju
384 533 54 21 dock
459 533 99 26 uppfatta
581 538 25 16 en
627 532 38 22 sak
679 533 28 26 pä
722 533 57 21 olika
794 534 48 20 sätt.
872 532 41 27 Jag

94 560 46 22 äter
162 562 39 20 har
221 561 51 21 hört
293 561 24 22 af
335 562 81 26 ganska
436 561 82 27 mänga,
533 563 32 20 att
580 561 36 21 det
631 561 62 21 faller
708 561 31 28 sig
753 561 87 22 alldeles
856 561 57 27 sjelf-

94 590 62 26 klart,
172 592 32 19 att
219 596 34 16 om
269 596 48 15 man
333 592 71 24 säger:
430 590 85 25 ,Denna
530 590 126 26 författning
670 591 64 21 berör
749 590 45 22 icke
810 590 40 21 den
865 596 48 20 gre-

93 618 121 27 kisk-ryska
235 619 102 26 kyrkan",
357 618 51 22 eller
426 621 68 25 säger:
518 635 10 9 ,
532 618 61 22 Hvad
614 625 44 15 som
676 618 64 28 angår
755 618 158 28 grekisk-ryska

93 647 81 27 kyrkan
192 647 67 26 gäller
280 648 55 21 hvad
353 647 57 21 förut
428 648 99 26 stadgadt
546 650 43 24 är",
611 648 24 20 sä
650 649 24 19 är
689 648 58 21 detta
762 647 86 22 alldeles
864 653 49 15 ena-

93 676 80 25 handa;
196 678 22 25 ty
233 682 48 15 man
296 676 68 22 mäste
379 676 137 26 ovilkorligen
531 676 85 22 komma
627 678 33 19 att
672 676 65 27 fräga,
749 678 39 20 när
798 676 36 21 det
846 676 67 27 gäller

93 704 86 27 greker:
205 704 74 27 ,Hvad
296 707 23 19 är
334 705 35 21 det
385 705 33 25 dä,
434 711 44 15 som
495 704 55 22 skall
564 704 62 28 gälla,
643 711 33 15 om
690 711 26 15 en
727 705 52 27 grek
794 704 36 22 vill
846 704 67 22 öfver-

92 733 27 27 gå
142 734 32 20 till
196 734 40 20 den
259 734 108 21 lutherska
389 734 106 26 kyrkan"?
523 734 39 21 och
585 734 26 21 dä
633 733 32 22 får
682 740 49 15 man
746 733 31 22 till
793 739 47 16 svar
856 733 56 25 ,Det

93 762 73 26 gäller,
187 768 45 16 som
255 762 56 22 förut
331 764 24 20 är
369 762 105 27 stadgadt,
491 762 39 22 och
545 762 61 22 äfven
621 763 114 21 ständerna
750 762 62 22 hafva
828 762 84 27 stadgat

93 792 64 26 detta,
177 791 39 22 och
231 791 59 21 detta
305 790 54 23 skall
375 798 50 14 vara
440 790 107 30 gällande;
568 792 63 26 ingen
646 791 96 22 luthersk
757 793 57 25 prest
829 791 32 21 fär
877 791 36 21 be-

93 820 54 21 fatta
168 821 31 25 sig
219 820 48 21 med
285 826 26 15 en
331 820 89 21 medlem
435 820 23 21 af
471 820 39 21 den
526 820 158 27 grekisk-ryska
699 820 101 28 kyrkan*.
831 820 80 27 Kyrko-

92 848 79 22 herden
189 849 139 21 Fredriksson
347 848 60 22 sökte
422 848 119 28 framhälla,
556 850 32 20 att
603 850 61 25 ingen
680 849 102 27 mensklig
797 849 59 21 makt
871 848 42 22 kan

92 877 98 28 förbjuda
205 878 42 26 mig
262 880 32 19 att
309 878 81 21 befatta
406 878 41 27 mig
462 878 47 21 med
522 878 138 22 medlemmar
670 877 22 22 af
703 878 39 21 den
752 878 161 27 grekisk-ryska

93 907 147 22 bekännelsen.
263 907 47 21 Han
325 907 55 22 hade
395 907 49 21 bort
459 909 60 25 säga;
535 908 75 26 ,ingen
625 906 112 28 Gudomlig
752 907 70 26 makt;
839 908 22 26 ty
872 907 40 21 den

93 936 116 27 menskliga
230 936 97 22 maktens
349 936 75 22 förbud
447 938 23 19 är
492 936 38 22 här
551 936 94 28 tydligen
666 936 98 26 uttaladt,
781 936 27 22 dä
823 936 35 21 det
874 936 39 20 har

92 965 89 21 kommit
196 972 25 14 en
237 965 115 25 skrifvelse,
368 972 44 14 som
427 965 116 21 innehäller
558 966 106 20 bestämdt
679 965 41 23 det,
737 967 31 19 att
783 964 131 27 evangelisk-

93 994 108 21 lutherska
223 994 81 27 kyrkan
327 994 17 26 ej
367 994 33 21 fär
421 994 82 21 befatta
525 995 31 25 sig
578 994 47 21 med
646 994 156 27 grekisk-ryska
820 993 91 27 kyrkans

92 1022 127 25 bekännare,
241 1023 45 21 icke
306 1029 33 15 om
356 1022 36 22 det
406 1023 66 27 gäller
487 1023 114 26 sjukbesök
616 1022 51 22 eller
682 1022 64 27 nägot
761 1022 75 27 dylikt.

161 1080 89 22 Prosten
273 1080 157 22 Borenius:
461 1080 26 22 Vi
503 1080 61 21 hafva
580 1080 88 21 kommit
683 1080 21 21 in
720 1080 38 21 här
773 1080 27 26 pä
816 1080 40 20 den
872 1080 37 20 ka-

93 1108 105 22 teketiska
219 1109 104 21 metoden.
353 1108 41 21 Det
415 1109 39 21 har
476 1109 72 21 väckts
564 1108 72 27 frågor
651 1115 40 15 ena
705 1108 81 27 gången
802 1108 52 22 efter
869 1108 40 22 den

93 1139 71 20 andra.
193 1138 41 26 Jag
254 1138 33 20 vill
305 1137 64 22 också
383 1137 65 27 fråga.
483 1137 44 21 Här
542 1138 38 20 har
595 1137 85 26 frägats,
696 1144 33 14 om
744 1138 36 20 det
793 1143 50 15 vore
854 1138 57 20 stän-

93 1167 35 21 det
143 1166 83 26 värdigt
241 1168 32 19 att
287 1166 75 26 frängä
377 1168 30 19 ett
422 1166 79 21 fattadt
512 1166 74 21 beslut.
612 1166 48 21 Men
672 1166 12 21 ä
694 1166 66 21 andra
770 1166 59 20 sidan
842 1165 68 22 skulle

87 1195 37 27 jag
139 1195 49 27 vilja
202 1195 66 26 fråga,
285 1202 34 14 om
335 1195 36 21 det
386 1196 23 19 är
424 1194 84 22 ståndet
523 1195 83 26 värdigt
622 1196 36 20 att.
668 1194 48 26 ingå
727 1194 47 22 med
784 1200 26 15 en
821 1194 89 26 petition

91 1224 31 21 till
137 1224 60 21 Hans
212 1223 100 27 Majestät
327 1223 39 22 och
382 1223 6 21 i
405 1223 39 21 den
459 1223 114 27 petitionen
589 1225 63 25 säga:
678 1223 37 27 ,Vi
729 1224 27 26 gå
771 1223 61 21 äfven
847 1223 21 21 in
883 1224 28 25 pä

91 1253 36 21 det
148 1252 97 25 vilkoret,
268 1252 55 21 blott
346 1252 19 21 vi
385 1252 21 21 få
426 1258 25 14 en
467 1252 155 26 dissenterlag,*
638 1251 40 21 och
694 1252 26 20 dä
736 1251 58 21 Hans
809 1251 101 27 Majestät

91 1281 64 21 sedan
178 1280 99 21 aflemnar
299 1280 79 26 förslag
400 1280 32 20 till
454 1286 25 15 en
502 1280 139 26 dissenterlag
661 1280 48 21 med
724 1280 36 21 det
775 1279 74 26 vilkor,
865 1286 45 14 som

91 1309 84 21 ständet
197 1308 56 27 sjelft
276 1309 39 21 har
338 1310 72 23 utsatt,
436 1314 61 16 svara
519 1308 44 22 vid:
590 1314 46 15 non
655 1314 124 21 possumus.
814 1307 40 27 Jag
876 1310 35 19 vet

92 1338 18 26 ej
133 1337 56 21 hvad
205 1338 32 26 de,
253 1343 45 15 som
314 1339 37 19 äro
366 1338 24 20 sä
405 1337 105 21 bestämdt
526 1339 56 19 emot
598 1336 40 22 den
655 1338 25 20 19
697 1338 17 25 $,
729 1336 63 28 tycka
807 1336 31 26 sig
854 1336 56 21 finna

91 1366 148 22 skrämmande
261 1366 6 20 i
287 1366 128 21 densamma.
446 1365 24 27 Ej
486 1365 122 27 godkännas
623 1372 76 20 genom
715 1366 39 21 den
772 1366 24 20 19
812 1365 14 27 &
842 1364 25 22 de
883 1366 28 26 pä

92 1394 153 22 administrativ
265 1396 40 25 väg
327 1394 101 22 utkomna
450 1394 183 27 författningarna,
656 1396 51 20 utan
729 1394 35 21 det
786 1395 61 25 säges
866 1393 45 21 deri

91 1424 62 25 blott,
176 1425 31 19 att
223 1424 36 20 det
274 1423 143 21 förhållandet
431 1424 86 20 beröres
532 1423 46 21 icke
593 1422 7 22 i
616 1423 68 21 denna
699 1422 128 26 förordning.
857 1422 52 21 Der-

92 1452 83 26 igenom
197 1452 38 26 gär
255 1451 23 26 ju
294 1450 35 22 det
345 1450 140 22 förhällandet
501 1450 18 27 ej
535 1452 29 20 ett
580 1452 47 24 steg
641 1450 82 22 framät.
754 1450 50 21 Man
819 1450 55 20 visar
887 1450 24 26 ju

92 1479 82 28 tydligt,
189 1481 33 19 att
237 1485 48 15 man
301 1478 36 22 vill
352 1479 91 21 undvika
459 1480 32 20 att
507 1480 110 20 omnämna
632 1478 36 22 det
683 1478 146 22 förhållandet.
860 1477 50 21 Man

92 1509 73 21 vinner
187 1508 95 22 deremot
296 1514 76 20 genom
393 1508 128 26 antagandet
536 1507 24 21 af
573 1513 26 15 en
615 1507 139 27 dissenterlag
768 1507 7 21 i
791 1506 63 28 öfrigt
870 1506 41 26 det,

93 1540 32 20 att
139 1544 48 15 man
206 1537 32 22 fär
253 1536 142 23 förhällandet
409 1536 106 28 regleradt
531 1536 88 22 emellan
635 1537 47 21 värt
696 1535 109 23 lutherska
820 1536 92 27 prester-

814 1576 34 18 176
