1073 1809
206 157 55 20 2544
395 160 160 18 Presteståndet
568 161 53 16 1877.
646 161 13 16 6
671 160 112 18 december.

176 230 87 22 ståndet
276 230 71 21 kunna
362 230 73 21 förena
450 230 31 26 sig
496 236 34 15 om
547 230 60 20 dessa
622 228 90 28 uttryck,
724 228 24 22 så
760 228 67 22 skulle
837 228 20 21 vi
867 227 63 23 hafva
939 228 59 22 kom-

176 259 41 22 mit
231 258 32 22 till
278 261 31 20 ett
324 258 22 22 af
360 259 25 21 de
401 258 122 29 lyckligaste
534 257 292 28 sammanjemkningsförslag
836 263 48 16 man
895 257 41 22 kan
946 256 53 28 hop-

175 295 41 20 pas
237 289 34 26 på.
301 287 50 22 Men
373 288 48 21 med
443 287 96 22 afseende
562 287 13 21 å
597 287 67 26 tredje
680 287 109 26 meningen
804 286 68 21 skulle
886 286 36 26 jag
936 285 64 22 hafva

178 317 65 27 tyckt,
260 318 33 20 att
315 317 36 21 det
374 317 54 20 hade
448 317 56 20 varit
526 316 45 21 skäl
593 317 32 20 att
647 317 51 24 göra
720 321 25 15 en
761 315 127 26 förändring,
903 315 96 26 emedan,

176 351 36 16 om
235 346 47 25 den,
303 352 46 15 som
367 345 38 21 har
421 345 104 26 öfvergått
539 344 33 22 till
587 346 64 19 annat
666 343 164 28 kyrkosamfund
846 343 40 22 och
900 343 46 21 icke
960 344 39 26 gör

176 374 75 21 derom
266 375 69 25 någon
351 373 104 26 anmälan,
469 374 7 20 i
491 373 74 27 sjelfva
580 372 73 22 verket
668 373 96 20 kommer
779 374 32 19 att
825 372 85 21 tillhöra
923 374 76 19 tvenne

178 402 173 27 kyrkosamfund,
367 402 78 21 hvilket
467 402 41 22 han
531 402 54 21 dock
606 401 47 22 icke
668 401 42 21 kan
725 403 58 24 göra.
812 400 81 22 Tillhör
908 400 41 21 han
965 399 35 22 det

178 437 42 21 nya
241 430 192 28 kyrkosamfundet,
456 432 23 20 så
500 431 72 21 tillhör
587 430 42 21 han
643 429 46 22 icke
705 430 40 21 den
761 429 239 27 evangelisk-lutherska

178 460 89 27 kyrkan,
291 465 46 16 men
361 465 33 16 om
415 459 40 22 han
473 459 46 22 icke
534 459 39 22 har
588 459 69 27 styrkt
671 459 43 24 det,
729 459 24 21 så
768 459 95 20 kommer
877 458 43 21 han
936 458 65 26 enligt

177 489 70 20 denna
262 488 98 27 paragraf
375 488 202 22 likväl-att-räknas
587 489 70 20 såsom
667 483 129 36 tillhörande
809 487 125 21 densamma.
958 487 43 21 Det

178 519 25 20 är
218 517 121 26 visserligen
361 523 25 15 en
409 517 148 22 underordnad
573 516 161 27 omständighet,
750 522 47 15 men
813 515 36 22 det
864 516 72 27 tyckes
951 515 49 27 mig,

177 552 48 15 som
241 552 34 15 om
290 546 36 21 det
341 545 22 22 af
376 546 116 21 statistiska
512 547 104 20 intressen
631 545 65 21 borde
712 551 50 15 vara
777 545 22 21 af
812 545 49 26 vigt,
876 546 33 19 att
924 544 76 28 kyrko-

179 575 80 21 herden
274 575 6 20 i
295 574 150 27 församlingen
460 577 40 25 vet,
516 581 33 15 om
566 575 41 20 han
623 573 71 22 tillhör
709 573 146 27 församlingen
872 573 51 22 eller
938 573 26 26 ej.

249 632 69 21 Sedan
341 631 145 22 diskussionen
509 632 86 21 härmed
617 631 113 26 afstannat,
753 630 99 23 framlade
875 631 49 21 herr
946 630 54 22 tal-

180 667 104 15 mannen
319 661 92 26 följande
427 661 308 26 omröstningspropositioner:

248 718 43 21 Vill
311 719 84 21 ståndet
417 717 31 22 till
471 717 207 28 kontraproposition
700 719 46 20 mot
767 717 67 22 första
856 717 110 27 meningen
982 717 22 22 af

178 747 140 22 förevarande
340 749 93 19 moment
455 749 77 25 antaga
554 747 35 21 det
604 747 22 20 af
640 747 134 26 kyrkomötet
794 747 112 26 godkända
920 747 39 21 och
974 752 29 16 nu

179 776 24 21 af
217 778 86 25 prosten
319 775 58 28 Hjelt
391 776 119 26 föreslagna
526 775 95 27 tillägget
631 775 31 21 till
673 776 66 26 sagda
750 775 82 27 mening
843 775 23 22 af
874 775 65 22 orden
951 775 52 27 ,,och

181 804 68 23 blifvit
264 805 33 21 till
312 805 95 21 Herrans
422 804 76 27 Heliga
512 804 105 22 Nattvard
629 804 142 22 admitterad*
782 803 53 23 efter
845 805 65 21 orden
921 805 82 27 ,,tjugu-

180 836 33 20 ett
228 834 34 22 års
278 834 81 26 ålder”,
374 834 52 22 eller
441 834 35 27 ej?

250 892 79 21 Vinner
351 891 41 28 nej,
415 891 39 22 har
475 892 85 21 ståndet
581 892 32 21 till
632 892 209 27 kontraproposition
857 893 57 20 emot
929 891 74 28 ifråga-

181 921 93 21 varande
289 921 66 21 första
370 921 84 26 mening
469 921 81 26 antagit
564 921 107 27 professor
685 921 123 22 Ehrströms
823 921 77 27 förslag
915 927 34 15 om
962 921 42 21 till-

181 949 49 26 lägg
245 950 6 20 i
265 949 76 22 sådant
362 949 60 27 syfte,
445 952 32 19 att
499 956 83 21 person,
603 956 46 15 som
671 949 54 22 skall
747 949 22 22 få
791 949 84 27 öfvergå
894 949 31 22 till
940 952 64 19 annat

182 977 205 27 religionssamfund,
410 978 65 21 borde
499 978 62 21 hafva
583 979 87 26 åtnjutit
692 979 67 21 sådan
781 979 155 26 undervisning,
959 985 45 15 som

181 1007 8 20 i
214 1006 41 22 den
280 1006 239 27 evangelisk-lutberska
545 1007 82 28 kyrkan
651 1008 6 20 i
683 1007 90 22 Finland
799 1007 31 22 till
855 1007 149 22 konfirmation

181 1035 114 22 erfordras.

250 1092 131 22 Besvarades
397 1093 47 21 med
460 1093 152 27 öfvervägande
627 1093 44 26 nej;

251 1149 122 27 Hvarjemte
388 1149 126 27 bestämdes,
529 1152 33 19 att
577 1156 25 16 en
617 1150 66 21 sådan
693 1151 90 21 medlem
794 1150 67 22 skulle
871 1151 132 27 personligen

181 1177 57 28 gifva
253 1178 30 22 sin
300 1178 61 27 afsigt
377 1179 38 21 hos
430 1179 148 26 kyrkoberden
593 1179 108 22 tillkänna.

253 1235 127 22 Godkännes
395 1235 66 22 första
475 1236 110 27 meningen
601 1236 22 21 af
639 1235 159 28 ifrågavarande
812 1239 94 20 moment
918 1237 7 20 i
943 1236 63 27 öfrigt

182 1263 135 27 oförändrad,
339 1266 60 19 utom
421 1265 32 20 att
475 1265 65 20 orden
563 1264 160 28 ,personligen*
746 1265 60 27 ingår
828 1265 89 22 framför
939 1266 66 21 orden

183 1292 175 27 församlingens
372 1293 154 27 kyrkoherde",
543 1293 51 21 eller
609 1293 34 27 ej?

252 1349 78 21 Vinner
352 1349 41 25 nej,
413 1349 54 21 skall
481 1350 7 19 i
503 1350 70 20 denna
593 1349 66 21 första
679 1350 84 26 mening
778 1350 78 22 införas
872 1351 36 21 det
923 1351 23 21 af
958 1356 47 21 pro-

183 1376 68 21 fessor
265 1376 112 22 Ehrström
392 1376 118 27 föreslagna
525 1377 96 27 tillägget
635 1378 8 20 i
657 1377 77 22 sådant
749 1378 59 28 syfte,
824 1381 32 19 att
867 1384 83 21 person,
960 1385 45 15 som

182 1404 56 21 skall
260 1405 21 21 få
303 1405 85 27 öfvergå
410 1404 31 22 till
461 1407 65 20 annat
543 1406 198 27 religionssamfund
762 1407 65 22 borde
842 1407 63 21 hafva
919 1407 87 28 åtnjutit

182 1433 67 22 sådan
265 1434 254 27 religionsundervisning,
535 1440 45 16 som
596 1435 6 21 i
617 1436 41 20 den
674 1435 239 27 evangelisk-lutherska
925 1436 81 28 kyrkan

183 1462 8 21 i
206 1462 90 22 Finland
311 1463 33 21 till
358 1463 149 22 konfirmation
523 1463 110 23 erfordras.

253 1520 130 23 Besvarades
399 1521 46 22 med
461 1523 12 20 7
486 1521 24 28 ja
527 1522 38 22 och
581 1522 27 22 27
623 1522 40 27 nej,
