1078 1809
307 141 159 17 Presteståndet
479 142 55 17 1877.
558 142 27 17 20
598 142 112 17 december.
828 136 54 21 3047

92 211 70 21 såsom
183 209 86 22 friberre
290 210 61 26 Boije
371 210 128 26 framhåller,
515 210 110 22 förorsaka
645 210 53 21 först
716 210 39 21 och
771 211 80 25 främst,
867 212 46 22 ,att

91 238 29 22 all
142 238 127 22 lånerörelse
292 239 47 20 från
361 239 131 25 Föreningen
512 238 67 22 under
594 238 57 22 tiden
666 239 93 26 upphör”
775 239 38 21 och
829 238 32 22 för
877 239 36 21 det

94 266 66 22 andra
176 268 45 24 ,att
236 266 71 27 hvarje
327 266 103 26 delegare,
446 273 46 15 som
508 267 35 21 det
558 266 98 27 möjligen
671 266 49 24 kan,
736 266 97 27 erbjuder
848 266 63 27 liqvid

92 294 32 21 för
146 295 37 21 sitt
204 294 34 22 lån
260 295 33 21 för
307 297 32 19 att
354 295 21 21 få
390 294 45 22 från
450 295 122 26 föreningen
587 295 103 25 utträda",
705 294 38 22 och
759 295 78 26 följden
852 295 62 21 häraf

91 323 41 21 kan
149 322 63 22 blifva
227 323 62 27 ingen
304 329 75 20 annan,
395 325 26 19 än
438 324 46 26 den,
498 325 32 19 att
543 322 142 27 Föreningens
698 322 161 28 affärsställning
872 322 40 22 blir

91 351 106 28 ohjelplig.
227 352 49 21 Med
297 352 112 26 anledning
430 352 61 21 häraf
508 352 67 22 skulle
590 352 60 21 äfven
663 352 36 26 jag
715 352 32 20 för
762 352 42 21 min
820 352 34 21 del
869 351 43 22 till-

91 380 73 28 styrka
179 381 128 26 antagandet
323 380 22 22 af
357 380 88 21 friherre
460 380 70 28 Boijes
546 380 134 22 reservation.

159 438 90 22 Prosten
271 438 92 27 Hjelt:
393 438 49 22 Man
464 437 38 23 har
522 439 73 26 yttrat,
614 440 31 20 att
666 438 160 21 statsutskottet
845 437 66 22 skulle

93 466 62 22 hafva
170 466 132 22 öfverskridit
317 467 32 21 sin
365 466 131 28 befogenhet,
513 467 27 21 då
555 467 35 21 det
605 466 38 22 har
658 466 98 27 företagit
767 467 31 26 sig
809 468 31 19 att
850 472 61 20 gran-

91 496 44 26 ska,
157 495 103 21 huruvida
281 496 143 26 Föreningens
446 496 104 21 direktion
565 495 7 21 i
587 494 38 22 allt
645 495 95 27 fullgjort
761 496 45 20 sina
821 494 90 28 skyldig-

92 524 60 21 heter
174 524 39 21 och
235 524 74 22 tillsett
331 526 31 20 att
383 524 137 27 reglementet
535 524 60 22 äfven
610 524 7 21 i
632 524 41 21 allo
689 524 67 21 blifvit
772 523 138 22 efterlefvadt.

91 552 42 22 Det
149 559 36 15 var
200 554 107 26 naturligt,
323 555 31 19 att
369 554 104 21 utskottet
488 552 68 22 skulle
571 553 128 21 underkasta
714 552 142 22 direktionens
871 553 40 21 till-

91 582 109 25 göranden
227 588 24 15 en
274 582 135 27 granskning,
432 582 26 21 då
481 582 36 20 det
539 582 66 21 måste
625 581 95 27 uppsöka
743 581 115 21 orsakerna
879 581 32 21 till

91 610 144 27 Föreningens
255 611 120 21 nuvarande
394 610 104 28 olyckliga
517 610 105 27 ställning,
638 610 38 21 och
692 610 27 21 då
734 610 73 22 befans
822 610 41 24 det,
880 612 32 20 att

91 639 131 22 direktionen
242 639 6 21 i
268 642 75 19 tvenne
362 639 36 22 fall
417 640 46 21 icke
483 639 54 21 hade
555 639 58 22 skött
627 638 143 28 Föreningens
786 638 125 28 angelägen-

90 668 61 22 heter
173 668 27 27 på
223 670 30 20 ett
273 668 76 22 sådant
367 670 50 25 sätt,
432 674 46 16 som
498 668 132 26 föreningens
645 668 85 26 stadgar
745 667 111 26 erfordrat,
872 668 39 21 och

92 698 31 20 att
147 696 44 22 deri
214 703 37 15 var
273 696 31 22 till
325 699 78 19 största
425 697 60 21 delen
504 699 32 19 att
550 696 52 22 söka
617 697 90 21 orsaken
722 696 32 22 till
769 696 142 26 Föreningens

91 725 120 22 nuvarande
233 725 109 27 betryckta
364 726 104 26 ställning.
498 726 41 20 Det
558 727 24 19 är
595 725 23 27 ju
633 725 69 27 gifvet,
719 728 31 18 att
766 731 25 15 en
807 725 105 27 Förening

91 754 65 21 sådan
178 760 44 16 som
244 755 74 25 denna,
337 754 53 22 hade
411 755 81 21 kunnat
510 754 94 22 medföra
619 753 31 21 för
665 754 72 21 landet
752 754 83 26 mycket
850 760 61 20 gagn,

91 788 34 16 om
147 783 203 29 angelägenheterna
374 783 52 21 hade
449 784 53 20 varit
520 783 74 27 riktigt
613 782 32 22 väl
661 782 79 25 skötta;
758 788 47 16 men
822 782 26 21 dä
863 788 48 16 man

91 810 46 23 icke
160 811 39 22 har
221 812 88 26 vidtagit
331 812 26 21 de
379 812 105 26 åtgärder,
506 818 44 15 som
568 811 95 27 bolagets
678 812 86 26 stadgar
778 810 79 27 kräfva,
873 811 38 21 har

92 846 48 15 man
156 840 59 22 äfven
231 840 119 27 derigenom
366 840 62 27 bragt
443 841 131 26 Föreningen
589 840 27 27 på
632 840 87 21 branten
736 840 22 21 af
772 840 48 21 dess
835 840 76 21 under-

90 870 61 26 gång.
183 869 163 22 Statsutskottet
365 869 54 21 hade
440 870 121 26 visserligen
581 869 54 21 varit
653 868 89 22 betänkt
760 870 32 20 att
807 868 104 28 tillstyrka

91 899 31 20 ett
143 897 66 27 afslag
230 899 27 25 på
278 897 143 27 Föreningens
440 897 98 22 anhållan
557 903 33 15 om
609 897 120 24 understöd,
744 897 89 21 likasom
849 898 62 20 stats-

91 926 104 22 utskottet
211 926 65 22 borde
290 929 51 25 göra
357 928 35 20 det
407 927 47 21 med
470 933 25 14 en
511 927 57 25 hvar,
583 932 45 16 som
643 926 65 25 begär
722 926 23 21 af
759 926 81 21 landets
856 927 56 19 stän-

91 955 38 21 der
144 955 74 26 medel,
234 956 33 20 för
281 958 32 19 att
327 956 144 26 upprätthålla
486 956 71 26 något,
572 961 45 15 som
633 954 117 27 egentligen
766 958 23 18 är
804 956 32 19 att
851 960 60 16 anses

92 984 70 22 såsom
182 990 25 15 en
225 984 82 22 enskild
325 984 58 22 affär.
413 984 48 22 Men
476 984 104 22 utskottet
596 984 64 26 ansåg
675 984 31 26 sig
722 983 81 22 likvisst
818 983 47 21 med
881 982 31 22 af-

91 1013 77 21 seende
187 1012 42 27 just
244 1014 12 20 å
271 1014 36 20 det
322 1014 7 20 i
344 1014 158 26 propositionen
518 1012 170 22 förekommande
704 1012 84 26 förslag,
804 1013 32 19 att
850 1012 61 20 äfven

92 1042 69 20 staten
183 1042 67 20 skulle
271 1042 62 21 träda
354 1042 94 25 emellan,
463 1042 46 20 icke
530 1041 129 21 öfverskrida
680 1041 32 20 sin
733 1040 131 26 befogenhet,
885 1040 27 22 då

90 1070 37 21 det
147 1070 38 20 hos
206 1070 113 21 ständerna
341 1070 97 27 föreslog,
454 1072 32 19 att
505 1070 113 21 ständerna
634 1069 46 21 ville
696 1069 76 26 bevilja
788 1068 123 22 räntefrihet

91 1098 39 21 och
153 1098 62 21 frihet
235 1098 45 22 från
299 1098 145 28 skyldigheten
460 1100 31 20 att
506 1100 107 20 amortera
627 1098 57 21 lånet
698 1098 54 20 intill
768 1099 60 19 nästa
844 1097 67 21 landt-

92 1127 46 25 dag,
161 1127 53 21 dock
240 1128 67 21 under
331 1127 116 21 detsamma
468 1126 73 26 vilkor,
562 1126 80 22 hvilket
661 1128 141 23 reservanten,
824 1125 88 21 friherre

91 1155 64 27 Boije,
171 1155 70 26 utfäst,
257 1155 104 27 nämligen
378 1157 31 19 att
425 1157 69 19 staten
510 1155 66 21 skulle
592 1154 69 22 lemna
676 1155 31 21 sin
718 1154 130 21 subvention.
870 1154 42 21 Det

91 1186 24 19 är
129 1184 81 22 således
225 1185 6 20 i
247 1184 36 21 det
298 1184 47 22 hela
360 1186 59 24 taget
433 1184 46 21 icke
494 1184 68 26 någon
578 1189 68 15 annan
658 1183 81 21 skilnad
752 1182 88 22 emellan
851 1184 62 20 stats-

91 1212 114 22 utskottets
220 1212 78 28 förslag
313 1213 39 21 och
368 1212 162 26 reservationen,
546 1214 26 19 än
588 1214 32 19 att
631 1212 159 21 statsutskottet
800 1217 67 19 anser,
881 1212 31 20 att

91 1242 114 21 ständerna
227 1241 52 22 böra
296 1243 52 25 göra
366 1247 80 15 samma
463 1241 68 21 vilkor
546 1240 32 22 för
593 1241 30 21 sin
640 1240 128 26 afskrifning,
784 1246 44 14 som
845 1245 68 16 reser-

91 1272 76 19 vanten
187 1269 95 27 föreslår,
298 1272 33 19 att
348 1271 68 20 staten
432 1270 53 21 skall
501 1271 51 25 göra
567 1269 32 21 för
615 1270 47 20 dess
677 1268 131 22 subvention.
839 1268 72 22 Skulle

91 1298 114 22 ständerna
223 1305 28 15 nu
268 1299 107 27 verkligen
391 1298 26 26 gå
430 1299 20 20 in
466 1300 26 24 pä
508 1300 33 20 att
556 1297 99 22 afskrifva
670 1298 62 21 dessa
746 1298 92 25 600,000
852 1296 60 22 mark

91 1327 39 21 och
145 1333 80 15 samma
239 1327 93 27 stadgar,
347 1333 46 15 som
409 1333 27 15 nu
451 1327 61 27 gälla,
530 1328 85 25 gvarstä
636 1326 139 21 oförändrade
797 1326 39 20 och
851 1325 62 21 efter-

91 1355 65 21 lefvas
178 1356 27 26 pä
225 1362 80 15 samma
327 1358 49 22 sätt,
397 1355 68 22 skulle
486 1355 77 27 följden
580 1354 60 22 deraf
652 1354 64 22 blifva
731 1354 47 24 den,
794 1356 32 19 att
840 1354 73 21 landet

91 1383 35 22 vid
141 1384 174 22 nästkommande
330 1384 100 26 landtdag
445 1384 67 22 skulle
528 1384 20 21 fä
564 1383 98 22 afskrifva
678 1385 31 19 ett
724 1385 56 19 ännu
792 1384 69 20 större
871 1382 42 22 län.

91 1412 29 21 Sä
146 1412 61 27 länge
233 1412 145 27 Föreningens
403 1412 120 22 nuvarande
548 1412 87 27 stadgar
656 1414 37 19 äro
716 1411 104 27 gällande,
842 1411 71 21 kunna

92 1440 105 26 nämligen
217 1440 46 22 icke
282 1441 25 20 de
322 1440 105 25 förluster,
442 1446 46 15 som
503 1440 73 26 hvarje
592 1440 23 20 är
629 1440 61 20 hafva
706 1440 90 19 drabbat
811 1439 101 20 Förenin-

91 1474 46 20 gen,
153 1468 147 22 förekommas.
331 1468 40 26 Jag
385 1474 62 15 anser
462 1468 81 21 säledes
558 1468 159 21 statsutskottet
728 1466 67 27 hafva,
806 1468 69 20 säsom
887 1472 26 15 en

91 1496 125 27 föregäende
231 1497 66 21 talare
312 1497 91 27 yttrade,
419 1496 88 22 handlat
522 1496 79 27 ganska
616 1495 79 22 delikat
710 1495 39 21 och
764 1497 51 25 tror,
832 1496 31 20 att
877 1494 36 22 det

92 1525 39 23 har
145 1525 64 23 hittat
225 1526 34 22 det
273 1526 108 26 verkligen
397 1525 60 27 enda,
473 1531 45 15 som
533 1525 6 21 i
552 1524 110 23 framtiden
675 1524 41 22 kan
728 1524 88 27 bidraga
826 1524 87 26 derhän,
