1075 1809
192 157 57 21 2894
377 160 159 19 Presteståndet
552 162 53 17 1877.
629 162 22 16 17
664 162 111 16 december.

233 231 68 22 Sedan
320 233 62 19 nästa
397 230 163 26 sammanträde,
580 230 2 21 i
598 230 96 26 måndag,
710 230 78 21 utsatts
803 229 32 21 till
851 229 27 21 kl.
897 230 25 20 10
937 228 48 22 före

164 260 118 26 middagen,
298 260 101 22 åtskildes
414 259 164 22 medlemmarne
592 258 29 21 kl.
636 259 12 20 2
659 258 27 27 !/,
697 258 53 22 efter
760 258 121 28 middagen.

743 321 20 17 In
775 320 61 19 fidem:

651 361 51 22 Carl
716 361 51 22 Joh.
783 361 133 28 Lindeqvist.

264 601 157 34 Måndagen
439 601 55 26 den
512 601 29 26 17
560 601 154 27 December
731 601 38 26 kl.
787 601 33 27 10
838 601 17 26 f.
873 609 35 18 m.

233 689 89 21 Plenum
344 688 108 28 öppnades
473 688 49 21 med
544 688 27 27 på
594 688 89 21 svenska
700 688 87 27 språket
801 689 24 21 af
838 689 73 26 pastor
925 683 60 27 Öller

164 718 72 21 hållen
251 718 49 21 bön.

232 781 42 20 Vid
296 782 104 25 uppropet
422 779 104 22 befunnos
548 780 96 21 ståndets
666 780 96 28 samtlige
785 780 137 22 medlemmar
942 781 43 21 till-

166 809 155 22 städeskomna.

232 947 118 28 Föredrogs
373 949 153 20 sammansatta
548 947 44 28 lag-
613 947 39 22 och
675 946 214 23 ekonomiutskottets
905 947 79 28 förslag

163 976 33 21 till
212 975 203 28 sammanjemkning
430 976 24 21 af
467 976 26 21 de
508 976 65 21 delvis
589 975 123 28 skiljaktiga
728 975 74 26 beslut,
818 976 60 21 hvari
893 977 89 21 stånden

164 1007 85 20 stannat
269 1005 36 21 vid
327 1005 155 27 behandlingen
504 1004 23 22 af
546 1005 116 22 utskottets
684 1005 135 22 betänkande
839 1005 40 22 N:o
896 1005 12 21 5
924 1005 6 22 i
945 1012 38 15 an-

164 1034 86 27 ledning
268 1034 24 21 af
305 1034 26 21 H.
346 1034 27 21 K.
389 1034 50 21 M:ts
454 1034 78 27 nådiga
547 1033 137 28 proposition,
700 1034 109 27 angående
824 1034 123 27 förändring
962 1034 23 22 af

165 1063 25 21 de
210 1062 48 22 med
278 1062 116 26 Kuusamo,
414 1063 123 21 Kemiträsk
554 1063 40 21 och
608 1063 124 27 Kuolajärvi
746 1063 118 22 socknebor
879 1063 104 22 afslutade

164 1091 187 22 knektekontrakt.

233 1154 31 21 På
282 1154 49 21 herr
351 1154 157 21 talmannens
529 1153 156 28 framställning
700 1153 51 22 fann
766 1154 84 21 ståndet
865 1155 52 26 godt
931 1155 53 21 utan

164 1183 120 21 diskussion
300 1182 102 27 enhälligt
417 1183 112 26 godkänna
545 1182 90 21 berörda
650 1183 301 28 sammanjemkningsförslag,

232 1245 88 21 hvarom
344 1245 155 21 underrättelse
525 1244 66 21 borde
612 1245 7 20 i
642 1244 70 28 vanlig
735 1247 40 26 väg
797 1246 107 22 meddelas
927 1235 62 38 resp.

164 1273 138 22 medständen
318 1273 39 22 och
373 1275 152 20 sammansatta
540 1273 44 28 lag-
600 1273 39 22 och
654 1273 211 24 ekonomiutskottet.

232 1431 41 22 Till
292 1432 129 27 granskning
442 1432 95 29 företogs
559 1439 48 22 nyss
627 1434 92 21 nämnda
738 1434 95 21 utskotts
852 1434 81 27 förslag
951 1433 33 23 till

164 1460 203 27 sammanjemkning
382 1461 23 21 af
419 1461 100 22 ståndens
532 1461 122 28 skiljaktiga
669 1462 70 21 beslut
754 1461 132 23 beträffande
900 1463 83 21 utskot-

164 1491 42 19 tets
220 1489 134 21 betänkande
369 1489 41 21 N:o
426 1489 29 21 3i
470 1489 114 29 anledning
594 1491 22 21 af
625 1491 28 21 H.
662 1491 28 21 K.
701 1491 51 21 M:ts
762 1491 78 27 nådiga
849 1491 134 27 proposition

164 1518 108 27 angäende
287 1517 125 28 förordning
428 1524 34 15 om
477 1518 128 28 näringarna
620 1520 40 21 och
672 1520 151 28 genomgingos
834 1520 73 22 dervid
917 1520 68 28 punkt

164 1546 33 22 för
211 1547 67 27 punkt
294 1546 115 22 utskottets
425 1547 217 29 resolutionsförslag.
