1081 1806
203 160 56 21 2994
393 164 160 17 Presteståndet
565 164 54 17 1877.
645 164 22 17 19
681 165 111 16 december.

171 233 82 27 förslag
274 233 69 21 blifvit
358 232 157 27 omöjliggjordt
530 239 28 14 nu
573 233 33 21 för
622 232 68 21 denna
704 232 109 26 landtdag,
829 238 47 15 men
890 232 36 26 jag
941 232 57 21 inser

172 262 54 24 icke,
244 262 104 20 huruvida
360 268 48 14 man
419 261 42 21 kan
473 268 92 17 numera,
575 261 64 21 sedan
648 268 25 14 en
682 261 54 21 finsk
744 261 139 27 medborgare
891 262 64 20 redan
965 261 32 21 till

172 290 54 28 följd
242 290 21 22 af
277 290 142 27 kyrkolagens
431 290 158 26 bestämningar
597 290 32 21 får
641 290 85 21 utträda
735 290 45 20 från
791 290 108 20 lutherska
908 290 89 26 kyrkan,

172 319 87 21 beröfva
280 319 78 21 honom
377 319 170 26 medborgarrätt
563 319 39 21 och
618 320 35 19 det
668 318 98 21 beröfvas
782 318 41 21 han
836 318 24 26 ju
877 318 26 21 då
919 318 76 21 honom

171 348 123 26 visserligen
310 347 78 21 tillåtes
404 350 32 18 att
451 348 55 20 lefva
521 348 39 20 och
576 348 27 20 bo
619 347 38 21 här
673 348 109 20 overksam
799 354 47 14 men
859 347 42 20 han
916 346 79 22 förhin-

171 377 49 21 dras
242 376 46 21 från
308 376 29 21 all
359 377 40 20 den
421 376 135 21 verksamhet
576 376 41 20 han
639 376 67 21 skulle
727 376 70 20 känna
818 377 31 25 sig
868 376 71 20 kallad
958 376 39 26 till,

171 405 47 21 från
234 407 32 19 att
282 405 65 20 verka
361 405 7 20 i
383 406 77 20 staten.
490 405 39 26 Jag
545 404 68 22 håller
627 404 24 21 så
666 404 45 21 före
727 406 31 19 att
775 404 58 21 detta
849 406 24 18 är
883 406 32 19 att
925 404 71 26 skjuta

172 433 59 21 öfver
246 433 64 21 målet
326 435 38 19 när
379 439 48 14 man
443 434 6 19 i
465 433 67 21 likhet
546 433 48 20 med
605 433 147 26 kyrkoherden
762 432 128 21 Fredrikson
901 432 24 21 så
935 432 61 21 beto-

172 468 38 15 nar
232 461 90 21 enheten
343 462 7 20 i
372 462 118 25 religonen:
512 462 34 25 jag
564 464 45 19 tror
625 461 51 21 visst
691 463 32 19 att
738 461 39 21 den
794 461 38 20 har
847 467 26 14 en
889 461 50 26 djup
955 460 40 21 och

172 493 44 18 stor
237 490 108 26 betydelse
360 497 47 14 men
423 490 6 20 i
445 490 73 26 sjelfva
533 490 73 21 verket
623 490 66 21 måste
705 497 48 14 man
768 489 55 21 ändå
839 489 104 27 medgifva
959 489 38 21 det

172 520 32 19 att
220 519 36 20 det
271 519 54 20 finns
340 519 24 20 så
378 519 47 20 litet
441 519 108 20 trosenhet
563 518 63 21 också
638 518 72 21 ibland
721 519 54 25 dem,
786 524 45 15 som
842 518 50 21 heta
903 517 93 22 luthera-

171 553 45 19 ner,
232 549 32 19 att
279 553 49 14 man
344 554 33 14 om
393 553 48 14 man
457 547 46 21 icke
519 547 35 21 vill
569 547 90 21 tillsluta
674 548 45 19 sina
735 549 62 24 ögon,
812 547 46 21 icke
873 546 42 21 kan
931 549 65 18 annat

171 578 27 19 än
220 575 111 27 medgifva,
350 576 126 21 åtminstone
498 575 33 21 för
552 576 31 26 sig
601 575 48 27 sjelf
665 577 32 19 att
713 576 35 21 det
763 578 24 19 är
802 582 45 14 mer
862 575 32 21 till
909 577 87 19 namnet

170 606 27 19 än
217 605 7 20 i
244 604 72 27 sjelfva
337 605 74 20 verket
431 605 38 20 och
485 605 55 20 ändå
555 605 73 20 skötas
643 606 81 19 statens
739 604 97 21 embeten
852 604 39 21 och
907 604 89 26 tjenster

170 633 72 21 taliter
260 633 91 26 qvaliter
366 633 69 20 såsom
454 633 35 21 det
505 639 28 14 nu
549 635 29 25 är,
595 633 39 21 och
649 633 46 20 icke
710 635 45 18 tror
768 633 36 26 jag
820 635 31 18 att
867 633 68 20 denna
951 632 43 21 för-

170 661 92 26 fattning
285 661 69 21 skulle
374 661 69 21 införa
464 662 64 25 något
544 662 47 21 dess
607 663 68 19 sämre
691 661 137 21 förhållande.
859 661 49 21 Men
925 661 69 21 såsom

169 689 37 28 jag
223 691 64 20 redan
303 690 54 21 hade
374 691 50 19 äran
440 692 32 19 att
487 692 77 19 nämna
580 696 61 15 anser
653 690 36 26 jag
705 693 32 18 att
752 691 68 20 denna
835 689 122 27 författning
970 691 25 19 är

172 719 147 26 omöjliggjord
335 725 75 20 genom
427 719 165 21 bondeståndets
607 719 125 26 tillgörande
748 719 6 21 i
770 719 65 20 saken
848 718 39 21 och
897 719 32 20 att
940 718 55 21 såle-

171 747 43 26 des,
237 747 55 21 helst
312 747 37 26 jag
370 747 39 21 har
431 747 68 21 blifvit
521 748 71 21 derom
612 747 101 21 förvissad
735 749 32 19 att
779 747 156 21 bondeståndet
947 746 49 21 icke

170 776 62 21 torde
253 776 5 21 i
278 776 65 26 något
364 776 36 21 fall
422 776 75 27 frångå
517 777 37 20 sitt
573 776 81 21 fattade
673 776 74 26 beslut,
768 776 38 21 allt
819 777 98 20 närmare
932 781 62 21 gran-

169 804 81 22 skande
265 805 62 20 häraf
340 811 50 14 vore
405 805 32 20 till
453 805 60 26 ingen
531 805 79 26 verklig
625 806 67 25 nytta.

239 862 140 26 Domprosten
401 862 84 26 Borg:
516 862 33 21 Då
571 863 35 20 det
624 864 23 19 är
667 862 79 21 bekant
765 863 32 20 för
818 868 33 15 oss
867 864 32 19 att
914 862 78 21 bonde-

170 891 85 21 ståndet
270 890 38 21 har
323 890 104 21 fasthållit
443 891 37 20 sitt
496 890 70 22 beslut
581 897 34 15 om
631 893 31 19 att
677 891 95 21 förkasta
787 891 101 27 förslaget
903 891 32 21 till
951 891 42 21 för-

168 919 88 26 ordning
272 925 34 15 om
321 919 132 21 främmande
468 919 81 22 kristna
564 920 177 21 trosbekännares
757 919 163 27 religionsfrihet
931 920 6 20 i
948 919 45 22 lan-

168 948 43 26 det,
232 949 57 20 inser
311 948 86 25 enhvar,
420 947 90 22 likasom
525 948 64 21 redan
606 949 105 26 professor
726 949 111 20 Ehrström
853 949 38 20 har
906 949 86 25 uttalat,

167 979 32 18 att
222 977 35 20 det
278 976 49 26 föga
349 978 24 18 är
395 977 68 25 någon
486 977 59 20 frukt
567 979 32 18 att
622 978 63 19 vänta
707 977 22 20 af
743 977 147 21 diskussionen
907 983 33 15 om
956 977 37 21 det

167 1011 29 14 nu
216 1004 146 27 föreliggande
384 1004 107 27 förslaget,
515 1011 47 15 men
585 1005 155 26 presteståndet
762 1006 40 20 har
817 1005 70 26 likväl,
903 1005 89 21 oaktadt

167 1033 48 21 med
238 1033 39 21 den
300 1034 77 20 minsta
399 1033 160 27 röstpluralitet,
576 1034 87 20 beslutit
679 1034 31 26 sig
722 1034 33 20 för
771 1036 31 18 att
817 1035 78 25 antaga
909 1034 83 20 förord-

167 1062 79 26 ningen
268 1062 33 20 till
321 1062 40 20 den
385 1062 104 26 egentliga
505 1062 171 26 dissenterlagen.
707 1062 66 21 Deraf
787 1062 61 26 följer
864 1065 32 18 att
911 1064 80 24 preste-

168 1090 86 21 ståndet
268 1090 69 21 måste
352 1090 27 26 gå
393 1090 7 20 i
415 1090 128 27 granskning
559 1090 63 22 också
637 1090 23 21 af
674 1091 58 21 detta
747 1091 79 26 förslag
841 1093 22 25 ty
879 1091 35 21 det
924 1091 67 20 måste

164 1118 25 27 ju
204 1118 32 21 för
260 1119 78 20 enhvar
353 1125 52 14 vara
419 1120 57 20 klart
491 1121 32 19 att
539 1120 26 20 då
581 1120 36 20 det
632 1122 23 18 är
670 1120 59 26 fråga
745 1126 33 14 om
794 1121 43 20 rätt
851 1121 32 19 att
899 1119 91 21 bekläda

166 1147 104 26 embeten,
294 1147 26 21 då
337 1148 36 20 det
388 1149 24 19 är
427 1147 58 27 fråga
501 1148 43 20 helt
561 1148 70 21 enkelt
647 1154 33 15 om
696 1148 171 26 medborgarnes,
883 1154 44 15 som
943 1148 47 21 icke

166 1175 97 21 bekänna
284 1176 31 26 sig
331 1176 32 20 till
379 1176 109 21 lutherska
503 1176 66 27 läran,
585 1178 50 24 rätt,
651 1179 23 18 är
690 1177 35 21 det
740 1176 59 27 fråga
815 1183 33 14 om
865 1177 80 21 mindre
961 1178 27 19 än

166 1204 28 21 då
217 1204 36 21 det
275 1206 24 18 är
322 1204 60 26 fråga
404 1210 33 14 om
460 1204 123 27 fullständig
605 1205 164 26 religionsfrihet
785 1205 38 21 och
839 1205 102 27 rättighet
957 1206 33 20 att

166 1232 87 26 öfvergå
274 1232 47 21 från
345 1233 40 20 den
407 1239 39 14 ena
462 1232 141 22 bekännelsen
619 1233 31 21 till
666 1234 40 20 den
722 1234 71 20 andra.
823 1233 63 21 Utom
903 1234 36 20 det
953 1233 37 21 vill

162 1261 38 25 jag
223 1261 70 21 erinra
316 1261 72 21 derom
411 1263 32 18 att
459 1262 39 20 den
515 1262 74 26 högsta
604 1262 52 26 grad
672 1262 21 20 af
708 1262 155 26 medborgerlig
878 1263 49 24 rätt,
943 1267 45 15 som

164 1289 42 20 kan
230 1289 116 25 medgifvas
369 1295 25 14 en
417 1289 53 20 finsk
486 1290 144 26 medborgare,
647 1290 39 20 den
703 1292 32 19 att
748 1290 83 26 deltaga
847 1291 6 19 i
869 1290 70 21 beslut
953 1290 35 20 vid

164 1318 50 20 våra
230 1317 133 26 landtdagar,
378 1318 64 20 redan
458 1320 24 18 är
497 1318 118 26 medgifven
630 1324 75 20 genom
723 1318 229 26 landtdagsordningen
966 1318 22 20 åt

164 1345 66 20 andra
252 1346 82 19 kristna
349 1345 167 21 trosbekännare
532 1348 26 18 än
574 1346 109 20 lutherska
698 1347 105 25 nämligen
819 1347 46 19 med
879 1346 110 20 inskränk-

164 1373 50 25 ning
238 1373 60 21 deraf
320 1375 32 18 att
372 1373 41 21 han
429 1373 69 21 såsom
516 1374 161 26 landtdagsman
692 1375 47 20 icke
754 1375 32 20 får
801 1375 62 20 träda
877 1376 8 19 i
899 1374 89 26 gransk-

163 1401 50 26 ning
229 1402 5 20 i
250 1401 60 27 fråga
326 1408 33 14 om
376 1401 128 27 kyrkolagen
520 1402 51 20 eller
587 1402 66 21 andra
668 1402 98 28 kyrkliga
781 1403 98 21 ärenden.
909 1403 27 21 Ja
951 1403 37 20 det

163 1431 25 19 är
210 1435 75 21 genom
308 1430 69 21 denna
400 1430 203 28 landtdagsordning
625 1432 32 20 till
679 1432 38 20 och
734 1432 48 21 med
797 1432 90 21 erkändt
903 1432 22 21 åt
940 1431 46 22 icke

162 1458 82 22 kristna
266 1461 44 19 rätt
333 1461 31 19 att
387 1459 84 27 deltaga
492 1460 7 20 i
519 1460 33 21 val
569 1460 21 22 af
603 1460 169 27 landtdagsman.
803 1461 41 21 Det
859 1461 130 21 tillkommer

162 1488 48 21 icke
225 1488 41 26 mig
282 1490 32 19 att
330 1494 28 14 nu
373 1490 57 24 yttra
445 1488 42 27 mig
503 1494 33 16 om
552 1489 104 21 huruvida
672 1490 39 21 den
727 1490 51 21 sista
791 1490 160 27 bestämningen
963 1492 24 19 är

162 1516 87 21 alldeles
272 1516 55 21 hvad
351 1517 40 20 den
415 1517 64 21 borde
502 1524 51 14 vara
575 1524 47 15 men
646 1518 35 21 det
699 1520 24 19 är
738 1519 57 21 klart
810 1521 37 24 att,
865 1519 26 21 då
907 1519 79 21 sådana

162 1545 158 27 bestämningar
343 1545 67 22 finnas
432 1545 63 27 förut,
515 1547 67 21 måste
597 1547 20 21 vi
633 1547 32 21 väl
681 1547 27 27 gå
723 1548 6 20 i
744 1547 73 28 frågan
833 1554 34 15 om
882 1548 104 21 huruvida
