1073 1803
279 156 158 18 Presteståndet
450 157 55 17 1877.
528 159 14 16 4
554 158 111 17 december.
803 153 55 21 2463

66 227 60 18 stone
148 225 68 20 borda
238 225 106 26 begagnas
364 225 36 22 det
422 226 44 24 ord,
482 232 45 15 som
549 228 94 19 närmast
661 226 55 21 afser
731 227 36 21 det
782 226 104 22 särskilda

65 252 132 23 förhällande
212 253 6 20 i
234 253 80 22 hvilket
328 255 38 20 vär
381 254 88 21 monark
484 255 45 21 stär
544 255 31 20 till
591 255 46 22 värt
651 254 55 21 land.

133 310 89 21 Prosten
245 311 161 21 Borenius:
439 311 41 28 Jag
502 311 95 21 anhäller
619 313 31 19 att
670 311 22 20 fä
714 311 54 21 fästa
789 311 97 22 ständets

64 339 187 26 uppmärksamhet
266 340 27 26 pä
308 340 12 26 $
336 341 26 20 17
377 340 6 20 i
399 340 126 26 nugällande
541 339 102 27 kyrkolag
657 345 45 16 som
718 339 68 27 lyder:
816 340 70 27 Fräga

64 372 34 16 om
120 367 120 21 inrättande
263 368 22 20 af
304 374 40 20 nya
366 368 52 21 eller
437 368 88 26 ändring
540 368 23 21 af
576 368 64 21 redan
655 367 114 22 bestäende
784 368 45 22 stift
844 368 42 21 kan

64 394 28 28 pä
106 396 124 26 kyrkomöte
246 396 84 26 väckas;
347 396 39 22 och
401 396 54 22 skall
471 399 78 19 mötets
559 396 78 26 förslag
647 396 72 22 derom
730 396 32 22 till
772 396 114 28 Kejsarens

63 424 99 27 pröfning
178 424 39 22 och
232 424 116 26 afgörande
364 424 144 23 öfverlemnas.

131 482 81 22 Rektor
227 482 146 22 Kihlman:
403 482 43 28 Jag
462 482 38 22 ber
514 484 32 20 att
561 482 20 22 fä
596 483 54 21 fästa
665 482 95 22 ständets
772 482 112 28 uppmärk-

63 510 83 22 samhet
160 511 28 26 pä
204 512 26 20 14
245 510 45 28 &:en
306 511 6 21 i
328 511 129 27 kyrkolagen
472 517 45 16 som
534 511 67 27 lyder:
630 512 45 20 Den
691 511 76 27 högsta
781 511 104 28 styrelsen

63 538 61 22 öfver
147 539 81 27 kyrkan
250 540 8 20 i
280 540 48 21 hela
350 540 73 21 landet
438 540 127 21 tillkommer
580 540 81 22 landets
676 540 103 26 regering,
796 540 39 21 och
851 542 33 19 ut-

63 567 57 22 öfvas
142 568 28 26 pä
191 570 42 19 sätt
256 568 72 21 derom
348 568 100 22 särskildt
470 569 99 26 stadgadt
591 571 29 19 är.
651 568 33 22 Då
701 569 129 27 kyrkolagen
848 568 36 21 be-

62 602 80 21 gagnar
163 596 108 28 uttrycket
294 597 82 22 landets
398 597 98 27 regering
518 603 49 16 vore
590 597 35 21 det
647 597 33 21 väl
703 597 63 21 också
788 597 46 21 skäl
853 599 32 19 att

62 625 96 26 begagna
183 631 79 15 samma
287 626 84 27 uttryck
398 626 6 21 i
431 632 25 15 en
482 626 124 27 författning
627 632 45 15 som
695 627 24 20 är
741 632 26 15 en
791 626 51 27 följd
865 626 22 22 af

61 653 137 28 kyrkolagen.

130 711 142 27 Domprosten
300 712 90 26 Borg:
430 711 10 21 I
466 712 40 21 den
528 711 21 22 af
570 713 73 20 rektor
665 712 100 21 Kihlman
787 712 99 26 upplästa

62 740 124 28 paragrafen
209 740 59 21 heter
291 741 35 21 det
348 741 80 21 vidare:
459 741 136 26 Rättigheten
618 742 32 20 att
672 740 77 22 föreslå
769 741 33 27 lag
818 740 6 21 i
839 740 45 26 allt,

62 775 45 15 som
129 770 36 20 rör
187 769 55 21 blott
264 769 92 27 kyrkans
380 776 53 18 egna
456 769 182 27 angelägenheter,
661 768 82 22 utöfvas
765 770 22 20 af
804 769 81 27 kyrkan

62 797 46 27 sjelf
122 804 75 20 genom
214 798 46 21 dess
275 800 171 25 representanter
461 798 27 27 på
503 798 131 27 kyrkomöte,
650 804 47 15 men
712 798 122 26 pröfningen
846 798 39 21 och

61 826 150 22 stadfästelsen
233 826 22 22 af
276 828 26 20 de
325 827 33 21 vid
381 827 139 27 kyrkomöten
543 826 118 28 föreslagna
684 827 59 26 lagar
758 826 128 22 tillkommer

62 855 103 27 Kejsaren
185 855 39 22 och
247 856 83 21 landets
348 856 91 22 ständer.
456 868 28 3 —
498 856 41 27 Jag
554 856 73 27 tycker
642 858 32 19 att
689 856 65 21 saken
769 858 24 19 är
808 855 22 22 af
844 856 40 21 den

62 884 145 22 beskaffenhet
222 887 32 19 att
270 885 40 21 den
324 885 47 21 icke
386 885 66 21 borde
468 887 108 25 upptagas.

130 941 70 22 Sedan
220 942 40 21 den
280 942 129 27 deputation,
428 948 46 15 som
490 941 89 27 tidigare
594 942 67 21 under
675 942 165 21 sammanträdet
855 940 30 22 af-

62 970 46 27 gått
122 970 32 21 till
170 970 144 27 medstånden,
326 970 142 27 återkommit,
484 970 131 22 framställde
636 970 49 22 herr
707 971 178 21 talmannen

62 998 92 28 följande
168 999 131 27 proposition
314 1000 108 26 angående
437 1000 11 27 $
466 1000 18 20 1.

130 1056 42 22 Vill
188 1057 83 21 ståndet
286 1057 112 26 godkänna
414 1058 12 26 $
442 1058 10 20 1
470 1058 6 20 i
488 1057 142 27 föreliggande
641 1056 112 27 lagförslag
761 1056 52 22 eller
824 1057 60 21 icke?

61 1085 80 22 Vinner
156 1085 33 27 nej
205 1085 39 22 har
258 1085 84 22 ståndet
357 1085 105 22 förkastat
476 1086 65 27 sagda
556 1085 105 28 paragraf.

130 1143 130 21 Besvarades
276 1143 48 22 med
339 1143 25 21 21
380 1143 23 26 ja
418 1143 39 21 och
474 1143 25 21 12
515 1143 40 27 nej.

131 1200 57 21 Derå
204 1199 70 22 anhöll

130 1257 110 21 Professor
262 1257 144 22 Forsman
429 1263 34 15 om
485 1257 60 22 ordet
561 1257 38 22 och
615 1257 92 26 yttrade:
737 1257 70 21 Sedan
823 1263 61 20 para-

62 1285 74 27 grafen
157 1287 23 19 är
202 1285 99 27 godkänd
320 1286 39 21 ber
379 1286 35 26 jag
434 1287 32 20 att
484 1286 20 20 få
519 1285 55 22 fästa
590 1285 213 27 uppmärksamheten
820 1285 64 27 derpå

62 1316 32 19 att
116 1314 124 26 paragrafen
262 1314 8 21 i
290 1315 35 20 det
345 1313 68 22 finska
427 1314 237 21 utskottsbetänkandet
679 1314 45 21 icke
739 1316 25 19 är
778 1316 107 24 upptagen

61 1342 43 22 lika
127 1348 44 15 som
193 1343 6 20 i
217 1343 159 26 propositionen
391 1344 51 19 utan
458 1342 68 21 införd
541 1343 6 20 i
563 1349 28 21 ny
605 1342 120 27 stilisering,
741 1342 84 21 hvilken
841 1342 43 21 del-

62 1371 30 22 vis
114 1373 24 19 är
158 1371 125 21 förbättrad.
313 1371 43 21 Der
377 1371 60 26 ingår
453 1371 53 21 dock
522 1371 70 21 såsom
605 1371 36 26 jag
657 1371 66 21 skulle
739 1373 33 19 tro
788 1377 26 14 en
830 1371 55 20 orik-

62 1399 68 28 tighet
146 1399 26 22 dä
188 1400 35 21 det
238 1399 70 22 heter:
340 1399 101 28 ,Vieraan
457 1399 69 22 elikkä
541 1399 102 22 muunkin
658 1400 98 26 kristityn
767 1399 117 27 uskonopin

61 1428 51 20 kuin
135 1428 107 20 evankelis
264 1429 144 19 lutherilaisen
431 1428 146 25 tunnustajilla
599 1434 26 14 on
649 1428 96 25 vapaus*.
780 1428 43 19 Der
845 1428 41 19 har

62 1455 78 27 tillagts
160 1458 30 19 ett
213 1456 36 21 kin
271 1462 45 14 som
337 1456 68 21 sknlle
428 1456 78 27 antyda
526 1458 33 19 att
574 1455 129 22 främmande
717 1455 167 21 trosbekännare

62 1483 61 22 äfven
148 1483 67 22 borde
238 1489 49 16 vara
310 1483 86 22 kristna.
427 1483 43 22 För
495 1483 62 28 öfrigt
572 1485 25 19 är
611 1483 175 22 konstruktionen
802 1483 83 28 mycket

61 1515 53 24 tung
136 1513 40 21 och
197 1513 79 21 ledsam
300 1512 38 22 och
362 1513 60 21 äfven
443 1513 40 21 den
498 1513 89 21 svenska
602 1511 163 28 formuleringen
781 1513 44 20 är
818 1507 13 37 i
842 1513 42 20 min

62 1541 64 23 tanke
141 1541 81 22 mindre
238 1541 34 22 väl
287 1541 77 28 lyckad
380 1541 18 22 d.
414 1547 19 16 v.
450 1547 15 16 s.
482 1541 61 22 äfven
558 1541 7 21 i
580 1541 102 22 svenskan
698 1541 78 22 uttalas
792 1541 36 21 det
838 1541 46 21 icke
