1078 1809
222 162 55 21 2344
406 168 158 17 Presteständet
580 168 54 17 1877.
658 168 26 16 80
695 167 115 17 november.

192 236 80 22 införas
282 236 75 28 tillägg
367 237 23 21 af
400 237 64 21 orden
475 236 200 28 ,landthandlande"
686 236 39 22 och
736 235 126 28 ,grufvor*,
856 230 10 38 i
874 235 51 27 följd
935 234 77 22 hvaraf

193 271 80 16 samma
293 266 37 21 ord
350 266 66 21 borde
434 254 78 38 jemväl
527 266 7 20 i
549 266 65 26 några
628 266 91 26 följande
735 264 124 28 paragrafer
872 265 84 26 intagas
971 264 38 21 och

194 294 61 22 deraf
268 294 124 21 föranledda
407 295 113 26 ändringar
535 295 6 20 i
557 294 163 27 formuleringen
735 294 102 26 iaktagas.

261 427 33 21 Då
317 427 58 21 tiden
398 427 117 26 emellertid
536 426 132 22 framskridit
688 426 33 21 till
742 426 28 21 kl.
795 427 4 19 2
819 427 38 20 och
877 426 27 21 50
920 425 92 21 minuter

193 455 172 27 eftermiddagen,
385 455 85 22 afbröts
489 455 144 22 diskussionen
653 455 38 21 här
709 455 39 21 och
764 455 84 20 ståndet
862 453 102 22 åtskildes
978 453 34 22 för

193 486 32 20 att
240 485 46 20 åter
302 484 180 22 sammankomma
496 485 7 20 i
518 484 84 27 plenum
617 484 28 21 kl.
661 484 12 21 6
689 483 28 28 på
731 483 94 22 aftonen.

765 546 22 17 In
798 546 61 17 fidem:

679 580 50 22 Carl
744 581 51 21 Joh.
811 580 132 28 Lindeqvist.

420 781 112 28 Samma
549 782 56 35 dag
622 782 39 27 kl.
679 782 17 27 6
715 790 22 19 e.
754 791 36 18 m.

263 858 41 21 Vid
319 860 106 25 uppropet
440 859 142 21 antecknades
598 858 67 22 såsom
679 858 139 22 frånvarande
831 859 77 21 doktor
918 858 99 22 Lindelöf

195 887 39 22 och
249 886 106 28 professor
370 887 111 21 Ehrström
497 887 21 21 af
529 887 59 22 förut
602 887 85 26 angifna
701 887 95 22 orsaker.

263 1018 120 26 Föredrogs
404 1018 40 21 och
466 1019 112 21 bordlades
593 1019 151 27 lagutskottets
760 1019 133 21 betänkande
908 1019 40 22 N:o
966 1019 25 22 18
1007 1019 7 21 i

195 1046 113 28 anledning
322 1047 24 21 af
359 1047 27 21 H.
400 1047 27 21 K.
445 1047 49 22 M:ts
509 1048 77 26 nådiga
596 1047 130 27 proposition
737 1048 107 26 angående
855 1054 25 15 en
891 1047 124 28 förordning

195 1082 34 15 om
250 1075 138 28 rättegången
407 1076 7 21 i
432 1075 55 22 vissa
502 1077 48 26 mål,
566 1082 45 16 som
626 1076 57 22 förut
698 1076 81 22 tillhört
794 1077 149 26 krigsdomstol
958 1079 56 20 samt

195 1103 61 23 straff
276 1105 40 21 och
336 1111 69 14 annan
427 1105 78 27 påföljd
524 1105 7 21 i
546 1105 66 27 några
626 1105 48 25 mål,
690 1105 71 22 hvilka
776 1107 49 19 röra
839 1112 101 20 personer
954 1108 60 19 utom

195 1133 128 28 krigsstaten
344 1133 106 22 äfvensom
470 1134 55 21 huru
545 1134 102 27 häktning
667 1134 34 21 må
716 1134 22 22 af
752 1134 114 27 krigsbefäl
880 1134 135 23 verkställas.

263 1277 120 22 Fortsattes
404 1277 49 21 med
474 1277 155 27 granskningen
645 1277 22 22 af
681 1279 152 20 sammansatta
847 1278 45 27 lag-
908 1278 39 21 och
962 1278 51 21 eko-

195 1306 174 21 nomiutskottets
390 1305 134 22 betänkande
544 1307 8 20 i
570 1306 113 27 anledning
701 1306 24 21 af
740 1307 47 20 nåd.
804 1307 156 26 propositionen
976 1313 37 14 an-

194 1335 82 26 gående
295 1341 26 15 en
336 1334 123 27 förordning
474 1341 34 15 om
522 1336 76 25 vägars
613 1335 39 21 och
668 1335 73 21 broars
757 1335 109 26 byggande
882 1335 39 22 och
936 1335 76 22 under-

195 1362 43 21 håll
255 1362 13 21 å
284 1362 79 21 landet.

580 1413 16 28 $
612 1413 19 21 3.

555 1471 68 21 Mom.
640 1472 19 20 1.

262 1529 92 21 Prosten
369 1528 165 27 Rosengren
548 1528 111 27 godkände
675 1534 62 16 mom.
754 1529 7 21 i
777 1529 68 27 öfrigt,
861 1531 59 20 utom
934 1531 32 20 att
976 1530 38 21 tal.

195 1558 47 22 icke
256 1558 66 26 ansåg
338 1558 36 21 det
389 1564 50 15 vara
454 1557 180 27 ändamålsenligt,
648 1559 33 20 att
698 1558 36 22 det
749 1558 107 22 lemnades
871 1558 106 22 beroende
993 1558 24 22 af
