1092 1800
203 157 55 22 3380
402 162 158 18 Presteständet
573 162 55 18 1878.
653 162 24 17 18
687 162 90 20 januari.

171 230 37 28 jag
222 230 32 21 för
269 230 43 21 min
328 230 60 26 ringa
403 230 33 21 del
451 236 64 20 gerna
530 230 63 20 hafva
603 232 48 24 sett,
661 231 32 19 att
702 229 60 22 äfven
773 230 156 26 presteståndet
939 229 55 21 hade

173 258 47 28 gått
234 260 22 20 in
271 258 28 28 på
314 258 123 22 detsamma.

241 316 61 22 Efter
318 316 36 21 det
370 315 145 22 diskussionen
530 316 7 21 i
552 315 72 28 frågan
640 316 105 25 afslutats,
755 315 122 22 framstälde
889 316 48 21 herr
949 315 44 21 tal-

173 351 105 15 mannen
293 345 93 27 följande
402 344 164 28 propositioner:

242 402 43 21 Vill
311 402 165 26 presteståndet,
498 402 47 21 med
570 401 152 27 godkännande
746 401 23 21 af
792 401 152 27 lagutskottets
966 408 29 15 nu

174 431 160 26 ifrågavarande
350 430 126 22 hemställan
491 431 78 25 derom,
585 432 31 19 att
632 430 104 21 särskilda
751 430 24 21 af
788 430 104 21 utskottet
903 430 92 26 uppräk-

174 460 56 21 nade
250 459 124 27 paragrafer
398 459 39 21 och
459 462 92 19 moment
567 459 7 21 i
590 458 164 28 dissenterlagen
769 458 100 27 antingen
885 458 43 22 alla
943 458 52 22 eller

174 488 67 22 delvis
261 488 67 21 skulle
350 488 6 21 i
378 488 101 21 förstärkt
494 490 82 19 utskott
591 488 90 26 afgöras,
696 487 72 21 skrida
783 487 31 21 till
830 487 129 27 granskning
975 488 22 21 af

175 518 27 20 de
223 517 7 20 i
254 517 75 21 sådant
352 516 97 22 afseende
472 516 24 21 af
515 517 104 21 utskottet
634 516 109 26 förslagna
758 516 237 27 omröstningsproposi-

175 545 68 22 tioner
258 547 55 19 samt
328 545 31 21 till
375 545 33 21 val
424 544 22 22 af
460 545 117 21 ledamöter
591 546 7 20 i
613 544 102 22 förstärkt
730 544 88 26 utskott,
833 545 52 21 eller
899 544 33 27 ej?

242 602 80 21 Vinner
343 602 40 26 nej,
402 601 38 22 har
460 602 85 21 ståndet
561 601 72 27 ogillat
648 601 151 27 lagutskottets
815 601 125 22 hemställan
955 601 39 22 och

174 631 57 27 förty
246 631 46 21 icke
308 631 56 21 velat
380 630 32 21 till
426 631 129 27 granskning
570 633 93 24 upptaga
679 631 26 20 de
719 630 23 21 af
756 631 103 20 utskottet
875 630 120 27 föreslagna

174 660 183 27 propositionerna
374 659 51 22 eller
440 659 73 21 skrida
528 660 32 21 till
575 659 34 21 val
624 659 23 21 af
661 659 123 21 ledamöter.

242 722 132 21 Besvarades
390 722 48 21 med
454 722 25 21 17
493 722 23 26 ja
531 722 39 21 och
584 724 24 19 11
622 721 40 27 nej.

242 785 40 21 Till
298 785 53 26 följd
366 785 22 22 af
402 786 107 26 utgången
524 785 23 21 af
561 785 68 21 denna
644 785 96 26 votering
755 784 110 27 föredrogs
881 784 53 22 härå

242 848 76 21 Första
334 847 300 27 omröstningspropositionen
650 847 109 26 angående
774 848 11 27 $
800 848 13 20 3
829 853 64 16 mom.
910 849 17 19 1.

242 911 90 21 Prosten
349 910 90 27 Hjelt:
470 910 33 22 Dä
519 911 64 26 enligt
599 910 41 21 min
657 910 135 27 uppfattning
807 911 22 20 af
843 911 27 20 74
885 911 12 27 $
912 910 6 21 i
934 911 22 21 L.
971 910 23 22 O.

175 939 292 27 voteringspropositionerna
489 939 138 26 ovilkorligen
648 939 60 21 skola
723 945 50 15 vara
789 939 23 21 sä
827 939 119 27 uppstälda,
963 941 32 20 att

175 969 25 21 de
216 969 48 21 Jeda
279 969 32 21 till
327 971 31 18 ett
373 967 121 28 ovilkorligt
509 969 51 21 eller
571 968 86 21 absolut
666 969 119 26 antagande
797 968 51 21 eller
858 968 137 22 förkastande

174 997 23 22 af
211 997 55 22 hvad
281 998 107 21 utskottet
402 997 108 26 tillstyrkt,
527 997 67 22 mäste
606 997 37 27 jag
659 1003 57 19 anse,
732 999 32 19 att
779 997 69 21 denna
862 997 133 26 proposition

174 1027 47 21 icke
236 1029 24 18 är
275 1026 22 21 af
312 1026 104 21 utskottet
432 1028 43 19 rätt
490 1027 105 26 uppstäld.
624 1026 65 27 ,Nej*
704 1026 38 21 bör
757 1026 107 21 innehälla
879 1028 115 19 motsatsen

174 1055 22 21 af
218 1055 54 21 hvad
294 1055 216 26 ,ja*-propositionen
526 1055 94 24 innebär,
636 1055 81 21 således
733 1057 30 18 ett
779 1055 135 20 förkastande
929 1055 23 21 af
963 1055 32 27 ja-

174 1084 158 26 propositionen
356 1083 39 22 och
416 1083 44 21 ifall
483 1084 33 26 nej
534 1084 79 25 vinner,
629 1083 82 22 säledes
726 1084 25 21 de
767 1084 45 25 ord,
828 1089 45 15 som
889 1085 36 20 äro
940 1085 55 20 före-

174 1113 74 26 slagna
263 1115 33 18 att
311 1112 76 21 ändras
403 1112 6 21 i
424 1113 60 20 detta
498 1115 100 24 moment,
613 1112 47 21 frän
675 1112 127 27 paragrafen
817 1113 44 20 helt
877 1112 38 21 och
930 1112 65 22 hället

174 1141 57 25 utgå.
252 1141 41 21 Det
308 1143 24 18 är
348 1141 120 26 visserligen
484 1144 54 23 sant,
553 1143 31 18 att
599 1141 26 20 de
640 1141 64 26 något
719 1141 24 21 sä
759 1143 38 18 när
808 1141 188 22 öfverensstämma

174 1169 49 21 med
238 1169 40 21 den
293 1169 118 26 Kejserliga
426 1169 163 26 propositionen,
606 1175 47 15 men
669 1169 35 21 det
719 1171 25 19 är
759 1169 127 22 ätminstone
899 1169 96 28 felaktigt

174 1198 23 22 af
206 1198 105 21 utskottet
321 1201 32 18 att
364 1197 106 27 uppställa
481 1198 39 21 den
532 1197 117 27 Kejserliga
660 1198 158 26 propositionen
830 1199 68 21 säsom
910 1199 85 21 kontra-

174 1227 131 26 proposition
320 1229 58 19 emot
388 1226 195 27 ja-propositionen.

242 1289 90 21 Prosten
351 1289 177 27 Rosengren:
558 1289 75 21 Denna
647 1290 130 26 proposition
795 1291 23 19 är
833 1290 99 26 uppstäld
947 1290 48 21 med

175 1318 119 20 hänseende
314 1317 70 21 dertill
406 1320 31 19 att
459 1318 35 20 det
516 1320 23 19 är
559 1320 32 19 tre
613 1318 68 25 ständ,
697 1324 45 15 som
763 1318 63 21 hafva
845 1319 94 25 godkänt
955 1318 40 22 den

174 1345 119 26 Kejserliga
316 1346 158 26 propositionen
497 1346 39 20 och
557 1346 155 26 presteständet
732 1348 95 18 deremot
846 1347 94 25 godkänt
961 1350 35 18 ut-

174 1373 91 21 skottets
282 1374 138 20 betänkande.
441 1373 11 21 I
466 1374 38 20 sitt
518 1374 67 20 första
595 1374 293 26 sammanjemkningsförslag
899 1374 96 27 inbjuder

174 1401 105 21 utskottet
294 1401 147 27 ridderskapet
456 1402 40 20 och
512 1402 61 21 adeln
589 1401 39 21 och
644 1402 175 26 borgareständet
833 1404 34 19 att
881 1402 74 22 förena
965 1403 30 26 sig

175 1436 33 15 om
224 1430 167 26 presteständets
406 1430 135 27 uppfattning
556 1430 22 21 af
593 1430 132 26 paragrafen.
745 1430 35 22 Nu
796 1433 24 19 är
835 1431 36 21 det
881 1431 24 27 ju
915 1432 81 26 ganska

175 1458 107 28 naturligt,
299 1461 31 19 att
345 1459 105 21 utskottet
465 1458 39 22 har
520 1459 93 27 uppstält
628 1459 38 21 sitt
681 1459 86 27 förslag,
783 1466 45 15 som
843 1462 24 19 är
883 1460 112 22 omfattadt

175 1488 23 21 af
211 1488 161 27 presteständet,
388 1487 69 22 säsom
471 1488 170 26 ja-proposition,
657 1494 48 15 men
721 1488 39 22 den
773 1488 119 28 Kejserliga
901 1490 93 26 proposi-

175 1517 72 21 tionen
271 1523 45 15 som
342 1519 24 19 är
391 1516 103 22 omfattad
516 1517 23 21 af
562 1518 26 20 de
611 1516 66 28 öfriga
699 1517 90 22 stånden
811 1517 68 22 såsom
902 1519 93 27 nej-pro-

175 1546 97 26 position.
