1081 1806
193 158 56 21 3264
384 163 159 17 Presteständet
556 163 55 17 1878.
636 163 24 17 10
671 163 88 20 januari.

165 232 68 20 denna
248 232 163 26 värnepligtslag
425 232 7 20 i
448 231 35 21 det
497 230 49 22 hela
561 231 67 21 mäste
643 230 109 22 betraktas
765 237 51 14 vara
826 230 22 21 af
857 230 129 26 provisorisk

165 262 68 24 natur,
256 260 26 21 de
304 260 29 21 uti
357 259 190 27 värnepligtslagen
573 259 171 21 förekommande
766 258 128 27 paragrafer,
914 258 72 22 hvilka

164 288 77 22 beröra
259 288 252 27 grundlagsstadganden,
533 288 46 20 icke
599 287 73 26 sjelfva
693 287 70 21 kunna
778 288 69 20 såsom
863 287 122 27 grundlags-

165 317 130 26 stadganden
317 323 60 15 anses
400 317 85 25 sålänge
501 316 26 21 de
542 316 137 26 stadganden,
695 316 72 21 hvilka
782 316 25 20 de
824 318 100 24 motsäga,
940 316 46 21 icke

165 347 37 19 äro
218 346 113 26 upphäfda.
361 345 80 21 Rektor
456 345 99 21 Kihlman
571 344 38 22 har
620 344 88 27 häntydt
718 344 28 27 på
756 344 229 27 landtdagsordningen

166 374 39 22 och
226 374 86 22 anförde
331 376 31 19 att
377 380 48 15 man
441 374 46 20 icke
502 373 69 22 stiftar
586 374 34 26 lag
636 373 33 21 för
685 373 45 25 evig
745 373 30 21 tid
791 376 50 18 utan
858 375 31 19 att
905 372 25 22 de
946 372 40 22 alla

164 404 38 20 äro
218 403 139 26 provisionela
373 402 38 22 och
427 403 77 21 ändras
520 402 38 22 och
574 404 66 20 rättas
656 402 38 21 allt
710 402 52 21 efter
778 402 36 21 det
831 408 45 15 som
894 403 92 20 omstän-

166 431 122 27 digheterna
304 432 35 20 det
355 432 100 20 erfordra.
485 431 42 22 Det
542 433 23 19 är
581 430 119 27 visserligen
716 437 25 15 en
758 431 88 26 sanning
857 436 46 16 men
915 430 71 27 sjelfva

166 461 40 21 den
228 461 111 27 grundlag,
363 460 83 21 hvilken
469 460 72 21 rektor
563 459 99 22 Kihlman
685 459 103 28 åberopar
806 460 69 21 såsom
891 459 48 22 stöd
954 459 32 22 för

166 490 37 20 sitt
218 489 115 27 påstående
348 489 71 26 börjar
433 489 44 27 just
488 489 47 21 med
547 489 25 21 de
583 489 75 20 orden:
670 505 8 10 ,
681 489 43 20 Allt
735 489 55 20 hvad
801 489 6 20 i
820 489 58 20 detta
889 488 98 21 afseende

165 518 58 21 förut
238 520 23 19 är
277 518 106 27 stadgadt,
399 520 24 19 är
437 524 76 21 genom
529 518 68 21 denna
612 517 104 27 grundlag
727 517 122 27 upphäfdt.*
872 517 73 21 Skulle
956 519 30 19 ett

166 547 75 21 sädant
262 547 153 27 lagstadgande
431 547 6 20 i
453 547 69 20 denna
539 546 165 27 värnepligtslag
719 546 63 21 hafva
798 545 68 28 ingätt
881 546 55 21 hade
952 546 35 21 det

165 576 55 21 varit
235 575 102 27 naturligt
352 578 32 18 att
400 576 25 20 de
441 575 130 27 paragrafer,
586 575 73 21 hvilka
674 575 61 21 träda
750 575 7 20 i
772 575 40 20 den
828 574 70 27 gamla
908 575 79 26 grund-

165 604 73 27 lagens
261 605 62 20 ställe
344 604 139 27 ovilkoriisen
505 604 54 21 hade
581 604 48 21 bort
651 603 69 22 såsom
736 603 104 28 grundlag
856 609 67 19 anses,
939 609 48 15 men

165 633 24 21 sä
211 633 62 26 länge
296 633 39 21 den
358 633 70 27 gamla
451 632 241 27 grundlagsparagrafen
715 632 47 21 icke
784 635 24 18 är
826 632 94 27 upphäfd
936 634 51 19 utan

166 668 50 20 eger
238 662 97 26 bestånd,
357 663 43 20 kan
423 668 48 15 man
493 663 46 20 icke
552 662 67 27 jemte
635 662 121 21 densamma
772 668 39 20 ega
826 662 69 27 någon
911 667 76 15 annan.

164 690 85 21 Doktor
268 691 80 21 Geitlin
369 691 39 20 har
429 693 46 24 sagt
490 693 33 19 att
539 690 52 22 huru
608 691 53 20 skall
679 691 25 20 då
720 690 90 21 förfaras
825 697 32 14 om
875 690 36 21 det
926 689 62 22 faller

166 722 32 18 tre
219 719 62 22 stånd
296 720 20 20 in
333 721 31 20 att
379 719 108 28 upphäfva
502 720 25 21 de
542 719 128 28 paragrafer,
687 718 71 22 hvilka
774 726 28 14 nu
817 719 62 21 träda
894 719 7 21 i
917 719 71 21 stället

166 748 32 21 för
221 749 24 20 de
265 749 58 20 förra
337 749 152 26 paragraferna
504 749 48 20 med
567 749 184 26 grundlagsnatur.
782 748 34 21 Då
830 750 24 19 är
870 749 64 20 saken
950 748 37 21 all-

167 777 58 20 deles
247 777 99 27 gifven,
344 773 14 35 i
369 777 39 21 och
430 777 48 21 med
501 778 117 20 detsamma
636 777 84 26 återgår
740 783 48 14 man
810 777 33 21 till
860 777 35 21 det
910 777 77 26 gamla.

166 805 66 28 Ingen
250 805 121 27 kränkning
386 806 24 20 af
423 807 65 26 något
504 805 73 22 stånds
592 806 126 26 rättigheter
733 805 41 22 kan
791 805 26 21 då
833 805 155 27 ifrågakomma

167 837 22 24 ty
204 840 35 15 om
255 835 62 20 dessa
331 819 132 46 paragrafer,
479 835 72 20 hvilka
567 835 76 20 beröra
658 835 25 20 de
698 835 59 20 äldre
772 835 158 26 grundlagarna
941 834 46 21 från

166 863 193 27 värnepligtslagen
376 863 114 26 försvinna,
506 863 39 21 har
561 869 48 16 man
625 863 6 20 i
647 863 39 21 och
701 863 48 21 med
766 863 117 21 detsamma
895 863 93 27 återgått

166 891 34 21 till
223 891 35 21 det
277 892 71 27 gamla
367 892 250 27 grundlagsstadgandet.
647 892 42 21 Det
704 892 54 21 enda
773 898 45 15 som
835 892 37 21 der
887 892 100 27 möjligen

165 921 42 21 kan
228 908 64 33 verka
315 923 24 18 är
361 921 36 20 det
416 923 32 18 att
469 927 34 15 om
519 927 28 15 nu
562 921 147 26 ridderskapet
724 920 39 21 och
779 921 73 20 adelns
867 921 120 26 privilegier

166 949 117 27 upphäfvas
306 950 24 21 så
352 949 63 22 hafva
437 949 26 22 de
487 949 86 22 dermed
595 949 139 22 underkastat
757 949 33 27 sig
808 956 25 14 en
856 949 131 28 förändring,

166 977 85 22 hvilken
273 978 47 21 icke
341 978 94 27 skyddar
456 978 46 21 dem
523 979 28 26 på
570 985 81 14 samma
671 980 48 23 sätt,
735 984 45 15 som
796 979 26 20 de
836 978 56 21 hade
906 979 82 21 kunnat

165 1006 82 27 skydda
269 1007 32 26 sig
323 1007 48 21 med
394 1007 134 27 åberopande
551 1006 22 22 af
592 1007 46 21 sina
658 1007 128 27 privilegier.
816 1007 30 27 Ty
861 1007 7 21 i
885 1007 39 21 och
940 1007 48 21 med

166 1035 117 21 detsamma
306 1036 25 21 de
347 1036 94 21 erkänna
457 1036 193 27 värnepligtslagen
666 1036 62 21 hafva
744 1037 25 20 de
784 1036 65 21 också
864 1037 76 20 erkänt
955 1038 33 19 att

166 1063 62 22 deras
247 1064 122 27 privilegier
390 1064 21 21 få
432 1065 119 26 upphäfvas
567 1065 38 21 och
621 1065 26 20 de
662 1065 62 20 ställa
740 1065 32 26 sig
786 1065 83 20 således
888 1065 3 20 i
907 1071 81 14 samma

165 1092 104 27 kategori,
287 1099 43 14 som
347 1093 42 20 alla
405 1093 72 20 andra.
507 1093 45 21 Den
569 1093 75 35 tredje
651 1093 168 26 anmärkningen
834 1099 35 15 om
879 1093 107 28 gagnelig-

165 1120 64 22 heten
251 1121 52 21 eller
325 1121 46 21 icke
394 1122 161 31 gagneligheten
579 1124 24 19 är
625 1122 23 21 så
671 1110 123 37 tillräckligt
812 1122 82 21 bemött
910 1121 23 22 af
947 1122 40 21 den

165 1149 128 28 föregående
309 1149 82 22 talaren
407 1152 32 19 att
452 1150 37 27 jag
504 1150 45 22 helt
564 1151 40 21 och
619 1150 65 22 hållet
700 1151 42 20 kan
758 1150 83 27 förbigå
856 1151 47 20 den.

233 1207 90 20 Prosten
339 1207 181 26 Rosengren:
544 1207 71 21 Sedan
631 1207 26 21 de
672 1207 126 26 föregående
813 1207 65 21 värde
893 1208 95 21 talarene

165 1237 85 24 prosten
266 1235 60 27 Hjelt
342 1235 39 21 och
397 1235 107 27 professor
519 1236 102 21 Forsman
638 1235 23 22 så
677 1236 107 27 grundligt
800 1236 39 21 och
850 1236 138 27 omständligt

164 1263 64 21 hafva
243 1263 107 22 framstält
365 1265 65 20 saken
446 1265 7 20 i
469 1265 36 20 det
521 1265 61 26 syfte,
598 1271 44 14 som
657 1265 37 26 jag
708 1265 65 21 också
783 1265 33 20 för
826 1265 44 20 min
881 1265 34 20 del
926 1271 62 15 anser

165 1292 47 25 den,
233 1292 102 21 behöfver
354 1293 39 27 jag
414 1292 47 21 icke
483 1293 73 20 vidare
579 1295 26 18 än
621 1293 73 20 förena
709 1294 43 26 mig
767 1293 49 21 med
831 1293 61 22 desse
907 1293 80 21 herrar.

164 1320 41 27 Jag
228 1321 37 20 ber
288 1321 55 21 dock
365 1323 32 19 att
417 1321 22 20 få
454 1322 68 21 uttala
537 1324 32 19 att
585 1322 35 21 det
635 1321 107 22 förefaller
756 1322 44 26 mig
816 1321 68 22 såsom
900 1322 88 21 alldeles

164 1349 58 20 klart
237 1351 32 18 att
284 1349 6 20 i
307 1355 25 14 en
348 1349 23 20 så
385 1349 68 27 vigtig
469 1350 37 19 sak
522 1356 44 14 som
583 1351 68 19 denna
665 1352 24 18 är
700 1350 29 20 all
740 1350 164 21 betänksamhet
915 1350 28 26 på
955 1351 33 20 sin

165 1378 57 19 rätta
243 1377 63 26 plats.
336 1377 42 20 Det
399 1383 51 15 vore
472 1377 47 21 icke
537 1380 44 19 rätt
596 1379 123 20 välbetänkt
734 1384 35 15 om
784 1384 49 15 man
848 1380 52 19 utan
915 1378 73 21 vidare

165 1404 69 22 skulle
249 1405 94 21 förklara
358 1405 33 22 för
407 1405 119 28 oegentliga
541 1407 26 20 de
582 1406 276 27 grundlagsbestämningar
872 1413 47 14 som
930 1407 58 26 gälla

165 1440 35 15 om
223 1433 199 28 indelningsverket,
445 1436 23 25 ty
491 1441 48 14 man
561 1435 82 21 känner
662 1435 23 27 ju
708 1435 46 21 icke
773 1437 56 20 ännu
842 1435 58 27 dem;
917 1435 71 22 dertill

165 1462 74 22 behöfs
261 1463 122 22 erfarenhet
403 1465 32 20 att
458 1464 71 21 kunna
552 1464 90 22 förvissa
664 1465 31 26 sig
718 1471 34 15 om
775 1465 69 21 denna
859 1471 41 20 nya
914 1465 35 20 idé
965 1467 23 18 är

165 1491 88 28 lämplig
275 1492 34 21 för
324 1492 47 22 vårt
386 1492 45 22 folk
447 1492 39 22 och
502 1493 46 22 vårt
563 1493 50 22 land
629 1493 40 22 och
684 1493 36 22 det
735 1495 24 19 är
775 1493 82 22 således
874 1493 54 22 efter
943 1494 44 21 min

166 1521 136 28 uppfattning
317 1522 82 27 ganska
413 1522 124 22 välbetänkt
553 1529 44 15 som
613 1525 158 19 reservanterne
787 1523 64 22 hafva
866 1523 79 22 uttalat
956 1525 32 19 att
