1075 1803
291 147 160 18 Presteståndet
463 149 54 17 1877.
541 149 23 17 15
576 150 112 17 december.
829 145 55 21 2887

92 222 50 15 man
164 215 55 22 skall
241 215 22 22 få
283 216 132 27 förteckning
438 217 58 22 öfver
518 218 53 26 dem,
591 224 45 15 som
652 219 54 21 efter
720 218 65 27 fyllda
800 219 27 21 15
841 219 25 22 år
880 219 32 22 in-

91 243 72 50 Syv
184 244 32 21 till
237 244 154 27 Lappmarken.
421 245 40 27 Jag
478 245 37 22 vill
531 245 83 23 derföre
628 246 54 22 fästa
697 247 215 27 uppmärksamheten

90 272 82 24 dervid,

160 334 143 27 Domprosten
328 335 87 27 Borg:
448 336 40 27 Jag
510 342 61 16 anser
592 336 76 22 sädant
689 337 33 21 för
744 343 25 16 en
791 337 51 22 liten
865 337 44 22 sak.

92 363 33 21 De
146 363 68 21 mäste
237 363 99 22 särskildt
357 364 121 26 antecknas,
501 366 37 20 när
558 365 26 21 de
602 364 92 28 afflyttat
708 364 32 22 till
755 366 156 26 Lappmarken,

92 391 40 21 och
146 391 110 27 uppgifvas
274 392 22 21 af
309 395 85 24 presten
409 393 7 20 i
431 393 40 21 den
486 393 128 27 församling,
630 393 48 22 från
694 393 83 22 hvilken
793 393 116 28 utfilyttnin-

90 426 41 21 gen
147 420 63 22 skett.
240 420 47 28 Nog
302 422 24 20 är
342 421 35 21 det
392 423 31 20 ett
433 427 53 15 onus
502 421 31 22 till
548 422 33 21 för
596 427 34 17 oss
646 424 93 25 prester;
754 428 48 16 men
818 423 35 21 det
868 423 42 21 kan

91 448 19 27 ej
126 448 90 28 hjelpas;
234 449 34 21 det
283 449 68 21 måste
365 450 27 26 gå
406 450 7 20 i
429 450 40 22 den
485 450 120 28 ordningen.

158 511 82 22 Rektor
283 512 125 22 Hallstön:
439 512 114 27 Uppgiften
569 512 54 22 skall
638 512 34 22 väl
687 513 86 21 komma
782 513 47 21 frän
839 513 69 27 Lapp-

90 540 98 21 markens
203 540 129 27 församling,
347 540 99 22 eftersom
462 540 43 22 han
520 541 37 21 der
572 541 47 27 fyllt
634 542 25 20 21
677 541 29 21 år.

156 602 143 27 Domprosten
322 603 174 27 Hornborg:
529 604 40 26 Jag
591 604 80 26 tycker,
693 606 33 18 att
748 604 37 21 det
806 604 60 21 faller
887 604 23 21 af

89 630 33 27 sig
138 631 62 27 sjelft,
217 633 32 19 att
264 631 140 27 domkapitlet
419 632 6 20 i
441 632 82 26 Kuopio
539 632 108 22 meddelar
661 632 113 28 föreskrift,
789 632 6 22 i
808 632 101 22 händelse

89 659 24 21 af
133 659 71 26 behof,
228 660 60 21 äfven
310 660 22 22 ät
352 663 124 24 pastorerne
494 661 6 21 i
515 660 147 28 Lappmarken
678 663 31 19 att
725 661 88 21 insända
828 661 80 21 sådana

88 688 165 27 förteckningar,
268 688 72 22 hvilka
355 691 94 25 upptaga
464 690 25 20 de
505 689 31 21 till
552 690 202 27 värnepligtsäldern
770 690 78 21 komna
860 696 47 20 per-

89 722 69 18 soner,
174 723 44 15 som
235 719 35 20 äro
286 718 64 21 födda
365 717 7 20 i
387 718 66 21 andra
469 718 59 21 delar
542 718 22 21 af
576 718 89 21 Finland
682 718 39 21 och
737 718 92 21 derifrän
844 718 63 21 hafva

88 745 92 26 inflyttat
202 745 32 21 tili
252 745 156 28 Lappmarken:
438 746 31 21 Pä
487 748 63 19 annat
565 747 42 21 sätt
622 746 42 21 kan
680 752 49 15 man
745 747 18 26 ej
779 747 20 20 fä
814 747 51 20 reda
880 747 27 26 pä

87 773 149 22 förhällandet.
267 774 49 21 Men
334 780 34 15 om
388 774 59 22 detta
467 776 42 20 sätt
524 775 66 26 följes,
604 775 67 21 finner
684 775 36 26 jag
736 775 25 26 ej,
776 777 33 19 att
824 775 36 21 det
875 781 32 15 er-

86 802 75 26 bjuder
176 803 66 26 några
256 803 137 26 svårigheter.

156 865 143 27 Domprosten
318 865 93 26 Borg:
442 865 41 21 Det
501 867 25 20 är
540 865 62 24 klart,
618 867 33 20 att
665 866 54 21 intet
733 865 138 22 meddelande
886 865 21 22 af

88 893 140 27 domkapitlet
250 894 99 21 behöfves
371 894 33 21 för
425 894 159 27 Lappmarkens
604 894 147 26 församlingar
766 901 51 19 mer,
833 896 26 19 än
874 894 33 21 för

88 923 66 20 andra
177 922 153 27 församlingar.
360 922 48 21 Men
429 923 37 26 jag
486 923 81 21 erinrar
587 923 80 26 derom,
690 925 32 19 att
744 923 36 21 det
802 925 24 19 är
841 923 65 22 redan

85 951 57 21 förut
163 951 114 25 beslutadt,
296 953 33 19 att
348 951 117 27 ynglingar,
480 958 45 15 som
540 951 120 27 bortfiyttat
674 951 47 21 från
736 952 51 21 våra
802 951 104 27 egentliga

88 979 68 22 finska
175 980 148 27 församlingar
340 979 33 22 till
389 980 153 27 Lappmarken,
558 980 60 21 skola
633 981 115 20 antecknas
763 980 68 22 såsom
846 981 60 21 bort-

87 1008 95 27 flyttade,
206 1009 38 21 och
266 1011 38 19 när
320 1009 25 21 de
361 1009 46 26 fyllt
423 1010 37 20 sitt
475 1009 159 28 värnepligtsår,
650 1009 53 21 skall
719 1010 99 20 anmälan
833 1009 72 21 derom

85 1037 37 22 ske
145 1037 46 22 från
213 1038 40 21 den
275 1037 130 27 församling,
428 1037 45 22 från
496 1038 84 21 hvilken
601 1038 42 21 han
666 1037 38 21 har
722 1037 97 28 afflyttat,
834 1037 25 22 så
873 1039 32 20 att

88 1066 72 21 derför
181 1073 38 14 var
238 1067 41 25 det,
296 1072 45 16 som
354 1067 37 25 jag
405 1067 85 25 yttrade
505 1068 42 26 mig
563 1068 29 25 så,
608 1068 32 19 att
655 1066 158 27 Lappmarkens
827 1066 78 26 kyrko-

86 1094 78 22 herdar
186 1094 46 22 icke
253 1094 68 22 skulle
343 1095 86 21 komma
451 1095 48 21 med
519 1096 66 26 några
607 1094 156 27 förtecknivgar
778 1095 7 21 i
800 1095 59 21 detta
874 1094 31 22 af-

83 1123 84 21 seende.

154 1185 110 22 Professor
282 1186 160 21 Forsman:
471 1186 41 26 Jag
527 1186 34 21 vill
579 1186 105 26 påminna,
699 1188 32 19 att
746 1186 35 21 vid
797 1187 11 20 7
821 1186 13 26 &
849 1186 55 26 gjor-

85 1215 39 21 des
139 1216 31 20 ett
185 1214 74 27 tillägg
274 1214 23 22 af
318 1214 99 26 innehäll,
433 1216 32 19 att
481 1215 40 21 den
538 1220 84 21 person,
640 1220 45 15 som
700 1214 71 27 flyttar
786 1214 33 21 till
833 1214 71 28 Lapp-

86 1243 88 21 marken
189 1243 53 21 efter
261 1243 40 21 den
316 1242 58 28 gifna
388 1242 80 28 äldern,
483 1243 74 21 förblir
571 1243 67 21 under
653 1242 145 28 värnepligten
813 1243 40 21 och
868 1249 36 15 an-

85 1278 34 14 ses
141 1271 141 27 värnepligtig
309 1272 7 20 i
332 1272 41 21 den
391 1272 108 25 kommun,
515 1272 91 21 derifrän
622 1272 41 20 han
678 1272 40 20 har
731 1272 78 26 flyttat.
839 1272 65 21 Detta

85 1300 75 25 skulle,
184 1300 68 21 sävidt
271 1300 38 28 jag
323 1300 42 21 kan
379 1299 73 27 förstä,
468 1300 120 25 förutsätta,
604 1302 33 19 att
652 1300 61 21 dessa
728 1306 100 20 personer
843 1300 61 21 äfven

86 1328 53 21 böra
155 1328 116 22 bibehällas
286 1329 6 20 i
308 1329 66 25 nägot
388 1328 57 26 slags
460 1328 130 27 förteckning
605 1328 7 21 i
628 1328 38 22 den
678 1328 107 26 kommun,
794 1328 47 22 frän
851 1328 52 21 hvil-

85 1357 41 21 ken
142 1358 26 20 de
183 1356 63 22 hafva
261 1356 76 28 flyttat,
354 1357 38 21 och
408 1356 68 22 ehuru
488 1357 37 26 jag
540 1357 18 27 ej
574 1356 41 22 kan
631 1357 81 26 afgöra,
728 1356 54 22 huru
797 1356 106 27 praktiskt

84 1386 60 20 detta
164 1385 34 21 mä
220 1391 51 15 vara
295 1398 27 2 —
346 1385 72 21 derom
440 1385 43 21 kan
504 1385 134 27 naturligtvis
656 1385 159 26 presterskapet
832 1385 71 21 bättre

84 1414 64 20 döma
170 1426 27 3 —
220 1413 67 21 skulle
304 1414 35 20 det
354 1413 34 21 väl
403 1414 55 20 ändä
473 1420 51 14 vara
538 1414 36 21 det
589 1415 95 24 rättaste,
700 1415 33 19 att
748 1413 25 21 de
788 1414 68 20 skulle
872 1413 31 21 bi-

85 1440 94 21 behällas
204 1441 6 20 i
234 1440 38 22 den
294 1440 141 26 förteckning,
457 1446 45 15 som
525 1442 6 19 i
554 1440 42 21 alla
615 1441 44 24 fall,
675 1441 55 20 efter
745 1446 48 21 nyss
808 1442 23 19 af
845 1442 58 19 dom-

84 1471 87 24 prosten
194 1468 114 26 Hornborg
330 1469 71 26 gjordt
423 1468 84 27 förslag,
529 1468 54 21 skall
606 1467 114 22 förefinnas
739 1468 59 21 öfver
817 1469 85 25 sädana,

84 1503 46 16 som
146 1497 18 26 ej
180 1498 38 21 äro
237 1497 103 22 definitivt
354 1496 120 27 utflyttade.
503 1497 67 21 Dessa
592 1497 221 26 undantagspersoner
835 1496 68 22 skulle

84 1526 135 27 naturligtvis
235 1526 37 22 der
287 1525 64 22 blifva
367 1525 86 22 stäende
469 1532 24 15 en
509 1525 71 28 längre
595 1525 38 22 tid.
