1073 1806
219 163 55 35 2438
397 172 160 18 Presteståndet
572 172 55 18 1877.
649 173 14 16 4
675 173 113 17 december.

191 240 94 27 modern,
308 247 45 15 som
375 240 40 22 har
436 241 41 21 den
499 241 67 21 första
588 240 97 27 religiösa
705 240 124 28 uppfostran
845 240 123 27 omhänder;
985 241 27 21 då

190 269 96 22 kommer
307 276 27 15 en
353 269 74 21 moder
446 272 32 18 att
493 270 110 26 uppfostra
619 270 36 20 sitt
671 269 50 21 barn
737 270 7 20 i
759 276 25 15 en
800 270 94 27 religion,
909 276 45 15 som
971 270 41 21 hon

190 298 46 21 icke
258 298 48 27 sjelf
327 298 110 22 erkänner.
468 298 63 22 Detta
550 301 24 19 är
593 299 162 26 samvetstväng.
785 298 8 22 I
810 298 62 27 sjette
887 299 125 26 paragrafen

190 326 23 22 af
226 326 36 22 det
276 333 74 15 senare
365 327 234 27 författningsförslaget
613 326 78 22 tillåtes
706 327 117 27 äktenskap
833 327 88 22 emellan
932 328 81 22 kristna

190 355 40 22 och
251 356 46 21 icke
319 356 81 21 kristna
423 358 114 19 tvärtemot
559 356 58 22 Guds
639 356 44 26 ord,
705 362 44 15 som
765 358 69 24 säger:
851 356 78 27 dragen
944 356 69 22 icke
1000 351 17 36 i

190 384 130 22 främmande
342 384 50 22 land
414 385 6 20 i
443 385 42 27 hop
508 384 48 22 med
579 385 26 21 de
628 386 95 25 otrogna,
749 384 39 22 och
809 385 47 21 med
876 386 26 20 73
915 380 9 36 &
946 386 26 20 K.
988 386 23 21 L.

190 413 111 21 Utskottet
323 413 39 21 har
383 413 121 27 visserligen
520 413 56 21 velat
591 413 92 21 förklara
698 414 36 20 det
749 414 28 26 på
791 414 37 20 det
842 416 70 25 sättet,
928 417 32 18 att
974 414 39 22 här

191 448 72 15 menas
286 442 46 21 icke
353 442 211 27 evangeliskkristna;
580 442 76 21 sådant
671 442 54 21 hade
740 442 54 21 dock
809 442 48 21 bort
872 444 97 25 utsättas,
984 442 29 22 all

191 471 40 21 den
247 471 62 21 stund
325 471 26 21 de
366 471 120 26 evangelisk
496 471 109 21 lutherske
620 471 64 21 också
699 472 68 20 måste
782 471 98 22 hänföras
895 472 67 21 under
978 472 34 21 be-

191 500 126 26 nämningen
342 499 87 22 kristna.
458 500 41 21 Vid
522 502 31 19 ett
569 495 77 36 sådant
668 500 117 27 äktenskap
801 500 53 21 skall
870 501 76 21 barnet
961 507 51 20 upp-

189 527 78 22 fostras
281 529 6 20 i
304 528 81 21 kristna
400 528 121 27 religionen.
551 528 31 21 Är
597 534 25 15 en
638 534 48 15 man
701 528 79 21 kristen
796 529 39 20 och
849 529 63 26 gifter
922 529 32 27 sig
964 530 48 21 med

189 563 27 15 en
225 557 71 26 judisk
311 557 82 26 qvinna,
410 557 23 21 så
448 557 53 21 skall
512 557 40 21 den
561 557 85 26 judiska
658 557 91 26 qvinnan
762 557 110 27 uppfostra
885 557 74 22 barnet
969 558 6 21 i
986 565 26 14 en

188 585 52 26 lära,
263 592 45 15 som
331 585 41 22 hon
395 585 48 27 sjelf
462 592 61 14 anser
543 585 86 22 alldeles
645 585 54 22 falsk
714 586 38 21 och
769 585 129 22 villfarande.
928 587 46 20 Här
989 589 24 18 är

189 619 28 16 nu
239 614 90 26 verkligt
350 615 157 25 samvetstvång
529 614 66 21 under
618 614 36 21 det
669 620 47 15 man
733 614 26 27 på
775 615 65 25 några
855 615 66 21 andra
937 615 75 21 ställen

189 642 39 21 har
246 642 79 21 kanske
348 642 102 21 förvexlat
465 643 155 26 samvetstvång
636 643 47 20 med
698 643 167 21 samvetslöshet.
896 643 45 22 Och
956 645 56 20 ännu

189 671 71 21 vidare
275 671 6 21 i
297 671 32 21 sin
345 671 71 21 ömhet
431 671 32 21 för
479 671 39 21 den
533 671 137 21 individuella
680 671 90 21 friheten
782 671 38 21 har
830 671 100 27 förslaget
940 672 72 27 glömt,

189 701 32 19 att
244 700 63 21 också
329 699 81 28 kyrkan
433 699 64 22 borde
520 699 62 22 hafva
604 700 69 26 någon
696 699 69 26 frihet,
788 703 31 18 att
839 701 64 20 också
919 701 39 21 den
975 701 37 21 har

189 729 66 26 några
272 728 97 27 rättsliga
389 729 98 26 anspråk.
517 729 32 20 En
571 735 76 20 person
666 728 78 22 tillåtes
760 731 32 19 att
807 729 52 20 efter
874 729 56 27 fylda
946 731 24 20 21
988 730 24 21 år

189 757 84 26 öfvergå
296 757 33 21 till
350 759 65 19 annat
437 757 92 27 kyrkligt
551 757 108 26 samfund;
676 757 41 21 han
739 757 54 21 skall
816 757 84 22 anmäla
922 758 32 27 sig
973 758 39 21 hos

188 788 94 24 pastorn,
298 792 45 15 som
359 786 115 21 antecknar
494 786 78 21 honom
587 786 6 20 i
609 785 160 27 församlingens
784 786 117 27 kyrkobok,
917 793 47 15 men
980 787 32 21 till

189 814 48 21 dess
252 815 41 20 han
309 814 75 27 styrkt,
399 816 33 19 att
447 815 41 20 han
504 815 39 20 har
557 815 68 26 ingått
640 815 6 20 i
661 817 65 19 annat
741 815 92 26 kyrkligt
848 815 104 26 samfund,
968 816 44 21 står

188 842 42 22 han
246 849 52 20 qvar
313 843 42 21 der.
386 843 47 21 Han
450 843 40 21 kan
505 842 89 27 således,
610 843 56 21 blott
681 843 41 21 han
738 843 39 21 har
792 844 63 27 betyg
870 847 33 18 att
914 844 41 21 han
966 845 46 21 icke

188 871 104 22 erkänner
314 871 92 28 kyrkans
429 871 44 22 lära
489 872 51 21 eller
555 872 48 21 dess
618 872 89 27 ordning
723 872 39 21 och
777 873 49 20 tukt
841 872 38 22 och
895 873 39 21 sed
948 873 64 22 likväl

188 900 85 22 tillhöra
295 900 156 27 församlingen,
473 901 84 26 åtnjuta
575 901 54 21 vissa
645 901 47 21 dess
707 901 132 26 rättigheter,
856 907 47 16 men
919 902 31 21 får
966 903 46 21 icke

187 929 140 22 underkastas
348 929 83 27 kyrklig
454 929 48 22 tukt
525 929 40 22 och
584 929 95 27 ordning.
709 930 48 21 Han
773 930 41 21 kan
829 930 81 21 kanske
925 931 32 20 till
972 931 40 22 och

187 958 48 22 med
257 958 112 21 underlåta
390 960 33 19 att
444 958 49 27 ingå
515 959 7 20 i
545 959 65 26 något
625 960 64 19 annat
704 959 93 26 kyrkligt
811 959 104 26 samfund,
930 959 42 22 han
988 962 24 19 är

187 993 26 15 en
235 987 132 26 religionslös
389 987 108 21 menniska
514 993 47 15 som
583 987 44 22 står
649 993 52 21 qvar
721 988 7 20 i
751 988 40 21 den
809 987 95 22 luterska
920 988 91 27 kyrkans

187 1015 117 28 kyrkobok.
333 1015 34 24 Ja,
388 1016 67 21 under
477 1016 35 21 det
534 1018 33 19 att
587 1016 105 21 individen
715 1016 32 21 får
768 1017 62 26 skilja
852 1017 31 26 sig
904 1017 47 21 från
971 1018 40 21 den

187 1043 109 23 lutherska
317 1044 86 27 kyrkan,
419 1045 38 20 har
472 1045 82 27 kyrkan
576 1045 62 26 ingen
661 1045 102 26 rättighet
785 1047 31 20 att
835 1046 61 27 skilja
912 1046 52 21 ifrån
980 1047 32 26 sig

186 1079 107 20 personer,
314 1073 71 21 hvilka
400 1079 75 20 genom
491 1074 32 21 sin
538 1073 127 22 bekännelse
681 1074 39 21 och
736 1073 67 22 under
817 1074 49 21 hela
881 1075 37 20 sitt
934 1075 25 20 lif
972 1075 39 22 och

187 1101 32 22 sin
242 1102 75 21 vandel
339 1101 94 22 utskämt
455 1102 36 21 det
507 1102 80 21 kristna
605 1105 86 18 namnet
706 1103 82 20 ändock
804 1103 36 21 det
855 1103 61 21 heter
931 1104 6 21 i
953 1103 58 22 Guds

187 1130 39 21 ord
249 1130 88 27 »,skiljen
361 1131 64 20 också
443 1131 40 20 den
499 1131 54 21 ifrån
569 1131 50 20 eder
634 1137 45 15 som
694 1132 43 20 ond
753 1131 40 21 är*.
822 1132 31 21 På
867 1133 68 25 grund
951 1133 63 21 häraf

186 1158 43 22 kan
249 1159 36 26 jag
307 1159 93 21 hvarken
422 1159 113 26 godkänna
557 1159 40 22 den
620 1160 9 19 1
647 1160 46 25 &:en
711 1159 51 22 eller
778 1160 60 21 dessa
853 1160 60 27 lagar
928 1161 6 20 i
950 1161 61 22 deras

186 1187 78 21 helhet.
294 1187 41 27 Jag
349 1193 62 16 anser
432 1187 47 22 dem
494 1187 105 27 nämligen
615 1188 46 21 icke
675 1195 51 14 vara
741 1188 22 21 af
778 1189 98 21 behofvet
891 1189 119 27 påkallade,

186 1215 47 22 icke
254 1215 113 27 uppburna
389 1216 22 21 af
431 1217 36 20 det
489 1216 107 21 allmänna
611 1217 153 26 medvetandet,
777 1217 37 26 jag
829 1224 62 15 anser
906 1221 32 18 att
954 1218 56 21 tiden

186 1244 33 21 för
241 1244 46 21 dem
310 1247 55 18 ännu
388 1245 46 20 icke
452 1247 23 19 är
496 1245 55 21 inne.
582 1245 51 21 Vårt
653 1245 45 21 folk
717 1247 24 19 är
755 1246 47 21 icke
817 1249 77 24 moget,
911 1246 38 21 har
964 1247 46 21 icke

187 1273 40 21 den
249 1273 84 26 andliga
355 1273 122 27 myndighet
498 1274 75 26 stadga
596 1273 39 22 och
658 1273 82 27 kristlig
759 1275 64 25 insigt
841 1278 32 18 att
889 1275 36 21 det
940 1275 70 22 kunde

186 1303 107 25 emottaga
308 1302 79 21 sådana
402 1302 59 26 lagar
475 1304 51 19 utan
545 1304 32 19 att
592 1304 51 25 göra
659 1303 46 20 dem
721 1303 32 26 sig
767 1302 48 27 sjelf
829 1303 31 21 till
876 1304 72 21 skada.
978 1305 32 21 De

185 1330 61 21 skola
267 1329 22 22 af
303 1331 40 20 den
359 1333 58 19 stora
433 1337 83 15 massan
532 1331 5 20 i
554 1331 61 21 bästa
630 1331 36 21 fall
682 1331 109 21 betraktas
806 1332 48 21 med
871 1333 138 21 misstroende

185 1363 47 15 men
255 1357 22 21 af
297 1358 47 21 icke
367 1359 23 20 så
408 1358 20 21 få
443 1358 104 21 individer
561 1358 69 21 helsas
646 1359 69 20 såsom
731 1359 112 21 välkomna
858 1359 91 21 befriare
964 1360 46 21 från

185 1385 49 21 tukt
249 1385 38 21 och
304 1386 63 26 tvång
383 1385 38 22 och
437 1386 95 26 ordning,
548 1387 69 20 såsom
636 1389 31 18 ett
681 1387 131 26 privilegium
827 1388 28 25 på
871 1390 32 18 att
918 1387 21 22 få
954 1390 56 19 ännu

185 1413 55 22 lefva
255 1413 97 26 tuktlöst,
367 1414 140 21 samvetslöst.
538 1414 43 21 Det
596 1415 67 26 tredje
679 1414 22 22 af
714 1415 61 21 dessa
789 1415 38 22 här
837 1415 173 23 förekommande

185 1442 114 27 lagförslag
314 1442 67 22 skulle
394 1442 37 27 jag
446 1443 121 26 visserligen
582 1442 47 22 icke
644 1443 61 22 hafva
720 1444 115 27 någonting
850 1447 57 19 emot
922 1445 88 23 såframt

185 1471 37 22 det
242 1471 46 22 icke
311 1471 67 22 skulle
400 1477 62 21 synas
480 1471 42 27 mig
536 1472 70 21 såsom
621 1472 47 21 icke
683 1472 82 21 kristna
780 1473 51 21 eller
843 1473 65 26 judar
922 1474 65 21 redan
1002 1475 6 20 i

186 1501 10 20 1
214 1501 47 25 S:en
276 1499 108 28 förbjudas
400 1499 51 22 eller
469 1499 119 22 förhindras
603 1500 46 21 från
665 1503 32 19 att
711 1501 72 21 kunna
798 1501 108 22 inkomma
921 1503 31 21 till
968 1503 41 22 den

184 1528 81 22 kristna
280 1528 155 27 församlingen,
454 1531 51 19 enär
523 1529 36 22 det
574 1529 60 22 heter
649 1532 32 19 att
695 1529 63 28 ,hvar
773 1536 44 15 som
833 1537 75 20 genom
922 1531 41 28 dop
974 1532 35 21 be-

184 1557 82 22 fordrat
289 1564 25 15 en
335 1564 78 20 person
435 1564 45 15 som
503 1558 46 21 icke
571 1560 56 19 ännu
649 1558 47 27 fyllt
718 1559 26 21 21
765 1559 24 21 år
804 1559 32 21 till
851 1561 158 26 upptagande
997 1553 15 38 i
