1078 1803
294 164 160 18 Presteståndet
467 165 53 17 1877.
545 166 26 16 20
584 166 112 16 december.
824 160 54 21 3043

86 231 46 21 icke
151 232 57 20 afser
229 234 32 19 att
280 232 33 20 för
329 232 54 26 dem,
398 232 72 21 hvilka
486 233 48 27 vilja
549 239 53 20 egna
617 233 101 21 sabbaten
734 234 24 20 åt
772 234 86 23 andakt,
874 233 31 21 af-

86 260 73 26 lägsna
174 260 38 21 allt
227 260 116 21 hindrande
359 261 39 21 och
414 262 106 23 störande,
536 263 54 19 samt
605 264 38 21 att,
658 262 65 20 sedan
738 262 79 26 förslag
832 261 32 21 till
879 268 27 15 en

86 288 65 21 sådan
173 288 33 26 lag
225 288 68 22 blifvit
307 289 110 27 uppgjord,
434 289 116 22 detsamma
566 290 140 21 underställes
721 290 83 21 landets
819 290 86 21 ständer

85 316 32 21 till
132 316 135 27 granskning.

153 380 88 21 Prosten
257 380 162 27 Grönberg:
447 381 41 26 Jag
504 381 37 21 ber
556 381 55 21 blott
623 383 32 18 att
668 381 20 20 få
699 381 89 25 anmäla,
799 382 31 19 att
841 380 61 22 äfven

83 409 36 26 jag
133 409 6 20 i
155 409 105 20 utskottet
281 409 38 20 har
335 409 80 21 biträdt
429 409 141 26 petitionären
586 409 39 21 och
640 415 28 15 nu
683 409 94 21 biträder
792 415 111 15 reservan-

84 439 59 19 terne
166 437 106 21 äfvensom
293 439 85 24 prosten
400 437 65 32 Hjelt,
488 444 47 14 men
556 437 101 26 anhåller,
674 439 36 22 att,
726 437 89 22 såframt
834 437 70 21 denna

84 465 89 27 petition
192 465 46 22 icke
258 472 68 15 vunne
342 465 96 22 afseende
454 466 7 20 i
477 466 25 21 de
518 466 66 21 andra
599 466 95 26 stånden,
707 462 130 25 åtminstone
853 466 52 26 hög-

83 494 88 27 vördiga
186 495 156 26 presteståndet
357 494 48 21 ville
420 494 86 27 tillegna
521 495 31 26 sig
568 483 126 32 densamma
702 494 70 41 såsom
787 494 39 21 sin.

151 563 90 21 Prosten
264 563 78 21 Roos
362 562 99 22 förenade
482 563 31 27 sig
528 563 47 21 med
591 564 158 20 reservanterne
765 562 39 22 och
819 564 86 24 prosten

84 590 66 28 Hjelt.

153 654 83 21 Doktor
251 653 122 22 Geitlin:
404 650 66 25 Äfven
484 654 35 27 jag
534 654 67 22 skulle
611 654 67 21 önska
690 654 113 26 godkänna
814 654 24 21 de
850 654 53 26 äsig-

84 684 39 22 ter,
144 683 140 26 petitionären
306 682 122 26 framhällit,
450 683 38 21 och
511 683 84 21 förenar
615 683 42 26 mig
679 683 72 21 derför
770 683 47 21 med
837 688 66 16 reser-

83 713 107 19 vanterne.

151 773 152 27 Kyrkoherden
330 774 202 21 Fredriksson:
567 774 40 27 Jag
631 774 68 21 skulle
721 773 85 22 anhälla
828 775 32 19 att
882 773 21 22 fä

83 802 129 21 understöda
227 805 85 23 prosten
328 802 109 27 Grönberg
453 803 5 20 i
475 803 52 21 hans
542 803 93 26 yrkande
651 802 71 27 derpä,
734 804 38 23 att,
787 803 3 20 i
802 802 100 21 händelse

83 831 116 26 petitionen
221 831 68 21 skulle
307 831 7 21 i
334 831 25 21 de
383 831 67 26 öfriga
469 832 88 21 ständen
577 831 89 26 förfalla,
684 831 58 21 detta
758 831 61 20 ständ
835 831 68 20 skulle

83 861 93 25 upptaga
191 859 39 22 den
246 860 69 21 säsom
331 860 32 21 sin
378 866 59 20 egen.

151 923 140 26 Domprosten
308 923 133 22 Renvall:
472 922 66 22 Afven
551 923 37 27 jag
603 923 32 21 får
647 922 167 27 tillkännagifva,
825 923 32 20 att
865 922 38 27 jag

83 951 22 20 af
125 951 73 21 arbete
215 951 6 21 i
241 953 65 19 annat
329 951 82 22 utskott
430 951 40 21 har
485 952 55 21 varit
555 951 122 22 förhindrad
694 953 32 19 att
742 951 108 21 öfvervara
865 951 38 21 be-

83 979 127 27 handlingen
231 980 23 21 af
275 980 58 21 detta
354 981 77 20 ärende
450 980 6 21 i
476 980 145 27 lagutskottet.
652 980 40 27 Jag
712 980 84 21 förenar
811 979 42 27 mig
869 985 34 15 om

84 1008 25 21 de
125 1008 83 27 äsigter,
225 1015 44 15 som
285 1010 158 20 reservanterne
459 1009 63 21 hafva
537 1008 83 21 uttalat.

151 1071 142 27 Domprosten
315 1072 75 26 Borg
413 1071 38 21 och
474 1073 86 24 prosten
582 1071 144 27 Bergroth
749 1071 100 21 förenade
871 1070 32 27 sig

83 1100 101 21 likaledes
200 1107 32 14 om
248 1102 170 19 reservanternes
433 1100 55 27 äsigt
503 1100 107 21 äfvensom
626 1106 33 15 om
673 1100 35 21 det
724 1100 80 26 tillägg,
817 1100 86 26 prosten

83 1128 111 27 Grönberg
208 1129 115 26 föreslagit.

150 1191 62 22 Efter
232 1191 88 21 härmed
342 1191 92 21 afslutad
455 1191 119 21 diskussion
595 1191 69 21 beslöt
680 1191 92 26 ständet,
792 1191 27 26 pä
838 1190 64 21 fram-

82 1219 99 27 ställning
200 1219 22 22 af
239 1219 50 22 herr
304 1220 176 25 talmannen,
496 1219 102 27 enhälligt
613 1221 37 24 att,
666 1219 48 22 med
729 1219 136 21 förkastande
880 1219 23 21 af

82 1248 158 27 ifrägavarande
260 1249 139 26 betänkande,
416 1249 6 20 i
437 1248 119 21 hufvudsak
574 1248 90 21 omfatta
682 1249 41 20 den
738 1247 33 22 till
787 1247 116 22 betänkan-

83 1277 36 20 det
143 1277 75 26 fogade
245 1277 156 21 reservationen
423 1277 107 20 äfvensom
557 1278 37 24 att,
616 1277 44 20 ifall
681 1277 25 20 de
727 1276 67 27 öfriga
814 1276 89 21 ständen

82 1305 45 20 icke
143 1305 98 21 förenade
257 1305 31 26 sig
303 1311 34 15 om
353 1305 59 21 detta
427 1305 75 25 beslut,
518 1305 46 20 frän
580 1304 94 21 ständets
689 1305 46 21 sida
746 1305 63 20 afiäta
820 1304 81 21 enskild

82 1333 88 27 petition
186 1334 7 20 i
208 1333 35 22 det
258 1334 59 27 syfte,
333 1340 46 15 som
393 1333 126 21 förberörda
533 1333 178 27 petitionsförslag
726 1333 124 21 innehäller.

152 1401 44 22 Och
217 1401 68 22 skulle
302 1402 155 21 underrättelse
472 1402 74 21 härom
562 1402 7 21 i
584 1401 68 27 vanlig
667 1403 39 24 väg
722 1401 107 21 meddelas
844 1401 58 21 säväl

83 1430 119 26 respektiva
217 1430 138 20 medständen
371 1436 44 14 som
431 1430 146 26 lagutskottet.
