<?xml version="1.0" encoding="UTF-8"?>
<alto xmlns="http://www.loc.gov/standards/alto/ns-v3#" xmlns:xlink="http://www.w3.org/1999/xlink" xmlns:xsi="http://www.w3.org/2001/XMLSchema-instance" xsi:schemaLocation="http://www.loc.gov/standards/alto/ns-v3# http://www.loc.gov/alto/v3/alto-3-0.xsd">
	<Description>
		<MeasurementUnit>pixel</MeasurementUnit>
		<sourceImageInformation>
			<fileName>/tmp/tess_6sdm8dmp_input.PNG</fileName>
		</sourceImageInformation>
		<OCRProcessing ID="OCR_0">
			<ocrProcessingStep>
				<processingSoftware>
					<softwareName>tesseract 5.3.4</softwareName>
				</processingSoftware>
			</ocrProcessingStep>
		</OCRProcessing>
	</Description>
	<Layout>
		<Page WIDTH="1073" HEIGHT="1809" PHYSICAL_IMG_NR="0" ID="page_0">
			<PrintSpace HPOS="0" VPOS="0" WIDTH="1073" HEIGHT="1809">
				<ComposedBlock ID="cblock_0" HPOS="295" VPOS="152" WIDTH="578" HEIGHT="22">
					<TextBlock ID="block_0" HPOS="295" VPOS="152" WIDTH="578" HEIGHT="22">
						<TextLine ID="line_0" HPOS="295" VPOS="152" WIDTH="578" HEIGHT="22">
							<String ID="string_0" HPOS="295" VPOS="155" WIDTH="159" HEIGHT="19" WC="0.92" CONTENT="Presteståndet"/><SP WIDTH="13" VPOS="155" HPOS="454"/>
							<String ID="string_1" HPOS="467" VPOS="157" WIDTH="52" HEIGHT="17" WC="0.96" CONTENT="1877."/><SP WIDTH="26" VPOS="157" HPOS="519"/>
							<String ID="string_2" HPOS="545" VPOS="158" WIDTH="23" HEIGHT="16" WC="0.96" CONTENT="14"/><SP WIDTH="12" VPOS="158" HPOS="568"/>
							<String ID="string_3" HPOS="580" VPOS="157" WIDTH="112" HEIGHT="17" WC="0.96" CONTENT="december."/><SP WIDTH="126" VPOS="157" HPOS="692"/>
							<String ID="string_4" HPOS="818" VPOS="152" WIDTH="55" HEIGHT="22" WC="0.96" CONTENT="2835"/>
						</TextLine>
					</TextBlock>
				</ComposedBlock>
				<GraphicalElement ID="cblock_1" HPOS="82" VPOS="183" WIDTH="820" HEIGHT="7"></GraphicalElement >
				<ComposedBlock ID="cblock_2" HPOS="82" VPOS="224" WIDTH="820" HEIGHT="51">
					<TextBlock ID="block_1" HPOS="82" VPOS="224" WIDTH="820" HEIGHT="51">
						<TextLine ID="line_1" HPOS="151" VPOS="224" WIDTH="751" HEIGHT="29">
							<String ID="string_5" HPOS="151" VPOS="224" WIDTH="32" HEIGHT="21" WC="0.96" CONTENT="Då"/><SP WIDTH="15" VPOS="224" HPOS="183"/>
							<String ID="string_6" HPOS="198" VPOS="225" WIDTH="158" HEIGHT="26" WC="0.96" CONTENT="propositionen"/><SP WIDTH="16" VPOS="225" HPOS="356"/>
							<String ID="string_7" HPOS="372" VPOS="226" WIDTH="127" HEIGHT="21" WC="0.96" CONTENT="besvarades"/><SP WIDTH="16" VPOS="226" HPOS="499"/>
							<String ID="string_8" HPOS="515" VPOS="227" WIDTH="46" HEIGHT="21" WC="0.93" CONTENT="med"/><SP WIDTH="17" VPOS="227" HPOS="561"/>
							<String ID="string_9" HPOS="578" VPOS="226" WIDTH="152" HEIGHT="27" WC="0.92" CONTENT="öfvervägande"/><SP WIDTH="16" VPOS="226" HPOS="730"/>
							<String ID="string_10" HPOS="746" VPOS="227" WIDTH="40" HEIGHT="26" WC="0.96" CONTENT="nej,"/><SP WIDTH="16" VPOS="227" HPOS="786"/>
							<String ID="string_11" HPOS="802" VPOS="227" WIDTH="60" HEIGHT="26" WC="0.92" CONTENT="var"/><SP WIDTH="-12" VPOS="227" HPOS="862"/>
							<String ID="string_12" HPOS="850" VPOS="220" WIDTH="16" HEIGHT="37" WC="0.92" CONTENT="$"/><SP WIDTH="10" VPOS="220" HPOS="866"/>
							<String ID="string_13" HPOS="876" VPOS="227" WIDTH="26" HEIGHT="21" WC="0.96" CONTENT="22"/>
						</TextLine>
						<TextLine ID="line_2" HPOS="82" VPOS="252" WIDTH="441" HEIGHT="23">
							<String ID="string_14" HPOS="82" VPOS="252" WIDTH="82" HEIGHT="22" WC="0.93" CONTENT="således"/><SP WIDTH="16" VPOS="252" HPOS="164"/>
							<String ID="string_15" HPOS="180" VPOS="253" WIDTH="170" HEIGHT="22" WC="0.88" CONTENT="återremitterad"/><SP WIDTH="15" VPOS="253" HPOS="350"/>
							<String ID="string_16" HPOS="365" VPOS="253" WIDTH="31" HEIGHT="22" WC="0.96" CONTENT="till"/><SP WIDTH="16" VPOS="253" HPOS="396"/>
							<String ID="string_17" HPOS="412" VPOS="254" WIDTH="111" HEIGHT="21" WC="0.96" CONTENT="utskottet."/>
						</TextLine>
					</TextBlock>
				</ComposedBlock>
				<ComposedBlock ID="cblock_3" HPOS="442" VPOS="327" WIDTH="95" HEIGHT="27">
					<TextBlock ID="block_2" HPOS="442" VPOS="327" WIDTH="95" HEIGHT="27">
						<TextLine ID="line_3" HPOS="442" VPOS="327" WIDTH="95" HEIGHT="27">
							<String ID="string_18" HPOS="442" VPOS="327" WIDTH="53" HEIGHT="27" WC="0.93" CONTENT="Kap."/><SP WIDTH="16" VPOS="327" HPOS="495"/>
							<String ID="string_19" HPOS="511" VPOS="328" WIDTH="26" HEIGHT="21" WC="0.91" CONTENT="V."/>
						</TextLine>
					</TextBlock>
				</ComposedBlock>
				<ComposedBlock ID="cblock_4" HPOS="151" VPOS="379" WIDTH="298" HEIGHT="32">
					<TextBlock ID="block_3" HPOS="151" VPOS="379" WIDTH="298" HEIGHT="32">
						<TextLine ID="line_4" HPOS="151" VPOS="379" WIDTH="298" HEIGHT="32">
							<String ID="string_20" HPOS="151" VPOS="379" WIDTH="155" HEIGHT="26" WC="0.90" CONTENT="Öfverskriften"/><SP WIDTH="15" VPOS="379" HPOS="306"/>
							<String ID="string_21" HPOS="321" VPOS="385" WIDTH="128" HEIGHT="26" WC="0.96" CONTENT="godkändes."/>
						</TextLine>
					</TextBlock>
				</ComposedBlock>
				<ComposedBlock ID="cblock_5" HPOS="478" VPOS="465" WIDTH="25" HEIGHT="21">
					<TextBlock ID="block_4" HPOS="478" VPOS="465" WIDTH="25" HEIGHT="21">
						<TextLine ID="line_5" HPOS="478" VPOS="465" WIDTH="25" HEIGHT="21">
							<String ID="string_22" HPOS="478" VPOS="465" WIDTH="25" HEIGHT="21" WC="0.96" CONTENT="A."/>
						</TextLine>
					</TextBlock>
				</ComposedBlock>
				<ComposedBlock ID="cblock_6" HPOS="79" VPOS="521" WIDTH="822" HEIGHT="231">
					<TextBlock ID="block_5" HPOS="79" VPOS="521" WIDTH="822" HEIGHT="231">
						<TextLine ID="line_6" HPOS="148" VPOS="521" WIDTH="751" HEIGHT="30">
							<String ID="string_23" HPOS="148" VPOS="521" WIDTH="81" HEIGHT="22" WC="0.96" CONTENT="Rektor"/><SP WIDTH="15" VPOS="521" HPOS="229"/>
							<String ID="string_24" HPOS="244" VPOS="522" WIDTH="135" HEIGHT="21" WC="0.95" CONTENT="Kihlman:"/><SP WIDTH="30" VPOS="522" HPOS="379"/>
							<String ID="string_25" HPOS="409" VPOS="523" WIDTH="46" HEIGHT="21" WC="0.93" CONTENT="Här"/><SP WIDTH="16" VPOS="523" HPOS="455"/>
							<String ID="string_26" HPOS="471" VPOS="523" WIDTH="53" HEIGHT="22" WC="0.93" CONTENT="talas"/><SP WIDTH="16" VPOS="523" HPOS="524"/>
							<String ID="string_27" HPOS="540" VPOS="523" WIDTH="74" HEIGHT="21" WC="0.96" CONTENT="endast"/><SP WIDTH="16" VPOS="523" HPOS="614"/>
							<String ID="string_28" HPOS="630" VPOS="529" WIDTH="32" HEIGHT="15" WC="0.93" CONTENT="om"/><SP WIDTH="17" VPOS="529" HPOS="662"/>
							<String ID="string_29" HPOS="679" VPOS="522" WIDTH="122" HEIGHT="29" WC="0.91" CONTENT="kroppsliga"/><SP WIDTH="15" VPOS="522" HPOS="801"/>
							<String ID="string_30" HPOS="816" VPOS="522" WIDTH="83" HEIGHT="22" WC="0.92" CONTENT="brister."/>
						</TextLine>
						<TextLine ID="line_7" HPOS="80" VPOS="549" WIDTH="821" HEIGHT="29">
							<String ID="string_31" HPOS="80" VPOS="549" WIDTH="40" HEIGHT="28" WC="0.92" CONTENT="Jag"/><SP WIDTH="16" VPOS="549" HPOS="120"/>
							<String ID="string_32" HPOS="136" VPOS="553" WIDTH="51" HEIGHT="23" WC="0.89" CONTENT="tror,"/><SP WIDTH="17" VPOS="553" HPOS="187"/>
							<String ID="string_33" HPOS="204" VPOS="553" WIDTH="31" HEIGHT="19" WC="0.96" CONTENT="att"/><SP WIDTH="16" VPOS="553" HPOS="235"/>
							<String ID="string_34" HPOS="251" VPOS="551" WIDTH="35" HEIGHT="20" WC="0.96" CONTENT="det"/><SP WIDTH="14" VPOS="551" HPOS="286"/>
							<String ID="string_35" HPOS="300" VPOS="551" WIDTH="42" HEIGHT="21" WC="0.97" CONTENT="kan"/><SP WIDTH="16" VPOS="551" HPOS="342"/>
							<String ID="string_36" HPOS="358" VPOS="551" WIDTH="66" HEIGHT="22" WC="0.93" CONTENT="finnas"/><SP WIDTH="16" VPOS="551" HPOS="424"/>
							<String ID="string_37" HPOS="440" VPOS="552" WIDTH="60" HEIGHT="21" WC="0.93" CONTENT="äfven"/><SP WIDTH="15" VPOS="552" HPOS="500"/>
							<String ID="string_38" HPOS="515" VPOS="553" WIDTH="67" HEIGHT="20" WC="0.93" CONTENT="andra"/><SP WIDTH="21" VPOS="553" HPOS="582"/>
							<String ID="string_39" HPOS="603" VPOS="552" WIDTH="84" HEIGHT="25" WC="0.91" CONTENT="brister,"/><SP WIDTH="15" VPOS="552" HPOS="687"/>
							<String ID="string_40" HPOS="702" VPOS="558" WIDTH="45" HEIGHT="15" WC="0.96" CONTENT="som"/><SP WIDTH="16" VPOS="558" HPOS="747"/>
							<String ID="string_41" HPOS="763" VPOS="552" WIDTH="71" HEIGHT="21" WC="0.95" CONTENT="kunna"/><SP WIDTH="14" VPOS="552" HPOS="834"/>
							<String ID="string_42" HPOS="848" VPOS="553" WIDTH="53" HEIGHT="25" WC="0.96" CONTENT="göra"/>
						</TextLine>
						<TextLine ID="line_8" HPOS="80" VPOS="579" WIDTH="821" HEIGHT="29">
							<String ID="string_43" HPOS="80" VPOS="579" WIDTH="36" HEIGHT="21" WC="0.94" CONTENT="det"/><SP WIDTH="22" VPOS="579" HPOS="116"/>
							<String ID="string_44" HPOS="138" VPOS="579" WIDTH="95" HEIGHT="26" WC="0.92" CONTENT="omöjligt"/><SP WIDTH="23" VPOS="579" HPOS="233"/>
							<String ID="string_45" HPOS="256" VPOS="583" WIDTH="31" HEIGHT="18" WC="0.96" CONTENT="att"/><SP WIDTH="21" VPOS="583" HPOS="287"/>
							<String ID="string_46" HPOS="308" VPOS="580" WIDTH="106" HEIGHT="21" WC="0.92" CONTENT="användas"/><SP WIDTH="23" VPOS="580" HPOS="414"/>
							<String ID="string_47" HPOS="437" VPOS="581" WIDTH="31" HEIGHT="20" WC="0.46" CONTENT="tll"/><SP WIDTH="23" VPOS="581" HPOS="468"/>
							<String ID="string_48" HPOS="491" VPOS="581" WIDTH="128" HEIGHT="27" WC="0.88" CONTENT="krigstjenst,"/><SP WIDTH="23" VPOS="581" HPOS="619"/>
							<String ID="string_49" HPOS="642" VPOS="581" WIDTH="18" HEIGHT="20" WC="0.93" CONTENT="d."/><SP WIDTH="16" VPOS="581" HPOS="660"/>
							<String ID="string_50" HPOS="676" VPOS="587" WIDTH="18" HEIGHT="14" WC="0.96" CONTENT="v."/><SP WIDTH="17" VPOS="587" HPOS="694"/>
							<String ID="string_51" HPOS="711" VPOS="587" WIDTH="16" HEIGHT="15" WC="0.96" CONTENT="s."/><SP WIDTH="17" VPOS="587" HPOS="727"/>
							<String ID="string_52" HPOS="744" VPOS="587" WIDTH="33" HEIGHT="15" WC="0.92" CONTENT="om"/><SP WIDTH="16" VPOS="587" HPOS="777"/>
							<String ID="string_53" HPOS="793" VPOS="580" WIDTH="68" HEIGHT="26" WC="0.96" CONTENT="någon"/><SP WIDTH="16" VPOS="580" HPOS="861"/>
							<String ID="string_54" HPOS="877" VPOS="582" WIDTH="24" HEIGHT="19" WC="0.96" CONTENT="är"/>
						</TextLine>
						<TextLine ID="line_9" HPOS="79" VPOS="607" WIDTH="821" HEIGHT="28">
							<String ID="string_55" HPOS="79" VPOS="607" WIDTH="60" HEIGHT="26" WC="0.96" CONTENT="idiot,"/><SP WIDTH="15" VPOS="607" HPOS="139"/>
							<String ID="string_56" HPOS="154" VPOS="610" WIDTH="24" HEIGHT="19" WC="0.93" CONTENT="är"/><SP WIDTH="16" VPOS="610" HPOS="178"/>
							<String ID="string_57" HPOS="194" VPOS="608" WIDTH="72" HEIGHT="21" WC="0.92" CONTENT="alltför"/><SP WIDTH="16" VPOS="608" HPOS="266"/>
							<String ID="string_58" HPOS="282" VPOS="609" WIDTH="48" HEIGHT="21" WC="0.92" CONTENT="dum"/><SP WIDTH="16" VPOS="609" HPOS="330"/>
							<String ID="string_59" HPOS="346" VPOS="609" WIDTH="33" HEIGHT="20" WC="0.96" CONTENT="för"/><SP WIDTH="16" VPOS="609" HPOS="379"/>
							<String ID="string_60" HPOS="395" VPOS="611" WIDTH="32" HEIGHT="19" WC="0.96" CONTENT="att"/><SP WIDTH="15" VPOS="611" HPOS="427"/>
							<String ID="string_61" HPOS="442" VPOS="611" WIDTH="106" HEIGHT="20" WC="0.95" CONTENT="användas"/><SP WIDTH="16" VPOS="611" HPOS="548"/>
							<String ID="string_62" HPOS="564" VPOS="609" WIDTH="32" HEIGHT="21" WC="0.96" CONTENT="till"/><SP WIDTH="15" VPOS="609" HPOS="596"/>
							<String ID="string_63" HPOS="611" VPOS="609" WIDTH="53" HEIGHT="26" WC="0.96" CONTENT="krig."/><SP WIDTH="31" VPOS="609" HPOS="664"/>
							<String ID="string_64" HPOS="695" VPOS="609" WIDTH="41" HEIGHT="22" WC="0.96" CONTENT="Det"/><SP WIDTH="13" VPOS="609" HPOS="736"/>
							<String ID="string_65" HPOS="749" VPOS="611" WIDTH="25" HEIGHT="19" WC="0.96" CONTENT="är"/><SP WIDTH="10" VPOS="611" HPOS="774"/>
							<String ID="string_66" HPOS="784" VPOS="609" WIDTH="51" HEIGHT="21" WC="0.96" CONTENT="visst"/><SP WIDTH="11" VPOS="609" HPOS="835"/>
							<String ID="string_67" HPOS="846" VPOS="611" WIDTH="54" HEIGHT="23" WC="0.96" CONTENT="sant,"/>
						</TextLine>
						<TextLine ID="line_10" HPOS="80" VPOS="636" WIDTH="820" HEIGHT="29">
							<String ID="string_68" HPOS="80" VPOS="637" WIDTH="32" HEIGHT="20" WC="0.92" CONTENT="att"/><SP WIDTH="16" VPOS="637" HPOS="112"/>
							<String ID="string_69" HPOS="128" VPOS="636" WIDTH="59" HEIGHT="22" WC="0.92" CONTENT="äfven"/><SP WIDTH="17" VPOS="636" HPOS="187"/>
							<String ID="string_70" HPOS="204" VPOS="643" WIDTH="24" HEIGHT="15" WC="0.96" CONTENT="en"/><SP WIDTH="18" VPOS="643" HPOS="228"/>
							<String ID="string_71" HPOS="246" VPOS="637" WIDTH="52" HEIGHT="22" WC="0.96" CONTENT="Sven"/><SP WIDTH="17" VPOS="637" HPOS="298"/>
							<String ID="string_72" HPOS="315" VPOS="637" WIDTH="69" HEIGHT="22" WC="0.96" CONTENT="Dufva"/><SP WIDTH="15" VPOS="637" HPOS="384"/>
							<String ID="string_73" HPOS="399" VPOS="638" WIDTH="42" HEIGHT="21" WC="0.93" CONTENT="kan"/><SP WIDTH="16" VPOS="638" HPOS="441"/>
							<String ID="string_74" HPOS="457" VPOS="638" WIDTH="63" HEIGHT="21" WC="0.92" CONTENT="vinna"/><SP WIDTH="20" VPOS="638" HPOS="520"/>
							<String ID="string_75" HPOS="540" VPOS="638" WIDTH="131" HEIGHT="27" WC="0.92" CONTENT="ryktbarhet,"/><SP WIDTH="17" VPOS="638" HPOS="671"/>
							<String ID="string_76" HPOS="688" VPOS="644" WIDTH="46" HEIGHT="15" WC="0.96" CONTENT="men"/><SP WIDTH="17" VPOS="644" HPOS="734"/>
							<String ID="string_77" HPOS="751" VPOS="644" WIDTH="33" HEIGHT="15" WC="0.96" CONTENT="om"/><SP WIDTH="16" VPOS="644" HPOS="784"/>
							<String ID="string_78" HPOS="800" VPOS="638" WIDTH="42" HEIGHT="21" WC="0.93" CONTENT="alla"/><SP WIDTH="15" VPOS="638" HPOS="842"/>
							<String ID="string_79" HPOS="857" VPOS="637" WIDTH="43" HEIGHT="22" WC="0.93" CONTENT="sol-"/>
						</TextLine>
						<TextLine ID="line_11" HPOS="80" VPOS="665" WIDTH="820" HEIGHT="26">
							<String ID="string_80" HPOS="80" VPOS="665" WIDTH="61" HEIGHT="21" WC="0.92" CONTENT="dater"/><SP WIDTH="21" VPOS="665" HPOS="141"/>
							<String ID="string_81" HPOS="162" VPOS="665" WIDTH="68" HEIGHT="22" WC="0.96" CONTENT="skulle"/><SP WIDTH="24" VPOS="665" HPOS="230"/>
							<String ID="string_82" HPOS="254" VPOS="672" WIDTH="50" HEIGHT="15" WC="0.96" CONTENT="vara"/><SP WIDTH="21" VPOS="672" HPOS="304"/>
							<String ID="string_83" HPOS="325" VPOS="667" WIDTH="53" HEIGHT="20" WC="0.92" CONTENT="hans"/><SP WIDTH="22" VPOS="667" HPOS="378"/>
							<String ID="string_84" HPOS="400" VPOS="667" WIDTH="126" HEIGHT="24" WC="0.92" CONTENT="vederlikar,"/><SP WIDTH="16" VPOS="667" HPOS="526"/>
							<String ID="string_85" HPOS="542" VPOS="668" WIDTH="23" HEIGHT="20" WC="0.93" CONTENT="sä"/><SP WIDTH="15" VPOS="668" HPOS="565"/>
							<String ID="string_86" HPOS="580" VPOS="673" WIDTH="49" HEIGHT="15" WC="0.92" CONTENT="vore"/><SP WIDTH="17" VPOS="673" HPOS="629"/>
							<String ID="string_87" HPOS="646" VPOS="667" WIDTH="35" HEIGHT="21" WC="0.96" CONTENT="det"/><SP WIDTH="15" VPOS="667" HPOS="681"/>
							<String ID="string_88" HPOS="696" VPOS="667" WIDTH="32" HEIGHT="21" WC="0.93" CONTENT="väl"/><SP WIDTH="16" VPOS="667" HPOS="728"/>
							<String ID="string_89" HPOS="744" VPOS="667" WIDTH="47" HEIGHT="21" WC="0.92" CONTENT="icke"/><SP WIDTH="16" VPOS="667" HPOS="791"/>
							<String ID="string_90" HPOS="807" VPOS="668" WIDTH="43" HEIGHT="20" WC="0.96" CONTENT="rätt"/><SP WIDTH="15" VPOS="668" HPOS="850"/>
							<String ID="string_91" HPOS="865" VPOS="667" WIDTH="35" HEIGHT="21" WC="0.96" CONTENT="väl"/>
						</TextLine>
						<TextLine ID="line_12" HPOS="79" VPOS="694" WIDTH="821" HEIGHT="28">
							<String ID="string_92" HPOS="79" VPOS="694" WIDTH="71" HEIGHT="21" WC="0.92" CONTENT="stäldt."/><SP WIDTH="30" VPOS="694" HPOS="150"/>
							<String ID="string_93" HPOS="180" VPOS="694" WIDTH="40" HEIGHT="27" WC="0.96" CONTENT="Jag"/><SP WIDTH="16" VPOS="694" HPOS="220"/>
							<String ID="string_94" HPOS="236" VPOS="695" WIDTH="67" HEIGHT="21" WC="0.93" CONTENT="skulle"/><SP WIDTH="16" VPOS="695" HPOS="303"/>
							<String ID="string_95" HPOS="319" VPOS="695" WIDTH="72" HEIGHT="21" WC="0.92" CONTENT="derför"/><SP WIDTH="22" VPOS="695" HPOS="391"/>
							<String ID="string_96" HPOS="413" VPOS="695" WIDTH="83" HEIGHT="26" WC="0.92" CONTENT="föreslä,"/><SP WIDTH="16" VPOS="695" HPOS="496"/>
							<String ID="string_97" HPOS="512" VPOS="698" WIDTH="32" HEIGHT="19" WC="0.93" CONTENT="att"/><SP WIDTH="16" VPOS="698" HPOS="544"/>
							<String ID="string_98" HPOS="560" VPOS="695" WIDTH="145" HEIGHT="22" WC="0.91" CONTENT="öfverskriften"/><SP WIDTH="17" VPOS="695" HPOS="705"/>
							<String ID="string_99" HPOS="722" VPOS="696" WIDTH="67" HEIGHT="21" WC="0.93" CONTENT="skulle"/><SP WIDTH="15" VPOS="696" HPOS="789"/>
							<String ID="string_100" HPOS="804" VPOS="695" WIDTH="96" HEIGHT="27" WC="0.92" CONTENT="godkän-"/>
						</TextLine>
						<TextLine ID="line_13" HPOS="79" VPOS="723" WIDTH="519" HEIGHT="29">
							<String ID="string_101" HPOS="79" VPOS="729" WIDTH="43" HEIGHT="20" WC="0.95" CONTENT="nas,"/><SP WIDTH="17" VPOS="729" HPOS="122"/>
							<String ID="string_102" HPOS="139" VPOS="723" WIDTH="64" HEIGHT="21" WC="0.96" CONTENT="sedan"/><SP WIDTH="16" VPOS="723" HPOS="203"/>
							<String ID="string_103" HPOS="219" VPOS="724" WIDTH="20" HEIGHT="21" WC="0.93" CONTENT="vi"/><SP WIDTH="15" VPOS="724" HPOS="239"/>
							<String ID="string_104" HPOS="254" VPOS="723" WIDTH="63" HEIGHT="22" WC="0.95" CONTENT="hafva"/><SP WIDTH="15" VPOS="723" HPOS="317"/>
							<String ID="string_105" HPOS="332" VPOS="724" WIDTH="121" HEIGHT="27" WC="0.96" CONTENT="genomgått"/><SP WIDTH="16" VPOS="724" HPOS="453"/>
							<String ID="string_106" HPOS="469" VPOS="725" WIDTH="24" HEIGHT="27" WC="0.93" CONTENT="$$"/><SP WIDTH="16" VPOS="725" HPOS="493"/>
							<String ID="string_107" HPOS="509" VPOS="725" WIDTH="89" HEIGHT="21" WC="0.21" CONTENT="23—26."/>
						</TextLine>
					</TextBlock>
				</ComposedBlock>
				<ComposedBlock ID="cblock_7" HPOS="79" VPOS="786" WIDTH="820" HEIGHT="58">
					<TextBlock ID="block_6" HPOS="79" VPOS="786" WIDTH="820" HEIGHT="58">
						<TextLine ID="line_14" HPOS="148" VPOS="786" WIDTH="751" HEIGHT="29">
							<String ID="string_108" HPOS="148" VPOS="786" WIDTH="29" HEIGHT="21" WC="0.96" CONTENT="På"/><SP WIDTH="21" VPOS="786" HPOS="177"/>
							<String ID="string_109" HPOS="198" VPOS="787" WIDTH="50" HEIGHT="21" WC="0.96" CONTENT="herr"/><SP WIDTH="22" VPOS="787" HPOS="248"/>
							<String ID="string_110" HPOS="270" VPOS="787" WIDTH="165" HEIGHT="22" WC="0.96" CONTENT="talmannens"/><SP WIDTH="16" VPOS="787" HPOS="435"/>
							<String ID="string_111" HPOS="451" VPOS="787" WIDTH="153" HEIGHT="28" WC="0.95" CONTENT="framställning"/><SP WIDTH="22" VPOS="787" HPOS="604"/>
							<String ID="string_112" HPOS="626" VPOS="788" WIDTH="111" HEIGHT="26" WC="0.93" CONTENT="godkände"/><SP WIDTH="16" VPOS="788" HPOS="737"/>
							<String ID="string_113" HPOS="753" VPOS="788" WIDTH="84" HEIGHT="23" WC="0.93" CONTENT="ståndet"/><SP WIDTH="16" VPOS="788" HPOS="837"/>
							<String ID="string_114" HPOS="853" VPOS="787" WIDTH="46" HEIGHT="22" WC="0.93" CONTENT="rek-"/>
						</TextLine>
						<TextLine ID="line_15" HPOS="79" VPOS="815" WIDTH="438" HEIGHT="29">
							<String ID="string_115" HPOS="79" VPOS="816" WIDTH="33" HEIGHT="20" WC="0.93" CONTENT="tor"/><SP WIDTH="16" VPOS="816" HPOS="112"/>
							<String ID="string_116" HPOS="128" VPOS="815" WIDTH="111" HEIGHT="22" WC="0.91" CONTENT="Kihlmans"/><SP WIDTH="16" VPOS="815" HPOS="239"/>
							<String ID="string_117" HPOS="255" VPOS="823" WIDTH="27" HEIGHT="14" WC="0.96" CONTENT="nu"/><SP WIDTH="15" VPOS="823" HPOS="282"/>
							<String ID="string_118" HPOS="297" VPOS="817" WIDTH="75" HEIGHT="27" WC="0.95" CONTENT="gjorda"/><SP WIDTH="15" VPOS="817" HPOS="372"/>
							<String ID="string_119" HPOS="387" VPOS="817" WIDTH="130" HEIGHT="22" WC="0.96" CONTENT="hemställan."/>
						</TextLine>
					</TextBlock>
				</ComposedBlock>
				<ComposedBlock ID="cblock_8" HPOS="459" VPOS="881" WIDTH="58" HEIGHT="25">
					<TextBlock ID="block_7" HPOS="459" VPOS="881" WIDTH="58" HEIGHT="25">
						<TextLine ID="line_16" HPOS="459" VPOS="881" WIDTH="58" HEIGHT="25">
							<String ID="string_120" HPOS="459" VPOS="881" WIDTH="10" HEIGHT="25" WC="0.76" CONTENT="s"/><SP WIDTH="16" VPOS="881" HPOS="469"/>
							<String ID="string_121" HPOS="485" VPOS="881" WIDTH="32" HEIGHT="20" WC="0.92" CONTENT="23."/>
						</TextLine>
					</TextBlock>
				</ComposedBlock>
				<ComposedBlock ID="cblock_9" HPOS="75" VPOS="943" WIDTH="824" HEIGHT="631">
					<TextBlock ID="block_8" HPOS="75" VPOS="943" WIDTH="824" HEIGHT="631">
						<TextLine ID="line_17" HPOS="146" VPOS="943" WIDTH="753" HEIGHT="28">
							<String ID="string_122" HPOS="146" VPOS="943" WIDTH="82" HEIGHT="22" WC="0.96" CONTENT="Rektor"/><SP WIDTH="14" VPOS="943" HPOS="228"/>
							<String ID="string_123" HPOS="242" VPOS="944" WIDTH="136" HEIGHT="21" WC="0.96" CONTENT="Kihlman:"/><SP WIDTH="29" VPOS="944" HPOS="378"/>
							<String ID="string_124" HPOS="407" VPOS="943" WIDTH="28" HEIGHT="22" WC="0.96" CONTENT="Vi"/><SP WIDTH="15" VPOS="943" HPOS="435"/>
							<String ID="string_125" HPOS="450" VPOS="944" WIDTH="62" HEIGHT="21" WC="0.96" CONTENT="hafva"/><SP WIDTH="16" VPOS="944" HPOS="512"/>
							<String ID="string_126" HPOS="528" VPOS="945" WIDTH="88" HEIGHT="20" WC="0.96" CONTENT="kommit"/><SP WIDTH="15" VPOS="945" HPOS="616"/>
							<String ID="string_127" HPOS="631" VPOS="944" WIDTH="32" HEIGHT="21" WC="0.96" CONTENT="till"/><SP WIDTH="11" VPOS="944" HPOS="663"/>
							<String ID="string_128" HPOS="674" VPOS="944" WIDTH="35" HEIGHT="21" WC="0.93" CONTENT="det"/><SP WIDTH="11" VPOS="944" HPOS="709"/>
							<String ID="string_129" HPOS="720" VPOS="943" WIDTH="78" HEIGHT="28" WC="0.91" CONTENT="vigtiga"/><SP WIDTH="11" VPOS="943" HPOS="798"/>
							<String ID="string_130" HPOS="809" VPOS="944" WIDTH="90" HEIGHT="27" WC="0.96" CONTENT="kapitlet"/>
						</TextLine>
						<TextLine ID="line_18" HPOS="78" VPOS="972" WIDTH="820" HEIGHT="27">
							<String ID="string_131" HPOS="78" VPOS="978" WIDTH="33" HEIGHT="15" WC="0.96" CONTENT="om"/><SP WIDTH="24" VPOS="978" HPOS="111"/>
							<String ID="string_132" HPOS="135" VPOS="972" WIDTH="104" HEIGHT="21" WC="0.94" CONTENT="särskilda"/><SP WIDTH="22" VPOS="972" HPOS="239"/>
							<String ID="string_133" HPOS="261" VPOS="972" WIDTH="118" HEIGHT="27" WC="0.96" CONTENT="eftergifter"/><SP WIDTH="15" VPOS="972" HPOS="379"/>
							<String ID="string_134" HPOS="394" VPOS="973" WIDTH="6" HEIGHT="20" WC="0.93" CONTENT="i"/><SP WIDTH="16" VPOS="973" HPOS="400"/>
							<String ID="string_135" HPOS="416" VPOS="973" WIDTH="127" HEIGHT="26" WC="0.92" CONTENT="utgörandet"/><SP WIDTH="20" VPOS="973" HPOS="543"/>
							<String ID="string_136" HPOS="563" VPOS="973" WIDTH="21" HEIGHT="21" WC="0.93" CONTENT="af"/><SP WIDTH="21" VPOS="973" HPOS="584"/>
							<String ID="string_137" HPOS="605" VPOS="972" WIDTH="125" HEIGHT="27" WC="0.92" CONTENT="värnepligt."/><SP WIDTH="30" VPOS="972" HPOS="730"/>
							<String ID="string_138" HPOS="760" VPOS="972" WIDTH="33" HEIGHT="21" WC="0.92" CONTENT="Då"/><SP WIDTH="15" VPOS="972" HPOS="793"/>
							<String ID="string_139" HPOS="808" VPOS="973" WIDTH="60" HEIGHT="26" WC="0.93" CONTENT="vid"/><SP WIDTH="-8" VPOS="973" HPOS="868"/>
							<String ID="string_140" HPOS="860" VPOS="968" WIDTH="12" HEIGHT="36" WC="0.80" CONTENT="&amp;"/><SP WIDTH="13" VPOS="968" HPOS="872"/>
							<String ID="string_141" HPOS="885" VPOS="975" WIDTH="13" HEIGHT="18" WC="0.97" CONTENT="4"/>
						</TextLine>
						<TextLine ID="line_19" HPOS="77" VPOS="1001" WIDTH="821" HEIGHT="27">
							<String ID="string_142" HPOS="77" VPOS="1001" WIDTH="85" HEIGHT="26" WC="0.93" CONTENT="gjordes"/><SP WIDTH="22" VPOS="1001" HPOS="162"/>
							<String ID="string_143" HPOS="184" VPOS="1001" WIDTH="98" HEIGHT="22" WC="0.91" CONTENT="anhällan"/><SP WIDTH="24" VPOS="1001" HPOS="282"/>
							<String ID="string_144" HPOS="306" VPOS="1008" WIDTH="34" HEIGHT="15" WC="0.96" CONTENT="om"/><SP WIDTH="16" VPOS="1008" HPOS="340"/>
							<String ID="string_145" HPOS="356" VPOS="1008" WIDTH="25" HEIGHT="15" WC="0.93" CONTENT="en"/><SP WIDTH="16" VPOS="1008" HPOS="381"/>
							<String ID="string_146" HPOS="397" VPOS="1002" WIDTH="92" HEIGHT="26" WC="0.92" CONTENT="eftergift"/><SP WIDTH="15" VPOS="1002" HPOS="489"/>
							<String ID="string_147" HPOS="504" VPOS="1002" WIDTH="39" HEIGHT="21" WC="0.96" CONTENT="och"/><SP WIDTH="16" VPOS="1002" HPOS="543"/>
							<String ID="string_148" HPOS="559" VPOS="1002" WIDTH="64" HEIGHT="21" WC="0.96" CONTENT="saken"/><SP WIDTH="17" VPOS="1002" HPOS="623"/>
							<String ID="string_149" HPOS="640" VPOS="1001" WIDTH="26" HEIGHT="21" WC="0.93" CONTENT="dä"/><SP WIDTH="16" VPOS="1001" HPOS="666"/>
							<String ID="string_150" HPOS="682" VPOS="1001" WIDTH="76" HEIGHT="26" WC="0.92" CONTENT="förföll,"/><SP WIDTH="15" VPOS="1001" HPOS="758"/>
							<String ID="string_151" HPOS="773" VPOS="1001" WIDTH="125" HEIGHT="22" WC="0.93" CONTENT="hänvisades"/>
						</TextLine>
						<TextLine ID="line_20" HPOS="77" VPOS="1029" WIDTH="821" HEIGHT="28">
							<String ID="string_152" HPOS="77" VPOS="1029" WIDTH="159" HEIGHT="22" WC="0.96" CONTENT="vederbörande"/><SP WIDTH="15" VPOS="1029" HPOS="236"/>
							<String ID="string_153" HPOS="251" VPOS="1033" WIDTH="32" HEIGHT="18" WC="0.93" CONTENT="att"/><SP WIDTH="15" VPOS="1033" HPOS="283"/>
							<String ID="string_154" HPOS="298" VPOS="1031" WIDTH="21" HEIGHT="21" WC="0.93" CONTENT="fä"/><SP WIDTH="16" VPOS="1031" HPOS="319"/>
							<String ID="string_155" HPOS="335" VPOS="1030" WIDTH="72" HEIGHT="27" WC="0.92" CONTENT="frägan"/><SP WIDTH="16" VPOS="1030" HPOS="407"/>
							<String ID="string_156" HPOS="423" VPOS="1032" WIDTH="106" HEIGHT="25" WC="0.92" CONTENT="upptagen"/><SP WIDTH="16" VPOS="1032" HPOS="529"/>
							<String ID="string_157" HPOS="545" VPOS="1031" WIDTH="27" HEIGHT="26" WC="0.96" CONTENT="pä"/><SP WIDTH="15" VPOS="1031" HPOS="572"/>
							<String ID="string_158" HPOS="587" VPOS="1032" WIDTH="65" HEIGHT="19" WC="0.93" CONTENT="annat"/><SP WIDTH="15" VPOS="1032" HPOS="652"/>
							<String ID="string_159" HPOS="667" VPOS="1030" WIDTH="61" HEIGHT="21" WC="0.93" CONTENT="ställe"/><SP WIDTH="13" VPOS="1030" HPOS="728"/>
							<String ID="string_160" HPOS="741" VPOS="1030" WIDTH="39" HEIGHT="21" WC="0.96" CONTENT="och"/><SP WIDTH="11" VPOS="1030" HPOS="780"/>
							<String ID="string_161" HPOS="791" VPOS="1030" WIDTH="35" HEIGHT="21" WC="0.93" CONTENT="det"/><SP WIDTH="11" VPOS="1030" HPOS="826"/>
							<String ID="string_162" HPOS="837" VPOS="1036" WIDTH="61" HEIGHT="21" WC="0.93" CONTENT="synes"/>
						</TextLine>
						<TextLine ID="line_21" HPOS="78" VPOS="1058" WIDTH="821" HEIGHT="28">
							<String ID="string_163" HPOS="78" VPOS="1058" WIDTH="48" HEIGHT="27" WC="0.96" CONTENT="mig,"/><SP WIDTH="17" VPOS="1058" HPOS="126"/>
							<String ID="string_164" HPOS="143" VPOS="1065" WIDTH="45" HEIGHT="14" WC="0.96" CONTENT="som"/><SP WIDTH="16" VPOS="1065" HPOS="188"/>
							<String ID="string_165" HPOS="204" VPOS="1059" WIDTH="66" HEIGHT="21" WC="0.93" CONTENT="skulle"/><SP WIDTH="16" VPOS="1059" HPOS="270"/>
							<String ID="string_166" HPOS="286" VPOS="1059" WIDTH="45" HEIGHT="22" WC="0.92" CONTENT="icke"/><SP WIDTH="13" VPOS="1059" HPOS="331"/>
							<String ID="string_167" HPOS="344" VPOS="1060" WIDTH="65" HEIGHT="26" WC="0.92" CONTENT="nägot"/><SP WIDTH="15" VPOS="1060" HPOS="409"/>
							<String ID="string_168" HPOS="424" VPOS="1062" WIDTH="65" HEIGHT="18" WC="0.93" CONTENT="annat"/><SP WIDTH="21" VPOS="1062" HPOS="489"/>
							<String ID="string_169" HPOS="510" VPOS="1059" WIDTH="61" HEIGHT="21" WC="0.93" CONTENT="ställe"/><SP WIDTH="15" VPOS="1059" HPOS="571"/>
							<String ID="string_170" HPOS="586" VPOS="1065" WIDTH="50" HEIGHT="15" WC="0.93" CONTENT="vara"/><SP WIDTH="16" VPOS="1065" HPOS="636"/>
							<String ID="string_171" HPOS="652" VPOS="1059" WIDTH="129" HEIGHT="26" WC="0.91" CONTENT="lämpligare,"/><SP WIDTH="17" VPOS="1059" HPOS="781"/>
							<String ID="string_172" HPOS="798" VPOS="1060" WIDTH="25" HEIGHT="19" WC="0.96" CONTENT="än"/><SP WIDTH="17" VPOS="1060" HPOS="823"/>
							<String ID="string_173" HPOS="840" VPOS="1059" WIDTH="59" HEIGHT="21" WC="0.96" CONTENT="detta"/>
						</TextLine>
						<TextLine ID="line_22" HPOS="77" VPOS="1087" WIDTH="821" HEIGHT="28">
							<String ID="string_174" HPOS="77" VPOS="1087" WIDTH="33" HEIGHT="20" WC="0.93" CONTENT="för"/><SP WIDTH="16" VPOS="1087" HPOS="110"/>
							<String ID="string_175" HPOS="126" VPOS="1088" WIDTH="132" HEIGHT="25" WC="0.91" CONTENT="upptagande"/><SP WIDTH="16" VPOS="1088" HPOS="258"/>
							<String ID="string_176" HPOS="274" VPOS="1088" WIDTH="23" HEIGHT="21" WC="0.96" CONTENT="af"/><SP WIDTH="13" VPOS="1088" HPOS="297"/>
							<String ID="string_177" HPOS="310" VPOS="1089" WIDTH="67" HEIGHT="20" WC="0.93" CONTENT="denna"/><SP WIDTH="16" VPOS="1089" HPOS="377"/>
							<String ID="string_178" HPOS="393" VPOS="1088" WIDTH="65" HEIGHT="27" WC="0.92" CONTENT="fräga."/><SP WIDTH="31" VPOS="1088" HPOS="458"/>
							<String ID="string_179" HPOS="489" VPOS="1088" WIDTH="40" HEIGHT="27" WC="0.93" CONTENT="Jag"/><SP WIDTH="15" VPOS="1088" HPOS="529"/>
							<String ID="string_180" HPOS="544" VPOS="1088" WIDTH="32" HEIGHT="21" WC="0.91" CONTENT="fär"/><SP WIDTH="16" VPOS="1088" HPOS="576"/>
							<String ID="string_181" HPOS="592" VPOS="1088" WIDTH="71" HEIGHT="21" WC="0.92" CONTENT="derför"/><SP WIDTH="11" VPOS="1088" HPOS="663"/>
							<String ID="string_182" HPOS="674" VPOS="1087" WIDTH="107" HEIGHT="22" WC="0.96" CONTENT="vördsamt"/><SP WIDTH="10" VPOS="1087" HPOS="781"/>
							<String ID="string_183" HPOS="791" VPOS="1087" WIDTH="39" HEIGHT="21" WC="0.93" CONTENT="hos"/><SP WIDTH="11" VPOS="1087" HPOS="830"/>
							<String ID="string_184" HPOS="841" VPOS="1087" WIDTH="57" HEIGHT="22" WC="0.92" CONTENT="stän-"/>
						</TextLine>
						<TextLine ID="line_23" HPOS="78" VPOS="1115" WIDTH="820" HEIGHT="28">
							<String ID="string_185" HPOS="78" VPOS="1116" WIDTH="34" HEIGHT="21" WC="0.93" CONTENT="det"/><SP WIDTH="16" VPOS="1116" HPOS="112"/>
							<String ID="string_186" HPOS="128" VPOS="1115" WIDTH="91" HEIGHT="25" WC="0.93" CONTENT="anhälla,"/><SP WIDTH="24" VPOS="1115" HPOS="219"/>
							<String ID="string_187" HPOS="243" VPOS="1118" WIDTH="32" HEIGHT="19" WC="0.95" CONTENT="att"/><SP WIDTH="23" VPOS="1118" HPOS="275"/>
							<String ID="string_188" HPOS="298" VPOS="1117" WIDTH="68" HEIGHT="21" WC="0.93" CONTENT="denna"/><SP WIDTH="21" VPOS="1117" HPOS="366"/>
							<String ID="string_189" HPOS="387" VPOS="1117" WIDTH="100" HEIGHT="26" WC="0.91" CONTENT="paragraf"/><SP WIDTH="19" VPOS="1117" HPOS="487"/>
							<String ID="string_190" HPOS="506" VPOS="1117" WIDTH="66" HEIGHT="20" WC="0.92" CONTENT="mätte"/><SP WIDTH="17" VPOS="1117" HPOS="572"/>
							<String ID="string_191" HPOS="589" VPOS="1116" WIDTH="65" HEIGHT="21" WC="0.93" CONTENT="blifva"/><SP WIDTH="15" VPOS="1116" HPOS="654"/>
							<String ID="string_192" HPOS="669" VPOS="1116" WIDTH="114" HEIGHT="21" WC="0.92" CONTENT="förändrad"/><SP WIDTH="16" VPOS="1116" HPOS="783"/>
							<String ID="string_193" HPOS="799" VPOS="1117" WIDTH="7" HEIGHT="20" WC="0.93" CONTENT="i"/><SP WIDTH="15" VPOS="1117" HPOS="806"/>
							<String ID="string_194" HPOS="821" VPOS="1117" WIDTH="77" HEIGHT="20" WC="0.93" CONTENT="tvänne"/>
						</TextLine>
						<TextLine ID="line_24" HPOS="76" VPOS="1144" WIDTH="821" HEIGHT="28">
							<String ID="string_195" HPOS="76" VPOS="1144" WIDTH="139" HEIGHT="22" WC="0.92" CONTENT="hänseenden."/><SP WIDTH="32" VPOS="1144" HPOS="215"/>
							<String ID="string_196" HPOS="247" VPOS="1145" WIDTH="42" HEIGHT="21" WC="0.96" CONTENT="Det"/><SP WIDTH="15" VPOS="1145" HPOS="289"/>
							<String ID="string_197" HPOS="304" VPOS="1147" WIDTH="24" HEIGHT="19" WC="0.93" CONTENT="är"/><SP WIDTH="15" VPOS="1147" HPOS="328"/>
							<String ID="string_198" HPOS="343" VPOS="1145" WIDTH="120" HEIGHT="27" WC="0.92" CONTENT="visserligen"/><SP WIDTH="21" VPOS="1145" HPOS="463"/>
							<String ID="string_199" HPOS="484" VPOS="1148" WIDTH="53" HEIGHT="23" WC="0.96" CONTENT="sant,"/><SP WIDTH="18" VPOS="1148" HPOS="537"/>
							<String ID="string_200" HPOS="555" VPOS="1148" WIDTH="31" HEIGHT="18" WC="0.93" CONTENT="att"/><SP WIDTH="15" VPOS="1148" HPOS="586"/>
							<String ID="string_201" HPOS="601" VPOS="1145" WIDTH="105" HEIGHT="21" WC="0.92" CONTENT="utskottet"/><SP WIDTH="15" VPOS="1145" HPOS="706"/>
							<String ID="string_202" HPOS="721" VPOS="1145" WIDTH="39" HEIGHT="20" WC="0.96" CONTENT="har"/><SP WIDTH="14" VPOS="1145" HPOS="760"/>
							<String ID="string_203" HPOS="774" VPOS="1151" WIDTH="75" HEIGHT="20" WC="0.93" CONTENT="genom"/><SP WIDTH="15" VPOS="1151" HPOS="849"/>
							<String ID="string_204" HPOS="864" VPOS="1147" WIDTH="33" HEIGHT="18" WC="0.92" CONTENT="ut-"/>
						</TextLine>
						<TextLine ID="line_25" HPOS="76" VPOS="1173" WIDTH="822" HEIGHT="28">
							<String ID="string_205" HPOS="76" VPOS="1173" WIDTH="84" HEIGHT="26" WC="0.92" CONTENT="trycket"/><SP WIDTH="16" VPOS="1173" HPOS="160"/>
							<String ID="string_206" HPOS="176" VPOS="1174" WIDTH="136" HEIGHT="27" WC="0.48" CONTENT=",,kroppslyte"/><SP WIDTH="16" VPOS="1174" HPOS="312"/>
							<String ID="string_207" HPOS="328" VPOS="1175" WIDTH="51" HEIGHT="20" WC="0.92" CONTENT="eller"/><SP WIDTH="21" VPOS="1175" HPOS="379"/>
							<String ID="string_208" HPOS="400" VPOS="1174" WIDTH="126" HEIGHT="27" WC="0.89" CONTENT="sjuklighet&quot;"/><SP WIDTH="20" VPOS="1174" HPOS="526"/>
							<String ID="string_209" HPOS="546" VPOS="1174" WIDTH="79" HEIGHT="21" WC="0.92" CONTENT="lemnat"/><SP WIDTH="15" VPOS="1174" HPOS="625"/>
							<String ID="string_210" HPOS="640" VPOS="1175" WIDTH="31" HEIGHT="20" WC="0.97" CONTENT="ett"/><SP WIDTH="15" VPOS="1175" HPOS="671"/>
							<String ID="string_211" HPOS="686" VPOS="1173" WIDTH="80" HEIGHT="26" WC="0.93" CONTENT="ganska"/><SP WIDTH="16" VPOS="1173" HPOS="766"/>
							<String ID="string_212" HPOS="782" VPOS="1173" WIDTH="116" HEIGHT="21" WC="0.96" CONTENT="vidsträckt"/>
						</TextLine>
						<TextLine ID="line_26" HPOS="76" VPOS="1201" WIDTH="821" HEIGHT="28">
							<String ID="string_213" HPOS="76" VPOS="1203" WIDTH="104" HEIGHT="26" WC="0.96" CONTENT="utrymme"/><SP WIDTH="16" VPOS="1203" HPOS="180"/>
							<String ID="string_214" HPOS="196" VPOS="1202" WIDTH="21" HEIGHT="21" WC="0.93" CONTENT="ät"/><SP WIDTH="15" VPOS="1202" HPOS="217"/>
							<String ID="string_215" HPOS="232" VPOS="1203" WIDTH="112" HEIGHT="25" WC="0.96" CONTENT="nämnden,"/><SP WIDTH="16" VPOS="1203" HPOS="344"/>
							<String ID="string_216" HPOS="360" VPOS="1209" WIDTH="44" HEIGHT="15" WC="0.96" CONTENT="som"/><SP WIDTH="15" VPOS="1209" HPOS="404"/>
							<String ID="string_217" HPOS="419" VPOS="1203" WIDTH="54" HEIGHT="21" WC="0.93" CONTENT="skall"/><SP WIDTH="16" VPOS="1203" HPOS="473"/>
							<String ID="string_218" HPOS="489" VPOS="1203" WIDTH="73" HEIGHT="26" WC="0.74" CONTENT="afsöra"/><SP WIDTH="14" VPOS="1203" HPOS="562"/>
							<String ID="string_219" HPOS="576" VPOS="1203" WIDTH="8" HEIGHT="20" WC="0.96" CONTENT="i"/><SP WIDTH="16" VPOS="1203" HPOS="584"/>
							<String ID="string_220" HPOS="600" VPOS="1202" WIDTH="24" HEIGHT="21" WC="0.96" CONTENT="de"/><SP WIDTH="16" VPOS="1202" HPOS="624"/>
							<String ID="string_221" HPOS="640" VPOS="1202" WIDTH="104" HEIGHT="21" WC="0.93" CONTENT="särskilda"/><SP WIDTH="12" VPOS="1202" HPOS="744"/>
							<String ID="string_222" HPOS="756" VPOS="1201" WIDTH="70" HEIGHT="22" WC="0.93" CONTENT="fallen."/><SP WIDTH="22" VPOS="1201" HPOS="826"/>
							<String ID="string_223" HPOS="848" VPOS="1201" WIDTH="49" HEIGHT="22" WC="0.92" CONTENT="Lik-"/>
						</TextLine>
						<TextLine ID="line_27" HPOS="76" VPOS="1230" WIDTH="822" HEIGHT="29">
							<String ID="string_224" HPOS="76" VPOS="1230" WIDTH="32" HEIGHT="21" WC="0.88" CONTENT="väl"/><SP WIDTH="17" VPOS="1230" HPOS="108"/>
							<String ID="string_225" HPOS="125" VPOS="1237" WIDTH="61" HEIGHT="20" WC="0.91" CONTENT="synes"/><SP WIDTH="17" VPOS="1237" HPOS="186"/>
							<String ID="string_226" HPOS="203" VPOS="1231" WIDTH="35" HEIGHT="22" WC="0.96" CONTENT="det"/><SP WIDTH="15" VPOS="1231" HPOS="238"/>
							<String ID="string_227" HPOS="253" VPOS="1232" WIDTH="49" HEIGHT="27" WC="0.93" CONTENT="mig,"/><SP WIDTH="14" VPOS="1232" HPOS="302"/>
							<String ID="string_228" HPOS="316" VPOS="1231" WIDTH="69" HEIGHT="22" WC="0.93" CONTENT="säsom"/><SP WIDTH="15" VPOS="1231" HPOS="385"/>
							<String ID="string_229" HPOS="400" VPOS="1232" WIDTH="58" HEIGHT="21" WC="0.96" CONTENT="detta"/><SP WIDTH="17" VPOS="1232" HPOS="458"/>
							<String ID="string_230" HPOS="475" VPOS="1232" WIDTH="36" HEIGHT="20" WC="0.93" CONTENT="ord"/><SP WIDTH="16" VPOS="1232" HPOS="511"/>
							<String ID="string_231" HPOS="527" VPOS="1230" WIDTH="134" HEIGHT="28" WC="0.90" CONTENT=",sjuklighet*"/><SP WIDTH="16" VPOS="1230" HPOS="661"/>
							<String ID="string_232" HPOS="677" VPOS="1231" WIDTH="39" HEIGHT="20" WC="0.92" CONTENT="här"/><SP WIDTH="14" VPOS="1231" HPOS="716"/>
							<String ID="string_233" HPOS="730" VPOS="1230" WIDTH="46" HEIGHT="22" WC="0.92" CONTENT="icke"/><SP WIDTH="15" VPOS="1230" HPOS="776"/>
							<String ID="string_234" HPOS="791" VPOS="1236" WIDTH="49" HEIGHT="15" WC="0.93" CONTENT="vore"/><SP WIDTH="16" VPOS="1236" HPOS="840"/>
							<String ID="string_235" HPOS="856" VPOS="1230" WIDTH="42" HEIGHT="21" WC="0.90" CONTENT="till-"/>
						</TextLine>
						<TextLine ID="line_28" HPOS="76" VPOS="1259" WIDTH="821" HEIGHT="28">
							<String ID="string_236" HPOS="76" VPOS="1260" WIDTH="89" HEIGHT="26" WC="0.89" CONTENT="räckligt"/><SP WIDTH="22" VPOS="1260" HPOS="165"/>
							<String ID="string_237" HPOS="187" VPOS="1260" WIDTH="83" HEIGHT="27" WC="0.96" CONTENT="tydligt,"/><SP WIDTH="22" VPOS="1260" HPOS="270"/>
							<String ID="string_238" HPOS="292" VPOS="1263" WIDTH="52" HEIGHT="19" WC="0.96" CONTENT="utan"/><SP WIDTH="12" VPOS="1263" HPOS="344"/>
							<String ID="string_239" HPOS="356" VPOS="1261" WIDTH="68" HEIGHT="21" WC="0.96" CONTENT="skulle"/><SP WIDTH="21" VPOS="1261" HPOS="424"/>
							<String ID="string_240" HPOS="445" VPOS="1261" WIDTH="36" HEIGHT="26" WC="0.91" CONTENT="jag"/><SP WIDTH="22" VPOS="1261" HPOS="481"/>
							<String ID="string_241" HPOS="503" VPOS="1260" WIDTH="66" HEIGHT="21" WC="0.91" CONTENT="önska"/><SP WIDTH="22" VPOS="1260" HPOS="569"/>
							<String ID="string_242" HPOS="591" VPOS="1262" WIDTH="33" HEIGHT="18" WC="0.93" CONTENT="att"/><SP WIDTH="22" VPOS="1262" HPOS="624"/>
							<String ID="string_243" HPOS="646" VPOS="1259" WIDTH="101" HEIGHT="27" WC="0.91" CONTENT="derjemte"/><SP WIDTH="23" VPOS="1259" HPOS="747"/>
							<String ID="string_244" HPOS="770" VPOS="1260" WIDTH="66" HEIGHT="25" WC="0.90" CONTENT="nägra"/><SP WIDTH="23" VPOS="1260" HPOS="836"/>
							<String ID="string_245" HPOS="859" VPOS="1259" WIDTH="38" HEIGHT="20" WC="0.96" CONTENT="ord"/>
						</TextLine>
						<TextLine ID="line_29" HPOS="76" VPOS="1287" WIDTH="822" HEIGHT="29">
							<String ID="string_246" HPOS="76" VPOS="1289" WIDTH="67" HEIGHT="21" WC="0.91" CONTENT="skulle"/><SP WIDTH="16" VPOS="1289" HPOS="143"/>
							<String ID="string_247" HPOS="159" VPOS="1289" WIDTH="103" HEIGHT="27" WC="0.91" CONTENT="tilläggas,"/><SP WIDTH="16" VPOS="1289" HPOS="262"/>
							<String ID="string_248" HPOS="278" VPOS="1290" WIDTH="135" HEIGHT="25" WC="0.92" CONTENT="hvarigenom"/><SP WIDTH="12" VPOS="1290" HPOS="413"/>
							<String ID="string_249" HPOS="425" VPOS="1295" WIDTH="48" HEIGHT="15" WC="0.96" CONTENT="man"/><SP WIDTH="12" VPOS="1295" HPOS="473"/>
							<String ID="string_250" HPOS="485" VPOS="1289" WIDTH="68" HEIGHT="20" WC="0.96" CONTENT="skulle"/><SP WIDTH="15" VPOS="1289" HPOS="553"/>
							<String ID="string_251" HPOS="568" VPOS="1288" WIDTH="71" HEIGHT="21" WC="0.92" CONTENT="kunna"/><SP WIDTH="9" VPOS="1288" HPOS="639"/>
							<String ID="string_252" HPOS="648" VPOS="1287" WIDTH="22" HEIGHT="21" WC="0.92" CONTENT="fä"/><SP WIDTH="11" VPOS="1287" HPOS="670"/>
							<String ID="string_253" HPOS="681" VPOS="1287" WIDTH="101" HEIGHT="28" WC="0.91" CONTENT="uttryckt,"/><SP WIDTH="11" VPOS="1287" HPOS="782"/>
							<String ID="string_254" HPOS="793" VPOS="1289" WIDTH="33" HEIGHT="19" WC="0.93" CONTENT="att"/><SP WIDTH="10" VPOS="1289" HPOS="826"/>
							<String ID="string_255" HPOS="836" VPOS="1287" WIDTH="62" HEIGHT="21" WC="0.93" CONTENT="äfven"/>
						</TextLine>
						<TextLine ID="line_30" HPOS="76" VPOS="1315" WIDTH="821" HEIGHT="28">
							<String ID="string_256" HPOS="76" VPOS="1323" WIDTH="108" HEIGHT="20" WC="0.95" CONTENT="personer,"/><SP WIDTH="21" VPOS="1323" HPOS="184"/>
							<String ID="string_257" HPOS="205" VPOS="1323" WIDTH="45" HEIGHT="16" WC="0.93" CONTENT="som"/><SP WIDTH="22" VPOS="1323" HPOS="250"/>
							<String ID="string_258" HPOS="272" VPOS="1318" WIDTH="123" HEIGHT="25" WC="0.93" CONTENT="visserligen"/><SP WIDTH="22" VPOS="1318" HPOS="395"/>
							<String ID="string_259" HPOS="417" VPOS="1317" WIDTH="46" HEIGHT="22" WC="0.96" CONTENT="icke"/><SP WIDTH="23" VPOS="1317" HPOS="463"/>
							<String ID="string_260" HPOS="486" VPOS="1317" WIDTH="83" HEIGHT="21" WC="0.96" CONTENT="befinna"/><SP WIDTH="19" VPOS="1317" HPOS="569"/>
							<String ID="string_261" HPOS="588" VPOS="1316" WIDTH="52" HEIGHT="27" WC="0.51" CONTENT="sig"/><SP WIDTH="-9" VPOS="1316" HPOS="640"/>
							<String ID="string_262" HPOS="631" VPOS="1311" WIDTH="13" HEIGHT="37" WC="0.96" CONTENT="i"/><SP WIDTH="13" VPOS="1311" HPOS="644"/>
							<String ID="string_263" HPOS="657" VPOS="1318" WIDTH="31" HEIGHT="19" WC="0.92" CONTENT="ett"/><SP WIDTH="12" VPOS="1318" HPOS="688"/>
							<String ID="string_264" HPOS="700" VPOS="1315" WIDTH="86" HEIGHT="27" WC="0.95" CONTENT="sjukligt"/><SP WIDTH="16" VPOS="1315" HPOS="786"/>
							<String ID="string_265" HPOS="802" VPOS="1315" WIDTH="95" HEIGHT="22" WC="0.96" CONTENT="tillstånd"/>
						</TextLine>
						<TextLine ID="line_31" HPOS="76" VPOS="1344" WIDTH="822" HEIGHT="29">
							<String ID="string_266" HPOS="76" VPOS="1346" WIDTH="51" HEIGHT="21" WC="0.96" CONTENT="eller"/><SP WIDTH="15" VPOS="1346" HPOS="127"/>
							<String ID="string_267" HPOS="142" VPOS="1347" WIDTH="5" HEIGHT="20" WC="0.96" CONTENT="i"/><SP WIDTH="17" VPOS="1347" HPOS="147"/>
							<String ID="string_268" HPOS="164" VPOS="1345" WIDTH="97" HEIGHT="28" WC="0.95" CONTENT="sjukdom"/><SP WIDTH="15" VPOS="1345" HPOS="261"/>
							<String ID="string_269" HPOS="276" VPOS="1347" WIDTH="7" HEIGHT="20" WC="0.95" CONTENT="i"/><SP WIDTH="15" VPOS="1347" HPOS="283"/>
							<String ID="string_270" HPOS="298" VPOS="1346" WIDTH="71" HEIGHT="26" WC="0.96" CONTENT="vanlig"/><SP WIDTH="21" VPOS="1346" HPOS="369"/>
							<String ID="string_271" HPOS="390" VPOS="1347" WIDTH="90" HEIGHT="25" WC="0.95" CONTENT="mening,"/><SP WIDTH="22" VPOS="1347" HPOS="480"/>
							<String ID="string_272" HPOS="502" VPOS="1352" WIDTH="47" HEIGHT="14" WC="0.96" CONTENT="men"/><SP WIDTH="23" VPOS="1352" HPOS="549"/>
							<String ID="string_273" HPOS="572" VPOS="1345" WIDTH="64" HEIGHT="20" WC="0.96" CONTENT="likväl"/><SP WIDTH="17" VPOS="1345" HPOS="636"/>
							<String ID="string_274" HPOS="653" VPOS="1345" WIDTH="83" HEIGHT="21" WC="0.96" CONTENT="befinna"/><SP WIDTH="16" VPOS="1345" HPOS="736"/>
							<String ID="string_275" HPOS="752" VPOS="1345" WIDTH="31" HEIGHT="26" WC="0.96" CONTENT="sig"/><SP WIDTH="15" VPOS="1345" HPOS="783"/>
							<String ID="string_276" HPOS="798" VPOS="1345" WIDTH="6" HEIGHT="19" WC="0.97" CONTENT="i"/><SP WIDTH="17" VPOS="1345" HPOS="804"/>
							<String ID="string_277" HPOS="821" VPOS="1347" WIDTH="31" HEIGHT="18" WC="0.93" CONTENT="ett"/><SP WIDTH="14" VPOS="1347" HPOS="852"/>
							<String ID="string_278" HPOS="866" VPOS="1344" WIDTH="32" HEIGHT="26" WC="0.90" CONTENT="fy-"/>
						</TextLine>
						<TextLine ID="line_32" HPOS="76" VPOS="1373" WIDTH="821" HEIGHT="28">
							<String ID="string_279" HPOS="76" VPOS="1375" WIDTH="53" HEIGHT="21" WC="0.92" CONTENT="siskt"/><SP WIDTH="21" VPOS="1375" HPOS="129"/>
							<String ID="string_280" HPOS="150" VPOS="1377" WIDTH="60" HEIGHT="24" WC="0.96" CONTENT="svagt"/><SP WIDTH="24" VPOS="1377" HPOS="210"/>
							<String ID="string_281" HPOS="234" VPOS="1375" WIDTH="101" HEIGHT="26" WC="0.93" CONTENT="tillstånd,"/><SP WIDTH="22" VPOS="1375" HPOS="335"/>
							<String ID="string_282" HPOS="357" VPOS="1377" WIDTH="15" HEIGHT="18" WC="0.92" CONTENT="t."/><SP WIDTH="23" VPOS="1377" HPOS="372"/>
							<String ID="string_283" HPOS="395" VPOS="1381" WIDTH="31" HEIGHT="14" WC="0.95" CONTENT="ex."/><SP WIDTH="24" VPOS="1381" HPOS="426"/>
							<String ID="string_284" HPOS="450" VPOS="1377" WIDTH="31" HEIGHT="18" WC="0.96" CONTENT="ett"/><SP WIDTH="22" VPOS="1377" HPOS="481"/>
							<String ID="string_285" HPOS="503" VPOS="1374" WIDTH="77" HEIGHT="22" WC="0.96" CONTENT="sådant"/><SP WIDTH="19" VPOS="1374" HPOS="580"/>
							<String ID="string_286" HPOS="599" VPOS="1373" WIDTH="101" HEIGHT="26" WC="0.96" CONTENT="tillstånd,"/><SP WIDTH="23" VPOS="1373" HPOS="700"/>
							<String ID="string_287" HPOS="723" VPOS="1379" WIDTH="45" HEIGHT="15" WC="0.96" CONTENT="som"/><SP WIDTH="18" VPOS="1379" HPOS="768"/>
							<String ID="string_288" HPOS="786" VPOS="1373" WIDTH="39" HEIGHT="20" WC="0.96" CONTENT="här"/><SP WIDTH="15" VPOS="1373" HPOS="825"/>
							<String ID="string_289" HPOS="840" VPOS="1373" WIDTH="57" HEIGHT="20" WC="0.96" CONTENT="förra"/>
						</TextLine>
						<TextLine ID="line_33" HPOS="75" VPOS="1400" WIDTH="824" HEIGHT="29">
							<String ID="string_290" HPOS="75" VPOS="1403" WIDTH="82" HEIGHT="26" WC="0.96" CONTENT="gången"/><SP WIDTH="22" VPOS="1403" HPOS="157"/>
							<String ID="string_291" HPOS="179" VPOS="1404" WIDTH="143" HEIGHT="25" WC="0.85" CONTENT="omnämndes,"/><SP WIDTH="23" VPOS="1404" HPOS="322"/>
							<String ID="string_292" HPOS="345" VPOS="1403" WIDTH="80" HEIGHT="21" WC="0.96" CONTENT="hvilket"/><SP WIDTH="23" VPOS="1403" HPOS="425"/>
							<String ID="string_293" HPOS="448" VPOS="1403" WIDTH="47" HEIGHT="22" WC="0.96" CONTENT="icke"/><SP WIDTH="22" VPOS="1403" HPOS="495"/>
							<String ID="string_294" HPOS="517" VPOS="1403" WIDTH="80" HEIGHT="20" WC="0.96" CONTENT="tillåter"/><SP WIDTH="23" VPOS="1403" HPOS="597"/>
							<String ID="string_295" HPOS="620" VPOS="1402" WIDTH="47" HEIGHT="21" WC="0.96" CONTENT="dem"/><SP WIDTH="20" VPOS="1402" HPOS="667"/>
							<String ID="string_296" HPOS="687" VPOS="1403" WIDTH="31" HEIGHT="19" WC="0.96" CONTENT="att"/><SP WIDTH="16" VPOS="1403" HPOS="718"/>
							<String ID="string_297" HPOS="734" VPOS="1407" WIDTH="51" HEIGHT="15" WC="0.96" CONTENT="vara"/><SP WIDTH="15" VPOS="1407" HPOS="785"/>
							<String ID="string_298" HPOS="800" VPOS="1401" WIDTH="31" HEIGHT="26" WC="0.95" CONTENT="sig"/><SP WIDTH="18" VPOS="1401" HPOS="831"/>
							<String ID="string_299" HPOS="849" VPOS="1400" WIDTH="50" HEIGHT="27" WC="0.96" CONTENT="sjelf"/>
						</TextLine>
						<TextLine ID="line_34" HPOS="76" VPOS="1430" WIDTH="820" HEIGHT="28">
							<String ID="string_300" HPOS="76" VPOS="1432" WIDTH="92" HEIGHT="25" WC="0.96" CONTENT="mäktige"/><SP WIDTH="16" VPOS="1432" HPOS="168"/>
							<String ID="string_301" HPOS="184" VPOS="1432" WIDTH="34" HEIGHT="20" WC="0.93" CONTENT="vid"/><SP WIDTH="16" VPOS="1432" HPOS="218"/>
							<String ID="string_302" HPOS="234" VPOS="1433" WIDTH="181" HEIGHT="25" WC="0.91" CONTENT="blodsutgjutelse,"/><SP WIDTH="18" VPOS="1433" HPOS="415"/>
							<String ID="string_303" HPOS="433" VPOS="1432" WIDTH="65" HEIGHT="20" WC="0.93" CONTENT="borde"/><SP WIDTH="19" VPOS="1432" HPOS="498"/>
							<String ID="string_304" HPOS="517" VPOS="1431" WIDTH="61" HEIGHT="25" WC="0.91" CONTENT="afses,"/><SP WIDTH="17" VPOS="1431" HPOS="578"/>
							<String ID="string_305" HPOS="595" VPOS="1430" WIDTH="28" HEIGHT="21" WC="0.96" CONTENT="all"/><SP WIDTH="16" VPOS="1430" HPOS="623"/>
							<String ID="string_306" HPOS="639" VPOS="1430" WIDTH="40" HEIGHT="20" WC="0.96" CONTENT="den"/><SP WIDTH="15" VPOS="1430" HPOS="679"/>
							<String ID="string_307" HPOS="694" VPOS="1430" WIDTH="63" HEIGHT="20" WC="0.96" CONTENT="stund"/><SP WIDTH="16" VPOS="1430" HPOS="757"/>
							<String ID="string_308" HPOS="773" VPOS="1436" WIDTH="25" HEIGHT="15" WC="0.95" CONTENT="en"/><SP WIDTH="16" VPOS="1436" HPOS="798"/>
							<String ID="string_309" HPOS="814" VPOS="1435" WIDTH="82" HEIGHT="20" WC="0.95" CONTENT="person,"/>
						</TextLine>
						<TextLine ID="line_35" HPOS="76" VPOS="1457" WIDTH="821" HEIGHT="30">
							<String ID="string_310" HPOS="76" VPOS="1467" WIDTH="44" HEIGHT="15" WC="0.96" CONTENT="som"/><SP WIDTH="13" VPOS="1467" HPOS="120"/>
							<String ID="string_311" HPOS="133" VPOS="1460" WIDTH="95" HEIGHT="21" WC="0.95" CONTENT="befinner"/><SP WIDTH="15" VPOS="1460" HPOS="228"/>
							<String ID="string_312" HPOS="243" VPOS="1460" WIDTH="31" HEIGHT="27" WC="0.96" CONTENT="sig"/><SP WIDTH="14" VPOS="1460" HPOS="274"/>
							<String ID="string_313" HPOS="288" VPOS="1461" WIDTH="7" HEIGHT="19" WC="0.97" CONTENT="i"/><SP WIDTH="16" VPOS="1461" HPOS="295"/>
							<String ID="string_314" HPOS="311" VPOS="1467" WIDTH="25" HEIGHT="14" WC="0.96" CONTENT="en"/><SP WIDTH="16" VPOS="1467" HPOS="336"/>
							<String ID="string_315" HPOS="352" VPOS="1459" WIDTH="65" HEIGHT="22" WC="0.96" CONTENT="sådan"/><SP WIDTH="16" VPOS="1459" HPOS="417"/>
							<String ID="string_316" HPOS="433" VPOS="1459" WIDTH="65" HEIGHT="28" WC="0.96" CONTENT="fysisk"/><SP WIDTH="15" VPOS="1459" HPOS="498"/>
							<String ID="string_317" HPOS="513" VPOS="1458" WIDTH="94" HEIGHT="27" WC="0.95" CONTENT="svaghet,"/><SP WIDTH="15" VPOS="1458" HPOS="607"/>
							<String ID="string_318" HPOS="622" VPOS="1457" WIDTH="47" HEIGHT="21" WC="0.96" CONTENT="icke"/><SP WIDTH="15" VPOS="1457" HPOS="669"/>
							<String ID="string_319" HPOS="684" VPOS="1459" WIDTH="24" HEIGHT="18" WC="0.62" CONTENT="är"/><SP WIDTH="10" VPOS="1459" HPOS="708"/>
							<String ID="string_320" HPOS="718" VPOS="1457" WIDTH="6" HEIGHT="21" WC="0.62" CONTENT="i"/><SP WIDTH="11" VPOS="1457" HPOS="724"/>
							<String ID="string_321" HPOS="735" VPOS="1457" WIDTH="75" HEIGHT="26" WC="0.96" CONTENT="sjelfva"/><SP WIDTH="14" VPOS="1457" HPOS="810"/>
							<String ID="string_322" HPOS="824" VPOS="1457" WIDTH="73" HEIGHT="21" WC="0.97" CONTENT="verket"/>
						</TextLine>
						<TextLine ID="line_36" HPOS="76" VPOS="1485" WIDTH="821" HEIGHT="30">
							<String ID="string_323" HPOS="76" VPOS="1489" WIDTH="108" HEIGHT="26" WC="0.96" CONTENT="förmögen"/><SP WIDTH="16" VPOS="1489" HPOS="184"/>
							<String ID="string_324" HPOS="200" VPOS="1491" WIDTH="32" HEIGHT="19" WC="0.96" CONTENT="att"/><SP WIDTH="15" VPOS="1491" HPOS="232"/>
							<String ID="string_325" HPOS="247" VPOS="1488" WIDTH="90" HEIGHT="27" WC="0.96" CONTENT="fullgöra"/><SP WIDTH="23" VPOS="1488" HPOS="337"/>
							<String ID="string_326" HPOS="360" VPOS="1494" WIDTH="26" HEIGHT="15" WC="0.93" CONTENT="en"/><SP WIDTH="15" VPOS="1494" HPOS="386"/>
							<String ID="string_327" HPOS="401" VPOS="1488" WIDTH="95" HEIGHT="26" WC="0.93" CONTENT="krigares"/><SP WIDTH="15" VPOS="1488" HPOS="496"/>
							<String ID="string_328" HPOS="511" VPOS="1487" WIDTH="53" HEIGHT="20" WC="0.89" CONTENT="värf."/><SP WIDTH="31" VPOS="1487" HPOS="564"/>
							<String ID="string_329" HPOS="595" VPOS="1486" WIDTH="31" HEIGHT="21" WC="0.86" CONTENT="På"/><SP WIDTH="16" VPOS="1486" HPOS="626"/>
							<String ID="string_330" HPOS="642" VPOS="1492" WIDTH="80" HEIGHT="15" WC="0.96" CONTENT="samma"/><SP WIDTH="15" VPOS="1492" HPOS="722"/>
							<String ID="string_331" HPOS="737" VPOS="1487" WIDTH="45" HEIGHT="20" WC="0.96" CONTENT="sätt"/><SP WIDTH="14" VPOS="1487" HPOS="782"/>
							<String ID="string_332" HPOS="796" VPOS="1485" WIDTH="101" HEIGHT="21" WC="0.96" CONTENT="förhåller"/>
						</TextLine>
						<TextLine ID="line_37" HPOS="76" VPOS="1514" WIDTH="821" HEIGHT="31">
							<String ID="string_333" HPOS="76" VPOS="1519" WIDTH="35" HEIGHT="21" WC="0.96" CONTENT="det"/><SP WIDTH="23" VPOS="1519" HPOS="111"/>
							<String ID="string_334" HPOS="134" VPOS="1519" WIDTH="32" HEIGHT="26" WC="0.96" CONTENT="sig"/><SP WIDTH="22" VPOS="1519" HPOS="166"/>
							<String ID="string_335" HPOS="188" VPOS="1518" WIDTH="64" HEIGHT="22" WC="0.95" CONTENT="också"/><SP WIDTH="20" VPOS="1518" HPOS="252"/>
							<String ID="string_336" HPOS="272" VPOS="1518" WIDTH="48" HEIGHT="21" WC="0.96" CONTENT="med"/><SP WIDTH="23" VPOS="1518" HPOS="320"/>
							<String ID="string_337" HPOS="343" VPOS="1518" WIDTH="46" HEIGHT="24" WC="0.96" CONTENT="den,"/><SP WIDTH="22" VPOS="1518" HPOS="389"/>
							<String ID="string_338" HPOS="411" VPOS="1523" WIDTH="45" HEIGHT="15" WC="0.96" CONTENT="som"/><SP WIDTH="16" VPOS="1523" HPOS="456"/>
							<String ID="string_339" HPOS="472" VPOS="1518" WIDTH="23" HEIGHT="20" WC="0.96" CONTENT="är"/><SP WIDTH="15" VPOS="1518" HPOS="495"/>
							<String ID="string_340" HPOS="510" VPOS="1516" WIDTH="7" HEIGHT="21" WC="0.96" CONTENT="i"/><SP WIDTH="16" VPOS="1516" HPOS="517"/>
							<String ID="string_341" HPOS="533" VPOS="1515" WIDTH="81" HEIGHT="25" WC="0.96" CONTENT="andligt"/><SP WIDTH="15" VPOS="1515" HPOS="614"/>
							<String ID="string_342" HPOS="629" VPOS="1514" WIDTH="121" HEIGHT="22" WC="0.96" CONTENT="hänseende"/><SP WIDTH="14" VPOS="1514" HPOS="750"/>
							<String ID="string_343" HPOS="764" VPOS="1514" WIDTH="133" HEIGHT="28" WC="0.96" CONTENT="synnerligen"/>
						</TextLine>
						<TextLine ID="line_38" HPOS="76" VPOS="1543" WIDTH="820" HEIGHT="31">
							<String ID="string_344" HPOS="76" VPOS="1548" WIDTH="115" HEIGHT="22" WC="0.90" CONTENT="vanlottad."/><SP WIDTH="32" VPOS="1548" HPOS="191"/>
							<String ID="string_345" HPOS="223" VPOS="1547" WIDTH="47" HEIGHT="21" WC="0.96" CONTENT="Han"/><SP WIDTH="22" VPOS="1547" HPOS="270"/>
							<String ID="string_346" HPOS="292" VPOS="1548" WIDTH="24" HEIGHT="20" WC="0.96" CONTENT="är"/><SP WIDTH="22" VPOS="1548" HPOS="316"/>
							<String ID="string_347" HPOS="338" VPOS="1546" WIDTH="121" HEIGHT="28" WC="0.95" CONTENT="oförmögen"/><SP WIDTH="24" VPOS="1546" HPOS="459"/>
							<String ID="string_348" HPOS="483" VPOS="1547" WIDTH="32" HEIGHT="19" WC="0.96" CONTENT="att"/><SP WIDTH="18" VPOS="1547" HPOS="515"/>
							<String ID="string_349" HPOS="533" VPOS="1544" WIDTH="91" HEIGHT="28" WC="0.96" CONTENT="fullgöra"/><SP WIDTH="15" VPOS="1544" HPOS="624"/>
							<String ID="string_350" HPOS="639" VPOS="1550" WIDTH="26" HEIGHT="15" WC="0.92" CONTENT="en"/><SP WIDTH="15" VPOS="1550" HPOS="665"/>
							<String ID="string_351" HPOS="680" VPOS="1544" WIDTH="94" HEIGHT="27" WC="0.92" CONTENT="krigares"/><SP WIDTH="16" VPOS="1544" HPOS="774"/>
							<String ID="string_352" HPOS="790" VPOS="1544" WIDTH="50" HEIGHT="26" WC="0.92" CONTENT="värf,"/><SP WIDTH="17" VPOS="1544" HPOS="840"/>
							<String ID="string_353" HPOS="857" VPOS="1543" WIDTH="39" HEIGHT="21" WC="0.96" CONTENT="och"/>
						</TextLine>
					</TextBlock>
				</ComposedBlock>
			</PrintSpace>
		</Page>
	</Layout>
</alto>
