1073 1809
194 153 54 21 2782
382 158 159 18 Presteståndet
554 160 53 16 1877.
633 159 23 16 12
668 159 111 17 december.

164 233 26 15 en
206 226 138 28 värnepligtig
359 229 57 19 armé
438 228 33 20 att
487 227 47 21 icke
549 226 90 22 behöfva
653 226 67 22 räkna
734 226 73 22 ibland
821 226 45 21 sina
881 226 59 21 leder
954 226 31 20 in-

165 255 85 27 divider,
273 261 45 15 som
340 254 68 22 skulle
423 255 50 27 vilja
487 261 76 21 genom
584 254 203 28 utflyttningsrätten
802 255 137 26 undandraga
954 255 32 26 sig

164 283 32 22 sin
211 283 267 28 värnepligtsskyldighet.*
508 284 40 26 Jag
563 285 79 26 tycker,
658 286 32 19 att
705 284 40 21 den
760 290 46 15 som
818 283 37 21 vill
865 284 121 26 expatriera

164 312 40 27 sig,
220 312 46 27 den,
283 318 45 16 som
344 312 18 26 ej
372 312 63 28 hyser
450 318 58 16 mera
523 312 74 22 kärlek
611 312 33 22 för
659 313 36 21 sitt
716 312 122 26 fosterland,
854 314 27 20 än
896 314 32 20 att
942 312 43 22 han

163 341 82 22 lemnar
266 341 49 21 hem
336 341 39 21 och
396 341 124 27 fosterland,
543 340 55 23 blott
620 342 32 20 för
680 344 31 19 att
740 341 67 27 slippa
832 343 32 19 att
892 341 94 27 uppfylla

164 370 282 27 värnepligtsskyldigheten,
462 371 40 21 den
518 371 33 21 mä
566 376 65 22 gerna
640 370 60 28 flytta
715 370 49 22 bort
776 370 39 21 och
826 370 34 22 mä
871 376 47 16 man
930 372 55 20 ännu

164 399 71 27 skjuta
251 398 53 22 efter
318 399 84 21 honom.

232 456 89 22 Prosten
341 456 157 26 Rosengren
515 456 112 27 godkände
643 456 132 27 paragrafen,
791 456 27 21 dä
833 456 40 22 den
889 456 97 21 lemnade

164 483 113 28 tillräcklig
292 484 63 21 frihet
374 485 22 21 åt
417 484 106 22 individen
539 487 32 19 att
585 485 63 21 innan
665 485 35 21 det
715 485 131 24 kalenderår,
863 484 26 22 dä
905 484 41 22 han
962 487 23 19 är

164 513 143 22 underkastad
322 512 151 28 värnepligten,
487 513 62 28 flytta
564 516 29 19 ut.

232 570 110 23 Professor
380 577 113 15 Forsman:
523 571 40 26 Jag
575 571 35 21 vill
623 570 56 22 fästa
689 570 213 28 uppmärksamheten
914 571 70 27 derpä,

164 601 32 20 att
211 600 118 27 Kejserliga
344 600 158 26 propositionen
517 600 6 20 i
540 600 57 21 detta
613 600 96 21 afseende
725 600 39 21 har
779 599 116 27 föreslagit:
919 600 65 22 Finsk

163 628 113 22 undersäte
291 628 22 22 af
327 629 97 25 mankön,
440 635 45 15 som
500 628 47 28 fyllt
562 629 79 27 sjutton
656 629 29 26 är,
702 631 23 19 är
741 628 106 28 förbjudet
862 631 31 19 att
904 635 24 15 ur
942 630 43 20 lan-

164 658 36 21 det
221 657 60 28 flytta
304 658 63 21 innan
390 657 41 22 han
452 658 45 21 från
517 658 58 21 aktiv
591 658 137 26 tjenstgöring
744 657 80 22 befriad
840 659 43 25 är,"
900 658 18 21 d.
935 664 18 15 v.
970 665 14 15 s.

163 688 65 20 innan
250 687 41 21 han
313 686 94 28 fullgjort
428 687 32 21 sin
482 686 123 28 värnepligt.
635 686 112 22 Utskottet
768 686 40 22 har
826 687 76 21 ändrat
917 687 67 22 denna

164 716 99 26 paragraf
282 715 32 21 till
334 716 81 21 förmän
438 716 33 21 för
494 722 25 15 en
542 718 68 20 större
628 716 63 21 frihet
706 716 95 26 sälunda,
817 718 32 19 att
864 716 35 21 det
914 716 70 22 heter:

164 761 5 8 »
170 744 73 24 Finsk
258 744 112 22 undersäte
385 744 22 22 af
421 745 90 21 mankön
527 746 24 20 är
566 744 45 22 från
622 744 39 22 och
672 744 47 22 med
730 744 37 22 det
776 744 131 27 kalenderår,
918 745 68 21 under

164 772 82 23 hvilket
266 773 43 21 han
331 776 23 18 är
374 773 85 27 uppbää
482 774 149 25 underkastad,
653 773 105 27 förbjudet
780 776 32 18 att
827 779 25 15 ur
866 773 73 22 landet
953 776 33 19 ut-

164 801 81 27 flytta."
275 802 87 21 Således
377 803 57 20 ännu
449 802 27 21 dä
490 802 42 21 han
547 802 39 22 har
600 802 47 27 fyllt
662 802 24 21 21
703 802 30 26 är,
749 802 42 21 kan
807 802 41 22 han
864 802 84 27 utflytta
960 809 25 15 ur

165 830 81 26 landet;
271 836 47 16 men
342 831 35 21 det
399 830 91 28 följande
510 832 47 20 året
578 833 24 19 är
621 831 53 21 hans
695 833 48 23 eget
759 831 157 27 värnepligtsär,
932 831 53 22 hans

165 859 127 28 uppbädsär,
315 860 39 21 och
379 859 45 22 från
448 860 57 21 detta
528 860 34 21 års
581 860 74 26 början
670 860 67 21 måste
752 860 42 21 han
809 860 71 25 redan,
897 860 88 22 oaktadt

164 888 42 22 han
229 890 55 20 ännu
307 888 17 27 ej
343 889 40 21 har
406 888 112 27 undergätt
541 889 35 21 det
597 888 104 28 egentliga
715 888 114 27 uppbädet,
845 888 64 22 likväl
924 895 61 15 anses

165 916 123 28 disponibel.
319 918 41 20 Det
376 920 23 18 är
413 918 135 26 nödvändigt,
571 920 32 18 att
623 917 41 21 han
680 917 27 21 dä
722 917 119 27 gvarhälles
859 918 65 21 redan
940 918 46 21 der-

164 946 38 26 för,
219 947 32 21 att
265 946 42 22 han
322 946 36 21 vid
373 946 39 21 den
428 946 58 22 tiden
501 948 104 25 upptages
620 946 6 21 i
642 946 25 21 de
682 946 162 28 förteckningar,
859 952 45 16 som
919 946 65 27 gifvas

165 974 32 22 till
212 975 200 27 uppbädsnämnden
435 982 20 14 o.
470 981 17 15 s.
502 982 27 18 v.,
545 975 39 22 och
599 981 48 15 man
663 975 67 21 mäste
745 975 82 21 säledes
842 977 54 24 veta,
912 978 32 18 att
959 975 25 22 de

164 1010 101 20 personer
287 1004 106 26 verkligen
415 1004 73 26 finnas,
511 1010 45 16 som
580 1004 7 21 i
609 1004 60 21 dessa
691 1004 89 26 längder
804 1006 110 25 upptagas.
943 1004 43 22 Det

164 1033 61 27 tycks
240 1032 18 27 ej
271 1039 51 15 vara
337 1033 68 26 någon
427 1033 132 27 synnerligen
574 1034 45 20 stor
634 1032 151 26 inskränkning
800 1034 28 25 pä
843 1033 39 21 den
898 1039 86 21 person-

164 1061 42 26 liga
221 1060 96 27 friheten,
333 1063 32 19 att
382 1063 46 25 han,
442 1062 44 26 just
501 1064 39 18 när
555 1061 41 21 han
615 1061 54 21 skall
688 1061 83 21 inträda
786 1061 6 21 i
807 1061 101 27 fyllandet
924 1062 21 20 af
958 1068 26 14 en

164 1090 42 20 viss
228 1090 58 26 pligt,
310 1090 18 27 ej
351 1089 32 22 fär
405 1090 136 26 undandraga
561 1091 30 25 sig
607 1090 67 21 denna
689 1090 52 26 pligt
760 1090 2 20 i
779 1096 79 16 samma
874 1090 110 26 ögonblick

163 1124 76 20 genom
255 1118 127 27 utflyttning,
398 1119 26 21 dä
440 1118 67 22 denna
521 1118 122 28 utflyttning
659 1124 75 15 annars
750 1120 23 19 är
788 1118 82 21 tilläten
886 1119 54 21 ända
953 1118 31 22 till

165 1147 35 21 det
215 1146 135 22 kalenderärs
365 1147 79 27 början,
461 1148 67 20 under
543 1146 80 22 hvilket
638 1147 41 21 han
695 1148 24 20 är
733 1147 88 27 uppbäd
836 1147 148 21 underkastad.

163 1176 43 20 För
228 1175 68 27 öfrigt,
322 1175 68 22 skulle
411 1176 59 21 detta
491 1176 46 22 icke
551 1176 110 21 förorsaka
676 1175 71 25 oreda,
762 1175 67 21 skulle
842 1175 36 27 jag
893 1175 51 22 visst
958 1176 27 26 pä

163 1204 69 27 grund
254 1204 22 21 af
296 1204 27 22 de
344 1205 136 26 synpunkter,
503 1210 45 16 som
571 1206 84 25 prosten
677 1204 104 21 Borenius
800 1203 104 25 framhöll,
920 1210 65 20 gerna

163 1239 57 15 unna
242 1239 25 15 en
290 1233 66 21 sädan
378 1239 75 20 person
473 1235 33 19 att
523 1239 48 15 resa
585 1234 32 20 sin
632 1233 45 25 kos,
693 1238 48 16 men
754 1233 35 26 jag
805 1232 67 22 skulle
887 1233 7 21 i
909 1232 75 22 sädant

164 1261 36 22 fall
216 1262 92 26 tillägga,
324 1264 32 19 att
372 1261 125 27 han'aldrig
512 1262 35 21 mä
561 1262 85 21 komma
660 1261 95 22 tillbaka.

233 1319 61 22 Efter
314 1319 88 21 härmed
422 1318 92 22 afslutad
536 1318 117 22 diskussion
675 1318 134 22 framstäldes
828 1319 92 27 följande
934 1325 50 21 pro-

163 1348 100 26 position:

233 1402 127 22 Godkännes
382 1402 159 28 ifrågavarande
557 1402 10 28 &
583 1403 12 20 8
617 1402 51 21 eller
690 1402 61 22 icke?
779 1402 80 22 Vinner
881 1403 39 27 nej,
944 1403 38 21 har

164 1432 92 26 ständet,
271 1432 6 20 i
293 1432 66 21 likhet
374 1431 47 22 med
437 1435 141 23 reservanten,
597 1430 70 28 grefve
683 1430 95 26 Armfelt,
793 1431 56 23 velat
864 1433 118 20 utmönstra

163 1460 130 28 paragrafen.

231 1518 130 22 Besvarades
384 1518 48 22 med
452 1517 153 27 öfvervägande
617 1518 30 27 ja,
661 1518 86 22 hvarför
761 1518 83 22 säledes
858 1519 124 27 paragrafen

164 1548 22 22 af
200 1547 84 23 ständet
300 1546 126 23 oförändrad
442 1546 111 28 godkänts.
