1078 1803
326 147 160 19 Presteståndet
498 149 57 17 1878.
577 150 14 16 4
601 149 89 21 januari.
835 143 54 21 3141

216 284 146 34 Fredagen
380 285 56 26 den
453 285 19 26 4
489 284 121 28 Januari
627 284 39 27 kl.
684 285 27 25 11
728 285 19 26 f.
765 292 35 19 m.

166 363 172 23 Sammanträdet
361 364 108 28 öppnades
491 365 48 21 med
565 364 42 22 bön
627 365 28 27 på
680 364 90 22 svenska
791 364 85 28 språket
897 364 23 23 af

98 392 77 22 doktor
191 393 101 27 Lampén.

165 456 47 28 Vid
217 458 106 25 uppropet
333 456 142 22 antecknades
485 457 70 21 såsom
563 456 139 21 frånvarande
710 458 87 25 prosten
804 456 112 28 Bergroth,

97 486 74 26 pastor
198 485 63 25 Öller,
284 487 87 25 prosten
393 485 112 26 Helander,
529 487 73 25 pastor
624 485 135 21 Westerlund
782 485 39 21 och
843 486 73 21 rektor

97 514 105 24 Hallstén,
219 514 41 20 alla
275 514 49 20 med
339 514 95 21 ståndets
450 514 130 27 begifvande.

166 662 133 27 Föredrogos
321 661 94 28 följande
437 664 78 20 tvänne
537 663 34 20 till
592 662 84 22 ståndet
694 663 101 21 inkomna
813 668 105 16 samman-

95 690 211 28 jemkningsförslag:

166 754 215 21 ekonomiutskottets
402 753 80 28 förslag
501 754 33 21 till
555 754 204 26 sammanjemkning
773 753 22 21 af
809 754 26 21 de
850 753 66 21 delvis

97 781 121 28 skiljaktiga
234 782 76 26 beslut,
325 782 60 22 hvari
401 782 89 22 stånden
505 784 85 20 stannat
605 782 35 21 vid
655 782 129 27 behandling
799 782 24 21 af
833 782 83 22 utskot-

97 812 42 20 tets
155 811 134 21 betänkande
304 811 7 21 i
327 811 113 27 anledning
455 811 22 21 af
493 812 26 20 H.
535 811 26 21 K.
578 811 49 21 M:ts
641 811 77 27 nådiga
733 810 132 28 proposition
880 817 35 15 om

97 839 115 22 förändrad
234 840 79 26 lydelse
334 840 23 21 af
375 840 11 27 $
408 840 26 21 55
454 840 7 21 i
482 840 79 27 nådiga
580 839 150 28 förordningen
746 840 22 20 af
782 840 39 21 den
837 841 12 19 9
865 840 51 21 Juni

99 869 61 25 1873,
181 868 109 27 angående
312 868 142 28 tillverkning,
477 868 132 28 försäljning,
630 868 77 28 upplag
729 868 40 22 och
792 868 88 27 forsling
894 868 24 22 af

96 897 96 27 bränvin,
208 900 55 18 samt

166 956 153 20 sammansatta
339 954 44 27 lag-
404 954 39 22 och
465 955 214 21 ekonomiutskottets
701 955 66 21 andra
789 954 80 28 förslag
884 954 34 22 till

97 984 204 26 sammanjemkning
322 983 23 21 af
363 984 26 20 de
409 983 122 27 skiljaktiga
552 983 76 27 beslut,
644 983 60 21 hvari
724 984 89 21 stånden
832 984 86 20 stannat

96 1012 36 21 vid
152 1012 129 28 behandling
301 1012 23 21 af
342 1012 26 21 H.
390 1012 25 21 K.
436 1012 51 21 M:ts
507 1012 78 26 nådiga
599 1012 131 27 proposition
746 1012 110 28 angående
870 1018 47 21 reg-

96 1041 69 27 lering
187 1041 21 21 af
231 1041 170 27 presterskapets
423 1040 93 27 aflöning
537 1041 8 21 i
567 1040 83 23 landets
673 1041 245 27 evangelisk-lutherska

97 1069 155 27 församlingar.

166 1125 30 22 På
216 1126 72 21 derom
307 1126 61 27 gjord
388 1126 157 27 framställning
565 1126 70 22 blefvo
656 1126 61 21 dessa
733 1125 79 28 förslag
828 1125 62 27 lagda
904 1125 14 21 å

97 1154 76 22 bordet
189 1155 32 21 till
237 1155 168 27 morgondagens
420 1155 92 27 plenum.

165 1302 41 22 Till
220 1303 118 21 kännedom
354 1303 125 27 föredrogos
494 1303 93 27 följande
601 1302 47 22 från
663 1302 138 22 medstånden
816 1302 100 22 inkomna

96 1332 206 27 protokollsutdrag:

164 1388 41 28 1:0)
228 1388 46 22 från
297 1388 114 28 höglofliga
433 1388 148 28 ridderskapet
604 1388 39 22 och
665 1388 62 22 adeln
749 1388 22 26 a)
791 1387 24 22 af
833 1388 39 21 den
889 1389 26 20 29

95 1417 97 22 sistlidne
208 1417 117 25 december,
341 1418 45 20 deri
402 1417 85 22 ståndet
501 1418 142 25 underrättar,
658 1419 33 19 att
706 1418 36 20 det
757 1416 33 22 till
804 1416 43 21 alla
857 1416 59 22 delar

95 1445 83 26 antagit
188 1445 107 21 allmänna
305 1445 204 21 besvärsutskottets
519 1444 295 27 sammanjemkningsförslag
824 1444 7 20 i
841 1443 75 27 frågan

95 1479 34 15 om
150 1472 69 22 finska
234 1473 223 26 fruntimmersskolor,
474 1473 39 21 och
529 1473 23 21 af
565 1473 40 21 den
621 1474 12 19 2
649 1473 79 21 dennes
743 1472 47 21 med
804 1471 112 22 tillkänna-

95 1501 105 28 gifvande,
215 1503 32 20 att
264 1501 85 22 ståndet
363 1501 23 28 b)
401 1501 48 22 med
465 1501 155 28 godkännande
634 1501 24 22 af
672 1500 244 28 bevillningsutskottets

95 1530 204 28 sammanjemkning
320 1531 7 21 i
349 1530 74 28 frågan
444 1537 34 15 om
493 1537 28 21 ny
535 1530 125 27 förordning
674 1536 34 15 om
724 1529 192 28 stämpelpappers-
