1075 1809
219 144 56 21 2360
396 148 160 19 Presteståndet
568 150 54 16 1877.
647 150 9 16 1
669 150 113 16 december.

192 218 92 24 557,700
304 218 67 26 mark,
392 218 35 21 det
446 218 28 20 då
494 218 67 21 måste
580 217 101 22 förändra
695 218 38 20 sitt
748 216 80 28 förslag
843 223 34 15 om
892 223 41 21 nya
948 217 64 27 bygg-

191 246 67 22 nader
271 246 8 21 i
294 246 218 22 öfverensstämmelse
527 246 92 26 dermed,
635 246 51 22 eller
701 246 64 22 också
780 248 52 24 göra
846 246 79 26 förslag
939 252 34 15 om
986 252 27 15 en

191 274 66 27 högre
272 274 214 27 bevillningssumma.

260 332 90 21 Prosten
376 331 102 28 Hjelt:
508 331 175 22 Statsutskottets
705 331 49 22 hela
777 331 130 22 bemödande
929 331 40 21 har
988 331 25 27 ju

192 361 119 26 egentligen
326 360 48 28 gätt
389 363 23 18 ut
427 361 27 26 pä
469 362 32 19 att
515 361 50 23 visa,
581 360 71 21 hvilka
668 360 142 27 statsutgifter
825 361 72 20 kunna
910 360 22 21 af
943 361 70 20 staten

191 389 48 22 med
261 389 47 22 dess
329 389 115 22 inkomster
465 389 104 21 bestridas
591 389 38 21 och
645 389 32 21 till
691 389 71 21 hvilka
777 389 115 26 bevillning
907 388 107 22 behöfvas.

191 418 31 27 Ty
236 418 115 27 bevillning
371 418 42 21 kan
432 417 46 22 icke
493 417 61 22 äskas
569 417 22 22 af
605 418 119 27 ständerna,
740 424 34 15 om
790 417 36 22 det
840 417 46 22 icke
901 417 113 22 förefinnes

192 447 54 21 brist
261 448 6 21 i
282 447 138 22 statskassan.
445 447 42 21 Det
502 449 23 19 är
541 447 39 21 den
596 447 107 21 allmänna
718 447 192 21 statsekonomiska
924 447 88 26 princip,

191 481 45 16 som
252 476 6 21 i
274 478 23 25 ty
312 475 37 22 fall
365 477 25 20 är
403 475 105 27 gällande.
537 475 78 22 Derför
629 475 39 22 har
683 475 159 22 statsutskottet
857 475 25 21 sä
896 481 61 21 noga,
967 481 46 16 som

191 505 89 27 möjligt,
303 505 57 21 velat
381 505 95 21 beräkna
499 505 26 21 de
547 504 119 27 tillgängar,
683 511 45 16 som
748 506 70 20 staten
838 505 66 21 under
919 505 40 21 den
974 504 38 22 föl-

189 533 64 27 jande
269 533 40 22 fem
324 534 36 21 års
374 533 100 27 perioden
487 533 37 22 har
534 535 32 20 att
576 533 100 27 päräkna.
702 533 99 22 Endast
790 529 10 36 i
812 534 36 21 det
858 533 44 26 fall,
913 535 32 20 att
955 534 26 21 de
991 533 25 21 af

191 563 160 20 statsutskottet
362 562 117 27 uppgjorda
488 562 170 27 beräkningarna
668 563 45 20 icke
722 565 37 18 äro
768 561 199 26 tillfredsställande,
975 564 38 20 äro

191 591 98 26 oriktiga,
307 593 25 19 är
351 591 40 21 den
407 590 22 22 af
449 591 159 22 statsutskottet
623 597 28 16 nu
667 591 125 22 framstälda
807 591 104 22 klämmen
928 591 84 26 oriktig.

189 619 50 22 Med
261 622 31 19 ett
312 621 45 25 ord,
378 619 44 22 ifall
440 620 36 21 det
491 620 42 21 kan
548 620 61 25 visas,
625 622 32 19 att
672 621 5 20 i
693 620 170 21 statsutskottets
878 620 136 21 betänkande

191 648 133 22 förekomma
339 648 100 27 felaktiga
455 649 139 26 beräkningar
609 649 40 21 och
664 651 31 19 att
711 651 81 19 statens
806 648 114 27 tillgångar
932 649 6 20 i
951 649 62 21 verk-

190 677 95 27 ligheten
311 677 18 27 ej
352 680 38 19 äro
412 677 24 22 sä
461 679 65 25 stora,
548 683 45 16 som
617 678 25 21 de
664 677 23 22 af
706 677 160 22 statsutskottet
891 678 122 24 beräknats,

190 707 75 21 endast
285 706 27 21 dä
333 706 39 21 bör
392 705 92 22 tillskott
498 706 22 21 af
534 706 114 21 ständerna
663 706 73 27 gifvas.
767 707 42 21 Det
824 708 24 19 är
863 706 38 21 ock
917 707 22 21 af
953 707 61 21 detta

190 735 53 27 skäl,
259 741 44 15 som
323 735 59 21 detta
397 735 134 22 betänkande
545 735 80 21 inledes
642 735 46 22 med
705 741 25 16 en
746 735 72 28 kalkyl
833 735 59 22 öfver
906 735 106 26 hurudan,

191 764 65 27 enligt
271 765 171 20 statsutskottets
457 764 61 27 äsigt,
534 767 80 19 statens
629 764 111 22 financiela
754 765 101 26 ställning
869 765 96 21 kommer
979 766 34 19 att

189 793 92 26 gestalta
300 793 32 26 sig
352 793 67 21 under
439 799 28 15 nu
481 793 103 27 ingäende
599 793 41 22 fem
657 793 34 22 ärs
705 793 81 28 period,
802 795 38 20 och
857 794 68 21 denna
940 793 71 28 kalky!

190 822 63 27 visar,
268 822 71 21 hvilka
355 821 87 22 arbeten
454 822 72 21 kunna
538 823 47 21 med
598 824 81 19 statens
691 823 114 26 tillgångar
815 823 111 21 bestridas.
951 822 61 22 Hvad

189 851 101 21 särskildt
305 851 131 21 vidkommer
450 851 167 27 fängelsefrågan
633 857 62 21 synes
710 852 65 21 redan
791 853 77 20 tvänne
883 851 22 22 af
917 851 26 22 de
955 851 56 22 före-

189 880 81 26 gående
292 879 95 22 talarene
406 879 64 22 hafva
488 880 64 27 yrkat
572 880 33 27 på,
626 882 32 19 att
679 880 41 21 den
734 880 74 27 frågan
824 881 68 21 skulle
907 882 106 25 upptagas

189 909 54 21 först
258 909 65 21 sedan
339 909 69 20 denna
424 909 56 21 kläm
496 908 66 22 blifvit
577 908 88 28 afgjord,
680 909 85 22 hvarför
773 909 37 28 jag
820 909 46 22 icke
877 911 56 20 ännu
943 909 70 22 skulle

189 937 50 27 vilja
254 937 77 22 beröra
346 937 128 22 densamma.

258 995 142 26 Domprosten
421 995 115 22 Renvall:
566 995 33 21 Då
621 995 165 26 godkännandet
802 995 21 22 af
844 996 168 21 utskottsbetän-

188 1023 91 22 kandets
298 1023 198 28 budgetberäkning
517 1023 32 22 för
567 1024 106 21 allmänna
694 1024 132 22 statsfonden
850 1025 61 21 beror
925 1025 24 20 af
962 1025 52 26 god-

188 1052 123 21 kännandet
326 1052 21 22 af
361 1053 61 20 äfven
435 1053 26 20 de
473 1053 104 21 särskilda
590 1052 102 27 kalkyler,
704 1059 46 15 som
761 1053 105 22 utskottet
877 1053 38 22 har
926 1053 87 26 lemnat,

188 1087 63 16 anser
270 1081 37 27 jag
329 1081 132 27 nödvändigt
481 1084 32 19 att
534 1082 64 21 också
619 1082 39 21 den
679 1081 66 22 första
765 1082 27 27 på
808 1083 38 20 sid.
862 1083 26 21 25
903 1084 110 25 upptagna

188 1109 99 28 kalkylen
303 1110 91 21 rörande
409 1109 142 22 statsfondens
567 1110 120 27 skyldighet
701 1112 33 20 att
748 1110 91 22 betäcka
851 1111 116 26 utgifterna
979 1111 34 21 för

187 1138 222 27 fängelsebyggnaden
431 1139 7 21 i
454 1139 131 26 Helsingfors
598 1139 66 27 jemte
679 1139 36 21 det
731 1140 80 27 anslag,
826 1146 44 15 som
887 1140 26 27 på
929 1140 38 21 sid.
984 1140 29 21 30

188 1169 25 19 är
235 1167 113 26 föreslaget
371 1170 32 19 att
425 1174 75 20 genom
520 1167 195 27 bevillningsmedel
736 1168 69 22 skulle
825 1169 188 26 sammanbringas,

187 1196 106 27 nämligen
308 1197 93 25 557,700
416 1196 67 26 mark,
499 1196 68 21 måtte
581 1197 85 20 komma
681 1197 33 20 till
730 1197 47 20 tals.
797 1197 41 26 Jag
849 1199 23 19 är
883 1197 130 26 fullkomligt

188 1230 50 15 ense
253 1231 34 14 om
303 1224 38 21 allt
357 1225 43 25 det,
415 1231 44 15 som
476 1225 73 21 rektor
564 1225 100 21 Kihlman
680 1225 39 21 här
734 1226 103 25 uttalade,
852 1226 91 21 rörande
954 1226 58 21 såväl

188 1253 136 21 erkännande
346 1253 22 22 af
388 1253 117 22 utskottets
528 1253 54 22 både
603 1253 69 27 möda,
687 1254 75 21 besvär
778 1255 38 21 och
833 1255 62 26 insigt
910 1255 34 20 vid
960 1260 52 22 upp-

187 1281 104 26 görandet
314 1282 23 21 af
357 1282 60 21 detta
439 1282 208 27 finansbetänkande,
671 1289 45 15 som
740 1283 60 22 äfven
823 1283 132 26 svårigheten
979 1283 35 21 för

187 1310 106 21 utskottet
307 1312 34 19 att
355 1310 73 21 kunna
442 1311 34 20 för
491 1317 25 15 en
532 1311 40 21 fem
589 1311 34 21 års
639 1311 74 27 period
728 1318 79 20 nogare
820 1313 39 20 och
871 1314 104 23 närmare,
985 1313 28 19 än

187 1345 46 14 som
249 1339 63 24 skett,
328 1339 96 20 beräkna
438 1341 82 19 statens
535 1340 88 25 utgifter
635 1339 40 21 och
687 1340 123 21 inkomster.
837 1341 49 20 Men
896 1341 7 20 i
914 1340 99 21 afseende

187 1366 13 21 å
216 1367 39 20 den
271 1366 95 24 slutsats,
382 1367 32 20 till
429 1366 84 21 hvilken
530 1367 71 20 rektor
616 1367 100 21 Kiblman
728 1367 56 27 kom,
795 1370 24 19 är
828 1368 36 26 jag
874 1369 48 20 med
933 1368 80 21 honom

187 1400 70 15 oense.
286 1395 42 20 Det
349 1397 25 18 är
388 1395 123 26 visserligen
527 1397 54 25 sant,
597 1397 32 18 att
644 1395 41 20 den
699 1396 29 27 på
742 1396 33 21 sid
790 1397 27 20 25
833 1398 108 25 upptagna
956 1402 55 15 sum-

185 1429 49 15 man
251 1422 31 22 till
298 1423 219 28 fängelsebyggnaden
533 1424 6 21 i
555 1423 139 28 Helsingfors,
711 1425 113 25 1,670,000
839 1425 67 27 mark,
919 1425 39 21 och
971 1425 41 21 den

186 1451 28 28 pä
229 1451 38 22 sid.
284 1453 27 20 30
326 1452 176 21 förekommande
517 1458 95 15 summan
629 1453 22 20 af
665 1454 93 24 557,700
773 1454 61 21 mark
849 1455 74 26 utgöra
940 1454 36 21 det
991 1453 24 22 af

186 1481 103 27 styrelsen
312 1481 80 21 äskade
413 1481 116 21 tillskottet
552 1481 33 22 för
607 1481 209 27 fängelseväsendets
838 1483 145 26 organisation
1004 1483 7 20 i

185 1510 80 25 landet,
289 1510 113 25 2,227,700
425 1510 67 21 mark.
523 1510 47 21 Men
594 1511 33 21 att
649 1517 48 15 man
722 1510 60 22 deraf
797 1511 41 22 kan
854 1512 55 21 sluta
925 1512 39 26 till,
979 1514 33 19 att

185 1538 90 22 sälunda
297 1541 81 19 statens
398 1539 107 21 allmänna
526 1539 68 21 medel
609 1539 68 21 skulle
693 1540 66 22 förslä
774 1542 33 20 att
822 1541 47 21 med
884 1540 93 22 tillskott
991 1540 24 22 af
