1100 1803
214 157 55 20 2958
386 161 160 17 Presteståndet
558 162 53 17 1877.
636 161 23 17 18
672 162 112 17 december.

185 229 118 27 Kejserliga
318 229 100 27 Majestät
433 235 28 14 nu
476 229 39 20 har
530 229 91 27 förelagt
635 229 73 26 frågan
724 229 32 21 till
772 229 125 21 ständernas
909 229 99 27 pröfning

184 258 68 21 måste
267 258 34 21 väl
317 265 51 14 vara
383 259 46 24 den,
442 259 32 19 att
486 257 59 21 Hans
556 257 117 28 Kejserliga
683 257 100 27 Majestät
793 258 54 21 först
857 257 66 27 ansåg
933 257 73 27 frågan

188 293 48 14 vara
256 287 23 20 af
299 293 25 14 en
346 285 33 22 för
399 286 82 21 landets
496 286 43 20 alla
553 286 147 21 förhållanden
714 286 179 27 genomgripande
909 286 44 26 vigt
968 287 38 20 och

184 317 33 20 att
239 315 39 21 den
303 315 107 26 verkligen
433 320 43 20 var,
499 314 32 21 till
553 315 68 26 någon
643 314 33 22 del
696 314 135 27 åtminstone,
847 314 24 22 af
883 315 123 26 grundlags-

184 343 152 21 beskaffenhet.
371 343 67 27 Eljest
460 343 54 20 hade
537 343 60 21 Hans
619 343 118 27 Kejserliga
759 343 101 26 Majestät
879 343 25 27 ju
926 343 81 21 kunnat

184 372 68 21 ordna
267 372 158 26 krigsväsendet
440 371 7 21 i
462 371 47 21 vårt
523 372 49 20 land
588 372 69 20 såsom
673 370 41 22 han
730 371 34 21 för
778 372 51 25 godt
844 372 71 23 funne,
931 371 75 21 liksom

185 402 41 19 ban
247 400 38 21 har
300 400 56 27 gjort
372 400 35 21 det
423 400 26 21 då
465 399 41 21 han
522 400 39 20 har
577 400 102 21 anbefallt
694 400 81 20 indelta
790 400 116 21 militärens
921 402 86 24 uppsät-

184 429 64 21 tande
259 430 51 20 utan
321 431 32 19 ati
364 428 85 22 rådföra
461 428 32 26 sig
504 428 6 21 i
521 428 88 22 ärendet
619 429 48 21 med
675 428 121 21 ständerna.
817 428 32 22 Då
858 428 41 22 han
907 434 28 15 nu
943 428 64 21 likväl

183 460 39 24 gör
233 458 42 24 det,
284 459 37 19 äro
329 458 114 20 ständerna
451 456 127 27 fullkomligt
586 457 97 27 skyldiga
690 458 32 20 att
730 456 56 27 gifva
794 462 48 16 svar
849 457 28 27 på
885 457 74 27 frågan
967 457 39 21 och

184 486 61 21 äfven
257 486 129 26 fullkomligt
396 485 39 21 fria
446 488 32 18 att
487 487 61 25 säga:
560 486 6 20 i
577 486 26 20 de
615 486 39 20 och
666 486 24 21 de
702 486 93 26 punkter
806 485 63 22 berör
878 486 74 26 frågan
962 486 44 26 gäl-

185 515 62 21 lande
262 514 104 27 grundlag
382 514 40 21 och
437 514 65 26 enligt
517 515 125 20 ständernas
657 514 137 27 uppfattning
809 520 50 15 vore
874 514 36 22 det
925 514 82 21 således

183 543 256 27 grundlagsstadganden,
453 543 32 21 till
499 543 81 21 hvilkas
595 543 114 27 afgörande
723 542 57 21 inom
795 543 115 21 ständerna
923 542 84 22 fordras

184 571 42 22 alla
237 572 45 27 fyra
293 572 100 21 ständens
405 572 63 21 bifall.
492 572 41 21 Det
541 578 62 20 synes
611 573 42 25 mig
662 571 70 22 derför
742 578 49 14 vara
799 572 88 21 alldeles
896 571 112 26 obehörigt

184 603 33 18 att
238 601 27 26 på
284 600 26 21 de
324 600 100 27 grunder,
439 607 45 14 som
501 601 77 21 doktor
593 601 125 20 Nordström
734 600 95 26 anförde,
845 600 70 21 tillåta
930 601 31 26 sig
976 603 32 18 ett

184 629 92 27 uppskof
289 629 31 22 uti
336 629 129 27 afgifvandet
480 629 22 21 af
515 629 36 21 det
567 635 52 19 svar,
636 635 45 15 som
697 629 60 21 Hans
772 629 120 27 Kejserliga
907 629 101 27 Majestät

184 658 89 21 fordrar.
302 657 43 22 Det
366 664 50 15 vore
431 657 44 22 helt
491 660 63 19 annat
570 664 34 15 om
619 658 115 21 ständerna
749 657 55 22 hade
819 657 89 22 kommit
923 658 33 21 till
971 659 37 20 det

184 687 96 25 resultat,
303 688 32 19 att
359 687 25 20 de
404 686 45 21 icke
470 687 71 21 kunde
561 689 79 24 antaga
658 687 77 26 nådiga
751 687 157 26 propositionen
925 687 38 20 och
980 686 26 21 då

185 715 80 27 begärt,
287 717 31 19 att
338 715 59 21 Hans
418 715 101 26 Majestät
539 717 6 19 i
567 715 66 21 nåder
651 715 47 21 ville
714 715 116 26 framlägga
845 721 25 15 en
886 722 27 20 ny
928 721 78 21 propo-

185 744 69 20 sition.
275 744 35 21 Nu
325 743 40 21 har
380 744 117 20 emellertid
514 744 35 21 det
564 744 45 20 icke
625 744 55 20 varit
694 743 70 26 fallet;
781 750 28 14 nu
824 744 38 20 har
877 744 40 20 den
930 750 76 20 propo-

183 772 90 22 sitionen
289 773 6 21 i
311 773 40 21 den
368 772 143 27 bearbetning,
527 779 45 15 som
588 772 22 21 af
624 772 105 21 utskottet
745 774 23 19 är
783 772 68 27 gjord,
863 773 74 21 vunnit
947 773 59 21 detta

184 801 73 21 stånds
273 800 39 22 och
329 801 66 27 några
410 801 66 21 andra
492 801 73 21 stånds
581 800 69 26 bifall;
666 807 27 15 nu
709 801 67 26 gäller
792 802 35 20 det
842 803 33 19 att
887 802 6 20 i
905 801 36 21 det
951 807 55 21 svar,

184 836 45 14 som
250 830 28 26 på
297 830 68 26 grund
386 830 61 20 deraf
466 830 93 27 afgifves,
579 831 52 25 göra
648 830 6 20 i
670 830 170 26 underdånighet
855 830 26 20 de
895 829 110 26 förbehåll,

184 858 26 21 de
226 858 127 28 önskningar
368 858 103 27 gällande,
483 864 46 16 som
539 859 101 26 derjemte
651 858 61 21 hafva
723 858 144 22 framkommit
877 859 34 20 vid
921 859 85 25 frågans

184 887 133 26 behandling.
339 888 42 20 Det
397 887 88 25 utskott,
501 893 44 15 som
562 887 39 21 har
613 886 116 22 behandlat
741 887 80 26 frågan,
833 887 38 21 har
884 887 121 27 visserligen

183 916 49 21 med
254 916 46 21 icke
323 916 76 26 många
421 916 38 20 ord
482 916 119 26 motiverat,
623 915 85 21 hvarför
731 916 36 20 det
788 916 65 27 ansåg
869 916 61 21 dessa
944 922 60 20 para-

183 944 70 26 grafer
275 944 107 21 innehålla
403 944 253 27 grundlagsstadganden,
679 950 47 14 men
749 944 64 21 likväl
836 945 39 21 har
895 945 35 20 det
950 945 56 21 ändå

184 973 31 20 uti
236 974 26 20 de
283 973 21 21 få
325 974 45 25 ord,
391 979 45 15 som
457 974 35 20 det
508 976 53 24 sagt,
577 974 68 20 såsom
661 973 42 26 mig
720 979 68 20 synes,
805 973 123 26 tillräckligt
942 974 62 20 moti-

184 1004 60 18 verat
263 1001 87 21 hvarför
371 1001 35 22 det
425 1008 66 20 gerna
512 1002 67 21 skulle
600 1008 29 20 se,
645 1003 32 19 att
693 1002 115 20 ständerna
823 1002 68 22 skulle
907 1002 99 20 betrakta

184 1031 62 20 dessa
268 1030 124 27 paragrafer
412 1030 42 21 alla
477 1030 51 22 eller
551 1031 26 20 de
597 1030 62 21 flesta
680 1030 50 21 eller
745 1030 99 26 möjligen
860 1030 65 22 också
940 1030 66 26 några

184 1058 66 22 andra
272 1058 101 27 derjemte
394 1059 68 21 såsom
482 1058 253 27 grundlagsstadganden.
766 1058 111 22 Utskottet
897 1061 61 23 säger
972 1061 33 19 att

184 1087 50 24 det
252 1087 37 21 har
308 1087 70 26 utgått
394 1087 45 21 från
455 1087 40 21 den
510 1087 112 27 synpunkt,
638 1089 33 19 att
687 1087 31 20 till
734 1087 27 20 de
778 1087 53 21 först
847 1087 91 22 berörda
953 1087 53 20 böra

183 1115 99 21 hänföras
304 1115 25 21 de
352 1115 127 26 paragrafer,
501 1121 45 15 som
566 1115 107 21 innehålla
694 1115 25 21 de
735 1115 162 28 hufvudsakliga
912 1115 92 21 bestäm-

182 1144 103 26 ningarna
300 1144 90 21 rörande
406 1144 178 26 medborgarenas
599 1144 23 21 af
630 1144 40 21 den
682 1149 40 21 nya
732 1143 156 28 härordningen
899 1144 106 21 beroende

183 1171 126 28 rättigheter
330 1172 40 21 och
391 1172 149 27 skyldigheter,
560 1173 106 20 äfvensom
688 1173 26 20 de
734 1173 131 25 stadganden
885 1172 71 22 hvilka
970 1173 33 20 till

182 1201 52 26 följd
254 1200 23 21 af
296 1200 31 21 sin
349 1201 108 26 betydelse
477 1201 6 20 i
507 1201 62 26 öfrigt
590 1201 84 20 ansluta
689 1201 32 26 sig
736 1201 33 20 till
785 1201 104 22 likartade
904 1201 77 27 lagbud
997 1201 7 20 i

181 1229 217 27 Regeringsformen”.
428 1229 109 22 Professor
553 1229 110 21 Ehrström
680 1229 38 22 har
732 1235 29 15 nu
777 1229 54 22 visat
845 1231 33 20 att
893 1230 62 21 dessa
966 1229 39 21 här

182 1258 128 21 omnämuda
331 1258 123 26 paragrafer
473 1258 79 22 enhvar
567 1259 84 20 ausluta
667 1259 30 25 sig
712 1258 33 22 till
760 1258 81 27 lagrum
857 1259 6 21 i
878 1259 126 27 Regerings-

182 1287 90 26 formen;
289 1287 81 21 således
385 1293 75 19 genom
476 1288 61 20 deras
551 1287 88 21 formela
652 1287 145 21 beskaffenhet
811 1288 7 20 i
829 1287 35 21 det
875 1288 129 20 hänseendet

183 1315 39 21 och
245 1322 74 20 genom
343 1315 61 21 deras
426 1316 45 21 inre
495 1315 144 22 beskaffenhet
661 1315 39 22 har
714 1316 107 21 utskottet
836 1318 71 19 ansett
922 1318 31 19 att
969 1316 35 20 det

181 1350 51 13 vore
252 1344 33 20 för
301 1344 99 20 nationen
417 1344 74 25 vigtigt
506 1350 33 14 om
555 1345 62 19 dessa
632 1344 68 20 skulle
716 1344 111 20 betraktas
842 1345 69 19 såsom
926 1344 78 26 grund-

183 1371 178 26 lagsstadganden
377 1371 39 20 och
431 1373 32 19 att
477 1371 60 21 Hans
552 1371 119 26 Kejserliga
682 1371 99 26 Majestät
792 1372 133 26 naturligtvis
936 1372 67 20 skulle

182 1399 47 21 dela
245 1399 58 21 detta
319 1399 178 21 betraktelsesätt.
517 1400 62 20 Hvad
593 1399 47 21 åter
656 1400 39 20 den
710 1400 68 21 första
794 1399 60 21 delen
867 1400 22 20 af
898 1400 105 20 klämmen

181 1427 100 22 beträffar
297 1428 22 21 så
335 1428 67 26 ligger
417 1428 30 21 uti
463 1428 36 21 det
514 1428 116 25 uttalande,
647 1434 43 15 som
707 1428 36 21 der
759 1430 68 25 göres,
843 1430 30 19 ett
888 1428 24 21 så
927 1428 77 27 tydligt

181 1456 39 21 och
242 1456 56 21 klart
314 1456 102 21 förbehåll
432 1456 13 21 &
459 1457 124 21 ständernas
599 1457 45 20 sida
659 1457 33 21 för
707 1457 154 27 värnepligtens
877 1458 126 26 antagande,

181 1488 32 18 att
229 1485 35 22 det
279 1485 34 22 väl
329 1485 47 22 icke
392 1491 65 20 gerna
472 1485 41 22 kan
529 1486 47 21 dess
591 1486 104 26 tydligare
710 1486 87 21 uttalas.
