1098 1800
312 146 161 18 Presteståndet
485 147 54 17 1877.
564 148 23 16 14
600 148 111 16 december.
844 142 54 22 2831

106 216 86 19 senaten
214 215 7 20 i
244 214 70 27 dylika
336 215 38 20 fall
397 215 68 21 skulle
487 218 52 24 göra
562 215 151 28 framställning
738 223 34 14 om
794 216 99 21 behofvet
908 216 22 21 af

105 242 66 22 sådan
186 242 71 27 öfning
272 243 40 21 och
324 243 121 21 inkallande
460 243 33 22 till
509 243 76 27 öfning.

173 300 141 25 Domprosten
327 299 128 22 Renvall:
474 299 81 22 Genom
566 301 40 20 den
618 299 149 28 organisation,
776 307 45 14 som
830 307 97 15 reserven

105 328 64 27 enligt
191 329 115 20 utskottets
323 328 79 27 förslag
416 328 89 25 erhållit,
523 328 135 27 hvarigenom
673 334 96 16 reserven
786 328 31 21 till
833 332 44 18 stor
893 329 34 21 del

104 357 96 21 kommer
221 358 32 19 att
276 356 61 22 bestå
359 357 22 21 af
393 356 132 27 fullständigt
547 357 72 22 öfvadt
639 357 49 26 folk,
705 357 84 22 hvartill
804 357 124 27 ytterligare

104 385 96 22 kommer
222 387 32 19 att
276 391 97 16 reserven
389 385 46 26 sjelf
451 386 39 21 har
505 386 45 21 sina
565 385 165 28 mötesöfningar
744 386 40 21 och
800 386 40 21 den
856 386 72 21 aktiva

104 414 72 21 armén
198 414 7 21 i
227 413 99 27 krigstrid
355 414 75 21 endast
457 420 74 21 genom
558 420 97 16 reserven
676 414 122 26 förstärkes,
821 416 51 19 utan
896 417 32 19 att

103 442 136 22 landtvärnet
260 441 69 22 dertill
352 443 110 26 begagnas,
481 445 52 19 enär
547 443 134 22 landtvärnet
697 443 55 21 blott
767 443 111 27 begagnas,
894 443 33 21 för

104 474 32 19 att
162 471 93 22 formera
282 471 105 22 särskilda
417 472 23 21 sä
469 471 84 22 kallade
584 471 247 27 landtvärnsbataljoner,
857 471 6 21 i
891 472 36 21 det

104 499 36 22 fall
164 502 38 24 att,
226 505 45 16 som
296 499 7 21 i
328 499 91 27 följande
444 501 99 26 paragraf
566 503 60 23 säges
653 501 31 20 ett
708 499 105 27 fiendtligt
837 499 58 22 infall
920 501 6 20 i

103 528 73 22 landet
202 527 106 22 erfordrar
334 528 145 21 landtvärnets
505 529 84 26 uppbäd
618 529 31 20 till
677 529 180 21 fäderneslandets
884 529 42 21 för-

104 563 53 21 svar,
187 557 60 21 torde
274 556 39 21 den
340 563 28 14 nu
393 557 118 27 föreslagna
541 557 97 27 öfningen
669 557 21 21 af
711 557 133 21 landtvärnet
875 563 51 15 vara

104 585 128 27 Ofverflödig,
254 585 127 27 isynnerhet,
402 591 45 16 som
465 585 6 21 i
487 591 79 17 samma
582 585 100 27 paragraf
696 585 132 24 bestämmes,
845 587 31 20 att
892 585 34 22 vid

104 614 79 21 sädana
198 614 95 21 tillfällen
309 614 26 21 de
350 616 75 25 yngsta
439 614 179 22 äldersklasserna
633 614 89 22 inkallas
737 614 53 22 först
806 614 39 22 och
860 614 65 21 sedan

104 643 25 21 de
144 642 7 21 i
166 642 90 26 ordning
276 644 76 25 yngsta
374 642 38 22 och
434 643 61 21 dessa
513 643 45 27 just
574 645 37 19 äro
628 643 32 24 de,
676 648 44 16 som
736 642 62 22 hafva
813 642 65 22 slutat
893 643 32 21 sin

104 670 176 26 reservmötestid,
302 673 54 18 samt
377 677 48 14 man
444 672 66 20 mäste
526 674 83 23 antaga,
625 674 31 18 att
672 671 40 21 den
728 674 74 23 yngste
817 671 52 21 eller
884 672 42 20 6:te

104 698 153 23 äldersklassen
280 698 46 22 icke
348 699 81 21 kunnat
450 699 92 26 glömma
564 700 40 20 den
627 699 77 26 öfning,
725 705 45 15 som
786 700 39 21 den
842 698 84 22 erhällit

104 727 44 22 dels
168 727 7 21 i
195 727 89 26 aktiven,
300 727 44 22 dels
360 728 6 21 i
382 734 96 15 reserven
495 728 38 21 och
550 728 26 21 dä
591 733 79 16 samma
685 729 24 19 är
724 727 139 22 förhällandet
878 728 48 21 med

104 757 40 20 den
168 757 52 25 7:de,
244 756 53 27 8:de,
322 757 47 20 9:de
391 756 161 25 äldersklassen,
576 757 87 20 emedan
684 755 54 22 blott
755 756 21 21 få
791 756 25 21 är
830 755 94 26 förflutit,

103 785 65 21 sedan
190 785 26 20 de
236 784 40 23 fått
297 791 26 15 en
341 785 122 26 fullständig
478 785 51 21 eller
543 785 117 26 nödtorftig
674 784 78 27 öfning,
768 784 38 21 allt
822 785 52 21 efter
890 784 36 21 det

104 819 44 16 som
169 813 25 22 de
214 813 68 22 säsom
304 813 152 27 värnepligtige
478 813 98 22 inträdde
591 813 5 21 i
613 813 84 22 aktiven
714 813 50 22 eller
780 819 96 15 reserven
892 819 34 15 ser

103 848 55 17 man,
174 853 27 3 —
216 841 55 22 hvad
287 842 40 21 ock
344 843 114 20 utskottets
473 841 133 22 betänkande
622 843 6 20 i
643 842 84 26 bilagan
742 843 28 25 pä
784 841 39 22 sid.
840 842 26 21 36
882 842 41 21 vid-

103 870 158 27 handengifver,
286 883 28 3 —
339 873 31 18 att
390 870 60 21 äfven
471 871 135 21 landtvärnet
629 871 70 21 bestär
720 870 53 21 blott
788 869 22 22 af
838 870 86 25 sädana,

104 905 44 24 som
171 899 61 21 hafva
256 899 39 22 fått
314 899 44 22 dels
381 899 122 27 fullständig
527 899 43 21 dels
594 899 80 21 mindre
697 898 124 27 fullständig
847 898 77 27 öfning.

103 928 61 21 Ända
179 927 33 21 till
228 927 39 22 den
283 928 37 25 tid,
332 928 26 21 dä
370 928 270 27 landsvärnsskyldigheten
652 928 88 26 upphör,
752 927 67 22 skulle
829 933 95 15 summan

103 956 22 21 af
144 956 164 22 landtvärnister
328 956 85 21 komma
429 958 31 19 att
474 958 76 25 utgöra
565 957 84 25 59,814,
664 962 97 15 reserven
778 957 72 24 14,551
870 962 54 19 man,

104 991 33 15 om
160 985 42 20 alla
224 985 150 22 äldersklasser
397 984 66 23 skulle
486 985 110 27 uppbädas
618 985 54 21 ända
694 984 31 22 till
744 985 36 20 det
795 985 61 21 40:de
872 985 51 20 äret.

102 1014 29 21 Af
148 1013 60 22 dessa
224 1015 36 20 äro
276 1013 33 26 de,
325 1020 45 15 som
386 1013 95 27 fullgjort
495 1014 59 21 aktiv
569 1014 64 27 tjenst
648 1013 45 22 icke
709 1013 80 21 mindre
805 1015 26 19 än
848 1013 73 26 14,551

102 1043 39 20 och
160 1042 189 27 mötesskyldighet
364 1043 76 26 45,263
457 1049 54 14 man.
541 1043 65 20 Detta
621 1042 111 21 landtvärn
755 1041 72 22 bestär
842 1041 82 22 säledes

102 1071 46 21 icke
164 1071 74 21 endast
251 1071 23 21 af
288 1071 54 26 dem,
361 1077 45 16 som
421 1071 62 22 hafva
498 1071 40 21 fått
554 1077 26 15 en
591 1071 44 21 half
649 1071 71 26 öfning
734 1071 7 20 i
757 1077 103 19 reserven,
873 1073 51 18 utan

102 1100 59 22 äfven
184 1099 32 21 till
234 1106 26 15 en
281 1101 81 25 ganska
382 1099 93 27 betydlig
492 1099 34 22 del
542 1099 22 21 af
578 1100 86 22 sädana,
680 1105 44 16 som
739 1099 123 26 genomgätt
877 1098 46 22 full-

102 1128 83 26 ständig
201 1128 57 21 aktiv
273 1128 73 26 tjenst:
364 1134 45 15 men
433 1128 18 21 vi
476 1128 66 21 mäste
565 1128 71 21 kunna
655 1127 113 21 förutsätta
784 1127 41 25 det,
841 1129 31 19 att
888 1128 36 20 det

101 1157 73 25 sällan,
184 1162 33 15 om
234 1157 109 26 nägonsin,
359 1156 101 26 inträffar,
473 1159 32 19 att
515 1156 83 22 landets
608 1156 52 21 sista
670 1155 127 22 äldersklass
808 1155 115 27 uppbädas,

102 1188 50 19 utan
170 1186 7 20 i
194 1185 26 21 de
234 1185 61 21 flesta
310 1185 118 25 händelser,
444 1191 33 15 om
493 1184 45 22 icke
554 1184 67 25 alltid,
638 1185 60 21 torde
715 1185 35 21 det
766 1190 49 15 vara
831 1184 92 21 tillräck-

101 1213 39 27 ligt
162 1215 32 20 att
216 1213 99 27 uppbäda
338 1214 25 21 de
381 1214 66 21 första
462 1213 185 28 äldersklasserna,
662 1213 51 21 eller
728 1213 25 21 de
769 1219 45 14 som
830 1212 31 22 för
876 1213 47 21 icke

100 1243 61 25 länge
184 1242 65 21 sedan
269 1244 123 25 genomgätt
410 1242 145 27 vapenöfning.
584 1241 41 27 Jag
640 1245 45 18 tror
701 1241 76 26 derför,
793 1243 31 19 att
840 1241 36 21 det
890 1241 33 21 för

100 1271 121 21 ändamälet
239 1271 45 21 icke
305 1273 24 19 är
347 1271 83 21 absolut
447 1271 129 26 nödvändigt
591 1273 31 19 att
637 1271 89 26 pälägga
741 1269 181 22 landvärnisterne

100 1299 103 22 särskilda
228 1300 174 26 mötesöfningar;
429 1300 39 21 den
493 1299 97 26 kostnad,
614 1305 45 15 som
686 1299 61 21 dessa
770 1297 152 27 åstadkomma,

100 1328 75 26 skulle,
191 1330 45 19 tror
249 1328 42 27 jag,
307 1328 46 21 icke
369 1330 106 19 motsvara
489 1330 85 24 gagnet,
590 1327 39 22 och
644 1328 36 21 det
694 1329 30 24 är,
740 1327 74 27 tycker
823 1326 42 27 jag,
877 1326 45 21 icke

100 1356 66 22 heller
186 1356 134 27 berättigadt,
342 1359 32 18 att
394 1357 85 26 vidtaga
498 1357 80 20 sådana
595 1361 183 21 arrangemanger,
794 1361 44 15 som
854 1354 68 22 skulle

101 1385 93 22 medföra
216 1388 58 18 stora
296 1385 88 27 utgifter
405 1385 46 22 med
468 1385 79 21 mindre
564 1386 35 20 det
614 1387 24 19 är
653 1384 22 21 af
689 1383 182 27 nödvändigheten
887 1384 36 26 pä-

99 1413 87 26 kalladt,
203 1413 79 22 hvilket
297 1414 70 21 säsom
381 1414 36 25 jag
431 1413 48 22 sökt
496 1414 48 24 visa,
561 1413 46 22 icke
623 1413 37 21 här
676 1419 50 15 vore
741 1412 65 21 fallet.

168 1468 110 22 Professor
300 1469 146 20 Forsman:
477 1469 40 25 Jag
539 1468 39 21 har
598 1468 6 20 i
620 1467 72 27 sjelfva
708 1468 74 19 verket
796 1467 46 21 icke
858 1469 64 24 något

100 1500 31 19 att
147 1497 85 26 tillägga
247 1497 33 21 till
295 1497 55 21 hvad
366 1497 135 26 domprosten
519 1496 87 21 Renvall
618 1495 105 27 sakenligt
734 1495 122 22 framhällit.
881 1496 41 26 Jag

99 1526 36 21 vill
157 1526 75 21 endast
254 1528 114 25 yttermera
391 1531 24 15 ur
438 1525 116 21 utskottets
573 1524 77 27 förslag
666 1524 88 27 påpeka,
769 1525 39 25 att,
824 1530 34 15 om
873 1531 48 14 man

99 1561 25 15 ur
139 1554 109 22 militärisk
264 1555 107 27 synpunkt
386 1553 67 22 skulle
465 1554 70 21 kunna
546 1553 111 25 deducera,
670 1555 31 19 att
712 1553 133 21 landtvärnet
856 1553 66 21 skulle
