1081 1811
315 154 160 17 Presteståndet
488 154 55 17 1878.
567 154 12 16 5
590 154 89 21 januari.
833 148 55 20 3165

165 223 89 21 Prosten
269 223 74 21 Roos
364 224 96 26 yttrade:
491 223 39 21 Att
545 225 31 19 ett
591 223 62 21 stånd
668 223 7 21 i
690 223 46 21 sina
751 223 79 27 åsigter
845 222 73 28 skiljer

97 252 33 26 sig
153 251 47 21 från
223 252 26 20 de
271 252 67 21 andra
358 252 39 21 har
417 252 57 21 skett
493 252 40 21 och
548 252 54 21 skall
618 254 55 19 ännu
689 252 37 21 ske
740 252 76 27 många
831 252 87 27 gånger,

97 286 48 15 men
160 282 33 19 att
208 282 37 23 ett,
261 280 51 22 eller
327 280 30 22 låt
372 286 51 16 vara
438 280 36 22 två
489 280 62 22 stånd
566 281 52 21 söka
633 280 48 22 med
696 281 83 21 biträde
794 281 23 21 af
831 281 40 21 den
881 286 37 16 an-

97 309 38 20 dra
150 309 140 20 statsmakten
305 309 146 27 genomdrifva
466 309 31 21 sin
513 309 56 27 åsigt
583 311 108 24 gentemot
706 309 26 21 de
747 309 67 21 andra
828 309 90 21 stånden

97 343 61 15 anser
171 337 36 27 jag
223 344 50 14 vara
288 338 81 21 mindre
385 338 84 26 rådligt.
499 338 80 21 Sådant
601 338 71 21 kunde
693 337 47 22 leda
756 337 79 22 derhän
850 339 32 20 att
897 338 21 21 vi

97 366 69 21 skulle
182 366 21 21 få
218 366 59 27 lagar
292 366 40 21 och
347 367 152 25 institutioner,
522 367 101 21 hvarmed
640 367 136 27 pluraliteten
791 367 24 20 af
828 367 90 21 stånden

97 395 87 21 alldeles
199 395 47 21 icke
261 395 68 22 skulle
344 402 51 15 vara
411 395 90 22 belåten.
532 396 49 21 Man
602 397 41 20 kan
663 396 127 21 åtminstone
806 396 64 21 tänka
886 396 32 27 sig

97 424 36 21 det
156 425 69 20 såsom
248 431 26 14 en
297 425 110 26 möjlighet
428 425 40 21 och
491 425 87 26 derföre,
601 425 66 21 ehuru
686 425 37 27 jag
738 425 46 21 icke
800 425 38 21 har
853 425 65 26 något

97 455 56 19 emot
168 453 120 27 syftemålet
303 453 48 22 med
367 453 124 27 petitionen,
506 454 42 21 kan
561 454 37 27 jag
613 454 47 21 icke
675 453 74 22 förena
764 454 43 26 mig
822 460 34 15 om
870 454 48 21 dess

97 482 129 21 insändande
242 482 39 21 och
297 482 95 21 anhåller
407 485 33 18 att
455 482 30 21 bli
500 483 119 20 antecknad
635 482 69 21 såsom
719 485 115 18 reservant.

165 539 88 21 Prosten
275 539 162 28 Grönberg:
468 539 43 22 För
529 539 42 22 min
587 540 34 21 del
637 540 41 21 kan
691 540 37 27 jag
743 539 46 22 icke
803 539 45 22 inse
862 539 55 22 huru

97 567 39 22 hos
158 567 91 22 flertalet
270 568 24 21 af
315 569 36 20 det
373 568 68 21 finska
463 568 68 22 folket
549 569 65 27 något
635 569 98 26 missnöje
753 569 48 20 med
816 569 101 21 Finlands

96 597 135 26 prestestånd
254 597 68 21 skulle
344 597 77 27 uppstå
444 597 83 21 derföre
545 600 32 18 att
597 598 36 20 det
645 597 87 21 beaktat
748 604 25 14 en
789 597 66 27 fråga,
872 603 45 16 som

97 625 33 21 för
146 625 32 27 sju
188 626 151 20 åttondedelar
346 625 22 21 af
377 626 83 21 landets
475 626 123 28 befolkning
613 628 24 19 är
652 626 24 21 af
689 626 75 27 högsta
779 626 50 27 vigt.
852 626 65 21 Detta

96 654 100 27 missnöje
213 655 60 21 torde
288 655 83 21 derföre
390 655 52 21 böra
457 656 62 20 sökas
535 656 38 20 hos
589 662 25 14 en
630 655 61 27 högst
706 655 51 21 liten
772 655 108 21 minoritet
895 654 25 22 af

96 683 74 25 folket,
192 689 45 15 som
261 683 55 21 talar
339 684 39 21 och
401 684 37 21 vill
460 684 44 21 tala
527 684 38 22 och
589 684 74 21 endast
685 684 44 21 tala
750 684 39 21 och
804 684 67 21 förstå
886 686 31 19 ett

97 711 132 22 främmande
244 712 114 28 tungomål.

166 770 88 21 Prosten
277 770 143 27 Dahlberg:
450 770 11 21 1
483 770 67 22 likhet
572 770 47 21 med
641 773 86 24 prosten
750 770 57 21 Roos
828 770 40 21 och
890 769 27 28 pä

97 798 68 27 grund
180 798 24 21 af
218 799 39 21 den
279 799 79 27 utgång
379 799 118 26 petitionen
517 799 38 21 hos
571 799 26 21 de
612 799 68 27 öfriga
695 799 89 21 stånden
799 799 34 20 vid
849 799 68 20 denna

97 827 101 28 landtdag
218 827 91 26 erhållit,
330 828 43 20 kan
393 828 37 27 jag
445 828 46 21 icke
507 828 84 27 deltaga
605 828 7 21 i
627 828 65 27 något
707 828 70 21 beslut
792 834 34 15 om
842 827 75 21 inlem-

97 856 69 21 nande
181 856 24 21 af
218 863 25 15 en
259 856 72 21 sådan.

165 913 83 22 Doktor
266 914 159 21 Nordström
443 914 56 21 utlät
513 914 42 27 sig:
585 914 73 21 Ehuru
673 914 35 27 jag
723 913 49 21 fullt
786 913 57 21 inser
857 913 60 27 bety-

99 942 72 22 delsen
187 942 22 22 af
224 943 38 21 den
278 942 112 22 tillernade
405 942 129 28 petitionens
549 942 93 22 innehåll
658 942 68 22 måste
742 942 64 22 också
813 941 104 28 jag
855 937 13 37 i
876 941 41 28 lik-

97 971 37 21 het
156 972 48 20 med
227 974 85 24 prosten
335 972 57 21 Roos
410 972 95 26 afstyrka
521 972 47 21 dess
583 972 139 21 inlemnande.
752 972 41 26 Jag
808 977 62 15 anser
884 970 34 22 för

96 1000 44 20 min
156 1000 40 26 del,
212 1002 32 20 att
259 1000 114 27 petitioner
388 1000 24 22 af
425 1000 96 22 enskilda
535 1000 63 22 stånd
613 1000 74 22 endast
701 1000 7 21 i
723 1000 81 21 nödfall
815 1000 52 21 böra
878 1006 39 20 ega

96 1035 54 14 rum.
180 1029 49 21 Men
245 1029 69 21 skulle
330 1030 68 20 denna
413 1029 90 27 petition
518 1028 97 28 afgifvas,
632 1029 110 21 hvaremot
755 1029 36 27 jag
801 1028 37 21 vill
850 1034 66 15 reser-

96 1064 51 14 vera
162 1058 49 27 mig,
228 1058 68 21 skulle
315 1058 38 28 jag
375 1058 83 22 ändock
473 1058 52 27 yrka
540 1058 33 27 på,
589 1060 33 19 att
637 1058 40 21 den
693 1058 65 21 borde
773 1057 144 21 omstiliseras.

95 1087 43 26 Jag
160 1093 62 15 anser
243 1088 158 26 presterskapet
423 1088 40 20 här
485 1087 176 27 hufvudsakligen
683 1086 47 22 föra
752 1086 166 22 bondeståndets

96 1116 65 26 talan,
184 1116 27 20 då
233 1116 46 21 icke
301 1116 154 21 bondeståndet
475 1116 38 21 har
535 1116 83 21 förenat
641 1116 31 27 sig
687 1122 33 15 om
736 1116 70 20 denna
820 1115 97 27 petition,

96 1150 62 15 anser
178 1145 37 26 jag
238 1145 39 21 den
300 1145 52 21 böra
375 1145 91 21 förfalla.
496 1146 41 26 Jag
557 1151 62 15 anser
633 1145 40 21 den
689 1146 49 20 röra
752 1144 166 21 bondeståndets

97 1174 45 20 rätt
157 1174 39 21 och
212 1174 79 27 tycker,
307 1176 32 19 att
354 1174 158 27 presteståndet
531 1174 46 21 icke
593 1174 39 20 bör
647 1173 87 27 tillegna
750 1173 32 27 sig
796 1173 65 26 något
876 1172 42 22 för-

97 1202 141 27 mynderskap
253 1202 58 21 öfver
326 1202 161 22 bondeståndet.
517 1203 42 26 Jag
574 1202 106 27 afstyrker
689 1202 125 28 petitionen.

164 1259 142 28 Domprosten
329 1260 124 21 Renvall:
484 1260 33 21 Då
539 1260 36 21 det
597 1266 38 15 var
657 1259 22 22 af
692 1259 97 22 formella
804 1259 53 26 skäl,
872 1265 45 16 som

96 1290 112 25 prostarne
228 1289 57 21 Roos
308 1289 39 21 och
370 1289 109 26 Dahlberg
499 1290 101 20 motsatte
615 1288 32 27 sig
661 1289 129 26 petitionens
804 1288 113 26 aflåtande,

97 1317 67 21 skulle
184 1317 38 27 jag
244 1317 86 22 anhålla
345 1319 32 20 att
393 1317 21 22 få
430 1318 109 25 anmärka,
555 1319 33 19 att
603 1317 36 21 det
654 1319 23 19 är
693 1317 108 21 stridande
816 1320 58 18 emot
889 1317 28 21 all

94 1348 107 24 coutume,
217 1347 38 26 att,
272 1346 26 21 då
313 1346 157 27 presteståndet
488 1347 64 20 redan
568 1345 82 28 engång
664 1346 39 21 har
717 1346 64 21 fattat
796 1346 37 21 sitt
848 1345 70 22 beslut

96 1376 32 19 att
143 1374 6 21 i
166 1375 87 21 ärendet
267 1375 128 26 petitionera
410 1375 40 21 och
465 1375 140 21 öfverlemnat
621 1375 22 21 åt
658 1375 37 20 sitt
710 1375 96 21 enskilda
820 1375 97 20 besvärs-

95 1403 85 21 utskott
201 1405 32 19 att
255 1403 114 22 formulera
387 1404 124 27 petitionen,
533 1410 29 14 nu
584 1403 154 21 reservationer
754 1406 56 18 emot
824 1403 93 21 beslutet

96 1432 101 19 anmälas.
228 1431 80 21 Sådant
330 1432 55 20 hade
407 1432 34 20 väl
456 1432 49 21 bort
520 1432 44 24 ske,
580 1432 27 20 då
622 1432 93 20 beslutet
730 1431 99 26 fattades,
845 1431 71 21 förrän

96 1459 102 20 remissen
214 1459 32 21 till
261 1459 97 21 enskilda
381 1459 192 21 besvärsutskottet
596 1459 120 27 försiggick.
746 1459 84 26 Frågan
850 1459 67 26 gäller

96 1492 87 16 numera
198 1487 55 21 blott
268 1487 103 21 huruvida
386 1487 97 21 enskilda
505 1487 193 21 besvärsutskottes
714 1486 80 27 förslag
809 1487 41 21 kan
865 1487 53 26 god-

95 1515 88 26 kännas,
199 1515 50 22 eller
264 1516 53 21 icke.
