1078 1817
217 161 56 21 2324
375 165 161 18 Presteståndet
547 166 53 16 1877.
624 165 27 16 30
663 164 115 17 november.

257 236 90 22 Prosten
363 234 167 26 Grönberg:
554 233 69 23 Också
634 233 34 27 jag
681 239 67 21 anser,
759 233 33 21 att
802 231 107 28 uttrycket
921 231 86 25 ,,veder-

189 265 104 23 börande*
309 264 108 22 utmärker
427 263 71 27 hvarje
508 262 65 22 sådan
584 262 169 26 kronolänsman,
764 267 75 21 genom
850 260 62 22 hvars
923 260 84 22 distrikt

189 293 171 28 flottningsleden
382 293 44 27 går,
447 295 22 25 ty
491 291 40 22 den
554 298 38 15 ene
613 294 24 19 är
658 291 45 21 icke
722 296 46 16 mer
783 306 5 10 ,
789 289 175 27 vederbörande”
980 290 27 21 än

190 324 40 21 den
246 323 71 22 andre.

846 346 2 12 I

257 368 32 22 På
307 367 111 22 framstäld
432 366 130 28 proposition
577 366 43 22 blef
634 365 123 29 paragrafen
773 367 51 20 utan
839 365 73 21 vidare
927 364 81 22 diskus-

189 398 46 21 sion
250 397 105 27 godkänd.

574 446 12 28 $
602 449 18 20 9.

259 500 63 22 Mom.
339 500 12 20 1
367 499 127 27 godkändes.

552 550 64 22 Mom.
632 550 19 21 2.

258 597 81 22 Rektor
354 596 154 22 Kihlman:
533 596 42 22 Det
589 596 43 26 fall,
646 602 45 15 som
706 595 40 21 här
760 595 130 27 förutsättes,
906 594 104 28 nämligen

192 629 31 19 att
238 626 69 22 virket
322 626 68 21 skulle
405 626 84 21 komma
504 628 32 18 att
550 625 56 27 ligga
621 631 51 21 qvar
682 626 26 25 på
719 630 26 15 en
755 623 256 27 lägenhetsinnehafvares

191 656 80 24 strand,
294 655 39 21 har
355 654 94 26 vanligen
472 654 32 22 sin
528 654 62 21 orsak
611 654 8 20 i
641 653 91 27 olyckor.
762 653 43 21 Det
823 652 80 22 händer
918 652 44 22 ofta
977 652 34 22 vid

191 684 97 26 flottning
311 683 58 21 öfver
391 683 62 26 sjöar,
476 685 31 19 att
530 689 24 15 en
578 685 66 19 storm
663 682 88 26 uppstår
766 681 40 22 och
821 680 120 22 sönderslår
956 680 56 22 flott-

192 713 129 23 bommarna,
345 712 134 26 hvarigeoom
503 711 111 22 stockarne
634 711 96 26 skingras
753 710 39 22 och
815 710 77 22 drifvas
907 710 32 22 till
954 710 58 27 sjöns

192 742 103 21 stränder,
318 740 85 22 hvarest:
427 741 25 21 de
474 739 64 23 blifva
559 740 103 27 liggande.
693 739 49 22 Man
764 739 68 21 skulle
855 739 68 27 tycka,
939 740 33 20 att
986 745 26 16 en

193 770 74 28 olycka
281 770 46 21 icke
343 769 65 21 borde
423 775 60 15 anses
498 769 70 21 kunna
584 771 74 25 utgöra
672 770 31 20 ett
718 768 46 22 skäl
775 770 32 20 att
818 768 85 21 beröfva
913 774 26 15 en
950 774 62 21 egare

193 800 123 26 eganderätt
339 798 38 22 och
398 798 54 22 allra
474 798 64 21 minst
559 799 72 27 tycker
653 804 55 19 man,
730 799 33 20 att
781 797 36 21 det
832 797 65 21 borde
912 796 37 22 ske
965 797 6 21 i
987 803 25 15 en

192 828 130 26 författning,
344 834 45 14 som
411 827 115 27 uppställer
548 828 69 20 såsom
637 826 31 22 sin
683 826 75 27 högsta
773 826 102 26 grundval
890 825 123 23 bevakande

193 857 22 22 af
228 857 161 27 eganderätten,
405 862 46 15 men
468 856 36 21 det
519 856 65 26 gäller
600 856 63 21 också
677 856 46 20 icke
739 854 150 29 eganderätten
904 855 33 21 för
947 855 66 21 andra

193 888 26 19 än
233 884 308 29 jordlägenhetsinnehafvaren
556 884 40 22 och
611 884 27 22 då
652 884 40 22 kan
708 890 48 16 man
771 884 34 21 väl
819 884 56 21 finna
891 883 36 22 det
941 885 71 20 natur-

193 915 38 27 ligt
253 914 38 22 och
313 914 136 28 konseqvent,
466 916 32 19 att
513 914 124 26 eganderätt
651 913 46 21 icke
712 914 95 20 kommer
822 913 7 21 i
844 912 65 28 fråga,
923 914 40 20 när
977 913 36 21 det

193 944 56 27 gälla
259 944 130 26 stockegare.
410 943 40 27 Jag
461 943 39 21 har
510 943 76 21 endast
596 942 55 22 velat
662 942 102 22 anmärka
775 942 68 22 denna
852 942 160 27 inkonseqvens,

193 974 7 20 i
215 972 98 22 afseende
335 973 14 20 å
371 972 157 26 eganderätten,
552 972 69 22 denna
642 972 160 27 inkonseqvens,
824 977 45 16 som
891 972 27 26 på
933 977 80 15 samma

193 1002 56 26 gång
263 1004 24 19 är
301 1007 26 15 en
342 1001 138 27 konseqvens,
496 1004 50 18 utan
562 1004 32 18 att
607 1001 36 27 jag
658 1000 71 22 derför
744 1000 35 21 vill
790 1002 100 19 motsätta
900 1000 43 27 mig
952 1006 61 21 para-

193 1030 84 27 grafens
296 1030 128 27 antagande;
450 1030 87 21 fastmer
557 1030 67 21 skulle
636 1030 42 26 jag,
694 1036 34 14 om
744 1029 36 21 det
795 1029 68 21 skulle
877 1029 63 26 gälla,
955 1030 59 20 rösta

194 1060 37 25 för,
254 1061 32 19 att
309 1059 35 21 det
367 1058 82 27 förslag,
471 1065 45 15 som
531 1058 6 21 i
552 1058 118 27 Kejserliga
688 1058 158 27 propositionen
865 1058 148 24 förekommer,

194 1094 33 15 om
243 1090 32 19 att
289 1088 58 21 tiden
363 1088 32 21 för
410 1088 78 21 virkets
503 1086 179 23 undanskaffande
696 1086 68 22 skulle
778 1093 51 16 vara
844 1086 54 22 blott
913 1087 13 21 8
941 1087 73 21 måna-

195 1118 42 25 der,
253 1117 68 21 skulle
337 1116 127 27 föredragas:

262 1162 111 22 Professor
388 1162 97 22 Cleve:
510 1162 40 27 Jag
564 1164 45 20 tror
624 1162 52 26 icke,
690 1164 32 20 att
737 1162 73 22 rektor
824 1162 100 22 Kihlman
939 1164 24 19 är
973 1162 41 22 för-

194 1194 74 24 trogen
284 1191 47 21 med
347 1190 268 28 flottningsförhållandena
631 1191 6 21 i
652 1191 47 21 vårt
714 1191 55 26 land,
785 1191 28 21 då
828 1191 40 21 han
883 1191 70 27 yrkar,
963 1190 52 23 eller

194 1222 45 19 tror
261 1220 31 26 sig
314 1220 71 20 kunna
408 1220 68 21 uttala
498 1220 39 21 den
560 1220 89 26 mening,
672 1221 32 19 att
725 1220 150 26 qvarliggande
897 1220 58 21 virke
975 1219 40 22 har

194 1249 90 21 kommit
306 1250 32 19 att
360 1248 75 21 vräkas
458 1249 28 25 på
500 1248 74 22 strand
589 1248 31 21 till
634 1248 52 26 följd
701 1248 22 21 af
737 1248 91 27 olyckor.
858 1248 81 22 Sådant
954 1248 60 22 torde

195 1284 49 14 vara
259 1276 87 22 alldeles
361 1277 107 26 undantag
483 1277 39 21 och
537 1276 94 22 inträffar
645 1277 133 27 naturligtvis
788 1278 28 26 på
826 1277 26 21 de
861 1279 59 19 stora
930 1276 84 28 sjöarna

195 1306 38 20 och
255 1306 27 26 på
301 1305 77 27 hafvet,
395 1306 36 20 der
445 1305 101 21 flottorna
560 1306 98 21 stundom
674 1306 42 21 slås
731 1305 77 22 sönder
824 1306 38 21 och
877 1305 77 21 vräkas
969 1312 45 15 om-

195 1334 60 26 kring
278 1334 39 21 och
341 1334 36 21 der
400 1334 36 21 det
458 1334 41 21 blir
521 1334 32 21 för
576 1340 75 20 egaren
667 1334 83 27 mycket
764 1334 58 21 svårt
836 1336 33 19 att
883 1334 66 21 samla
963 1334 51 27 ihop

195 1363 118 19 stockarne.
343 1362 42 20 Det
408 1363 33 19 må
464 1368 50 14 vara
536 1362 118 26 medgifvet,
673 1365 31 17 att
720 1362 35 20 det
770 1362 22 21 af
806 1363 104 19 utskottet
925 1362 89 21 lemnats

195 1392 51 18 utan
261 1389 98 21 afseende
375 1389 38 21 och
429 1391 32 19 att
476 1390 36 20 det
527 1389 65 21 borde
607 1392 59 24 tagas
679 1390 5 19 i
695 1390 146 24 betraktande,
852 1396 48 15 men
911 1390 103 21 utskottet

196 1418 38 21 har
255 1417 93 27 tydligen
371 1418 45 21 icke
438 1417 45 21 haft
498 1418 6 21 i
520 1418 53 26 sigte
594 1418 65 26 något
676 1418 81 21 sådant.
786 1418 34 22 En
837 1418 58 26 hvar,
915 1424 45 16 som
975 1418 39 22 har

195 1446 74 21 vistats
290 1446 34 21 vid
339 1446 125 21 stränderna
478 1446 22 21 af
514 1448 30 19 ett
559 1446 130 27 vattendrag,
704 1448 70 20 större
789 1446 51 22 eller
856 1446 87 27 mindre,
958 1446 56 22 inser

195 1475 89 21 orsaken
300 1474 33 22 till
348 1476 31 20 ett
394 1475 74 21 sådant
484 1475 121 27 stadgande.
631 1475 42 21 För
688 1475 41 21 min
745 1475 34 21 del
789 1475 39 21 har
836 1475 36 27 jag
883 1475 64 22 sedan
959 1476 54 21 1829

195 1504 54 21 varit
264 1504 71 21 bosatt
350 1504 33 20 vid
398 1506 31 18 ett
444 1504 132 26 vattendrag,
592 1504 36 21 der
642 1503 97 28 flottning
751 1504 70 21 idkats
832 1504 39 22 och
883 1504 38 21 har
932 1504 82 22 derföre

195 1532 80 27 ganska
296 1532 113 26 tillräcklig
431 1532 119 22 erfarenhet
565 1533 6 20 i
588 1532 57 22 detta
660 1532 102 22 afseende.
793 1533 47 26 Det,
855 1539 45 15 som
916 1533 38 21 här
969 1535 24 20 är
1007 1534 7 21 i

195 1561 65 27 fråga,
275 1561 42 21 kan
333 1561 131 27 naturligtvis
480 1561 46 22 icke
540 1562 57 26 gälla
611 1563 71 23 annat,
698 1563 27 20 än
741 1561 35 23 det
791 1564 32 19 att
837 1562 146 27 virkesegaren
994 1562 22 22 af
