1078 1811
208 164 55 20 2976
412 166 158 18 Presteståndet
583 166 54 18 1877.
661 166 24 16 18
696 165 114 17 december.

181 237 45 26 pätt
248 236 27 21 då
295 236 6 21 i
324 236 67 21 sinom
413 235 30 21 tid
464 234 78 28 förslag
560 236 105 26 uppgöres
683 234 32 20 till
734 240 27 20 ny
777 232 135 33 beskattning
926 232 33 21 för
974 232 26 22 de

180 264 91 22 militära
293 264 123 27 utgifternas
438 264 136 21 bestridande
594 264 78 26 hänsyn
694 262 66 22 borde
782 264 60 24 tagas
865 260 32 22 till
913 260 26 22 de
953 260 45 22 från

179 292 117 22 rusthällen
309 293 40 21 och
365 295 86 19 rotarna
466 292 104 26 utgående
586 291 180 27 vakansafgifter*.

248 355 71 22 Punkt
334 356 56 21 2—5
405 355 122 27 godkändes
542 355 101 26 enhälligt
658 354 38 21 och
712 355 50 20 utan
778 353 125 22 diskussion.

249 413 115 27 Angående
379 413 67 27 punkt
461 413 13 20 6
490 413 91 26 uppstod
596 412 90 27 följande
702 411 126 22 diskussion.

249 476 83 21 Doktor
347 476 132 22 Geitlin:
510 476 72 21 Redan
598 476 57 21 inom
671 475 103 22 utskottet
790 475 27 22 då
831 475 73 28 frågan
920 481 34 16 om
966 475 36 22 det

182 505 51 22 sista
255 507 116 19 momentet
393 505 83 21 förevar
494 505 64 26 ansåg
572 505 35 26 jag
623 505 33 20 för
671 505 42 21 min
729 504 33 22 del
777 507 33 19 att
825 505 36 21 det
875 511 37 15 var
927 506 74 19 nästan

183 534 32 21 för
237 535 73 25 sträng
327 533 87 22 fordran
430 535 26 26 på
471 533 104 27 filologisk
590 533 69 27 insigt,
676 540 44 15 som
736 533 80 22 stäldes
831 533 27 27 på
873 533 79 22 befälet
967 533 34 21 vid

183 563 26 20 de
231 563 68 21 finska
322 564 120 25 trupperna,
468 562 115 21 bestående
605 563 44 20 deri
671 565 31 19 att
725 562 26 21 de
773 562 66 21 borde
857 562 70 22 känna
944 561 58 22 såväl

183 592 68 20 finska
273 598 44 14 som
341 591 88 21 svenska
450 591 93 27 språket.
572 591 73 21 Under
663 591 39 21 den
725 591 117 21 diskussion
860 597 45 15 som
921 591 7 21 i
943 591 59 27 går
991 587 14 36 i

184 620 83 21 ståndet
282 620 85 21 förevar
379 626 38 14 var
431 620 99 21 särskildt
545 620 59 26 fråga
619 626 33 14 om
671 620 122 21 volontärer
813 620 39 20 och
868 620 71 21 dessas
952 619 51 27 möj-

183 648 42 27 liga
248 648 140 22 befordrande
408 649 38 21 och
472 649 25 20 de
520 648 59 22 flesta
602 649 80 27 tycktes
702 655 50 15 vara
774 654 49 15 ense
842 648 72 21 derom
931 650 31 19 att
977 654 26 15 en

184 678 96 20 volontär
302 677 64 22 också
389 677 69 21 kunde
476 677 80 27 hoppas
572 678 26 26 på
613 679 33 19 att
660 677 64 21 blifva
740 680 65 18 annat
820 679 26 19 än
862 677 94 21 hörande
971 676 32 22 till

183 706 161 27 gemenskapen.
375 706 40 21 Om
437 712 48 14 man
506 712 28 15 nu
557 706 116 21 emellertid
690 707 27 25 på
734 706 123 21 officerarne
873 706 38 21 och
927 706 76 21 under-

184 734 121 22 officerarne
329 734 34 22 vid
386 741 25 15 en
430 735 139 27 värnepligtig
587 736 58 20 armé
662 734 73 22 ställer
750 741 26 15 en
791 734 65 22 sådan
871 734 85 22 fordran
973 736 31 20 att

184 764 25 21 de
232 764 49 21 böra
304 764 71 21 känna
396 763 104 21 hvardera
518 764 93 27 språket,
626 764 23 21 så
664 764 92 26 afklipps
771 764 7 21 i
794 763 73 27 sjelfva
883 763 74 22 verket
971 763 32 21 för

184 793 89 26 mången
289 791 135 28 möjligheten
439 794 32 19 att
486 793 126 21 åtminstone
627 792 46 21 från
689 793 69 20 soldat
770 798 101 16 avancera
882 792 32 21 till
927 792 78 21 under-

183 821 78 21 officer.
291 821 33 22 Då
347 820 63 28 syftet
432 821 48 21 med
499 821 58 22 detta
572 821 51 21 sista
638 823 93 19 moment
746 821 46 22 icke
807 823 23 20 är
845 823 34 19 att
893 821 112 21 framhålla

185 849 182 27 nödvändigheten
390 849 22 21 af
432 852 32 19 att
486 850 69 21 känna
574 850 25 21 de
619 849 65 28 begge
699 849 110 22 inhemska
824 849 97 27 språken,
937 849 68 22 skulle

182 878 37 27 jag
240 878 107 22 vördsamt
368 878 116 27 hemställa,
501 879 103 21 huruvida
619 878 45 21 icke
680 878 46 22 skäl
742 885 49 15 vore
807 880 31 20 att
854 878 88 21 sålunda
957 878 48 22 med

186 906 158 22 bortlemnande
360 906 23 22 af
397 906 63 22 orden
476 907 62 27 ,eller
553 906 133 23 underbefäl*
702 907 66 21 ändra
783 907 40 21 den
838 907 52 21 sista
900 906 105 22 klämmen

185 935 23 21 så
223 937 32 19 att
270 936 40 20 den
327 936 94 20 kommer
436 938 31 18 att
482 936 58 26 lyda:
557 938 45 22 ,att
617 936 58 21 Hans
685 936 117 26 Kejserliga
814 936 99 26 Majestät
923 936 81 21 täcktes

186 964 94 20 meddela
296 964 63 27 nådig
374 964 108 21 föreskrift
498 964 78 27 derom,
594 967 30 19 att
639 964 41 20 alla
696 965 26 20 de
738 970 105 20 personer,
859 964 70 21 hvilka
945 964 60 21 skola

185 992 68 21 såsom
269 992 116 28 officerare,
400 992 60 22 civila
476 992 126 27 tjenstemän
617 992 113 22 anställas"
748 999 18 15 o.
782 999 16 15 s.
815 999 19 14 v.

254 1055 141 27 Domprosten
413 1056 129 20 Renvall
563 1056 99 21 förenade
677 1056 31 26 sig
723 1056 47 21 med
787 1055 76 21 doktor
879 1054 77 23 Geitlin
972 1061 33 15 om

186 1084 25 21 de
230 1083 22 21 af
273 1084 76 21 honom
366 1084 112 21 omnämda
494 1084 76 22 ordens
586 1084 103 27 utgående
704 1084 39 22 och
759 1084 65 27 ansåg
839 1084 105 22 klämmen
960 1084 47 21 der-

186 1112 48 22 med
249 1112 64 22 blifva
327 1112 209 28 ändamålsenligare.

253 1175 76 21 Pastor
377 1176 169 21 Westerlund:
576 1176 40 27 Jag
631 1176 125 21 förutsätter
771 1178 32 19 att
813 1176 82 21 landets
906 1175 101 27 allmoge-

185 1206 63 18 söner
269 1204 99 26 antingen
392 1205 25 20 de
440 1205 86 20 tillhöra
548 1204 39 21 den
605 1205 89 20 svenska
709 1204 51 21 eller
775 1204 67 21 finska
857 1204 148 26 befolkningen

185 1232 60 21 skola
267 1231 63 22 hafva
349 1232 85 21 svårare
454 1235 26 18 än
498 1233 72 25 andra,
588 1239 44 15 som
647 1233 62 21 hafva
724 1233 122 26 genomgått
861 1232 97 21 läroverk
974 1235 33 18 att

186 1260 45 21 lära
252 1261 32 26 sig
307 1260 102 22 hvardera
430 1261 87 26 språket
540 1261 38 21 och
594 1264 45 18 tror
654 1263 32 19 att
700 1261 79 26 följden
795 1261 22 21 af
830 1261 69 21 denna
914 1261 91 21 bestäm-

187 1289 50 26 ning
259 1289 6 21 i
289 1289 12 20 6
323 1295 64 15 mom.
407 1296 33 14 om
456 1289 155 22 underbefälets
627 1289 128 27 förpligtelse
770 1291 32 20 att
817 1290 72 21 kunna
902 1289 105 22 hvardera

186 1318 86 26 språket
287 1317 76 22 verkar
379 1318 78 21 derhän
474 1321 31 19 att
520 1318 115 27 allmogens
650 1320 62 19 söner
728 1319 45 21 icke
789 1318 59 21 skola
859 1318 71 21 kunna
941 1317 64 22 blifva

187 1345 181 22 underofficerare.
399 1347 76 20 Derför
490 1347 36 20 ber
539 1347 36 26 jag
591 1347 63 20 också
670 1349 31 18 att
716 1347 21 20 få
752 1346 73 21 förena
840 1347 42 25 mig
896 1347 48 20 med
956 1346 50 21 dok-

186 1375 33 19 tor
235 1373 78 22 Geitlin
328 1373 7 21 i
350 1374 52 21 hans
417 1374 84 27 förslag.

254 1437 143 27 Domprosten
411 1437 175 27 Hornborg:
610 1436 41 22 Det
666 1443 44 14 som
727 1437 77 21 doktor
816 1436 77 22 Geitlin
903 1437 39 21 här
951 1437 57 22 hem-

186 1465 57 25 stält,
265 1466 42 21 kan
322 1465 53 22 visst
389 1465 62 22 hafva
466 1466 46 21 skäl
528 1466 32 21 för
574 1466 38 26 sig,
628 1465 39 21 och
683 1466 71 21 derför
769 1465 48 22 ville
830 1466 36 26 jag
880 1467 46 20 icke
941 1466 67 22 heller

187 1496 100 19 motsätta
303 1494 42 27 mig
360 1494 125 26 detsamma;
501 1501 47 15 men
565 1494 36 22 det
615 1494 106 21 förefaller
737 1494 41 27 mig
794 1495 62 26 högst
867 1495 141 27 egendomligt

187 1525 32 19 att
240 1523 115 22 utskottets
374 1523 116 22 ledamöter
510 1523 77 22 föreslå
605 1523 39 21 den
660 1529 39 15 ena
714 1523 116 27 ändringen
847 1523 38 22 och
901 1523 107 23 modifika-

187 1552 72 21 tionen
275 1552 54 21 efter
344 1552 41 22 den
400 1552 66 21 andra
482 1552 5 21 i
504 1552 22 21 af
536 1552 105 22 utskottet
655 1551 142 23 formulerade
812 1552 127 28 paragrafer.
