1081 1806
316 157 160 18 Presteständet
488 158 57 18 1878.
568 157 24 17 18
603 157 89 21 januari.
830 152 53 21 3361

89 226 39 21 det
150 225 52 22 först
224 232 37 15 var
282 226 58 26 fräga
360 226 72 22 derom
451 228 31 20 att
497 226 78 22 föreslä
590 226 323 26 sammanjemkningsförslaget,

89 256 34 20 att
143 254 227 27 landtdagsordningen
390 255 19 27 ej
432 255 35 26 gaf
484 254 123 28 tillräckligt
622 255 76 27 tydligt
712 255 35 21 vid
759 254 84 22 handen
859 254 55 22 huru

91 282 73 22 härvid
187 282 67 22 skulle
277 282 89 22 förfaras
388 289 34 15 om
444 284 36 20 det
500 284 71 24 första,
593 283 51 21 eller
662 284 36 20 det
713 289 73 15 senare
802 283 111 21 tillkomna

92 311 144 21 betänkandet
255 311 67 21 skulle
343 312 71 26 läggas
430 312 30 20 till
476 312 67 26 grund
559 312 33 20 för
607 312 305 26 omröstningspropositionen.

90 339 74 22 Skulle
180 340 39 20 den
235 340 59 26 äsigt,
310 346 45 16 som
371 342 85 25 prosten
471 340 59 27 Hjelt
546 340 38 21 har
599 340 120 24 framhällit,
735 340 65 22 blifva
816 340 40 21 den
868 340 46 27 gäl-

90 368 69 25 lande,
180 368 67 21 skulle
262 368 35 22 vid
310 370 12 20 7
339 370 17 25 $,
373 369 26 21 dä
414 369 54 21 intet
483 369 53 21 enda
552 369 61 21 stånd
629 369 39 21 har
682 368 98 22 omfattat
795 369 39 21 den
850 369 64 27 äsigt,

90 403 45 15 som
156 397 104 21 utskottet
276 398 6 20 i
298 397 36 22 sitt
356 398 133 21 betänkande
510 398 103 26 framlagt,
630 398 36 21 det
680 397 62 21 hafva
758 398 67 21 blifvit
841 404 25 15 en
880 398 32 28 ja-

90 426 132 27 proposition
242 432 44 15 som
308 427 46 21 icke
373 427 21 21 af
411 428 64 25 nägot
495 426 62 22 ständ
573 426 69 22 blifvit
657 426 110 27 omfattad,
784 427 38 21 och
838 427 75 21 sädant

91 461 37 15 var
148 455 64 22 också
227 454 59 23 fallet
301 456 34 21 vid
352 456 64 26 några
432 456 65 21 andra
513 455 127 28 paragrafer.
671 455 42 22 För
728 458 32 19 att
775 456 92 21 undvika
882 458 32 19 ett

90 483 76 22 sädant
184 483 182 23 missförhällaade
386 491 36 14 var
437 485 141 25 lagutskottet
593 487 87 24 tvunget
696 486 31 19 att
742 484 50 27 följa
809 485 39 20 den
864 485 49 21 ord-

90 513 56 26 ning,
168 519 45 15 som
233 513 39 20 här
294 515 24 19 är
341 513 57 26 följd.
429 513 43 21 Allt
497 514 58 21 detta
573 513 39 22 har
625 513 36 26 jag
681 513 69 21 anfört
766 513 32 22 för
812 515 32 19 att
859 513 55 22 fästa

89 541 214 27 uppmärksamheten
326 541 34 22 vid
382 542 25 21 de
426 542 70 26 motiv,
513 548 45 15 som
574 542 140 27 lagutskottet
730 541 46 28 följt
792 542 38 21 och
846 542 68 21 öfver-

91 569 81 22 lemnar
186 571 23 20 ät
224 570 85 21 ständet
325 572 31 19 att
372 570 71 21 dervid
460 570 53 22 fästa
528 571 35 20 det
579 570 103 27 afseende,
698 577 45 14 som
760 571 34 21 det
805 570 109 28 förtjenar.

158 627 110 22 Professor
290 627 123 22 Donner:
446 627 69 22 Under
538 627 39 22 den
597 627 126 27 föregäende
743 627 145 22 diskussionen
908 628 6 21 i

88 655 71 22 denna
177 655 77 27 vigtiga
272 656 58 26 fräga
348 655 38 22 har
399 656 36 27 jag
450 656 196 27 öfverhufvudtaget
661 655 81 22 afhällit
765 657 41 26 mig
821 656 46 22 frän
883 659 33 20 att

89 684 86 26 deltaga
196 685 50 24 deri,
270 685 88 21 emedan
379 684 35 27 jag
439 687 93 19 närmast
555 687 69 19 ansett
645 685 35 21 det
696 685 85 21 tillhöra
796 686 54 26 dem,
867 692 46 15 som

90 713 120 21 handhafva
229 714 177 25 religionsvärden
422 713 7 21 i
444 713 79 26 landet,
546 716 31 19 att
599 714 96 21 deröfver
714 714 68 21 uttala
797 715 37 26 sig.
864 714 50 22 Icke

90 741 66 22 heller
171 748 29 14 nu
216 742 66 21 skulle
296 742 36 27 jag
347 742 65 21 tilltro
429 743 41 20 min
486 743 54 26 äsigt
556 743 64 26 nägot
632 741 114 28 inflytande
760 743 7 21 i
783 743 131 26 densamma,

90 777 47 14 men
151 771 37 26 jag
203 771 79 21 känner
298 771 62 21 likväl
377 773 30 19 ett
423 771 64 21 behof
501 772 21 20 af
536 773 32 20 att
583 771 67 22 uttala
664 772 40 26 mig
720 771 32 22 för
767 772 105 26 förslaget,
888 773 27 21 dä

89 799 37 22 det
149 805 28 15 nu
200 800 104 27 troligtvis
327 800 32 21 för
378 800 52 21 sista
452 800 81 27 gängen
548 800 6 21 i
570 800 86 22 ständet
674 800 140 22 förekommer
829 801 38 21 och
883 803 31 20 ett

89 828 177 21 tillbakavisande
287 829 21 21 af
326 829 25 20 de
372 829 161 27 propositioner,
554 835 45 15 som
622 829 22 20 af
663 829 104 21 utskottet
785 829 61 22 hafva
862 836 52 21 upp-

90 857 69 22 stälts,
180 857 74 27 skulle,
276 859 23 20 sä
320 857 44 22 vidt
376 858 36 26 jag
428 857 40 22 kan
484 857 63 25 finna,
564 858 47 21 med
626 857 46 22 skäl
688 857 109 22 betraktas
812 857 22 22 af
848 859 67 21 andra

90 885 63 22 ständ
168 885 39 22 och
223 885 22 22 af
258 893 25 14 en
299 888 45 19 stor
360 885 32 22 del
408 887 22 20 af
444 886 82 21 landets
541 886 123 27 befolkning
678 887 69 21 säsom
764 889 30 19 ett
806 887 108 22 afvisande

91 913 22 23 af
132 915 107 26 principen
262 921 32 15 om
317 915 169 26 religionsfrihet.
517 915 89 22 Ständet
627 915 131 22 behandlade
774 915 72 27 frägan
862 916 53 21 först

91 943 67 21 under
174 943 39 21 den
229 944 54 20 4—7
300 943 110 22 december
426 944 38 21 och
481 944 67 21 denna
564 944 132 26 behandling,
712 951 45 14 som
772 944 83 22 slutade
867 945 48 22 med

91 972 147 21 förkastandet
260 972 22 21 af
305 973 24 21 19
353 972 17 27 8,
391 972 121 23 föranledde
530 975 30 19 ett
576 973 64 26 derpä
656 973 91 27 följande
763 973 75 26 beslut,
854 973 61 22 hvar-

92 1001 83 27 igenom
195 1001 41 22 alla
251 1001 113 27 lagförslag
380 1001 176 26 tillbakavisades,
574 1008 46 15 men
636 1002 27 21 dä
678 1003 84 20 ständet
778 1003 39 20 den
835 1003 25 20 12
876 1003 40 21 och

94 1031 24 20 19
140 1030 111 21 december
273 1031 26 26 pä
319 1030 146 27 ridderskapet
484 1031 38 22 och
538 1031 72 21 adelns
625 1031 123 26 inbjudning
763 1032 55 26 änyo
832 1031 84 28 företog

91 1059 90 21 ärendet
203 1059 32 21 till
259 1059 133 27 behandling,
414 1060 122 26 godkändes
554 1060 35 21 det
605 1059 65 22 första
686 1059 100 28 förslaget
801 1066 33 15 om
851 1060 65 22 främ-

94 1088 74 21 mande
190 1088 83 21 kristna
296 1089 166 21 trosbekännare
486 1089 38 21 och
546 1089 60 21 deras
624 1088 164 27 religionsfrihet
807 1089 46 21 med
869 1091 47 20 ute-

93 1117 98 21 slutande
206 1117 22 21 af
245 1119 23 19 19
284 1117 18 27 8.
333 1117 88 22 Ständet
436 1117 78 22 vidhöll
530 1117 121 27 visserligen
668 1118 36 21 sitt
720 1117 104 22 särskilda
840 1118 76 27 beslut,

94 1152 47 15 men
164 1145 54 22 hade
239 1146 7 21 i
262 1147 39 20 och
317 1147 47 20 med
380 1147 127 25 antagandet
523 1146 21 21 af
559 1147 68 20 denna
643 1146 129 27 inbjudning,
787 1146 70 21 säsom
874 1147 43 26 mig

93 1180 69 21 synes,
182 1174 108 25 förklarat,
314 1177 32 19 att
368 1175 35 21 det
426 1175 32 20 för
477 1175 31 21 sin
524 1175 33 21 del
574 1175 47 20 ville
636 1177 77 24 antaga
729 1181 25 15 en
770 1175 146 26 dissenterlag.

94 1203 33 20 Dä
148 1204 24 20 sä
194 1205 30 23 är,
247 1203 59 21 torde
329 1203 35 21 det
384 1204 18 26 ej
425 1203 71 21 kunna
517 1204 70 26 nekas,
603 1205 31 19 att
650 1203 38 21 den
706 1205 26 20 74
748 1204 10 27 8
774 1203 6 21 i
796 1203 23 22 L.
837 1204 23 21 O.
877 1204 39 21 här

95 1232 67 21 mäste
177 1231 85 22 komma
278 1232 30 21 till
324 1232 144 21 användande.
500 1233 72 21 Denna
588 1232 98 27 paragraf
700 1232 127 21 framställer
839 1235 77 19 tvänne

94 1260 36 21 fall
152 1260 32 21 för
205 1262 32 19 att
258 1260 45 21 lösa
318 1261 80 26 frågan,
414 1267 44 14 som
474 1261 18 26 ej
506 1261 38 21 har
559 1261 72 20 vunnit
646 1261 100 22 ständens
761 1267 156 21 gemensamma

95 1289 64 20 bifall.
190 1289 42 21 Det
255 1295 39 15 ena
317 1291 23 19 är
362 1290 42 26 det,
427 1289 27 22 dä
472 1291 31 19 tre
519 1290 61 21 stånd
596 1289 62 22 hafva
673 1289 107 25 förklarat,
796 1291 31 20 att
843 1290 74 27 frågan

95 1317 46 21 icke
162 1317 32 21 fär
216 1317 82 22 förfalla
313 1317 38 22 och
368 1318 35 21 det
418 1318 72 26 andra,
506 1319 26 20 dä
546 1319 89 20 ständen
651 1318 63 21 hafva
728 1321 86 19 stannat
828 1319 6 20 i
850 1319 23 20 sä
888 1318 30 22 af-

94 1346 91 21 vikande
206 1347 75 24 beslut,
304 1349 30 18 att
354 1347 200 26 sammanjemkning
574 1347 17 26 ej
611 1347 41 20 kan
668 1347 84 21 komma
767 1347 6 21 i
789 1347 65 26 fråga.
884 1348 34 21 Då

94 1375 86 21 ständet
203 1375 81 21 säledes
302 1381 74 20 genom
393 1378 31 19 att
439 1377 77 25 antaga
531 1375 147 27 ridderskapet
693 1376 38 21 och
747 1375 72 22 adelns
835 1375 82 26 inbjud-

95 1405 50 25 ning
167 1403 39 21 har
227 1403 94 27 godkänt
343 1403 129 22 tillkomsten
495 1403 21 22 af
538 1410 24 15 en
586 1404 142 26 dissenterlag,
748 1410 60 21 synes
825 1404 35 21 det
875 1404 43 26 mig

97 1438 49 15 vara
160 1433 108 20 stridande
284 1432 17 25 ej
319 1433 74 20 endast
408 1435 57 18 emot
481 1432 238 25 landtdagsordningens
730 1433 54 19 anda
795 1434 50 17 utan
857 1433 61 19 äfven

95 1459 49 21 dess
165 1459 87 21 bokstaf
272 1461 32 19 att
327 1459 18 26 ej
366 1459 48 26 vilja
429 1459 112 26 godkänna
556 1459 101 26 förslaget
672 1465 34 15 om
722 1461 30 19 ett
767 1459 103 21 förstärkt
884 1462 35 19 ut-

96 1487 58 21 skott
170 1487 38 21 och
225 1487 25 21 de
265 1487 159 27 propositioner,
440 1493 45 15 som
501 1487 32 21 för
548 1487 116 21 detsamma
679 1487 104 21 utskottet
794 1487 124 26 föreslagits,

96 1516 100 26 antingen
218 1515 139 22 oförändrade
378 1515 51 22 eller
450 1515 141 25 modifierade,
606 1516 70 21 såsom
692 1515 84 22 ståndet
792 1521 60 16 anser
868 1522 50 15 vara

96 1544 55 21 bäst.
182 1544 39 22 Om
244 1551 47 15 man
313 1545 67 21 skulle
402 1545 137 22 öfverhufvud
554 1546 51 25 göra
621 1550 25 15 en
663 1547 87 19 motsatt
764 1545 95 26 tolkning
874 1545 46 26 gäl-

816 1585 33 17 211
