1073 1809
663 124 3 9 i

203 152 56 21 2502
388 157 161 18 Presteständet
561 157 53 18 1877.
638 158 12 16 6
663 158 114 17 december.

171 231 50 16 som
240 226 37 26 jag
298 224 47 22 icke
366 224 40 22 har
426 226 118 20 reserverat
566 225 43 25 mig
623 226 45 20 mot
681 224 117 22 utskottets
812 224 70 22 beslut
897 226 32 20 att
943 224 57 27 god-.

174 254 71 22 känna
267 252 132 28 paragrafen.
427 253 42 28 Jag
485 253 40 21 har
547 253 104 27 nämligen
670 252 67 22 fattat
751 253 159 22 utelemnandet
924 252 22 23 af
960 253 37 22 be-

172 283 135 26 stämningen
330 288 34 14 om
386 282 25 21 de
431 282 70 21 slutna
523 282 103 22 dörrarna
647 282 26 22 så
693 284 33 19 att
745 281 123 27 regeringen
890 282 46 21 icke
958 281 40 22 har

174 310 57 23 velat
253 311 76 26 betaga
350 311 114 21 dissenters
479 310 102 27 rättighet
595 312 33 19 att
642 311 53 21 ifrän
710 311 32 20 sin
757 310 67 27 kyrka
838 310 52 22 eller
905 310 25 22 de
945 316 52 21 rum,

171 346 49 16 som
235 339 107 27 begagnas
357 339 34 21 för
405 339 40 21 den
461 339 108 27 offentliga
583 339 151 27 gudstjensten,
750 339 69 22 utvisa
834 345 106 21 personer,
951 345 47 16 som

172 370 61 20 störa
248 369 47 21 dess
311 367 86 23 andakt.
426 368 43 21 Det
482 374 63 21 synes
560 368 41 27 mig
616 374 50 15 vara
682 374 25 15 en
723 367 107 28 rättighet,
846 374 45 15 som
906 367 92 22 ovilkor-

174 397 57 27 ligen
253 397 40 22 bör
314 396 119 22 tillkomma
455 397 54 22 dem.
539 396 49 23 Men
611 396 33 22 väl
666 403 61 21 synes
750 397 35 20 det
806 403 50 15 vara
876 397 74 28 nödigt
964 399 34 21 att

174 426 65 21 likväl
262 425 107 27 undantag
391 427 62 26 göres
474 425 33 22 för
526 425 158 22 vederbörande
699 425 95 27 offentlig
808 425 129 28 myndighet,
952 431 46 16 som

173 454 40 23 här
232 455 18 26 ej
271 455 41 21 kan
328 460 51 15 vara
394 454 69 27 nägon
479 461 68 15 annan
563 457 26 19 än
605 455 156 21 vederbörande
776 454 182 27 polismyndighet,
973 455 25 21 sä

175 485 33 20 att
229 483 47 22 icke
297 483 114 22 dissenters
434 483 68 22 skulle
524 483 94 27 företaga
633 483 31 27 sig
679 485 32 20 att
725 483 70 22 utvisa
809 489 26 16 en
850 483 66 22 sådan
932 483 66 22 äfven.

175 512 50 22 Men
248 518 62 16 anses
332 512 126 27 paragrafen
474 518 50 15 vara
539 512 79 27 otydlig
633 511 38 21 har
684 512 37 27 jag
736 512 32 21 för
783 512 42 22 min
842 512 34 21 del
890 511 108 28 ingenting

174 543 60 20 emot
255 547 27 15 en
304 541 121 22 återremiss
449 541 54 21 blott
518 541 36 21 det
569 541 48 21 sker
632 540 7 21 i
655 541 35 21 det
705 541 54 26 syfte
774 543 32 19 att
822 541 114 21 dissenters
950 541 47 21 icke

175 569 89 27 betagas
287 569 40 22 den
347 569 102 27 rättighet
471 571 32 20 att
524 569 69 22 utvisa
615 569 55 26 dem,
691 575 46 16 som
758 571 58 20 störa
835 569 61 22 deras
912 569 85 22 andakt.

175 598 44 22 Det
244 603 62 22 synes
333 598 43 27 mig
404 604 51 16 vara
476 598 88 22 alldeles
589 598 57 21 klart
668 600 32 19 att
723 598 26 21 de
772 597 51 22 böra
845 598 62 22 hafva
930 598 70 21 denna

173 627 109 26 rättighet.

243 689 84 22 Doktor
349 689 131 22 Geitlin:
510 689 40 28 Jag
566 691 38 20 har
618 690 59 21 svårt
691 692 32 19 att
737 690 55 21 fatta
806 690 56 21 huru
877 696 26 15 en
919 689 79 22 dissen-

174 718 169 28 tersförsamling
358 718 67 22 skulle
440 719 66 22 sakna
520 719 104 26 rättighet
639 721 33 19 att
687 719 68 21 utvisa
770 725 100 21 personer
885 725 45 15 som
941 721 58 19 störa

175 747 50 22 dess
246 747 119 27 gudstjenst
387 748 6 20 i
415 747 36 22 fall
469 748 46 21 icke
530 750 32 19 ett
577 748 76 21 sådant
667 748 116 26 stadgande
799 754 44 15 som
857 747 61 22 detta
931 748 67 26 ingår.

175 775 44 22 Vår
241 782 52 20 egen
315 776 122 27 statskyrka
459 776 67 22 håller
545 777 24 26 ju
589 777 33 21 sin
637 777 119 26 gudstjenst
770 776 55 21 inför
840 779 70 24 öppna
925 776 74 22 dörrar

175 811 49 15 men
245 805 115 26 ingalunda
381 805 63 26 följer
462 805 59 21 deraf
534 808 33 18 att
582 805 41 21 den
638 805 46 22 icke
698 805 67 21 skulle
781 805 61 21 hafva
858 807 44 19 rätt
916 807 32 20 att
962 811 36 20 ge-

175 835 49 20 nast
239 834 68 21 utvisa
322 833 54 24 dem,
392 839 45 15 som
452 834 27 25 på
494 835 65 25 något
573 835 42 20 sätt
626 833 68 22 skulle
705 835 58 20 störa
776 833 151 28 gudstjensten.
958 834 40 21 Om

175 861 82 23 således
273 862 68 21 denna
356 862 103 26 rättighet
473 864 51 19 utan
540 863 65 26 något
619 862 116 26 stadgande
749 862 67 21 finnes
826 862 32 21 för
869 863 39 21 den
919 863 79 21 luther-

174 890 39 22 ska
228 891 88 27 kyrkan,
335 890 97 21 hvarföre
447 891 67 21 skulle
530 891 39 21 den
586 891 45 21 icke
646 891 6 21 i
667 897 81 15 samma
763 892 49 21 mån
826 891 68 22 finnas
909 891 33 22 för
957 891 41 22 dis-

174 919 193 26 senterförsamling
382 921 50 20 utan
447 919 65 27 något
526 920 67 21 skildt
607 920 122 26 stadgande.

243 988 90 22 Prosten
349 987 101 28 Hjelt:
474 983 50 37 Jag
537 983 90 37 förenar
647 988 42 27 mig
704 989 47 21 med
767 989 77 21 doktor
859 989 78 22 Geitlin
953 989 44 22 deri

175 1019 40 24 att,
235 1023 34 16 om
291 1017 8 21 i
321 1017 38 21 vår
380 1017 67 28 kyrka
469 1017 95 22 inträffar
579 1024 24 15 en
619 1023 16 16 s.
651 1017 20 21 k.
686 1017 188 28 kyrkoförargelse,
891 1024 49 20 eger
955 1017 43 22 för-

175 1045 128 28 samlingens
325 1045 134 28 presterskap
482 1048 32 19 att
536 1046 47 25 låta
602 1046 46 22 föra
670 1048 24 19 ut
714 1047 39 20 den
768 1053 83 20 person,
866 1053 44 15 som
927 1047 69 22 åstad-

175 1075 96 21 kommer
300 1075 128 20 densamma.
465 1074 85 22 Samma
576 1075 100 26 rättighet
699 1076 66 20 måste
788 1081 47 16 man
858 1075 138 28 ovilkorligen

175 1103 127 22 tillerkänna
325 1103 250 28 dissenterförsamlingen
595 1103 40 22 och
655 1103 90 22 sålunda
763 1106 23 19 är
810 1104 36 21 det
860 1110 76 16 senare
950 1110 46 16 mo-

174 1133 81 20 mentet
269 1131 44 22 helt
328 1131 40 22 och
383 1131 66 22 hället
463 1132 138 26 öfverflödigt.

243 1200 110 22 Professor
377 1200 96 23 Cleve:
502 1201 43 22 För
568 1201 41 22 min
633 1201 33 21 del
689 1201 78 22 förmår
786 1202 37 27 jag
843 1202 47 21 icke
905 1202 7 21 i
928 1203 68 20 denna

175 1229 100 28 paragraf
296 1236 22 15 se
341 1230 68 25 någon
433 1230 124 26 motsägelse
581 1230 50 21 eller
653 1231 142 26 oegentliehet
817 1233 51 19 utan
883 1237 62 22 synes
961 1231 36 21 det

175 1258 42 27 mig
232 1258 69 22 säsom
317 1259 40 20 den
373 1264 50 15 vore
435 1258 86 21 alldeles
536 1259 22 21 af
573 1259 206 27 omständighetetna
794 1259 99 28 päkallad
908 1260 39 21 och
958 1266 39 20 ega

174 1287 105 26 giltighet.
310 1286 99 27 Offentlig
431 1287 119 28 gudstjenst
572 1288 87 21 innebär
681 1289 133 26 naturligtvis
838 1289 36 20 det
896 1291 33 18 att
950 1289 47 21 icke

176 1316 103 21 dörrarna
301 1317 35 20 äro
359 1315 71 22 slutna
455 1319 50 18 utan
528 1318 32 20 att
582 1316 141 22 allmänheten
745 1317 42 22 kan
809 1317 21 22 fä
850 1317 94 22 tillträde
964 1317 33 22 till

174 1343 144 26 gudstjensten
334 1344 40 20 och
390 1345 61 19 hafva
466 1345 87 25 vetskap
569 1351 34 13 om
618 1345 51 20 hvar
685 1345 38 21 och
739 1346 54 19 huru
808 1346 40 20 den
863 1345 73 25 hälles,
949 1351 48 15 men

175 1371 59 21 detta
249 1371 93 27 begrepp
357 1371 89 21 innebär
460 1372 114 25 ingalunda
589 1374 32 19 att
635 1373 67 20 andra
717 1373 61 21 skola
792 1373 71 21 kunna
873 1373 21 21 få
904 1373 93 21 tillträde

175 1400 40 20 och
230 1399 45 21 icke
291 1399 22 22 få
328 1399 96 22 afhällas.
454 1400 42 21 Det
510 1400 81 21 händer
606 1401 39 21 och
660 1400 39 22 har
714 1401 67 22 händt
796 1401 38 22 och
850 1402 67 21 måste
927 1401 70 22 hända

174 1430 33 20 att
219 1428 36 21 det
270 1435 54 19 rum,
340 1429 38 21 der
391 1429 112 22 dissenters
519 1429 56 22 hälla
589 1429 32 22 sin
632 1430 125 27 gudstjenst,
773 1433 24 19 är
809 1431 23 21 sä
843 1431 111 21 inskränkt
964 1432 33 20 att

175 1457 37 21 det
234 1457 48 22 med
304 1457 70 28 knapp
395 1457 41 22 nöd
454 1457 113 28 inrymmer
582 1457 148 29 församlingen
747 1459 38 22 och
801 1459 28 22 dä
843 1462 24 19 är
882 1460 36 21 det
933 1459 64 22 orim-

174 1485 39 27 ligt
235 1487 32 20 att
285 1486 74 22 fordra
377 1488 31 19 att
424 1486 84 27 enhvar,
525 1493 45 15 som
587 1487 40 25 vill,
644 1487 53 21 skall
713 1488 20 21 fä
749 1491 75 24 tränga
838 1489 31 26 sig
884 1489 21 21 in
920 1494 76 21 genom

175 1514 108 22 dörrarna.
313 1514 160 28 Församlingen
496 1516 66 21 måste
584 1515 7 22 i
612 1516 24 21 sä
657 1516 36 22 fall
708 1517 21 22 få
744 1517 85 25 vidtaga
844 1517 153 27 försigtighets-

174 1544 55 21 mått
246 1544 32 21 att
299 1543 46 23 icke
368 1543 64 23 blifva
451 1545 59 21 störd
524 1551 76 20 genom
616 1546 98 26 trängsel.
745 1546 47 22 Den
806 1546 33 22 får
854 1546 82 23 således
951 1546 46 23 icke
