1073 1803
285 159 160 18 Presteståndet
458 161 53 17 1877.
538 161 23 16 14
573 161 113 17 december.
825 155 58 21 2845

93 228 41 21 den
155 227 68 22 finska
248 228 143 21 redaktionen.
423 228 39 21 Om
480 235 47 14 man
544 229 93 26 förbigår
653 229 60 21 ordet
729 229 124 26 ,henkilöt*,
869 235 45 14 som

92 258 25 19 är
139 258 31 19 ett
185 256 137 21 förklenande
338 256 123 21 diminuativ
477 257 22 21 af
513 257 90 24 ,,henki*
620 257 39 21 och
675 257 88 27 betyder
779 257 62 26 dålig,
857 257 57 26 klen,

93 284 45 22 usel
159 291 84 20 person,
266 285 121 26 ,stackare*
411 285 51 22 eller
483 286 120 26 ,ynkrygg*
624 285 39 22 och
685 285 81 22 således
786 285 65 27 enligt
871 286 43 20 min

96 313 64 20 tanke
176 319 25 14 en
217 313 83 26 mycket
316 313 99 27 olämplig
428 313 127 28 benämning
565 314 28 26 på
605 314 83 21 landets
701 313 150 28 värnepligtige
862 320 53 19 ung-

95 342 55 24 dom,
174 341 23 22 så
219 341 141 22 förekommer
381 342 39 20 här
441 342 60 21 ordet
525 342 93 26 ,vaiko*,
641 342 79 21 hvilket
736 342 33 21 väl
785 342 64 21 borde
865 341 50 22 heta

95 370 104 25 .taikka”.
230 370 77 21 Vidare
330 370 67 21 skulle
411 370 36 27 jag
463 372 108 24 anmärka,
585 372 33 20 att
633 371 6 20 i
654 370 93 27 följande
763 371 82 25 mening
860 370 54 21 före-

93 399 96 21 kommer
211 398 61 22 ordet
295 399 100 25 ,vuoksi*
418 399 47 21 ist.
487 399 12 21 f.
523 416 5 10 ,
531 400 106 25 tähden*,
653 398 50 22 final
718 399 92 27 partikel
831 400 6 19 i
857 400 23 20 st
899 398 14 22 f.

94 427 82 26 kausal,
197 426 39 22 och
259 428 7 20 i
288 434 80 14 samma
387 428 83 26 mening
490 430 31 19 ett
541 428 129 26 syntaktiskt
690 428 38 21 fel:
749 428 36 21 det
807 428 60 20 heter
884 427 31 27 ,ei

93 456 75 21 olevan
184 456 196 26 sotapalvelukseen
395 456 130 27 kelpaavia*,
542 463 47 15 men
604 457 67 21 borde
685 463 52 15 vara
753 456 87 24 ,olevan
856 458 58 19 sota-

94 484 150 27 palvelukseen
260 485 203 26 kelpaamattomia”.

162 548 110 21 Professor
313 554 130 14 Forsman:
474 548 61 21 Hvad
551 550 86 24 prosten
652 547 87 21 Warelii
753 547 163 27 anmärkningar

94 576 108 25 beträffar,
217 576 41 22 kan
272 576 37 27 jag
324 578 71 25 tyvärr
410 576 46 22 icke
471 576 56 22 finna
543 577 47 20 dem
607 577 40 21 alla
663 578 43 19 rätt
723 576 107 27 befogade,
845 578 22 24 ty
883 578 32 19 att

94 607 56 19 sätta
174 622 4 8 ,
179 604 92 26 taikka*
294 606 6 19 i
316 608 25 18 st.
358 605 14 21 f.
388 605 93 27 ,vaiko*,
498 607 38 19 när
552 606 35 20 det
603 607 23 19 är
641 605 111 27 frägasatt,
768 606 24 20 är
808 604 107 22 bestämdt

94 634 95 27 oriktigt.
219 634 105 26 »Vuoksi*
342 634 87 27 betyder
444 634 60 21 äfven
521 634 20 26 ,,i
557 634 51 27 följd
623 634 40 21 af".
694 634 44 21 Den
753 634 52 21 sista
817 634 98 21 anmärk-

94 663 76 26 ningen
190 662 39 21 har
251 669 44 14 mer
318 663 153 27 berättigande,
494 666 22 23 ty
539 669 42 20 nog
595 665 24 19 är
635 663 35 21 det
683 663 23 26 ju
721 664 81 20 rättare
817 665 32 18 att
863 664 52 24 säga

94 691 85 24 olevan
202 692 197 25 sotapalvelukseen
421 691 201 27 kelpaamattomia*
641 693 26 20 än
684 691 32 25 ,ei
732 691 74 22 olevan
821 691 94 26 sotapal-

94 719 113 22 velukseen
222 720 128 27 kelpaavia*.
381 720 74 21 Denna
470 720 42 22 kan
525 721 36 26 jag
577 721 80 20 säledes
673 720 118 26 godkänna,
807 726 48 14 men
869 720 45 20 icke

94 749 25 21 de
134 749 64 21 förra.

161 805 31 22 På
213 806 49 21 herr
283 806 187 21 talmannens
492 806 153 26 framställning
665 805 44 22 blef
723 806 125 27 paragrafen
864 805 51 26 god-

93 835 57 21 känd
172 835 49 21 med
243 835 40 21 den
299 835 138 26 anmärkning
452 835 92 21 rörande
559 836 40 20 den
615 834 68 22 finska
698 837 71 19 texten
784 834 7 20 i
806 834 11 27 $
834 834 33 24 25,
878 836 38 19 att

94 863 36 22 det
146 864 44 20 deri
205 863 173 22 förekommande
400 864 107 26 uttrycket
523 864 30 24 ,ei
569 864 74 21 olevan
659 863 124 27 kelpaavia
800 863 38 21 bör
853 862 62 27 utby-

94 895 34 19 tas
144 895 56 19 emot
216 909 8 9 ,
230 892 74 21 olevan
320 892 193 26 kelpaamattomia.

163 949 11 27 8
191 951 26 19 26
234 949 129 27 godkändes.

162 1005 135 23 Beträffande
319 1006 99 21 rubriken
441 1007 40 26 A.),
505 1006 62 21 hvars
592 1006 112 26 afgörande
724 1005 129 27 uppskjutits
872 1005 43 21 tills

93 1036 70 20 denna
178 1035 107 26 afdelning
300 1035 67 21 blifvit
380 1035 163 27 genomgången,
560 1034 69 22 beslöt
644 1034 90 26 ståndet,
750 1036 32 19 att
793 1034 40 20 den
848 1034 67 21 skulle

94 1064 32 20 till
147 1064 106 20 utskottet
275 1064 166 21 återremitteras
462 1064 33 21 för
517 1066 32 19 att
568 1063 94 26 undergå
681 1063 65 20 sådan
762 1062 154 26 omredigering

93 1092 106 21 utskottet
215 1091 76 27 ansåge
307 1092 100 27 betingad
423 1092 22 21 af
459 1091 95 22 ståndets
571 1091 68 22 beslut
655 1091 108 27 angående
777 1092 10 25 $
803 1091 34 20 23.

493 1177 25 22 B.

162 1235 42 22 Det
232 1235 85 26 slutliga
345 1235 170 21 bestämmandet
541 1235 23 20 af
583 1235 40 21 den
649 1235 78 26 lydelse
751 1234 69 21 denna
841 1233 75 21 rubrik

95 1265 84 20 komme
206 1265 31 20 att
260 1263 81 22 erhålla
364 1264 109 26 uppsköts,
495 1264 32 21 till
550 1264 48 21 dess
621 1263 48 21 hela
691 1263 134 25 afdelningen
848 1261 68 22 blifvit

93 1292 166 27 genomgången.

473 1371 11 28 $
500 1373 33 20 27.

165 1428 108 21 Professor
294 1429 168 20 Ehrström:
492 1430 41 24 Jag
551 1428 38 21 ber
604 1430 31 18 att
650 1428 21 20 få
686 1428 55 20 fästa
756 1428 161 25 uppmärksam-

96 1457 37 21 het
154 1457 28 26 på
203 1457 70 26 något,
290 1463 44 14 som
350 1456 107 22 förefaller
473 1457 69 20 såsom
558 1459 31 18 ett
604 1456 88 26 tryckfel
708 1455 26 27 på
750 1455 51 21 sista
816 1455 65 20 raden
896 1455 22 20 af

96 1491 63 16 mom.
176 1485 26 26 c).
233 1485 118 22 Momentet
366 1485 59 27 lyder
441 1485 67 24 ,,ende
524 1484 118 21 arbetsföre
657 1491 38 14 son
711 1484 51 21 eller
773 1483 144 24 dottersonen,

97 1515 37 21 der
149 1514 99 26 farfader,
265 1514 112 26 farmoder,
394 1513 105 22 morfader
514 1513 53 22 eller
582 1513 120 21 mormoder
716 1513 46 21 icke
775 1512 62 21 hafva
847 1512 69 27 någon

96 1544 107 21 arbetsför
225 1549 43 20 son,
293 1543 24 22 så
337 1543 64 22 framt
423 1543 7 21 i
453 1542 137 23 förenämnda
612 1542 36 21 fall
671 1547 71 21 sonen,
759 1541 91 22 brodren
865 1541 53 22 eller
