1081 1803
189 151 56 21 3310
351 147 25 33 —
355 154 262 18 Presteständet
561 147 63 33 1878.
644 154 24 16 14
677 154 89 20 januari.

161 223 115 27 lagförslag
291 223 7 21 i
314 224 59 20 detta
395 222 55 28 syfte
465 223 82 26 igenom
563 222 61 21 torde
640 222 65 20 blifva
721 221 82 21 mindre
819 222 26 20 än
861 226 84 20 annars,
961 220 24 21 sä

161 252 39 22 har
222 252 176 27 borgareständet
420 251 54 21 dock
497 251 65 21 hellre
584 250 76 22 önskat
678 250 21 21 få
716 250 70 26 någon
801 249 35 27 lag
850 250 91 26 igenom,
958 250 28 20 än

163 280 89 22 alldeles
274 281 63 27 ingen
360 280 40 26 lag.
431 280 181 26 Borgareständet
632 280 39 20 har
694 279 84 21 derföre
799 278 83 28 antagit
903 278 83 21 ridder-

161 310 76 26 skapet
256 309 38 21 och
310 308 73 22 adelns
397 308 126 28 inbjudning
538 310 32 20 att
584 308 73 21 förena
672 308 32 27 sig
719 314 34 14 om
769 308 36 21 det
820 306 70 22 beslut
905 306 81 22 ridder-

165 337 112 28 derskapet
293 338 40 21 och
349 337 84 28 adeln
421 330 13 39 i
449 337 73 26 frågan
538 337 62 21 fattat
616 337 38 21 och
670 336 39 21 har
723 336 176 26 borgareständet
911 334 75 22 härvid

161 368 60 24 trott,
238 368 31 19 att
285 373 25 14 en
326 371 34 16 om
375 365 65 21 ocksä
455 365 112 27 bristfällig
582 365 34 27 lag
632 367 23 18 är
672 364 75 26 bättre,
763 367 26 18 än
802 364 63 27 ingen
880 364 36 27 lag
931 366 55 18 samt

161 396 32 20 att
215 394 22 22 af
257 394 42 21 alla
322 394 147 21 förhällanden
485 394 7 21 i
508 394 58 21 lifvet
587 394 35 21 det
638 393 99 21 rättslösa
754 392 141 21 förhällandet
911 394 24 19 är
951 391 35 22 det

161 425 87 20 sämsta.
277 423 11 21 I
304 423 40 20 den
360 422 147 27 förhoppning,
519 424 32 20 att
562 422 35 21 det
608 422 131 27 högvördiga
748 421 163 27 presteständet,
923 421 64 20 hvars

162 453 138 20 medlemmar
321 457 77 21 genom
421 451 37 21 sitt
480 451 79 27 vigtiga
582 450 39 21 och
644 450 141 21 ansvarsfulla
807 449 43 22 kall
869 449 33 22 stä
917 449 71 21 denna

165 481 60 27 fråga
245 481 23 21 sä
288 482 58 25 nära,
361 480 65 21 redan
442 485 56 22 noga
514 479 110 27 öfvervägt
638 479 43 21 alla
697 479 24 21 de
738 478 187 27 omständigheter,
941 484 45 15 som

161 509 8 22 i
186 509 69 22 denna
264 509 38 22 sak
313 509 71 21 kunna
395 510 60 25 tagas
465 508 7 21 i
483 508 147 25 betraktande,
641 508 38 21 har
690 507 175 27 borgareständet
876 507 112 21 inskränkt

163 538 32 21 sin
210 537 99 22 anhållan
325 537 86 26 derhän,
427 539 33 18 att
476 537 34 21 det
525 537 130 26 högvördiga
670 536 157 27 presteständet
841 536 7 21 i
860 535 69 22 likhet
939 535 48 21 med

163 567 176 25 borgareständet
354 566 67 20 mätte
436 565 100 25 förklara,
551 568 32 18 att
599 566 68 20 denna
682 565 60 26 fräga
758 565 18 26 ej
792 565 33 20 fär
834 563 91 27 förfalla,
936 566 52 19 utan

163 595 7 20 i
185 594 102 22 händelse
308 594 19 26 ej
347 594 69 26 nägon
432 600 70 15 annan
517 594 82 26 lösning
615 593 61 21 deraf
690 594 42 20 kan
748 594 80 25 vinnas,
844 593 40 21 den
899 593 8 20 i
922 593 66 26 enlig-

163 623 38 21 het
216 624 47 20 med
279 623 229 27 landtdagsordningen
524 623 68 21 mätte
602 622 124 27 hänskjutas
737 622 32 21 till
781 622 104 21 förstärkt
895 621 94 21 utskotts

163 651 122 28 afgörande.
316 652 178 26 Borgareständet
509 651 95 21 anhäller
620 653 39 19 etc.
675 652 40 20 etc.

232 708 70 22 Sedan
317 709 49 20 herr
382 709 168 21 talmannen
564 708 73 21 tackat
653 708 151 27 deputationen
820 707 33 21 för
869 708 35 20 det
914 706 76 28 gjorda

163 737 155 28 meddelandet,
333 737 97 22 afträdde
446 737 128 22 densamma.

232 852 154 28 Kyrkoherden
402 852 145 22 Stenbäck
563 852 109 22 fortsatte:
703 851 69 28 Syftet
787 851 48 22 med
850 852 50 21 mitt
915 851 74 22 andra-

163 881 69 28 gande
254 888 37 15 var
313 882 76 21 endast
403 883 33 20 att
451 881 74 26 uttala,
541 883 32 20 att
588 881 61 21 äfven
664 881 47 21 med
728 881 40 21 den
783 881 144 28 formulering,
943 887 45 15 som

165 911 135 26 inledningen
321 911 32 20 till
373 910 162 26 ifrägavarande
555 910 115 27 lagförslag
692 916 29 15 nu
741 909 45 24 har,
806 910 40 21 den
861 910 47 21 icke
923 909 66 22 stär
977 905 15 36 i

164 939 53 21 strid
233 940 48 20 med
296 939 168 27 presteständets
479 939 6 20 i
501 939 73 26 frågan
591 945 34 14 om
643 941 24 18 19
684 939 11 24 $
712 939 82 20 fattade
809 938 74 25 beslut,
900 938 90 22 oaktadt

164 968 63 21 äfven
248 969 37 26 jag
307 967 68 22 skulle
396 967 63 21 hafva
481 968 62 25 velat,
564 969 32 20 att
615 967 136 26 inledningen
773 967 68 21 skulle
862 966 63 22 hafva
943 966 47 21 haft

164 997 66 26 nägot
245 996 103 27 tydligare
362 996 38 21 och
417 995 134 22 bestämdare
566 996 143 26 formulering.
739 995 62 21 Hvad
817 1001 28 16 nu
860 995 74 27 sjelfva
947 995 44 22 frä-

164 1031 42 22 gan
226 1025 108 26 beträffar,
355 1025 39 20 har
412 1024 36 27 jag
463 1025 65 21 redan
545 1025 34 21 vid
595 1026 31 19 ett
642 1024 127 27 föregäende
785 1024 157 21 sammanträde
956 1026 33 19 ut-

165 1054 54 21 talat
235 1054 42 20 min
292 1053 55 27 äsigt
362 1053 6 21 i
385 1053 64 21 saken
466 1053 39 21 och
518 1053 37 27 jag
570 1054 39 20 har
624 1054 18 26 ej
658 1053 75 26 funnit,
749 1055 32 19 att
796 1059 37 15 ens
849 1053 26 21 de
887 1053 46 21 skäl
944 1059 46 15 som

165 1082 22 21 af
209 1082 128 26 deputerade
357 1082 46 20 från
427 1082 106 26 välloflige
555 1081 176 27 borgareständet
747 1081 44 26 just
811 1087 49 22 nyss
876 1081 114 26 uttalades,

165 1111 68 21 skulle
248 1110 67 21 rubba
330 1110 43 21 min
389 1110 145 27 öfvertygelse.
564 1110 26 21 Vi
606 1109 64 22 hafva
686 1116 27 15 nu
729 1109 33 22 för
778 1115 34 16 oss
828 1116 25 16 en
865 1109 125 28 inbjudning

165 1139 46 21 frän
231 1139 36 21 tvä
285 1139 69 23 ständ,
369 1145 49 14 men
431 1139 37 26 jag
483 1139 36 21 vill
535 1138 54 22 fästa
604 1139 215 26 uppmärksamheten
836 1139 34 21 vid
886 1141 33 19 att
933 1140 57 19 ännu

165 1168 91 21 äterstär
277 1169 31 20 ett
328 1167 69 26 ständ,
419 1167 161 26 bondeständet,
596 1173 45 16 som
657 1173 49 15 man
721 1167 42 21 kan
779 1173 50 16 anse
844 1169 146 25 representera

165 1197 40 20 den
226 1199 59 18 stora
307 1202 84 15 massan
413 1195 24 21 af
457 1197 47 20 värt
526 1196 43 21 folk
584 1196 38 21 och
640 1196 35 21 det
691 1195 110 27 energiska
816 1195 114 26 motständ,
945 1201 46 16 som

164 1226 39 25 gör
227 1225 30 26 sig
279 1225 98 26 gällande
398 1225 7 20 i
427 1224 59 21 detta
506 1225 62 21 ständ
589 1227 45 18 mot
649 1225 130 26 antagandet
793 1224 24 21 af
830 1224 161 27 ifrägavarande

166 1253 123 27 lagförslag,
304 1253 61 26 tyder
380 1255 98 24 nogsamt
493 1253 72 26 derpä,
581 1255 33 19 att
623 1253 47 20 värt
681 1253 45 20 folk
736 1253 19 26 ej
766 1253 7 20 i
785 1253 131 21 närvarande
927 1253 64 21 stund

165 1283 24 19 är
204 1284 71 24 moget
290 1281 34 21 för
339 1282 150 25 emottagande
504 1281 22 21 af
541 1281 36 22 det
592 1281 121 27 lagförslag,
729 1287 45 15 som
790 1287 29 15 nu
833 1281 113 26 föreligger
956 1287 34 15 oss

167 1311 38 21 och
228 1313 32 18 att
283 1310 72 26 tvinga
377 1312 31 19 ett
429 1309 45 22 helt
495 1309 44 22 folk
559 1312 33 19 att
606 1311 79 26 antaga
701 1316 26 15 en
741 1310 42 26 lag,
799 1316 45 15 som
860 1310 18 27 ej
895 1311 24 20 är
934 1309 58 27 enlig

165 1339 47 20 med
235 1339 47 20 dess
297 1339 99 25 rättsliga
411 1338 39 20 och
465 1339 98 25 religiösa
578 1338 147 26 öfvertygelse,
741 1338 68 21 skulle
823 1339 36 25 jag
875 1344 50 15 anse
940 1345 51 14 vara

165 1366 82 21 mindre
262 1366 123 21 välbetänkt
401 1365 22 21 af
436 1366 196 26 representationen
648 1366 39 21 och
702 1366 68 20 under
785 1366 79 21 sådana
875 1365 116 22 förhällan-

167 1394 40 21 den
231 1400 61 15 anser
312 1395 37 26 jag
372 1394 59 21 detta
453 1400 49 15 vara
524 1396 30 19 ett
569 1394 47 21 skäl
632 1394 40 26 till,
688 1396 59 19 utom
763 1394 27 21 de
805 1394 77 27 mänga
897 1393 96 26 anförda,

166 1425 33 20 att
213 1422 70 28 afböja
298 1423 178 27 inbjudningarna
491 1423 6 20 i
513 1422 80 28 frägan.

235 1481 77 21 Pastor
335 1480 148 22 Törnudd:
513 1480 48 22 Med
584 1480 113 28 anledning
719 1480 22 22 af
761 1482 86 25 prosten
870 1480 121 27 Dahlbergs

167 1512 73 20 senast
261 1510 75 27 gjorda
358 1510 98 26 yttrande
480 1509 66 22 skulle
565 1510 37 27 jag
622 1509 26 22 be
668 1512 32 18 att
716 1510 22 21 fä
752 1510 107 26 päminna,
874 1511 32 20 att
922 1510 6 21 i
943 1510 47 21 värt

166 1539 50 21 land
232 1539 67 21 finnes
314 1538 124 22 hundratals
453 1544 55 21 unga
523 1544 106 22 personer,
640 1538 73 22 hvilka
723 1539 78 22 räknas
811 1538 33 21 till
855 1538 136 28 baptisterna.
