1073 1809
214 155 55 21 2582
395 159 161 18 Presteståndet
568 160 54 18 1877.
647 160 12 16 6
672 160 113 17 december.

183 228 88 27 stadgas
293 228 137 26 fortfarande,
453 230 32 20 att
503 229 75 21 endast
593 228 46 26 den,
655 234 44 15 som
715 228 65 22 redan
795 228 39 27 fylt
851 228 24 21 15
891 228 24 22 år
930 230 24 18 är
969 228 37 22 be-

185 257 92 27 rättigad
293 259 32 20 att
339 257 79 27 afgöra,
435 257 104 21 huruvida
553 257 42 21 han
611 257 37 21 vill
662 256 52 28 följa
726 257 48 21 med
785 257 45 21 sina
839 256 106 22 föräldrar
955 256 52 22 eller

185 289 128 24 qvarstanna
328 286 7 21 i
350 286 41 21 den
406 285 94 27 religion,
515 286 8 21 i
538 286 84 21 hvilken
638 286 42 21 han
695 286 82 21 dertills
791 286 68 21 blifvit
875 285 130 28 uppfostrad.

183 315 158 27 Lagutskottet,
361 315 32 21 till
414 314 63 22 hvars
496 314 128 27 behandling
642 316 68 20 denna
725 315 130 27 proposition
871 314 135 27 hänskjutits,

184 344 40 22 har
243 344 128 26 fullkomligt
389 344 95 26 godkänt
502 344 146 26 kyrkomötets
663 344 60 26 åsigt.
753 344 42 21 Det
810 344 61 21 heter
885 344 7 21 i
908 344 98 21 motiver-

184 372 62 27 ingen
269 373 27 27 på
318 379 47 21 pag.
385 373 34 25 33,
434 375 33 19 att
481 373 136 27 kyrkomötet
631 374 76 20 önskat
723 372 20 22 få
759 372 39 22 den
814 373 7 21 i
836 374 13 20 4
865 379 62 15 mom.
943 372 23 22 af
979 373 26 21 12

184 402 12 25 8
216 402 104 26 ingående
342 402 159 26 bestämningen
523 418 5 9 ,
529 402 89 25 ändrad
638 402 29 25 så,
686 403 32 19 att
733 402 230 27 äldersbestämningen
981 402 24 20 15

184 430 25 21 år
230 430 70 22 blefve
321 430 72 27 utbytt
410 430 33 22 till
459 432 25 20 12
500 431 29 25 år,
546 432 51 20 enär
613 430 44 21 ofta
672 430 65 22 redan
752 430 34 22 vid
802 431 130 23 sistnämnda
947 430 59 21 ålder

184 458 18 28 ej
219 459 90 21 allenast
326 460 104 20 samvetet
445 460 22 20 är
483 460 70 26 vaket,
570 461 50 19 utan
636 459 40 21 och
691 460 40 20 den
747 459 98 27 religiösa
860 459 89 26 insigten
965 465 41 20 nog

184 488 120 25 utvecklad,
325 488 33 21 för
379 490 32 18 att
426 490 31 19 ett
472 489 130 25 nödtvunget
618 488 130 21 omfattande
763 488 23 20 af
800 491 39 18 den
855 488 52 25 lära,
921 487 85 21 hvartill

184 516 133 22 föräldrarna
333 516 90 28 öfvergå,
439 516 70 22 kunde
525 516 33 22 för
569 517 76 21 barnet
656 516 95 22 medföra
761 516 134 22 samvetsnöd
905 516 40 22 och
955 518 53 24 göra

184 545 48 21 dess
247 545 24 21 lif
284 545 63 26 högst
362 546 107 26 olyckligt.
488 545 158 22 Instämmande
659 546 6 20 i
679 547 60 19 dessa
749 545 46 22 skäl
806 545 39 21 har
854 545 152 26 lagutskottet”

184 580 19 15 0.
226 580 17 16 s.
266 580 18 15 v.
315 574 49 21 Man
387 574 68 21 skulle
478 575 27 26 på
527 574 67 27 grund
611 573 22 22 af
647 574 61 21 dessa
723 574 152 26 lagutskottets
891 574 37 20 ord
943 574 65 20 hafva

183 604 80 23 väntat,
283 604 32 19 att
335 602 61 22 äfven
412 602 105 22 utskottet
532 603 68 21 skulle
615 603 86 21 nedsatt
717 603 200 21 diskretionsåldern
932 603 32 21 till
980 603 27 20 12

184 631 30 21 år.
245 631 80 21 Sådant
347 634 24 18 är
393 631 118 21 emellertid
535 632 17 26 ej
576 632 65 25 fallet,
665 634 51 18 utan
739 634 92 19 tvärtom
851 631 39 21 har
911 632 6 20 i
934 631 73 27 sjelfva

184 659 75 22 verket
280 660 54 20 barn
357 659 24 22 af
399 660 80 21 sådana
502 660 112 25 föräldrar,
637 666 45 15 som
705 660 105 27 öfvergätt
825 660 31 21 till
873 662 65 19 annat
953 662 55 19 tros-

183 688 97 21 samfund
303 688 107 22 beröfvats
432 689 72 24 hvarje
527 689 102 26 rättighet
651 691 33 19 att
701 688 80 28 afgöra,
798 689 103 21 huruvida
916 689 26 20 de
957 688 50 27 vilja

183 716 51 27 följa
254 717 45 21 sina
317 717 111 25 föräldrar,
445 718 51 20 eller
511 718 25 26 ej.
566 718 41 26 Jag
622 718 103 21 erkänner
741 717 127 27 visserligen,
885 719 32 19 att
933 718 35 20 det
983 719 24 19 är

183 746 7 20 i
205 746 132 26 konsegvens
353 746 47 21 med
416 746 55 22 hvad
487 746 98 26 föröfrigt
600 746 85 27 stadgas
701 746 108 27 angäende
825 746 122 27 öfvergäng;
959 752 47 15 men

183 775 42 25 mig
241 781 62 20 synes
318 775 55 21 dock
388 781 25 15 en
428 775 81 26 ganska
524 776 104 25 väsentlig
643 775 83 21 skilnad
742 776 39 20 här
795 777 52 24 göra
859 775 32 27 sig
903 774 104 27 gällande.

182 803 43 21 Det
247 805 24 19 är
293 803 112 27 sjelffallet,
425 806 37 23 att,
479 810 33 14 om
529 804 132 21 föräldrarna
677 804 86 26 öfvergä
778 805 31 20 till
825 810 70 14 annan
912 804 93 26 religion,

184 832 63 21 deras
261 832 56 26 äsigt
332 832 39 21 har
385 832 40 21 fått
441 832 139 28 mångfaldigt
595 833 85 27 uttryck
695 833 56 21 inom
767 833 60 21 lifvet
846 832 2 21 i
863 832 94 22 hemmet
967 832 39 22 och

182 861 8 21 i
214 861 40 21 den
277 860 125 28 uppfostran
425 861 26 21 de
473 861 62 21 hafva
558 861 60 28 gifvit
633 862 46 20 sina
693 862 60 21 barn.
782 862 43 21 Det
839 868 62 20 synes
917 861 42 27 mig
973 861 33 21 sä-

183 889 64 27 ledes,
263 892 38 25 att,
317 896 33 15 om
366 890 82 28 barnet,
465 890 69 22 dertill
550 890 87 22 manadt
649 890 23 22 af
683 891 45 21 sina
738 890 111 26 föräldrar,
861 890 68 21 skulle
939 890 68 21 önska

183 918 87 28 Ofvergä
286 919 32 21 till
333 926 80 15 samma
427 920 205 26 religionssamfund,
648 920 33 21 till
695 920 81 22 hvilket
791 920 63 22 dessa
863 920 64 21 hafva
938 920 69 21 öfver-

182 948 53 26 gått,
259 948 36 21 det
317 954 50 15 vore
383 950 31 20 ett
429 948 72 28 fasligt
517 949 63 21 härdt
594 949 48 21 våld
659 951 57 19 emot
731 950 61 20 dessa
804 955 82 15 samma
900 948 53 21 barn
969 951 38 23 att,

182 976 71 22 såsom
275 977 106 21 utskottet
403 978 40 20 har
464 978 62 26 gjort,
549 977 99 27 förbjuda
669 978 47 21 dem
731 980 33 19 att
779 978 23 21 sä
817 980 58 25 göra.
905 977 49 22 Med
969 984 36 14 an-

182 1005 87 27 ledning
292 1006 61 21 deraf
373 1006 67 21 skulle
455 1006 36 27 jag
506 1006 70 22 säsom
592 1006 147 27 kyrkoherden
755 1006 136 27 Fredrikson,
907 1006 47 22 med
969 1012 36 15 an-

183 1034 98 22 slutande
303 1034 32 22 till
355 1034 89 22 friherre
466 1036 88 20 Wredes
577 1036 131 21 reservation
727 1035 83 27 föreslä,
826 1037 32 19 att
874 1036 40 20 den
929 1035 77 27 nädiga

182 1063 159 27 propositionen
363 1064 69 21 skulle
454 1064 39 21 här
515 1064 64 22 blifva
596 1064 79 21 istället
690 1064 33 21 för
738 1064 117 22 utskottets
872 1064 133 21 betänkande

182 1094 98 25 antagen,
296 1092 83 22 likvisst
393 1093 48 21 med
457 1094 40 20 den
513 1093 83 27 mycket
612 1093 77 27 vigtiga
704 1093 155 27 förändringen,
870 1096 33 18 att
913 1094 36 20 det
959 1093 46 21 icke

182 1120 69 22 skulle
273 1120 50 22 heta
346 1121 54 24 ,den
421 1127 44 16 som
485 1122 40 27 fylt
542 1123 24 21 15
583 1122 36 21 är*
636 1125 51 18 utan
702 1122 7 21 i
725 1122 217 22 öfverensstämmelse
958 1122 47 21 med

181 1149 147 27 kyrkomötets
343 1150 80 21 beslut:
439 1150 54 26 ,den
509 1156 44 16 som
568 1150 40 28 fylt
625 1152 25 20 12
665 1151 37 21 år"
719 1157 19 15 o.
754 1157 16 16 s.
786 1157 19 14 v.

249 1207 90 21 Prosten
359 1207 175 27 Rosengren:
572 1208 73 22 Säsom
663 1208 76 21 doktor
755 1208 78 22 Geitlin
848 1209 117 25 anmärkte,
981 1210 24 19 är

180 1236 37 21 det
239 1236 72 21 säkert
332 1236 39 22 och
392 1236 128 27 följdriktigt
538 1242 44 16 som
603 1236 105 22 utskottet
729 1237 38 21 har
786 1236 88 22 kommit
895 1237 32 21 till
947 1237 59 21 detta

181 1264 87 27 förslag,
284 1267 31 19 att
330 1271 103 21 personen
449 1265 67 27 ifråga
531 1265 39 21 bör
585 1266 63 20 hafva
663 1266 90 26 uppnått
769 1267 24 20 21
812 1266 35 21 års
862 1266 65 26 ålder,
941 1266 64 21 innan

182 1294 41 20 han
239 1294 31 20 får
286 1293 85 27 öfvergå
386 1294 46 21 från
448 1294 40 21 den
504 1294 52 26 lära,
570 1300 25 15 ur
610 1294 85 22 hvilken
711 1294 132 21 föräldrarna
855 1294 61 22 hafva
927 1295 77 27 utgått.

180 1322 42 26 Jag
237 1322 70 21 kunde
322 1322 47 22 icke
383 1322 7 21 i
403 1323 105 21 utskottet
523 1329 51 15 vara
589 1323 74 26 riktigt
678 1322 85 22 belåten
774 1323 47 21 med
835 1324 68 20 denna
914 1323 91 21 bestäm-

181 1350 58 26 ning,
261 1351 68 19 ehuru
351 1351 36 19 det
410 1351 120 26 visserligen
553 1352 135 20 framstäldes
709 1351 46 20 från
779 1352 133 26 synpunkten
933 1352 24 20 af
974 1354 31 18 ett

181 1378 78 20 sådant
280 1378 35 20 fall
336 1380 32 19 att
390 1378 132 21 föräldrarne
544 1378 71 22 kunde
638 1379 21 20 af
681 1379 81 21 mindre
783 1380 74 26 giltiga
876 1380 47 20 skäl
943 1379 62 21 hafva

182 1406 106 26 öfvergått
303 1406 32 20 till
354 1412 27 15 en
400 1412 69 16 annan
485 1406 45 21 lära
545 1407 39 21 och
600 1409 33 19 att
648 1407 75 21 barnet
737 1407 46 21 icke
799 1407 34 21 vid
849 1408 80 20 mindre
945 1408 60 20 ålder

181 1434 44 22 kan
246 1436 43 20 rätt
304 1435 74 26 pröfva
393 1437 58 19 detta
472 1437 51 25 steg,
540 1437 51 19 utan
614 1435 81 21 kanske
709 1435 68 22 skulle
793 1436 22 21 af
829 1436 109 21 oförstånd
953 1436 52 27 följa

180 1463 50 22 med
245 1464 39 21 och
300 1470 33 15 om
355 1464 140 27 öfvergängen
516 1464 68 22 skulle
607 1464 38 22 ske
667 1466 15 20 t.
699 1471 31 15 ex.
752 1464 31 22 till
804 1465 200 27 grekisk-ortodoxa

180 1492 89 27 kyrkan,
291 1492 72 22 kunde
381 1492 36 22 det
437 1493 78 26 hända,
538 1495 32 20 att
596 1493 41 27 det,
661 1493 93 22 kommet
772 1494 32 21 till
822 1500 59 15 mera
901 1494 103 28 förstånd,

181 1520 68 22 skulle
265 1521 66 27 ångra
353 1522 58 21 detta
431 1524 52 24 steg,
499 1528 47 16 men
559 1522 47 21 icke
621 1528 59 16 mera
695 1522 71 22 kunna
781 1522 71 28 hjelpa
867 1523 42 21 det.
939 1512 65 34 Detta

180 1549 135 23 framstäldes
331 1550 39 22 och
385 1556 54 16 vann
455 1551 109 27 pluralitet
578 1551 8 21 i
600 1552 112 21 utskottet.
742 1551 41 27 Jag
798 1552 68 21 skulle
882 1552 53 22 dock
948 1552 55 23 helst
