1078 1798
292 142 161 18 Presteståndet
466 143 55 17 1877.
545 143 27 17 20
585 144 112 16 december.
826 138 55 21 3045

91 210 35 22 det
141 210 130 27 bögvördiga
286 211 85 21 ståndet
386 213 32 19 att
433 213 78 25 antaga
526 212 156 21 reservationen
698 213 46 26 ,att
756 211 84 22 landets
853 213 57 21 stän-

89 239 43 25 der,
151 239 66 26 jemte
239 239 37 21 det
298 240 26 20 de
346 239 73 21 bifalla
440 240 31 20 till
494 239 244 28 Hypoteksföreningens
758 240 100 21 anhållan
873 246 34 16 om

89 266 125 27 afskrifning
228 267 23 21 af
264 267 36 21 det
314 267 36 21 lån
365 268 12 20 å
393 268 93 26 600,000
500 268 60 20 mark
575 268 33 21 för
622 268 81 21 hvilket
718 268 132 27 Föreningen
862 268 47 21 häf-

89 298 34 18 tar
141 296 32 20 till
192 295 100 22 Finlands
311 296 67 24 Bank,
398 296 54 25 ville,
468 296 47 21 med
535 296 102 21 förmälan
652 299 32 18 att
700 296 114 22 ständerna
828 296 35 22 för
877 296 32 22 sin

89 323 34 21 del
138 323 46 21 icke
199 329 49 15 anse
264 323 243 28 Hypoteksföreningens
522 324 123 22 invecklade
660 324 166 26 affärsställning
838 325 71 21 kunna

89 351 75 21 endast
178 358 75 19 genom
269 352 69 21 denna
353 352 175 27 låneafskrifning
541 352 133 26 fullständigt
689 352 93 27 regleras
794 352 38 22 och
842 353 67 21 under

88 380 159 26 förutsättning!
261 382 32 20 att
316 381 65 27 nödig
401 381 125 21 subvention
547 381 23 21 af
590 380 107 22 allmänna
719 381 122 21 statsmedel
860 381 7 21 i
883 387 26 16 en

89 408 51 22 eller
160 414 68 16 annan
248 408 54 22 form
324 409 83 21 komme
425 411 32 19 att
472 409 32 21 till
520 409 232 27 Hypoteksföreningen
767 410 87 26 lemnas,
869 409 40 22 hos

88 437 60 21 Hans
169 437 118 27 Kejserliga
301 437 101 27 Majestät
417 438 6 20 i
438 437 167 27 underdånighet
621 438 84 21 anhålla
720 439 32 20 att
767 438 35 21 vid
817 438 92 21 nämnda

88 465 125 22 subvention
229 466 79 21 sådana
323 466 68 22 vilkor
407 466 39 22 och
460 466 105 22 förbehåll
580 466 66 22 borde
661 466 73 24 fästas,
750 472 44 16 som
807 466 101 22 innebure

88 500 25 15 en
129 495 83 25 garanti
227 496 32 19 att
273 494 143 27 Föreningens
431 494 133 22 fortbestånd
579 494 138 28 betryggades
732 495 40 21 och
789 495 48 21 dess
849 495 59 21 verk-

88 523 83 21 samhet
192 523 33 21 för
245 523 72 21 landet
335 523 85 27 gjordes
434 523 114 21 fruktbar".
564 534 28 4 —
607 523 134 27 Antagandet
756 524 23 20 af
792 524 68 20 denna
875 530 33 15 re-

88 552 106 20 servation
215 552 196 21 öfverensstämmer
433 552 62 22 äfven
517 551 126 27 fullkomligt
665 552 49 21 med
737 552 43 26 det,
803 558 45 15 som
867 552 40 21 den

87 580 77 26 nädiga
179 580 158 26 propositionen
352 580 86 27 äsyftar.

156 637 89 20 Prosten
267 636 161 27 Grönberg:
458 637 150 27 Beklagligtvis
627 637 63 21 hafva
705 637 101 21 Finlands
821 637 87 21 ständer

87 664 68 22 iklädt
177 665 32 27 sig
230 665 83 26 garanti
336 665 33 21 för
389 665 237 27 Hypoteksföreningen,
643 665 85 22 hvartill
740 665 37 27 jag
792 665 54 22 dock
861 665 46 22 icke

87 694 32 21 för
142 694 42 21 min
208 694 32 21 del
263 694 97 27 bidragit.
391 694 49 21 Men
463 695 27 20 dä
512 701 27 14 nu
562 694 24 21 sä
604 694 56 21 skett
680 693 38 22 och
735 694 25 21 de
774 693 132 24 tvifvelsmäl,

87 722 71 22 hvilka
175 723 46 20 frän
240 723 66 21 första
322 723 73 26 början
411 723 52 26 egde
479 729 51 21 rum,
546 729 33 15 om
595 723 142 26 Föreningens
752 722 155 27 nödvändighet

88 751 39 22 och
142 752 108 26 garantins
266 751 118 27 beviljande
399 751 62 22 hafva
477 751 54 22 visat
543 752 33 27 sig
589 751 116 28 grundade,
721 757 62 15 anser
796 751 36 26 jag
844 753 63 19 stats-

87 780 105 21 utskottet
208 780 32 22 vid
257 780 129 27 afgifvandet
401 780 22 21 af
437 781 37 20 sitt
489 780 133 22 betänkande
637 780 62 21 hafva
714 779 85 22 förfarit
814 780 93 21 särdeles

87 809 86 21 delikat.
204 809 41 21 För
267 809 42 21 min
331 809 34 21 del
384 809 67 21 skulle
465 809 37 26 jag
522 809 48 27 vilja
585 809 68 21 uttala
668 815 25 14 en
708 808 98 22 bestämd
820 810 85 25 vägran.

87 837 56 22 Utan
166 839 32 19 att
220 837 105 26 nämligen
345 843 38 20 ega
403 837 87 27 djupare
505 839 63 26 insigt
585 838 6 21 i
606 837 118 22 storartade
740 837 109 21 finansiela
864 837 42 21 för-

86 865 120 26 hällanden,
223 869 35 18 vet
275 866 37 27 jag
331 866 55 21 blott
404 868 32 19 att
448 866 76 22 sådant
538 867 61 20 torde
614 867 44 20 tåla
671 865 122 27 jemförelse
808 866 47 21 med
871 871 35 16 en-

86 895 55 21 skild
156 901 60 15 mans
231 895 104 21 ekonomi.
366 895 40 27 Jag
421 894 119 22 föreställer
554 895 42 26 mig
612 895 112 27 nämligen,
740 896 32 20 att
788 901 34 15 om
837 895 69 26 nägon

86 924 77 20 anlitat
184 930 25 14 en
231 930 75 20 person
323 930 34 14 om
372 924 35 20 län
423 924 47 20 med
486 925 55 20 vissa
556 924 110 21 bestämda
681 923 67 21 vilkor
764 924 40 20 och
819 923 27 21 dä
860 923 46 21 icke

85 951 94 22 befinnes
201 952 71 21 kunna
294 952 91 26 fullgöra
407 952 61 22 dessa
492 952 74 26 vilkor,
582 958 48 14 men
650 951 96 22 anhäller
767 958 34 14 om
816 951 91 21 anständ

86 980 47 21 med
149 980 134 27 betalningen
299 983 14 18 t.
330 986 31 15 ex.
375 980 22 21 af
408 987 24 14 en
444 981 41 21 viss
497 987 81 14 summa
589 980 39 21 och
639 980 91 20 erhäller
740 980 59 22 detta
810 979 97 26 anständ,

87 1008 80 22 hvilket
190 1009 88 27 beviljas
305 1011 56 19 emot
382 1009 51 21 löfte
453 1011 33 19 att
500 1009 90 26 fullgöra
611 1008 147 26 förbindelsen,
780 1015 47 14 men
842 1008 65 21 sedan

86 1038 96 20 kommer
204 1038 39 20 och
265 1038 96 21 anhäller
383 1044 34 15 om
440 1038 132 25 afskrifning,
596 1038 23 20 sä
638 1038 36 20 vill
694 1037 38 27 jag
747 1039 57 19 sätta
818 1037 6 20 i
840 1036 66 27 fräga,

86 1066 104 21 huruvida
211 1067 69 26 någon
300 1073 76 19 annan,
392 1068 27 19 än
437 1072 26 15 en
478 1066 48 22 med
541 1065 121 23 bottenlösa
676 1066 113 26 tillgångar
805 1065 102 27 begäfvad

87 1094 127 27 välgörande
233 1094 104 28 borgenär
357 1095 35 21 vill
411 1095 26 27 gä
452 1096 20 20 in
488 1095 28 26 pä
531 1101 25 15 en
572 1095 65 21 sädan
653 1094 105 22 anhällan.
788 1094 118 27 Hypoteks-

87 1123 122 26 föreningen
229 1123 39 21 har
283 1123 33 21 väl
333 1124 117 26 egentligen
466 1124 68 20 blifvit
549 1124 93 20 inrättad
656 1122 126 26 jordbruket
798 1123 32 21 till
844 1122 61 27 godo.

86 1151 49 22 Men
158 1152 65 26 enligt
245 1152 56 21 hvad
323 1152 36 21 det
379 1152 101 26 förljudes
502 1152 38 20 har
560 1151 127 27 jordbruket
710 1151 6 21 i
738 1151 31 27 sig
787 1151 57 26 sjelft
858 1150 49 27 föga

85 1179 52 22 eller
158 1180 61 26 ingen
241 1183 60 23 nytta
315 1180 46 21 haft
379 1180 22 21 af
415 1181 25 20 de
456 1180 41 26 län,
513 1180 226 26 hypoteksföreningen
755 1179 107 21 meddelat
876 1179 31 21 lä-

85 1208 258 26 genhetsinnehafvarene.
373 1208 41 27 Jag
434 1209 43 21 kan
495 1208 81 22 säledes
592 1208 46 22 icke
653 1210 70 24 annat,
740 1210 26 18 än
781 1208 69 21 uttala
864 1208 42 20 min

86 1242 52 21 egen
153 1237 55 27 äsigt
222 1237 7 21 i
244 1236 89 22 främsta
348 1239 96 24 rummet,
460 1243 45 15 som
521 1238 23 20 är
560 1237 45 25 den,
621 1238 31 19 att
664 1236 38 27 jag
717 1242 68 20 anser,
796 1238 32 19 att
839 1236 68 21 denna

85 1265 143 26 Föreningens
249 1265 99 21 anhållan
370 1265 65 21 borde
455 1265 71 25 afsläs,
542 1265 38 21 och
596 1265 53 21 allra
663 1264 63 27 högst
740 1264 71 22 kunde
824 1264 36 27 jag
875 1264 31 21 bi-

85 1294 63 20 träda
163 1294 115 21 utskottets
293 1294 154 21 betänkanden.

153 1350 88 22 Prosten
257 1351 86 21 Roos:
373 1351 44 25 Att,
433 1351 69 21 säsom
518 1351 40 21 den
574 1350 51 21 siste
639 1350 65 21 ärade
719 1350 81 21 talaren
810 1349 96 25 nämnde,

85 1378 238 28 hypoteksföreningens
342 1380 35 20 län
398 1380 80 26 ganska
493 1379 46 21 litet
554 1378 63 22 hafva
631 1378 89 22 kommit
732 1378 128 27 jordbruket
873 1378 33 21 till

85 1408 54 25 godo
155 1407 69 22 säsom
241 1407 60 21 äfven
314 1408 37 26 jag
361 1409 45 20 tror
413 1419 27 3 —
450 1408 36 26 jag
496 1410 52 23 tror,
556 1409 32 19 att
600 1408 25 20 de
634 1407 142 26 penningarne
784 1406 64 21 hafva
858 1406 48 21 blif-

85 1435 30 21 vit
123 1435 95 21 använde
230 1436 31 20 till
270 1438 65 18 annat
346 1447 27 2 —
381 1437 24 19 är
415 1435 46 21 icke
469 1436 149 25 Föreningens,
627 1437 51 18 utan
687 1436 92 19 tvärtom
787 1435 119 26 läntagare-

85 1469 37 15 nes
144 1463 34 21 fel.
208 1463 42 21 Det
270 1469 38 15 var
329 1463 57 21 förut
405 1463 85 21 svärare
505 1465 33 19 att
553 1462 20 21 fä
588 1463 41 25 län,
645 1462 121 27 isynnerhet
780 1464 69 19 större
864 1461 42 22 län.

85 1491 42 22 Det
148 1491 109 22 fordrades
277 1491 144 28 vederhäftige
444 1492 124 26 borgesmän
590 1491 39 21 och
652 1491 49 21 flere
722 1490 120 27 omgängar.
871 1490 35 21 Nu

85 1521 47 22 äter
152 1521 42 21 kan
217 1527 48 15 man
283 1521 22 21 fä
323 1521 80 27 ganska
423 1520 107 28 betydliga
551 1520 35 21 län
600 1525 75 21 genom
690 1521 32 20 att
738 1519 121 28 hypotisera
873 1519 33 21 sin
