1081 1803
203 157 55 21 3170
405 160 160 19 Presteståndet
577 162 56 16 1878.
658 164 12 16 5
681 161 89 21 januari.

173 230 28 26 på
223 236 26 14 en
270 229 64 27 gång;
351 228 24 22 så
392 228 39 21 har
451 229 36 21 det
507 228 60 22 alltid
584 229 46 26 gått
649 228 39 21 och
703 228 24 22 så
742 228 56 22 lärer
813 228 35 21 det
864 228 32 22 väl
911 228 86 22 komma

173 259 34 20 att
221 258 27 26 gå
263 259 62 19 ännu.
355 256 29 22 Så
399 256 38 21 har
449 257 37 27 jag
502 256 46 22 icke
563 256 66 22 heller
643 258 53 25 sagt,
708 259 31 19 att
750 257 36 21 det
798 263 50 15 vore
861 258 64 26 något
934 259 63 19 rätts-

174 286 123 21 kränkande
312 286 32 21 för
359 285 26 21 de
401 284 66 28 öfriga
481 285 96 26 stånden,
589 286 69 20 såsom
669 286 69 26 någon
750 285 50 21 värd
811 285 67 22 talare
889 286 109 26 behagade

174 315 62 27 lägga
259 314 42 28 mig
325 314 32 21 till
378 313 47 26 last,
442 314 36 27 jag
497 314 40 21 har
550 313 56 22 blott
621 316 52 24 sagt,
688 316 32 19 att
736 314 34 21 det
787 314 68 22 skulle
870 314 38 22 ske
923 314 6 20 i
944 314 53 22 strid

174 343 48 21 med
244 344 26 20 de
290 343 67 21 andra
378 342 100 21 ståndens
498 342 133 27 önskningar.
661 342 61 21 Hvad
742 342 101 21 beträffar
858 343 42 25 det,
917 344 32 19 att
961 342 37 27 jag

174 371 47 22 icke
236 371 57 22 förut
308 371 118 21 reserverat
441 371 42 26 mig
499 371 39 20 och
550 372 32 20 att
593 371 35 20 det
638 370 65 21 borde
713 370 57 21 skett
780 370 6 21 i
798 371 95 21 enskilda
904 371 94 21 besvärs-

175 400 111 26 utskottet,
307 400 24 21 så
349 399 72 26 gjorde
439 399 35 26 jag
494 399 48 26 det;
562 399 128 22 åtminstone
704 400 67 20 måste
788 399 140 22 ordföranden
943 399 7 21 i
965 401 33 20 ut-

175 429 81 21 skottet
271 428 62 22 hafva
348 428 49 21 hört
412 428 42 26 det,
469 429 30 20 att
513 427 36 28 jag
564 427 59 22 sade:
637 428 36 26 jag
684 427 95 22 kommer
795 429 32 20 att
838 434 108 15 reservera
956 428 42 27 mig

176 459 57 20 emot
248 457 59 22 detta
323 457 76 21 beslut.

243 513 110 22 Professor
372 513 95 22 Donner:
499 515 8 19 I
527 514 59 25 fråga
606 519 33 15 om
655 515 32 20 ett
701 513 93 22 enskildt
808 513 72 22 stånds
896 513 101 26 rättighet

176 545 32 19 att
227 543 127 26 petitionera
375 542 62 21 äfven
458 548 34 15 om
513 542 66 27 öfriga
594 542 62 21 stånd
671 542 45 21 icke
733 542 72 21 derom
821 542 73 21 förena
909 542 37 27 sig,
962 541 35 22 vill

174 571 36 27 jag
224 571 99 27 påminna
345 577 34 15 om
401 572 31 20 ett
447 571 109 21 uttalande
571 571 23 21 af
607 571 219 25 grundlagsutskottet
841 571 35 20 vid
893 571 54 21 1862
963 571 35 21 års

176 600 102 27 landtdag
293 600 7 20 i
315 599 60 27 fråga
391 605 33 16 om
439 599 237 27 landtdagsordningen,
693 599 36 21 der
744 600 36 20 det
796 600 68 20 heter:
884 612 28 2 —
930 612 22 2 —
970 611 27 3 —

976 658 10 9 ”

177 685 226 27 Grundlagsutskottet
428 685 123 21 förutsätter
577 684 88 27 säledes,
687 687 32 19 att
743 685 25 21 de
791 685 95 21 enskilda
909 685 88 21 ständen

178 714 60 21 äfven
253 714 105 26 framgent
373 714 68 21 skulle
456 714 77 25 ingifva
548 714 31 20 till
594 713 58 22 Hans
668 714 98 25 Majestät
780 714 45 21 sina
838 714 94 21 enskilda
945 714 53 26 peti-

177 743 74 24 tioner,
274 744 39 19 när
336 742 26 21 de
384 742 75 21 sådant
480 741 63 22 funne
562 742 79 27 nödigt,
656 742 38 21 och
710 742 85 27 sålänge
811 743 39 20 den
866 742 132 21 närvarande

177 771 268 26 ständsrepresentationen
460 770 38 22 hos
513 777 34 15 oss
563 771 76 25 bestär,
655 771 65 20 borde
734 771 35 21 det
782 771 63 20 ocksä
859 771 64 21 blifva
933 770 63 21 fallet.

177 799 46 22 Här
237 799 7 21 i
261 799 68 21 denna
343 799 59 26 fräga
418 799 37 20 har
471 799 160 25 bondeständet,
646 799 71 21 sävida
730 799 36 26 jag
782 799 45 21 icke
842 799 32 21 far
889 799 57 26 vilse,
963 799 34 21 be-

178 827 59 22 slutit
258 829 32 20 att
311 828 32 21 till
364 827 59 22 Hans
444 827 101 28 Majestät
565 827 92 21 inlämna
673 834 25 14 en
713 827 131 27 underdänig
859 828 88 26 petition
963 833 34 15 om

178 857 36 20 det
229 855 68 22 finska
311 856 97 27 språkets
423 857 132 26 rättigheter.
585 856 64 21 Detta
662 856 45 21 från
720 857 39 20 den
770 859 60 18 stora
841 863 93 14 massans
944 856 53 25 sida,

178 891 47 15 men
242 887 33 19 att
296 884 61 22 äfven
375 885 156 26 presteständet
549 891 44 15 som
613 887 156 24 representerar
790 885 39 21 den
850 884 65 28 högre
931 885 66 20 natio-

178 913 55 22 nella
248 913 121 27 bildningen
389 913 39 21 och
443 913 34 21 väl
492 915 77 19 rättast
584 913 32 22 för
631 914 46 20 dess
694 913 63 26 talan,
774 914 59 21 äfven
850 913 79 22 uttalar
944 913 32 26 sig
990 913 7 21 i

178 949 26 15 en
226 943 23 20 sä
272 941 64 28 vigtig
359 942 66 26 fråga,
447 948 62 21 synes
532 943 42 25 mig
597 949 50 14 vara
665 943 101 26 naturligt
786 942 38 21 och
840 942 36 21 det
891 949 49 14 vore
955 942 40 21 för-

178 970 102 26 vänande,
303 977 33 14 om
360 971 156 25 presteständet
538 971 45 21 icke
606 970 68 21 skulle
694 971 68 20 uttala
776 971 31 26 sig
823 971 7 20 i
846 971 68 20 denna
930 971 67 20 makt-

177 999 126 27 päliggande
324 999 45 21 sak.
399 999 38 21 Att
458 999 95 21 enskilda
571 999 135 21 medlemmar
724 1001 57 19 ännu
801 999 48 26 vilja
868 999 78 21 bevara
966 999 30 21 sin

178 1027 57 22 talan
259 1027 38 21 och
321 1029 56 20 ännu
399 1027 50 27 vilja
472 1033 107 16 reservera
601 1027 32 26 sig
655 1033 60 21 synes
738 1028 42 26 mig
799 1027 45 22 icke
860 1029 58 20 möta
933 1028 65 25 nägot

177 1056 86 24 hinder;
280 1056 36 20 det
330 1056 61 26 ingår
405 1056 6 20 i
427 1056 95 20 ständets
537 1055 107 27 protokoll
660 1055 37 21 och
713 1057 84 20 ståndet
812 1056 54 20 låter
881 1057 39 19 sitt
930 1056 70 21 besiut

179 1083 21 22 af
214 1083 237 27 expeditionsutskottet
467 1084 122 26 expedieras
605 1083 32 22 till
652 1083 59 22 Hans
728 1083 104 27 Majestät.

246 1140 90 21 Prosten
359 1140 162 26 Grönberg:
552 1141 57 21 Ense
630 1140 47 21 med
696 1141 42 21 alla
754 1141 26 20 de
795 1140 127 27 föregående
937 1141 63 20 värde

178 1169 73 26 talare,
275 1168 70 21 hvilka
366 1171 70 18 ansett
459 1169 153 21 reservationer
629 1169 7 20 i
656 1169 38 21 sak
712 1176 28 15 nu
756 1175 50 14 vara
821 1169 32 21 för
868 1169 82 21 sentida
966 1171 34 19 ut-

179 1197 76 26 talade,
271 1197 37 22 ber
328 1197 35 26 jag
385 1203 32 15 om
439 1197 61 21 ordet
518 1197 32 21 för
569 1199 32 20 att
615 1197 21 21 fä
651 1197 76 22 föreslä
742 1199 38 24 att,
797 1198 27 21 dä
839 1203 87 15 numera
941 1197 60 27 fräga

179 1226 74 21 endast
268 1226 41 21 kan
325 1232 50 14 vara
391 1232 33 14 om
438 1225 169 28 formuleringen,
618 1226 158 21 vederbörande
787 1225 69 22 kritici
867 1226 34 21 mä
911 1225 90 22 beredas

247 1311 15 22 *)
275 1311 86 21 Utdraget
373 1316 21 12 ur
405 1311 186 22 grundlagsutskottets
603 1310 29 17 vid
645 1311 44 17 1867
701 1310 44 22 (icke
758 1310 68 22 1862(!)
838 1315 22 12 ss.
874 1311 12 16 i:
889 1311 60 17 texten
956 1316 44 17 upp-

180 1333 65 22 gifves)
258 1333 27 18 års
297 1333 83 22 landtdag
392 1333 109 18 betänkande
513 1333 49 22 ingår
570 1333 37 18 icke
619 1333 6 16 i
637 1333 77 22 orginala
730 1333 111 22 protokollen.
867 1333 74 18 Talaren
954 1333 47 18 afser

179 1355 86 18 måhända
283 1355 77 22 följande
373 1356 10 17 å
394 1361 39 17 pag.
453 1356 68 17 54—55
536 1356 6 17 i
554 1355 76 18 nämnda
645 1355 107 18 betänkande
768 1355 86 23 ingående
871 1355 89 18 uttalande
972 1360 28 13 om

180 1378 78 17 enskilda
269 1378 60 17 ständs
342 1378 101 22 petitioner:

247 1407 35 18 »De
294 1406 97 23 petitioner,
403 1406 60 18 hvilka
474 1407 45 22 angä
531 1406 87 18 allmänna
630 1407 63 22 frägor,
706 1406 60 19 beröra
779 1407 39 18 icke
830 1407 62 17 endast
904 1407 30 18 det
942 1407 60 18 ständs

179 1430 92 22 intressen,
284 1430 47 17 inom
343 1429 66 18 hvilket
421 1430 22 17 de
454 1429 105 22 tillkommit,
571 1430 43 17 utan
625 1430 80 22 samtliga
717 1430 79 23 ständen,
806 1430 31 17 och
846 1430 55 17 saken
910 1430 32 18 bör
950 1430 52 18 otvif-

180 1452 83 24 velaktigt
274 1453 53 17 vinna
345 1453 78 23 deruppä
434 1453 25 17 att
471 1452 22 18 de
505 1453 18 17 af
535 1453 72 17 allmänt
624 1454 67 16 utskott
706 1453 102 18 skärskädas
820 1453 32 18 och
865 1453 78 23 beredas,
956 1454 46 17 samt

180 1476 77 18 derefter
268 1476 115 18 underkastas
395 1476 80 22 samtliga
487 1476 84 18 ständens
587 1476 101 23 afgörandc.
711 1476 50 18 Efter
773 1476 73 18 sålunda
858 1482 72 12 vunnen
943 1476 59 18 utred-

180 1500 41 23 ning
233 1500 30 18 bör
275 1500 30 17 det
317 1499 54 18 blifva
383 1499 61 18 lättare
456 1500 28 17 för
496 1500 73 17 stånden
581 1500 26 17 att
619 1500 59 17 förena
696 1500 26 22 sig
736 1499 2 17 i
751 1505 133 17 gemensamma
899 1500 104 22 önsknings-

180 1523 40 23 mål,
230 1523 97 20 hvaremot,
345 1528 30 12 om
390 1523 61 17 sådant
468 1523 39 17 icke
522 1523 44 23 sker,
584 1523 45 18 intet
645 1523 72 17 hinirar
726 1523 30 18 det
768 1523 43 18 eller
823 1524 21 17 de
857 1524 57 22 stånd,
926 1529 37 12 som
976 1523 26 18 bi-

179 1546 46 19 fallit
236 1546 100 24 petitionen,
348 1547 25 17 att
385 1547 76 22 upptaga
473 1546 102 18 densamma
587 1546 5 17 i
605 1546 38 18 sina
655 1546 77 18 enskilda
744 1546 79 18 besvär.»
