1075 1806
209 140 60 34 2434
397 148 161 18 Presteständet
571 149 56 18 1877,
650 149 14 16 4
676 149 112 17 december.

184 218 41 23 den
245 218 121 26 åberopade
386 219 42 19 6:te
443 217 12 27 &
469 217 7 21 i
492 217 130 27 kyrkolagen
637 217 76 27 tydligt
728 217 133 26 förutsätter,
876 219 32 19 att
923 223 26 15 en
965 217 43 21 dis-

184 246 106 26 senterlag
305 246 39 21 bör
358 245 74 27 finnas,
448 246 32 21 för
495 248 32 19 att
541 246 142 27 kyrkolagens
698 245 159 22 bestämmelser
869 245 7 21 i
887 246 69 21 denna
966 245 41 21 och

183 275 67 27 några
270 275 68 22 andra
358 275 123 26 paragrafer
503 275 68 21 skulle
586 274 72 21 kunna
673 274 64 21 blifva
752 281 25 14 en
793 274 124 27 verklighet,
933 274 75 28 tyckes

184 304 36 21 det
240 304 44 26 mig
303 303 129 25 nödvändigt
453 305 32 20 att
500 304 59 20 detta
574 303 231 27 dissenterlagsförslag
820 303 48 21 med
883 303 26 21 de
925 302 80 22 modifi-

183 332 104 24 kationer,
308 338 45 15 som
373 332 114 21 ständerna
507 331 71 21 kunna
598 338 50 14 anse
668 331 36 21 det
719 332 74 24 tarfva,
809 332 65 20 borde
889 331 47 21 icke
951 331 57 21 blott

184 360 126 27 ompröfvas,
325 362 52 20 utan
397 360 60 21 äfven
472 360 130 27 godkännas.
630 360 42 21 Det
686 362 24 18 är
725 361 52 20 visst
792 362 53 24 sant,
861 362 32 18 att
909 360 36 21 det
959 360 48 21 icke

183 391 23 19 är
222 389 70 27 någon
313 389 61 26 ringa
391 388 38 21 sak
444 391 32 19 att
491 388 30 21 uti
537 391 31 18 ett
583 388 56 25 land,
655 389 37 20 der
707 388 128 21 åtminstone
851 388 31 21 till
898 388 37 21 det
949 390 59 25 yttre

183 417 85 27 kyrklig
283 417 63 21 enhet
362 417 38 21 har
415 417 54 27 rådt,
481 416 96 28 insläppa
587 418 46 20 med
644 417 120 21 hvarandra
773 416 91 22 täflande
876 417 38 21 och
925 416 82 22 kanske

182 446 110 26 fiendtliga
312 446 99 26 religiösa
427 446 145 25 bekännelser,
588 448 32 18 att
638 446 68 20 rubba
721 446 40 21 den
776 446 86 26 möjliga
874 446 70 25 enhet,
960 452 45 15 som

183 475 47 21 med
246 475 100 21 afseende
361 474 13 22 å
389 474 46 22 dem
450 474 75 22 hittills
540 474 40 22 har
595 474 54 21 rådt.
672 474 67 22 Göres
755 475 68 21 denna
839 474 62 22 enhet
916 475 91 25 mindre,

183 504 24 21 så
227 504 41 20 kan
290 510 48 15 man
360 503 119 27 förutsätta,
500 505 32 19 att
551 504 7 20 i
578 510 25 15 en
624 503 46 21 icke
689 503 23 21 så
735 503 92 27 aflägsen
849 504 86 20 framtid
951 503 56 21 folk-

183 532 75 22 skolan
272 532 96 27 söndras,
384 532 51 21 eller
451 533 35 20 det
496 532 128 22 åtminstone
634 532 62 26 yrkas
707 532 28 26 på
745 531 178 22 konfessionslösa
933 532 74 21 skolor

182 562 7 20 i
204 561 48 21 vårt
266 560 60 26 land;
341 562 62 25 göres
419 561 42 26 det,
475 560 94 22 inträder
584 560 101 28 söndring
696 562 5 20 i
713 560 99 28 familjen,
823 567 47 15 men
881 561 38 21 allt
930 561 77 21 sådant

182 590 42 21 kan
243 590 66 21 likväl
329 590 47 20 icke
397 589 87 28 hjelpas,
505 590 88 21 emedan
616 590 40 20 den
674 590 45 25 sak,
735 596 44 14 som
795 590 39 20 här
849 596 29 14 nu
893 591 24 20 är
931 590 76 26 ifråga,

183 620 24 20 är
228 618 23 21 af
271 619 41 21 den
332 618 51 27 vigt,
403 620 32 20 att
457 625 48 15 man
521 618 63 21 också
600 618 66 21 måste
681 619 33 20 för
729 619 48 20 dess
792 618 122 27 realisering
929 618 76 21 under-

182 648 62 20 kasta
263 648 31 26 sig
315 647 142 26 olägenheter.
487 648 42 20 Det
548 648 24 20 är
593 647 45 21 icke
658 647 56 21 blott
735 647 142 27 olägenheter,
898 653 45 15 som
965 647 41 21 den

182 676 110 21 lutherska
311 676 82 28 kyrkan
414 676 68 21 skulle
502 676 63 21 hafva
584 676 22 21 af
626 682 24 14 en
666 676 67 21 sådan
748 676 108 26 religions-
872 676 39 21 och
927 676 79 21 bekän-

182 704 128 22 nelsefrihet.
341 705 42 21 Det
403 706 24 20 är
448 705 65 21 också
533 704 80 27 troligt,
634 706 33 19 att
687 705 40 21 den
747 704 48 27 sjelf
812 704 68 22 skulle
899 704 66 22 blifva
979 705 29 27 på

183 734 36 21 det
241 735 65 20 sättet
328 734 143 26 uppmuntrad
487 733 39 21 och
541 734 68 26 eggad
624 733 32 21 till
672 735 68 20 större
755 734 106 20 nitälskan
877 734 40 21 och
932 734 74 26 allvar,

182 764 23 25 ty
226 764 32 20 att
278 763 64 26 tycka
363 762 31 26 sig
414 768 52 16 vara
485 763 6 20 i
507 769 26 14 en
548 762 24 21 så
587 762 89 27 tryggad
691 762 115 27 besittning
821 762 23 22 af
857 762 42 22 alla
913 762 94 22 fördelar

182 793 25 19 är
228 792 88 26 menligt
335 792 34 20 för
388 792 42 20 alla
449 791 143 21 institutioner
613 791 39 21 och
673 791 101 22 särskildt
796 792 39 21 har
853 792 37 20 det
904 792 55 21 visat
975 792 33 26 sig

182 821 88 26 menligt
284 820 34 22 för
333 820 40 21 den
388 820 81 21 kristna
484 820 81 27 kyrkan
576 820 31 21 uti
618 820 48 21 dess
676 820 159 22 framträdande
846 820 39 21 här
895 820 27 27 på
931 820 75 27 jorden

182 862 28 2 —
225 849 15 26 (i
256 849 48 21 dess
319 851 56 25 yttre
396 848 93 28 gestalt).
519 850 41 25 Jag
581 848 37 22 vill
638 848 83 22 derföre
736 849 33 21 för
785 850 42 20 min
843 849 34 21 del
894 849 113 27 godkänna

182 878 68 21 första
271 878 132 26 paragrafen.
434 878 37 20 Ett
490 877 92 28 uttryck,
603 884 45 14 som
668 877 65 22 likväl
748 878 75 21 endast
837 878 66 27 gäller
918 878 89 25 formen,

184 906 68 22 skulle
269 906 37 26 jag
326 906 55 22 dock
401 907 57 20 velat
479 906 62 21 hafva
560 906 45 21 deri
626 906 97 21 ändradt.
753 906 42 22 Det
813 907 61 21 heter
889 907 46 20 der:
957 906 50 25 ,be-

182 935 94 21 kännare
297 936 23 20 af
339 935 131 21 främmande
486 935 51 21 eller
553 941 69 15 annan
637 935 80 21 kristen
733 935 96 27 troslära,
846 937 26 19 än
888 936 40 20 den
943 942 63 14 evan-

181 963 190 27 gelisk-lutherska
392 970 39 20 ega
445 963 65 21 frihet
525 965 38 25 att,
579 963 69 21 sävidt
663 963 34 27 lag
712 964 40 21 och
767 964 103 26 sedlighet
885 964 121 26 derigenom

181 992 47 22 icke
249 992 99 26 kränkas,
368 992 58 22 hålla
441 992 95 21 enskilda
551 992 200 27 religionsöfningar
765 994 63 23 samt,
844 994 70 20 derest
929 992 78 28 kyrko-

182 1021 98 23 samfund
295 1021 23 21 af
332 1022 62 20 deras
409 1021 128 21 bekännelse
552 1021 66 22 redan
634 1023 24 19 är
673 1022 47 20 med
735 1021 143 28 vederbörligt
893 1021 114 22 tillstånd
995 1017 16 37 i

182 1050 72 21 landet
274 1050 105 21 inrättadt
400 1050 52 20 eller
473 1050 40 20 ock
531 1050 69 21 bildas
615 1050 6 20 i
637 1050 40 21 den
692 1050 91 27 ordning
797 1051 13 20 2
827 1050 12 27 $
854 1051 92 26 stadgar,
963 1052 44 19 rätt

182 1080 33 20 att
229 1078 33 22 sin
277 1078 88 26 religion
379 1078 78 27 jemväl
472 1078 122 28 offentligen
609 1078 93 26 utöfva*%;
718 1079 108 27 uttrycket
839 1079 89 27 religion
939 1078 68 22 skulle

180 1108 37 26 jag
232 1108 64 25 tycka
310 1109 32 18 att
357 1107 66 21 borde
438 1107 85 26 utbytas
539 1109 44 19 mot
597 1107 126 26 gudstjenst.
753 1108 43 20 Det
811 1110 24 18 är
847 1108 24 26 ju
886 1108 46 21 icke
947 1107 60 26 fräga

182 1142 34 15 om
232 1136 69 27 nägon
317 1135 90 21 särskild
423 1135 88 26 religion
526 1137 52 20 utan
594 1135 34 21 det
644 1137 24 19 är
682 1135 60 27 fräga
757 1142 34 15 om
807 1135 40 22 den
862 1136 82 21 kristna
960 1135 47 22 reli-

182 1165 83 26 gionen,
281 1166 32 19 att
336 1165 25 20 de
377 1164 68 21 skilda
460 1165 176 26 uttrycksformer
650 1165 33 20 för
698 1165 129 26 densamma,
843 1171 45 15 som
904 1165 26 20 de
950 1164 58 22 olika

181 1192 175 23 konfessionerna
372 1195 151 24 representera,
539 1193 69 21 skulle
623 1193 21 20 fä
660 1193 73 20 utöfva
748 1193 31 21 sin
794 1193 119 27 gudstjenst
928 1193 28 26 pä
971 1194 36 21 det

182 1223 44 20 sätt
247 1221 39 22 och
306 1221 7 21 i
334 1222 41 20 den
395 1221 95 27 ordning,
510 1221 82 27 hvarpä
612 1221 26 21 de
656 1221 49 27 vilja
721 1221 58 26 tjena
794 1222 40 21 den
849 1221 55 26 Gud,
921 1228 44 15 som
981 1222 27 21 de

182 1250 43 21 alla
245 1249 98 22 bekänna
363 1249 39 22 och
424 1249 71 22 äkalla
514 1250 40 21 och
576 1250 40 21 den
635 1249 104 28 Frälsare,
761 1256 45 16 som
827 1250 25 21 de
871 1250 42 21 alla
928 1250 32 21 för
975 1250 32 21 sin

182 1278 102 27 salighets
299 1278 104 21 vinnande
419 1278 56 21 sluta
489 1279 32 26 sig
535 1278 40 21 till.

251 1335 90 21 Prosten
365 1335 171 26 Grönberg:
566 1335 95 21 Emedan
684 1335 6 20 i
708 1335 71 26 hvarje
797 1335 211 27 ständerförsamling

182 1369 27 15 en
224 1362 40 22 och
286 1362 53 21 hvar
362 1362 47 21 dess
431 1362 94 21 ledamot
548 1363 66 26 enligt
632 1363 42 20 min
690 1363 133 26 uppfattning
838 1364 25 19 är
877 1362 82 27 skyldig
975 1365 32 19 att

182 1397 51 15 vara
254 1391 115 26 angelägen
393 1396 33 15 om
449 1393 32 18 att
499 1390 68 22 skaffa
588 1391 32 26 sig
638 1397 25 14 en
678 1391 41 21 fast
735 1391 138 27 öfvertygelse
889 1392 30 20 uti
934 1391 74 27 hvarje

182 1419 172 23 förekommande
377 1419 84 25 ärende,
484 1421 24 19 är
528 1419 36 28 jag
586 1419 48 22 icke
656 1421 40 20 vän
719 1419 23 22 af
754 1420 154 21 reservationer
923 1419 7 22 i
945 1420 61 21 deras

182 1448 116 27 vanligaste
314 1447 61 28 syfte,
391 1448 39 21 har
445 1448 54 21 dock
514 1449 70 21 säsom
600 1449 92 21 ledamot
707 1448 7 22 i
729 1449 140 26 lagutskottet
883 1450 71 21 ansett
964 1449 43 28 mig

182 1477 54 23 böra
255 1477 104 27 kortligen
379 1476 112 22 framhälla
505 1477 43 22 min
564 1477 145 28 öfvertygelse,
725 1478 33 21 för
773 1480 32 19 att
819 1477 69 22 tillika
903 1477 20 22 fä
938 1477 69 22 uttala

182 1506 96 22 hurudan
302 1506 40 21 den
365 1505 31 22 uti
419 1505 159 27 ifrägavarande
600 1506 98 22 afseende
716 1506 69 22 under
801 1507 25 21 de
841 1505 56 23 förra
912 1507 94 21 ständer-

182 1537 85 20 mötena
288 1535 61 22 varit.
379 1535 42 27 Jag
442 1534 40 22 har
504 1534 104 28 nemligen
624 1535 48 22 med
686 1535 44 22 min
745 1537 45 20 röst
805 1535 46 22 icke
867 1535 92 28 bidragit
973 1536 33 21 till
