1075 1806
199 152 57 22 2890
385 156 159 18 Presteståndet
557 158 55 16 1877.
635 158 23 16 15
670 157 112 17 december.

172 226 148 26 uttryckligen,
341 227 32 19 att
393 225 42 21 alle
450 225 32 23 de,
498 231 44 15 som
558 225 80 21 anmält
652 224 32 27 sig
699 224 70 22 såsom
783 224 106 28 frivillige,
904 225 21 21 d.
940 231 19 14 v.
975 230 15 15 s.

172 254 67 22 önska
260 254 153 22 företrädesvis
435 254 84 21 inträda
541 254 7 21 i
570 254 58 21 aktiv
642 253 70 27 tjenst,
729 253 61 21 skola
805 252 56 28 gifva
876 254 69 20 denna
960 253 31 21 sin

172 283 80 21 önskan
273 282 112 23 tillkänna,
406 282 106 22 hvarefter
525 284 29 20 ett
570 282 23 22 sä
608 284 56 19 stort
678 282 58 21 antal
751 288 92 20 numror,
859 288 46 15 som
921 282 70 21 desses

170 312 62 21 antal
253 313 71 25 utgör,
348 310 94 28 afskiljes
465 311 38 21 och
519 311 89 21 emellan
623 310 48 22 dem
686 311 53 21 först
754 310 83 27 afgöres
851 316 76 21 genom
942 310 49 22 lott-

173 340 49 26 ning
245 340 40 21 den
310 339 163 27 ordningsföljd,
495 340 8 20 i
524 340 83 21 hvilken
628 339 26 21 de
668 339 61 21 skola
743 339 85 21 inträda
842 338 7 22 i
865 339 39 21 den
920 339 72 21 aktiva

170 371 101 24 truppen;
297 367 53 22 först
373 368 65 21 sedan
458 368 59 22 detta
532 368 63 26 skett,
610 367 95 28 afskiljas
720 367 24 22 så
759 368 75 26 många
850 368 22 20 af
886 368 26 20 de
927 367 65 27 derpå

171 396 93 28 följande
280 397 163 25 lottnumrorna,
457 402 45 16 som
518 399 106 19 motsvara
638 396 81 22 antalet
733 396 24 21 af
771 396 26 21 de
812 396 66 27 öfrige
890 396 47 22 från
948 402 43 16 om-

172 426 61 21 rådet
254 425 108 21 inkallade
384 431 108 21 personer,
515 425 70 22 hvilka
608 425 53 21 böra
678 425 8 21 i
700 425 118 26 lottningen
833 425 90 26 deltaga.
953 424 39 22 Or-

170 454 74 24 saken,
267 453 86 22 hvarför
375 453 88 22 emellan
484 453 59 22 desse
566 453 95 26 frivillige
676 454 67 21 lotten
759 453 54 22 skall
828 453 125 24 bestämma,
968 455 23 20 är

171 483 48 24 den,
235 484 32 19 att
284 483 35 20 det
334 482 85 27 mycket
433 482 41 21 lätt
489 482 41 21 kan
546 482 76 25 hända,
638 483 32 20 att
685 482 36 21 det
736 482 94 21 anmäler
841 482 30 26 sig
882 483 32 20 ett
923 483 68 20 större

171 511 60 21 antal
252 510 104 27 frivillige,
378 513 27 18 än
427 517 45 15 som
495 511 41 21 kan
554 511 46 21 från
617 511 40 21 den
673 511 128 21 kommunen
816 511 82 26 intagas
913 511 7 20 i
935 510 58 22 aktiv

171 540 72 25 tjenst,
266 539 38 22 och
329 539 27 22 då
379 539 67 21 måste
468 540 36 20 det
527 539 89 27 afgöras,
638 539 71 21 hvilka
732 539 61 22 skola
814 539 21 21 få
853 539 85 21 inträda
953 539 39 21 och

172 568 72 21 hvilka
260 568 18 26 ej
294 568 61 21 skola
370 567 22 22 få
406 568 90 21 inträda.
526 568 41 21 Det
582 570 24 19 är
620 568 83 21 således
718 568 32 21 för
765 569 32 20 att
811 568 118 21 bestämma
939 567 53 22 allas

172 597 201 26 lottningsnummer
393 597 56 21 inom
468 597 204 27 lottningsomrädet,
690 603 44 15 som
753 597 70 21 denna
837 597 92 26 lottning
944 602 48 21 eger

172 632 56 19 rum;
244 632 47 14 men
314 625 42 26 det,
372 627 32 20 att
419 626 40 21 den
475 625 125 22 verkställes
615 625 100 22 särskildt
731 625 88 22 emellan
835 625 60 22 desse
909 625 82 26 frillige,

170 661 47 14 som
238 654 54 21 först
315 654 63 22 hafva
400 654 80 21 anmält
498 654 37 27 sig,
555 654 82 22 bevisar
656 654 51 27 just,
729 656 32 19 att
779 655 26 20 de
821 655 60 20 skola
896 654 95 21 främst
978 650 16 36 i

170 683 61 27 fråga
246 683 90 21 komma.

241 746 31 21 På
287 746 73 21 derom
384 746 108 21 framstäld
509 746 131 27 proposition
656 746 44 21 blef
712 746 126 27 paragrafen
853 748 52 20 utan
920 745 72 23 vidare

171 775 171 27 meningsutbyte
357 775 106 27 godkänd.

240 838 25 27 88
282 839 27 20 74
325 838 40 21 och
382 839 33 25 75,
432 838 146 22 öfverskriften
594 837 32 22 till
642 838 48 27 kap.
706 838 31 22 XI
750 838 38 22 och
804 838 11 28 $
831 839 26 21 76
868 838 123 27 godkändes

171 869 51 19 utan
239 866 126 22 diskussion.

240 929 99 22 Rörande
356 929 12 29 $
385 930 25 20 77
427 929 92 27 uppstod
533 929 93 28 följande
642 929 128 22 diskussion:

239 992 92 21 Prosten
346 991 96 28 Hjelt:
472 992 41 21 Det
529 992 43 22 står
587 992 6 20 i
610 992 68 21 denna
692 992 111 26 paragraf:
834 1008 5 8 ,
841 992 77 24 Sedan
934 992 36 22 det
984 992 7 21 i

171 1020 177 27 nästföregäende
367 1020 100 27 paragraf
480 1021 91 21 nämnda
586 1020 149 28 sammandrag
750 1020 31 22 till
797 1020 90 22 Senaten
909 1020 82 22 inkom-

171 1050 45 25 mit,
239 1049 95 21 fördelar
356 1049 92 21 Senaten
471 1050 5 20 i
499 1050 83 21 samräd
604 1049 48 21 med
671 1048 222 28 Generalguvernören
910 1050 35 20 det
960 1050 32 21 för

172 1078 46 21 äret
233 1078 112 20 bestämda
361 1078 58 20 antal
434 1084 108 20 personer,
558 1084 44 15 som
618 1078 52 21 böra
685 1078 6 20 i
706 1078 59 21 aktiv
780 1078 64 26 tjenst
859 1078 90 26 inträda,
965 1078 26 27 pä

172 1106 26 21 de
213 1106 71 21 skilda
307 1106 69 25 länen,
393 1106 6 20 i
413 1106 131 22 förhällande
560 1107 31 21 till
607 1107 25 21 de
651 1106 4 21 i
670 1112 63 16 mom.
749 1112 18 20 e,
782 1107 14 25 f,
811 1106 38 22 och
865 1114 13 20 g
900 1106 24 22 af
937 1106 55 22 före-

170 1134 82 27 gäende
272 1135 103 27 paragraf
393 1135 124 21 omnämnde
534 1141 110 27 personers
659 1136 58 20 antal
733 1136 6 20 i
755 1135 72 27 hvarje
842 1135 53 21 län.”
925 1135 66 22 Hvar-

171 1163 33 21 för
223 1169 64 15 mom.
308 1169 14 21 g
344 1163 40 21 här
406 1165 129 25 omnämnes,
557 1164 42 21 kan
612 1164 36 26 jag
664 1164 18 26 ej
698 1164 61 26 fatta,
775 1166 51 20 enär
841 1164 32 26 de,
888 1170 45 15 som
949 1164 43 21 för-

169 1192 99 21 fallolöst
290 1192 46 21 från
360 1192 117 26 lottningen
500 1192 112 26 uteblifvit,
634 1192 46 21 icke
702 1198 65 20 gerna
789 1192 72 22 kunna
883 1193 84 21 komma
985 1192 7 21 i

170 1220 68 26 fråga.
270 1220 41 27 Jag
326 1226 63 16 anser
404 1208 77 38 derför,
498 1222 32 20 att
544 1227 62 15 mom.
622 1227 14 20 g
650 1220 40 22 här
704 1221 46 21 icke
765 1221 40 21 bör
819 1222 82 20 citeras.

240 1284 146 26 Domprosten
404 1283 139 21 Renvall:
572 1284 41 21 Till
631 1290 48 14 svar
693 1284 76 25 gäller:
800 1284 32 21 De
847 1284 67 21 måste
929 1284 63 21 efter-

171 1312 57 26 lysas
244 1312 39 20 och
299 1311 154 27 tillvaratagas,
470 1312 39 21 och
524 1313 60 20 detta
598 1312 67 22 mäste
680 1314 63 24 göras
758 1312 33 21 för
805 1314 32 20 att
853 1312 83 27 förfäng
946 1312 45 22 icke

169 1340 56 20 skall
248 1340 37 20 ske
306 1340 26 20 de
352 1340 73 24 andre,
442 1340 27 20 dä
485 1341 25 19 de
525 1340 59 21 fleste
599 1340 64 21 likväl
678 1342 36 18 äro
731 1341 86 23 sädane,
832 1342 32 19 att
879 1342 26 19 de
920 1341 72 20 kunna

170 1369 60 25 tagas
246 1367 7 21 i
269 1367 117 26 beräkning
401 1368 40 21 och
455 1367 100 27 pätinnas.

239 1423 91 21 Prosten
346 1423 93 27 Hjelt:
469 1424 44 21 Det
527 1426 23 19 är
565 1424 71 27 gifvet,
652 1426 32 20 att
699 1424 32 26 de,
747 1430 44 16 som
807 1424 127 22 förfallolöst
946 1427 45 19 ute-

170 1451 79 27 blifvit,
273 1452 59 22 skola
354 1452 124 27 eftersökas,
501 1453 109 27 efterlysas
629 1453 39 22 och
689 1453 140 22 underkastas
847 1454 36 21 det
901 1453 6 22 i
922 1455 11 25 $
951 1454 41 22 114

169 1481 131 21 omnämnda
320 1481 70 26 straff;
413 1488 48 15 men
479 1482 36 21 det
531 1481 39 23 blir
585 1482 63 22 likväl
664 1488 25 15 en
706 1482 122 28 omöjlighet
843 1484 33 20 att
891 1482 22 22 få
927 1483 24 21 sä
966 1482 26 22 ti-

169 1510 47 26 digt
237 1510 51 22 reda
314 1510 26 27 pä
364 1510 53 25 dem,
435 1512 32 20 att
483 1511 25 21 de
524 1510 71 22 kunna
609 1511 85 21 inträda
709 1511 6 22 i
732 1512 65 26 tjenst
812 1512 40 21 den
867 1511 66 22 första
949 1511 42 22 No-

171 1539 90 26 vember,
286 1541 50 20 enär
357 1539 41 22 den
419 1539 7 21 i
453 1539 69 22 denna
544 1540 12 27 $
579 1541 125 20 omnämnde
727 1540 118 27 fördelning
863 1540 24 21 af
899 1540 92 23 Senaten
