1073 1803
283 151 159 18 Presteståndet
455 152 54 17 1877.
533 153 15 16 4
560 153 112 17 december.
804 147 54 21 2441

66 225 65 22 heten
154 227 32 20 att
209 225 47 22 från
271 225 133 27 evangeliska
419 225 82 27 kyrkan
517 225 31 22 till
566 226 40 21 den
621 226 98 26 grekiska
734 226 90 27 öfvergå,
840 233 47 15 men

67 253 46 22 icke
135 255 99 24 tvärtom,
257 253 67 22 skulle
342 253 155 27 tillintetgöras,
516 253 68 22 blefve
600 256 31 19 ett
646 254 67 21 medel
729 254 31 21 till
776 255 110 26 religions-

66 282 102 21 frihetens
192 282 113 25 förintelse,
329 282 27 21 då
378 283 61 21 deras
459 283 53 21 barn
528 283 30 20 uti
574 282 41 22 alla
630 283 34 21 led
678 283 68 21 skulle
761 283 75 21 bindas
852 283 33 22 vid

68 311 39 21 den
130 311 98 26 grekiska
250 311 80 26 kyrkan
353 311 39 21 och
415 310 32 22 för
469 312 47 20 dem
537 311 146 26 öfvergängen,
699 311 60 21 äfven
774 317 34 16 om
824 311 61 22 deras

67 342 93 19 samvete
176 339 35 22 det
226 339 72 22 kräfde
313 339 153 27 omöjliggöras.
496 340 42 21 Det
552 339 66 22 andra
633 339 102 27 förslaget
750 346 37 15 var
802 340 38 21 der
854 342 32 20 att

66 368 137 27 kyrkomötet
220 368 68 21 skulle
303 368 68 21 uttala
386 368 31 26 sig
433 368 78 21 derhän
528 370 38 24 att,
581 368 45 21 ifall
640 368 46 21 icke
702 375 24 15 en
742 368 65 22 sådan
823 368 63 22 efter-

67 396 39 28 gift
120 396 68 22 skulle
204 396 91 22 erhållas
310 396 7 21 i
332 397 48 21 dess
394 396 77 25 helhet,
488 399 31 19 att
534 396 136 22 medlemmar
684 397 22 21 af
715 397 40 21 den
766 396 120 27 evangelisk

66 425 111 22 lutherska
198 425 81 27 kyrkan
301 425 68 21 skulle
390 425 116 27 förbjudas.
520 428 32 19 att
574 425 31 21 till
621 426 39 20 den
676 426 103 21 ortodoxa
794 425 92 27 öfvergå.

66 454 37 22 Uti
118 454 35 21 det
168 454 143 26 föreliggande
326 454 238 21 utskottsbetänkandet
578 454 168 27 tillkännagifves
762 456 31 19 att
804 454 82 22 utskot-

66 485 33 20 tet
119 482 39 22 har
180 482 42 22 fått
244 482 30 26 sig
296 482 121 22 meddeladt
439 485 32 19 att
491 488 25 16 en
535 482 40 22 slik
593 482 91 26 eftergift
705 484 6 20 å
727 482 40 22 den
783 482 103 22 ortodoxa

67 511 93 28 kyrkans
182 511 46 21 sida
242 511 46 21 icke
303 511 41 21 kan
360 510 95 23 erhållas.
486 504 96 29 Återstår
598 510 80 23 således
694 518 34 19 nu,
744 510 34 22 för
792 512 33 20 att
840 511 46 22 reli-

66 540 151 28 gionsfriheten
236 539 68 23 skulle
322 540 72 21 kunna
409 540 106 27 praktiskt
529 540 105 27 tillämpas
649 540 27 27 på
691 541 47 21 vårt
752 540 50 22 land
816 540 7 20 i
838 540 48 22 dess

67 571 90 25 säregna
176 568 152 27 förhållanden,
350 571 32 20 att
397 569 39 22 den
452 569 152 28 inskränkning
618 569 68 22 skulle
701 571 61 26 göras
778 571 31 19 att
824 568 62 28 ingen

67 599 91 21 medlem
173 599 22 20 af
208 598 40 21 den
264 598 120 27 evangelisk
398 597 108 22 lutherska
522 598 80 27 kyrkan
617 598 32 21 till
660 599 40 21 den
710 598 99 27 grekiska
818 597 68 22 skulle

67 627 21 22 få
110 627 91 27 öfvergå,
224 629 32 19 ett
274 627 101 27 yrkande,
390 633 51 20 som,
458 627 65 27 enligt
538 627 54 22 hvad
608 627 36 22 det
658 627 128 27 högvördiga
801 627 85 22 ståndet

66 657 39 21 har
127 655 31 29 sig
181 655 83 27 bekant,
284 655 38 22 har
343 655 67 22 blifvit
425 656 90 27 mäktigt
529 656 128 27 bekämpadt
672 656 54 21 både
742 656 22 21 af
776 661 110 16 reservan-

66 687 60 20 terne
141 686 7 20 i
164 685 253 26 dissenterlagsutskottet
431 685 34 20 vid
481 685 135 27 kyrkomötet
626 685 39 21 och
677 685 5 20 i
694 685 82 21 landets
786 685 98 26 tidnings-

66 713 51 22 blad
140 714 38 21 och
195 720 62 14 anser
268 713 38 27 jag
322 714 34 20 det
372 713 63 21 också
450 720 50 14 vara
515 720 25 14 en
556 715 24 20 så
594 713 124 27 äfventyrlig
733 713 153 27 inskränkning

66 742 7 21 i
83 742 195 26 religionsfriheten,
290 744 32 19 att
332 742 39 21 den
383 742 70 26 tyckes
465 742 147 27 tillintetgöras
623 748 33 15 om
667 748 25 14 en
701 742 65 21 sådan
775 742 110 20 inskränk-

66 771 50 26 ning
138 773 67 25 göres.
237 770 93 22 Härutaf
350 770 93 27 framgår
464 770 88 26 således,
576 770 72 28 tycker
661 771 42 26 jag,
720 770 119 27 uppenbart
853 772 33 20 att

65 798 191 28 religionsfriheten
278 799 6 20 i
308 800 40 20 den
366 799 150 27 utsträckning,
533 806 44 14 som
592 799 79 27 åsyftas
685 800 49 20 med
750 799 36 21 det
801 798 83 28 förelig-

66 828 70 27 gande
158 827 257 27 dissenterlagsförslaget,
431 828 46 21 icke
491 828 43 20 kan
549 829 7 20 i
571 828 47 21 vårt
632 827 49 22 land
696 827 137 27 förverkligas
852 827 33 21 till

66 856 51 28 följd
139 856 22 22 af
182 856 26 22 de
228 858 88 24 säregna
330 856 160 22 förhållandena
505 856 39 22 och
560 859 32 19 att
607 856 35 22 det
658 856 69 22 derför
742 856 41 21 blir
798 856 32 22 för
839 856 46 22 den

66 885 120 27 evangelisk
207 885 109 21 lutherska
338 885 92 27 kyrkans
452 885 143 26 medlemmar,
618 891 34 15 om
676 886 26 20 de
720 885 48 26 vilja
784 884 101 28 betrygga

67 914 40 22 den
122 914 109 22 lutherska
245 914 93 27 kyrkans
352 914 105 26 ställning,
473 920 26 15 en
515 913 155 28 nödvändighet
686 916 37 23 att,
736 914 32 21 för
778 916 32 19 att
820 916 65 19 värna

66 944 32 26 sig
112 943 54 27 sjelf,
181 943 46 21 icke
242 943 111 26 godkänna
369 943 58 21 detta
441 942 113 28 lagförslag
567 943 30 21 uti
608 944 48 20 dess
671 942 158 22 vidsträckthet.
845 942 41 26 Jag

66 978 50 15 vore
140 972 63 21 också
226 971 49 27 böjd
298 972 32 20 för
352 972 42 21 min
415 972 59 26 ringa
496 971 34 21 del
545 973 33 19 att
591 970 73 23 förena
680 972 41 27 mig
736 972 48 20 med
799 974 86 24 prosten

67 1000 109 27 Grönberg
193 1006 33 16 om
242 1002 32 19 att
289 1000 71 26 afböja
374 1000 48 21 hela
437 999 141 28 lagförslaget,
594 1006 47 15 men
649 1000 37 27 jag
696 1003 23 19 är
730 1000 63 21 också
803 1000 82 21 ändock

66 1029 123 27 öfvertygad
208 1029 72 21 derom
299 1030 32 20 att
353 1029 40 21 den
409 1029 101 26 rättighet
525 1029 32 21 till
570 1029 84 21 utträde
669 1035 25 14 ur
709 1029 40 21 den
765 1028 120 26 evangelisk

66 1058 109 21 lutherska
191 1058 87 26 kyrkan,
294 1064 46 14 som
355 1058 7 20 i
377 1057 140 26 kyrkolagens
532 1060 13 19 6
560 1058 52 26 &-åt
628 1058 47 20 dess
686 1057 142 25 medlemmar,
839 1063 46 15 som

67 1085 35 22 det
118 1086 65 21 önska
199 1086 107 25 förunnas,
322 1085 22 22 af
357 1085 49 22 flere
422 1085 95 22 kommer
532 1087 32 20 att
580 1085 104 27 begagnas
700 1085 46 25 och,
758 1085 88 21 emedan
859 1085 27 22 då

66 1114 62 27 ingen
151 1113 107 23 föreskrift
273 1114 73 25 finnes,
361 1114 83 21 hvilken
460 1114 67 21 skulle
543 1114 117 21 bestämma
675 1114 61 21 dessa
751 1113 134 27 affällingars,

66 1145 34 20 att
113 1144 35 26 jag
163 1144 23 20 så
202 1143 35 21 må
251 1145 57 24 säga,
324 1142 133 22 förhållande
472 1143 31 20 till
519 1143 40 21 den
575 1143 107 20 lutherska
697 1143 81 26 kyrkan
794 1142 38 21 och
843 1145 42 18 sta-

66 1174 42 25 ten,
130 1178 62 15 anser
212 1171 37 28 jag
264 1174 32 19 att
311 1171 36 22 det
362 1171 98 22 behöfves
475 1171 7 21 i
497 1171 59 22 detta
571 1171 97 21 afseende
684 1173 95 19 närmare
794 1171 92 21 bestäm-

66 1201 74 26 ningar
164 1201 38 21 och
225 1200 37 21 ber
282 1200 36 27 jag
341 1200 82 21 derföre
442 1202 32 19 att
489 1200 20 21 få
524 1200 74 21 förena
612 1200 42 26 mig
670 1207 34 14 om
720 1200 36 21 det
770 1199 116 25 uttalande,

66 1235 45 17 som
136 1232 86 24 prosten
247 1228 59 28 Hjelt
328 1229 39 21 här
389 1235 48 21 nyss
459 1229 72 27 gjorde
554 1231 32 19 att
606 1229 36 21 det
657 1228 129 28 högvördiga
802 1228 84 22 ståndet

66 1258 68 22 skulle
157 1258 48 22 med
227 1258 135 21 förkastande
385 1258 21 20 af
427 1258 26 21 de
477 1258 67 27 öfriga
562 1257 148 27 paragraferna
725 1258 73 20 skrida
814 1257 30 21 till
860 1263 26 15 en

67 1287 192 27 detaljgranskning
281 1286 23 22 af
325 1287 26 21 de
372 1286 23 22 af
411 1286 77 22 honom
504 1287 126 21 omnämnda
645 1286 151 26 paragraferna
810 1286 22 21 af
846 1286 41 20 för-

66 1315 74 27 slaget,
155 1316 69 20 såsom
240 1315 130 27 nödvändigt
384 1314 73 28 tillägg
473 1315 31 21 till
519 1315 36 21 det
570 1321 28 15 nu
612 1315 98 27 gällande
726 1316 53 20 1781
792 1314 35 21 års
837 1314 49 21 reli-

66 1344 60 27 gions
140 1344 102 27 plakatet.

134 1401 84 21 Doktor
233 1400 133 22 Andelin:
396 1400 71 22 Sedan
481 1400 82 22 landets
579 1400 86 22 ständer
680 1400 65 21 redan
758 1400 34 21 vid
803 1400 81 21 1863—

68 1430 55 20 1864
138 1430 35 20 års
188 1429 101 25 landtdag
311 1430 7 19 i
340 1429 113 25 anledning
475 1429 23 20 af
510 1428 102 26 förslaget
627 1428 32 20 till
674 1435 27 18 ny
716 1428 108 26 kyrkolag,
841 1434 46 15 som

67 1457 28 22 då
110 1457 166 22 öfverlemnades
294 1456 32 22 till
342 1457 60 20 deras
419 1456 133 26 behandling,
567 1455 95 22 uttalade
678 1456 36 21 det
729 1455 158 27 önskningsmål

67 1487 32 20 att
120 1485 32 21 till
174 1485 175 21 nästkommande
371 1484 142 21 ständermöte
531 1484 21 21 få
568 1485 31 20 ett
613 1483 120 28 lagförslag,
749 1484 138 27 hvarigenom

68 1514 41 22 alla
124 1515 26 21 de
165 1513 152 26 förhållanden,
332 1519 45 16 som
392 1513 7 22 i
413 1513 113 27 anledning
541 1513 23 22 af
577 1513 13 21 6
605 1512 46 28 $:en
666 1513 6 21 i
688 1519 28 15 nu
730 1513 97 28 gällande
838 1513 49 27 kyr-

66 1543 65 28 kolag
151 1542 98 29 möjligen
267 1542 69 22 skulle
356 1543 82 27 uppstå,
454 1541 66 23 borde
535 1542 77 22 ordnas
628 1541 38 22 och
682 1542 26 21 då
724 1542 162 28 presteståndet,
