1075 1809
296 150 159 18 Presteståndet
468 151 54 17 1877.
546 152 23 16 15
582 152 110 16 december.
823 146 56 22 2889

153 218 63 22 Efter
236 219 92 21 afslutad
350 219 119 22 diskussion
487 220 45 21 blef
551 220 132 26 paragrafen,
705 220 28 27 på
751 220 157 27 framställning

86 247 22 21 af
121 246 51 22 herr
186 247 189 27 talmannen,
393 248 170 22 återremitterad
580 248 32 22 till
627 249 106 21 utskottet
750 248 33 22 för
797 251 34 19 att
847 250 62 20 ordet

85 275 86 26 yhäkte*
188 275 69 21 skulle
279 276 87 26 utbytas
388 278 45 20 mot
455 276 65 21 orden
544 276 114 28 ,fängsligt
678 276 85 22 förvar*
787 277 39 21 och
846 278 63 21 ordet

86 304 131 27 »häktande"
240 305 12 21 &
274 305 13 20 8
308 305 66 21 raden
395 305 6 20 i
419 305 52 26 följd
487 305 63 21 häraf
562 307 92 20 ersättas
670 306 47 21 med
733 305 65 28 något
813 306 94 27 uttryck,

86 338 44 16 som
146 333 61 21 stode
222 333 5 20 i
243 332 138 23 konformitet
394 333 48 22 med
458 333 67 22 denna
541 333 96 27 ändring.

167 389 11 28 8
194 390 27 21 65
237 389 38 22 och
291 391 34 25 66,
340 389 147 22 öfverskriften
502 390 33 22 till
550 391 48 27 kap.
614 390 19 22 X
650 393 55 20 samt
720 391 24 27 $$
755 392 51 20 67—
813 391 27 21 70
855 391 52 27 god-

86 418 88 27 kändes,
192 418 65 21 sedan
279 424 26 16 en
323 418 22 21 af
358 422 86 23 prosten
460 419 105 22 Warelius
580 419 121 26 föreslagen
716 420 91 27 ändring
822 419 23 21 af
858 426 48 20 par-

86 446 66 23 tikeln
172 446 64 28 och
252 447 90 22 emellan
358 447 65 22 orden
439 447 177 28 kroppsbyggnad
632 448 40 21 och
687 448 157 21 helsotillständ
860 449 6 20 i
881 448 26 27 $$

87 475 27 22 65
130 475 38 22 och
184 476 28 21 68
226 475 96 22 förfallit.

154 532 12 27 8
182 533 26 20 70
223 533 129 26 godkändes.

154 589 40 22 Om
202 585 13 37 8
238 591 23 20 71
278 590 85 28 yttrade

153 647 111 22 Professor
284 647 133 22 Donner:
448 648 42 21 Det
511 649 24 20 är
556 648 122 26 visserligen
701 653 85 21 ogerna,
807 653 45 16 som
868 647 38 29 jag

86 682 27 15 nu
132 678 45 19 stör
200 676 39 21 den
255 676 102 27 harmoni,
372 683 45 15 som
432 676 39 21 har
486 676 80 22 inträdt
580 676 7 21 i
603 676 93 26 ständet;
712 683 48 15 men
774 677 36 26 jag
825 677 82 20 tilläter

86 705 42 26 mig
150 705 64 21 likväl
236 707 32 19 att
285 707 52 24 göra
352 711 26 15 en
393 705 139 27 anmärkning
547 705 109 27 angående
672 705 61 22 ordet
747 705 156 27 ,krigstjenst*.

85 733 69 22 Fallet
177 735 24 19 är
221 734 104 26 nemligen
348 734 42 26 det,
412 736 33 19 att
462 734 7 21 i
494 734 50 21 flera
563 733 66 22 andra
644 734 75 21 länder
734 740 48 15 man
797 734 109 21 använder

86 763 158 26 värnepligtige,
266 762 62 22 äfven
351 769 34 15 om
404 762 25 21 de
445 763 19 26 ej
479 764 37 20 äro
531 763 88 21 alldeles
635 763 69 21 direkt
719 763 136 21 användbara
870 763 35 20 vid

86 791 139 27 tjenstgöring
247 792 46 21 med
316 797 69 21 vapen
407 791 6 21 i
431 791 64 27 hand,
514 791 7 22 i
537 792 25 21 de
578 791 93 22 militära
686 791 131 27 åligganden,
834 791 73 21 hvilka

86 820 186 21 öfverensstämma
287 821 48 20 med
350 820 61 21 deras
426 820 119 27 borgerliga
561 820 158 27 handteringar,
735 820 39 21 och
791 820 36 21 det
842 825 62 21 synes

85 849 49 26 mig,
149 851 32 19 att
197 849 26 21 dä
238 849 42 22 alla
296 850 61 21 dessa
372 849 112 26 lättnader,
500 855 45 15 som
560 849 39 21 här
614 851 36 18 äro
661 849 90 25 införda,
761 848 68 22 skulle
842 848 64 21 hafva

86 877 32 22 till
140 877 86 28 påföljd,
246 880 32 19 att
297 880 31 19 ett
342 878 84 27 mycket
441 878 47 21 litet
503 878 58 21 antal
578 877 151 28 värnepligtige
744 877 69 21 blefve
829 877 76 22 under-

85 907 89 21 kastade
196 907 96 26 lottning,
315 907 36 21 det
372 913 49 15 vore
442 907 33 21 väl
498 909 32 19 att
548 907 100 26 antingen
664 906 101 22 förändra
780 906 37 21 det
831 906 75 21 alltför

85 936 77 27 tränga
176 935 114 28 begreppet
303 936 121 27 krigstjenst
440 935 51 22 eller
506 936 64 21 ocksä
585 937 27 26 pä
628 937 64 21 annat
708 935 62 22 ställe
785 935 69 21 införa
865 935 41 22 den

86 965 133 26 bestämning
233 967 32 19 att
280 965 80 21 sädane
370 965 157 26 värnepligtige,
538 971 45 15 som
594 964 19 27 ej
624 966 37 20 äro
673 965 84 26 duglige
769 963 33 22 till
813 963 92 22 omedel-

86 993 39 21 bar
140 993 122 27 krigstjenst
277 994 48 21 med
339 999 68 21 vapen
422 993 7 22 i
445 993 62 26 hand,
523 994 34 21 mä
572 993 72 22 kunna
659 993 108 21 användas
781 993 33 21 för
825 992 82 22 sädana

86 1022 92 21 militära
201 1023 132 26 åligganden,
356 1029 46 14 som
424 1022 188 22 öfverensstämma
634 1022 47 21 med
702 1022 62 21 deras
785 1021 122 27 borgerliga

86 1047 133 35 handtering.
793 1059 4 5 .

154 1108 34 21 Då
209 1108 62 27 ingen
287 1108 71 21 vidare
374 1107 92 22 önskade
481 1110 56 25 yttra
553 1108 37 27 sig,
607 1107 44 22 blef
665 1107 135 26 paragrafen,
816 1107 27 26 pä
858 1107 51 20 herr

86 1137 198 22 talmannens
305 1137 162 27 framställning,
490 1137 48 22 med
558 1137 153 26 öfvervägande
731 1135 109 28 majoritet
856 1135 52 27 god-

86 1166 62 21 känd.

156 1223 10 28 $
182 1224 27 21 72
225 1223 129 28 godkändes.

156 1281 11 27 8
184 1281 26 21 73
225 1281 36 27 gaf
274 1281 113 26 anledning
401 1280 34 21 till
450 1280 93 26 följande
558 1280 126 27 yttranden:

156 1338 89 21 Prosten
260 1337 169 26 Grönberg:
460 1337 41 22 Det
515 1339 24 18 är
550 1337 7 20 i
570 1336 68 21 denna
648 1335 108 27 paragraf,
766 1335 37 26 jag
815 1334 94 22 önskade

88 1367 20 21 få
127 1367 75 26 tydligt
224 1366 95 27 uttryckt
335 1366 41 25 det,
392 1372 45 15 som
450 1365 37 27 jag
502 1365 33 21 vid
552 1365 145 20 diskussionen
714 1370 34 15 om
763 1365 14 19 4
793 1364 12 26 $
820 1363 87 26 yrkade,

88 1395 105 26 nämligen
209 1397 37 22 att,
262 1401 34 15 om
312 1397 15 19 t.
344 1401 31 14 ex.
391 1394 122 26 tillväckligt
528 1393 58 21 antal
601 1393 97 26 frivillige
711 1392 47 21 från
770 1398 25 15 en
807 1392 100 21 kommun

88 1423 77 22 önskar
180 1423 150 21 företrädesvis
346 1423 83 20 inträda
445 1423 6 20 i
466 1422 59 21 aktiv
540 1422 71 26 tjenst,
626 1421 26 21 de
668 1421 70 21 såsom
753 1420 78 21 sådane
843 1419 67 23 också

88 1451 68 22 skulle
170 1451 74 21 främst
258 1452 8 20 i
280 1451 61 26 fråga
356 1451 85 21 komma
457 1450 40 21 och
512 1450 36 20 det
563 1451 50 19 utan
629 1449 98 26 lottning.

156 1507 111 22 Professor
290 1507 153 22 Forsman:
473 1506 48 26 Det,
540 1512 46 15 som
601 1507 85 25 prosten
702 1504 112 27 Grönberg
828 1503 82 33 yrkade

88 1537 33 27 på,
136 1537 165 22 förekommer
281 1529 20 39 'i
317 1536 74 28 sjelfva
406 1536 73 22 verket
493 1535 7 21 i
516 1535 68 21 denna
600 1534 104 28 paragraf,
720 1536 22 25 ty
757 1533 37 22 det
808 1535 61 25 säges
884 1540 25 20 ju
