1078 1803
196 163 55 21 3064
374 167 160 17 Presteståndet
546 168 54 16 1877.
623 169 22 15 21
658 169 112 15 december.

167 236 104 21 undvaras
294 237 51 19 utan
365 235 111 26 olägenhet
498 235 40 21 och
557 237 32 19 att
607 235 63 21 också
690 235 18 27 ej
724 236 102 26 styrelsen
842 235 65 22 borde
923 235 63 22 hafva

167 264 64 26 något
253 266 57 19 emot
333 264 42 24 det,
399 264 27 20 då
446 264 39 20 den
501 264 63 26 ryska
580 264 114 20 militärens
709 264 145 20 förhållanden
870 265 6 20 i
892 264 41 21 alla
948 264 36 21 fall

166 293 28 26 på
216 292 155 22 administrativ
393 294 39 24 väg
455 292 70 21 kunna
546 292 98 27 regleras,
664 292 38 21 och
718 293 54 20 hvad
787 292 198 27 gardesbataljonen

167 320 100 22 beträffar
282 322 24 20 är
321 321 40 21 den
377 327 28 14 nu
419 320 62 21 borta
496 320 39 22 och
551 320 96 27 möjligen
663 321 41 20 kan
720 320 189 27 värnepligtslagen
923 320 62 22 blifva

167 349 103 26 faststäld,
291 349 39 21 och
354 349 27 21 då
396 350 76 25 uppstå
486 349 45 21 helt
546 349 65 21 andra
626 349 156 26 förhållanden;
800 356 33 14 om
849 350 64 20 också
928 349 17 26 ej
962 350 24 20 så

167 377 66 22 skulle
254 384 57 20 vara,
327 377 62 22 torde
404 377 158 22 förhållandena
578 377 129 22 beträffande
723 378 68 21 denna
806 377 93 28 bataljon
915 377 70 22 kunna

166 412 76 21 genom
264 406 167 21 administrativa
453 407 98 26 åtgärder
573 407 91 26 regleras
680 407 29 24 så,
726 408 31 19 att
772 406 61 26 ingen
849 407 66 21 skada
931 407 54 21 sker.

167 435 70 21 Också
255 435 37 26 jag
312 434 67 22 skulle
402 435 70 20 derför
494 435 68 27 tycka,
584 437 31 19 att
635 435 83 21 ståndet
733 435 68 21 skulle
816 435 71 21 kunna
903 435 83 21 biträda

168 464 184 26 borgareståndets
368 463 68 21 beslut
452 463 6 20 i
474 463 58 22 detta
548 463 101 22 afseende.
681 464 61 20 Hvad
758 464 114 21 utskottets
883 470 103 15 samman-

165 492 197 27 jemkningsförslag
377 491 99 22 beträffar
492 499 36 14 var
543 492 36 21 det
594 491 105 22 bestämdt
714 492 22 21 af
750 493 26 20 de
791 492 105 21 allmänna
911 492 76 27 regler,

167 527 45 15 som
234 521 63 20 hafva
317 521 56 26 gjort
395 520 32 26 sig
446 520 98 27 gällande
560 521 33 20 vid
608 521 225 26 sammanjemkningar
848 521 6 20 i
870 521 115 25 utskotten,

167 549 86 22 hvarför
275 549 106 21 utskottet
401 549 18 26 ej
440 555 64 20 gerna
520 549 69 21 kunde
604 549 84 21 komma
703 549 53 21 fram
772 549 48 21 med
835 550 64 25 något
915 551 71 19 annat.

235 623 110 21 Professor
361 622 170 22 Ehrström:
554 623 40 26 Jag
609 623 38 21 har
662 623 96 21 förordat
772 623 161 27 inbjudningens
949 630 36 15 an-

168 651 97 26 tagande,
291 652 87 21 emedan
405 652 36 20 det
466 658 61 20 synes
549 652 41 26 mig
609 658 50 15 vara
680 652 111 26 sjelffallet,
815 654 31 19 att
869 652 116 21 militärens

167 682 43 19 rätt
225 682 32 19 att
272 681 49 20 idka
337 680 99 26 näringar
451 680 52 21 skall
520 680 69 21 kunna
604 681 27 26 på
646 680 129 27 grundvalen
790 681 22 20 af
826 681 39 20 den
882 680 105 22 blifvande

167 709 131 25 närigslagen
309 709 104 20 anordnas
425 709 162 21 administrativt
598 711 48 19 utan
658 712 31 18 att
700 709 68 21 denna
778 709 99 26 paragraf
886 709 100 21 behöfves

167 736 32 22 till
214 736 85 28 ledning
315 736 75 22 derför.
420 737 42 21 Det
477 739 23 19 är
516 737 62 25 klart,
594 740 31 18 att
640 738 100 26 styrelsen
757 740 23 18 är
796 737 89 27 befogad
901 740 36 22 att,
954 738 33 21 för

167 766 185 26 upprätthållande
367 766 23 20 af
404 766 123 26 disciplinen
542 766 38 21 och
592 766 114 26 ordningen
717 766 57 21 inom
785 766 135 24 kasernerna,
931 766 54 21 före-

167 794 77 21 skrifva
259 794 56 21 hvad
331 794 70 21 dertill
417 794 98 22 behöfves
528 794 38 22 och
578 794 80 22 således
670 795 59 21 äfven
740 796 37 20 der
788 795 117 21 bestämma
916 795 70 21 hvilka

167 823 104 26 näringar,
291 829 46 15 som
360 823 57 20 inom
433 823 127 21 kasernerna
576 823 21 21 få
612 823 109 21 bedrifvas.
752 824 62 20 Hvad
829 824 45 20 åter
890 824 96 26 närings-

166 851 61 27 lagen
250 852 85 26 stadgar
355 851 7 20 i
384 852 25 20 13
432 851 39 21 och
494 853 25 19 14
540 852 26 26 $$
586 858 60 20 synes
662 852 58 20 detta
736 852 42 26 mig
793 852 70 21 kunna
879 858 50 15 vara
944 852 42 21 till-

166 879 80 27 räcklig
266 880 85 26 ledning
373 879 32 21 för
427 880 163 21 administrativt
610 880 118 21 förfarande
750 881 90 21 rörande
863 880 40 22 den
924 881 62 27 ryska

166 908 111 26 militären,
301 908 86 21 hvarför
406 908 36 27 jag
466 909 78 26 tycker,
564 911 32 19 att
611 911 53 19 intet
679 910 74 20 hinder
769 909 65 21 borde
849 910 33 20 stå
897 910 6 20 i
919 912 66 24 vägen

166 936 33 22 för
213 936 161 28 inbjudningens
389 937 125 27 antagande.

234 1011 81 21 Rektor
334 1011 156 21 Kihlman:
513 1012 73 21 Redan
603 1012 26 20 då
645 1012 67 21 denna
727 1012 99 26 paragraf
841 1012 145 22 diskuterades

165 1040 7 20 i
193 1040 84 21 ståndet
299 1040 79 26 yrkade
396 1040 42 26 jag,
461 1042 31 19 att
507 1040 69 22 beslut
591 1040 66 21 skulle
673 1040 64 22 fattas
752 1042 7 20 i
774 1041 76 21 sådant
865 1041 60 27 syfte,
940 1048 45 14 som

165 1068 176 26 borgareståndet
356 1074 29 14 nu
399 1069 39 20 har
452 1068 70 21 fattat.
552 1068 40 27 Jag
608 1069 40 20 kan
664 1069 81 21 således
761 1070 17 25 ej
793 1072 70 21 annat,
876 1072 26 18 än
913 1070 73 21 förena

165 1096 43 27 mig
231 1097 47 20 med
301 1096 25 21 de
349 1096 125 25 föregående
497 1097 73 25 talare,
592 1103 44 15 som
656 1098 82 26 önskat,
754 1100 31 19 att
801 1098 184 26 borgareståndets

165 1125 124 26 inbjudning
309 1126 65 20 måtte
395 1125 22 21 af
435 1125 155 26 presteståndet
605 1129 92 23 antagas.
729 1126 57 21 Mina
801 1127 45 20 skäl
863 1129 35 18 äro
912 1127 73 21 främst

166 1153 42 26 det,
230 1155 31 18 att
275 1153 133 26 paragrafen,
424 1153 83 21 hvilken
520 1153 37 27 jag
572 1154 66 21 måste
654 1160 49 15 anse
719 1155 84 21 komma
818 1157 32 18 att
865 1155 61 21 hafva
941 1157 46 19 stor

165 1181 108 27 betydelse
288 1181 33 21 för
337 1182 40 20 den
393 1181 67 22 finska
476 1182 110 27 militären,
601 1182 67 21 hvilar
683 1183 26 26 på
725 1189 25 14 en
763 1183 54 21 falsk
827 1183 158 26 förutsättning,

166 1209 104 26 nemligen
294 1210 40 20 den
349 1209 183 27 förutsättningen,
548 1213 32 18 att
595 1211 103 20 särskilda
713 1211 197 26 försigtighetsmått
925 1211 60 22 skola

165 1237 90 22 behöfva
271 1238 95 26 vidtagas
382 1241 44 17 mot
441 1239 58 20 detta
514 1238 45 27 slag
574 1238 23 21 af
609 1238 66 22 finske
690 1239 146 26 medborgare,
852 1239 39 21 och
904 1240 33 21 för
950 1240 36 20 det

166 1266 67 21 andra
256 1266 42 26 det,
321 1268 32 19 att
372 1266 36 26 jag
427 1273 62 15 anser
504 1267 69 21 denna
588 1267 40 26 lag,
644 1267 61 21 äfven
720 1274 34 14 om
771 1268 39 20 den
826 1268 41 21 blir
881 1268 104 26 gällande,

167 1294 18 27 ej
210 1294 71 22 kunna
296 1295 7 20 i
318 1294 144 26 verkligheten
483 1295 111 27 tillämpas,
613 1296 87 20 emedan
717 1296 35 20 det
767 1297 60 20 torde
843 1296 62 22 blifva
921 1297 64 26 omöj-

165 1322 39 27 ligt
218 1322 33 22 för
266 1323 159 21 militärbefälet
440 1326 32 18 att
487 1323 32 21 för
534 1324 72 26 hvarje
621 1324 55 26 gång
691 1324 71 21 kunna
777 1325 80 26 utgifva
868 1325 59 27 intyg
939 1325 46 21 der-

166 1350 63 24 öfver,
245 1353 32 18 att
292 1351 83 20 arbetet
389 1351 39 20 har
442 1352 68 20 blifvit
525 1352 21 20 af
560 1352 103 20 militären
680 1353 50 19 eller
744 1353 53 20 hans
813 1353 72 21 hustru
897 1353 87 21 utfördt.

165 1378 70 21 Gifves
250 1379 36 20 det
301 1380 47 19 åter
362 1381 31 19 ett
408 1379 94 25 generelt
516 1379 58 27 intyg
589 1380 39 20 har
643 1386 48 14 man
707 1380 87 22 dermed
808 1380 18 27 ej
840 1381 80 21 kunnat
931 1380 55 22 före-

165 1406 84 22 komma
265 1407 55 21 hvad
335 1413 48 15 man
399 1407 55 21 velat
468 1407 137 22 förekomma.

233 1480 60 21 Efter
307 1480 87 22 härmed
411 1480 89 22 afslutad
516 1481 118 22 diskussion
650 1482 43 21 blef
707 1482 156 28 inbjudningen,
879 1484 27 27 på
921 1484 64 22 fram-

165 1508 100 27 ställning
280 1509 22 22 af
315 1509 50 22 herr
379 1510 187 27 talmannen,
582 1511 22 21 af
617 1511 85 22 ståndet
716 1512 110 27 godkänd;
