1081 1800
316 152 160 19 Presteståndet
488 154 57 17 1878.
570 155 23 16 18
604 154 89 21 januari.
834 148 55 22 3375

100 221 66 27 ligare
182 221 99 24 vidhålla,
297 224 33 19 att
344 222 111 24 utskottet,
472 223 65 26 enligt
555 224 42 20 min
613 224 70 24 tanke,
699 223 46 21 icke
761 223 54 21 varit
830 223 88 21 berätti-

98 250 53 26 gadt
173 252 32 18 att
227 250 32 21 till
281 250 102 22 förstärkt
403 251 82 21 utskott
500 251 112 27 hänskjuta
628 252 12 26 &
657 253 32 20 19.
720 251 109 21 Utskottet
844 252 38 20 har
896 251 24 21 af

98 278 108 26 professor
223 278 64 27 Cleve
310 279 39 21 och
370 279 73 21 rektor
465 279 99 21 Kihlman
586 280 7 20 i
615 280 58 21 detta
692 280 120 21 hänseende
830 280 65 26 tagits
912 280 6 21 i

99 306 89 21 försvar.
219 306 146 22 Öfverläraren
387 308 99 20 Kihlman
509 308 39 21 har
569 310 73 24 yttrat,
663 311 32 18 att
717 308 36 21 två
771 308 63 21 stånd
849 308 71 21 måste

99 335 64 21 hafva
184 336 79 20 vitsord
285 338 56 19 emot
360 338 31 19 ett
407 336 67 25 stånd,
491 337 88 21 emedan
595 336 153 22 bondeståndet
764 337 18 27 ej
799 337 38 21 har
850 337 68 21 delta-

98 364 32 27 git
145 363 6 21 i
167 364 64 27 något
246 364 70 21 beslut
331 364 109 27 angående
456 365 68 21 denna
539 366 44 20 sak.
612 365 43 21 Det
669 368 24 18 är
703 365 46 22 icke
761 365 32 21 för
802 365 41 27 mig
853 366 66 25 klart,

98 392 106 22 huruvida
224 392 142 22 öfverläraren
385 393 101 21 Kihlman
503 400 66 19 anser,
586 396 32 19 att
633 394 155 22 bondeståndet
803 394 53 22 skall
874 394 44 21 del-

98 423 51 24 taga
168 428 38 14 ens
221 421 6 21 i
243 422 35 21 det
293 422 115 21 förstärkta
424 423 110 21 utskottet.
564 422 41 27 Jag
620 429 68 18 anser,
704 425 32 19 att
750 422 168 22 bondeständets

98 449 111 22 uttalande
232 452 23 19 är
278 450 124 27 tillräckligt
425 451 78 26 tydligt
525 451 39 21 och
584 453 32 19 att
634 452 35 20 det
685 451 6 20 i
707 451 99 21 afseende
821 452 13 20 å
849 451 69 21 denna

99 478 102 27 paragraf
219 479 198 21 öfverensstämmer
440 480 47 21 med
514 479 163 28 presteständet.
712 479 111 22 Professor
843 479 77 22 Cleves

100 507 115 25 uttalande,
239 511 31 17 att
294 510 31 19 tre
346 508 63 21 stånd
424 508 63 21 hafva
502 509 92 25 beslutit,
611 511 32 18 att
659 509 67 21 denna
742 508 140 27 dissenterlag
898 508 18 27 ej

99 536 68 21 skulle
182 536 57 25 gälla
253 536 160 27 grekisk-ryska
428 537 168 21 trosförvandter
611 543 62 15 anser
685 537 37 27 jag
732 537 46 21 icke
789 537 67 21 heller
866 543 51 15 vara

99 564 229 22 öfverensstämmande
343 565 48 21 med
407 565 36 21 det
458 565 99 22 faktiska.
587 565 34 21 Då
635 566 101 26 förslaget
750 565 167 22 äterremittera-

99 593 37 21 des
152 592 46 22 från
212 593 114 22 ständerna
341 593 33 22 till
392 594 110 25 utskottet,
519 594 94 22 återkom
630 595 35 21 det
680 595 46 21 från
741 594 177 27 borgareständet

99 622 39 22 och
154 623 157 26 presteständet
326 623 48 21 med
390 623 135 21 förkastande
538 623 23 21 af
577 624 24 20 19
617 623 15 27 &
645 624 65 26 jemte
725 623 109 21 uttalande
851 623 65 24 deraf,

98 654 33 18 att
153 651 105 21 utskottet
281 651 66 21 borde
369 652 7 20 i
399 651 216 22 öfverensstämmelse
639 652 84 22 dermed
738 652 150 21 omformulera
902 653 14 20 4

99 680 39 21 och
154 681 12 19 6
182 680 27 26 $$
226 680 38 21 och
275 680 173 26 borgareständet
461 680 54 22 hade
526 680 70 28 tillagt
607 680 60 22 äfven
679 681 6 21 i
696 681 114 26 ingressen.
832 681 84 21 Preste-

99 709 85 21 ståndet
205 708 54 22 hade
281 715 76 21 genom
379 710 64 26 något
467 709 133 22 förbiseende
621 710 48 20 icke
690 710 79 21 uttalat
787 710 32 26 sig
834 716 34 15 om
884 710 32 20 in-

98 743 92 21 gressen,
206 744 47 15 men
269 738 136 26 naturligtvis
420 744 38 15 var
473 738 166 27 presteståndets
655 738 54 27 åsigt
724 739 128 21 densamma.
883 738 36 21 Då

98 766 96 22 återkom
218 767 35 21 det
272 766 45 22 från
341 767 104 21 utskottet
470 768 66 20 under
557 769 31 19 ett
605 767 235 27 formuleringsförslag,
854 767 61 21 hvari

97 795 27 27 på
146 795 69 27 grund
237 795 22 21 af
281 797 32 20 att
327 795 37 21 två
378 796 62 21 stånd
455 795 54 22 hade
525 796 77 21 uttalat
617 796 32 27 sig
665 796 100 22 särskildt
780 796 33 21 för
828 796 88 21 utelem-

98 824 78 22 nandet
199 824 24 21 af
238 826 23 20 19
278 825 13 25 &
307 824 39 22 och
367 824 155 22 bondeståndet
546 824 61 22 äfven
623 825 55 21 hade
693 826 105 20 förkastat
814 826 46 25 den,
876 825 40 21 lik-

98 859 44 15 som
159 853 35 21 det
211 853 67 27 öfriga
293 854 106 26 förslaget,
417 854 26 20 19
459 854 12 26 $
487 860 36 15 var
538 854 127 26 utelemnad,
681 860 47 15 men
740 854 104 21 utskottet
854 855 63 25 säger

97 882 6 20 i
124 882 113 26 anledning
253 883 20 20 af
288 882 186 27 borgareständets
490 883 138 26 anmärkning
644 883 72 21 derom
731 886 33 18 att
779 882 135 28 inledningen

98 910 65 22 borde
179 911 7 21 i
201 911 93 26 enlighet
310 911 86 21 dermed
415 911 117 26 förändras,
543 914 32 18 att
585 912 105 20 utskottet
702 914 90 18 tvärtom
804 917 68 19 anser,
883 913 34 19 att

94 939 51 27 just,
162 946 33 14 om
214 940 24 21 19
254 940 12 26 &
283 940 38 20 har
336 946 25 15 ur
376 939 137 27 lagförslaget
528 940 113 26 uteslutits,
657 940 39 21 bör
706 940 134 26 inledningen
851 940 64 21 hafva

98 968 40 21 den
154 968 85 27 lydelse,
255 974 44 16 som
315 968 39 22 den
371 968 45 26 har,
431 969 20 20 d.
467 974 18 14 v.
497 974 15 15 s.
523 969 134 27 inledningen
669 969 107 21 innehålla
787 976 25 14 en
825 969 90 27 petition

98 1003 33 15 om
148 1000 32 18 att
198 997 56 29 Hans
269 997 100 27 Majestät
384 997 47 22 med
448 998 35 21 det
499 997 66 22 första
580 998 49 20 ville
645 1000 49 25 taga
706 998 35 21 det
751 998 27 26 pä
789 998 77 20 honom
878 1004 37 14 an-

98 1026 127 21 kommande
240 1026 93 22 initiativ
348 1026 33 21 för
395 1029 33 18 att
439 1026 62 21 ställa
513 1027 24 20 de
549 1027 161 26 grekisk-ryska
721 1026 195 22 trosbekännarene

97 1055 6 21 i
125 1055 91 21 Finland
238 1055 28 27 pä
287 1062 26 14 en
329 1055 64 27 laglig
412 1054 37 22 fot.
479 1055 136 27 Inledningen
632 1055 103 21 bibehölls
751 1055 81 21 säledes
847 1054 22 22 af
884 1057 31 19 ut-

97 1083 89 26 skottet,
203 1084 87 20 emedan
306 1084 40 20 den
361 1090 29 14 nu
405 1090 37 15 var
457 1084 130 26 behöfligare
603 1085 26 20 än
646 1084 62 26 förut,
724 1084 63 21 sedan
800 1084 46 26 19
837 1079 12 36 $
860 1083 57 21 hade

97 1113 78 26 utgätt.
206 1112 46 22 Den
272 1112 125 22 hemställan
421 1116 76 22 antogs
517 1113 27 20 dä
566 1113 59 21 äfven
648 1112 23 21 af
691 1112 160 27 presteständet,
868 1118 48 15 men

97 1141 114 27 ingalunda
233 1142 6 20 i
260 1141 39 21 den
316 1142 78 20 tanken
409 1142 32 20 att
456 1141 135 27 inledningen
605 1141 93 21 innehöll
714 1141 69 27 precis
799 1141 118 21 detsamma

96 1176 46 14 som
163 1171 24 20 19
209 1170 19 26 $,
248 1172 51 18 utan
319 1172 91 19 tvärtom
426 1170 65 20 lästes
506 1170 23 20 af
543 1170 155 26 presteständet
713 1170 7 20 i
735 1170 134 26 inledningen
884 1170 31 20 in-

96 1198 88 27 genting
202 1201 71 23 annat,
297 1200 25 19 än
339 1198 55 21 hvad
409 1198 38 21 der
462 1198 49 25 stär,
529 1198 19 21 d.
563 1205 18 14 v.
598 1205 15 14 s.
631 1200 31 19 att
678 1198 23 21 sä
715 1198 43 21 fort
772 1204 45 15 som
833 1198 83 26 möjligt

97 1233 25 15 en
138 1227 88 26 petition
242 1233 33 14 om
292 1227 40 26 lag,
348 1227 100 21 särskildt
462 1226 32 21 för
509 1227 25 20 de
545 1226 157 28 grekisk-ryska
715 1227 200 25 trosbekännarene,

97 1256 68 21 skulle
188 1255 30 20 till
242 1256 113 21 ständerna
375 1256 107 20 inkomma
501 1255 39 21 och
561 1257 32 20 att
607 1255 54 21 intill
678 1255 46 21 dess
740 1254 131 27 naturligtvis
886 1255 30 21 la-

97 1290 47 20 gen,
167 1284 27 21 dä
212 1284 39 21 den
273 1285 18 25 ej
314 1283 117 22 innehåller
453 1284 64 25 något
540 1284 107 25 undantag
666 1283 31 22 för
716 1284 26 21 de
756 1283 160 27 grekisk-ryska

96 1312 195 22 trosbekännarene
311 1312 68 22 skulle
401 1312 56 27 gälla
478 1313 41 20 alla
541 1313 112 20 dissenters
668 1312 6 21 i
689 1312 120 21 allmänhet.
840 1311 75 27 Nägon

97 1347 68 15 annan
188 1341 65 21 tanke
273 1341 41 21 kan
337 1347 47 15 man
408 1341 17 27 ej
449 1347 64 19 gerna
534 1341 19 21 fä
569 1341 60 21 deraf
642 1343 32 19 att
690 1341 103 21 utskottet
808 1340 47 21 ville
871 1343 44 17 ute-

97 1370 69 21 lemna
183 1370 25 20 19
224 1369 10 28 &
250 1376 47 15 men
313 1369 105 22 bibehålla
432 1370 7 20 i
455 1369 132 27 inledningen
604 1369 58 21 detta
672 1369 114 21 uttalande.
812 1369 34 21 Nu
856 1368 60 22 kom-

98 1404 44 16 mer
160 1398 105 22 utskottet
287 1399 65 20 andra
374 1399 81 25 gången
479 1398 38 22 och
539 1400 60 24 säger
614 1398 7 20 i
637 1400 47 19 rent
698 1400 89 19 motsatt
802 1397 59 27 syfte,
877 1400 38 21 att,

98 1427 98 21 eftersom
213 1427 35 21 det
263 1427 6 20 i
285 1426 134 26 inledningen
435 1426 54 21 talas
505 1433 32 13 om
554 1426 25 20 de
595 1426 159 25 grekisk-ryska
763 1426 152 20 trosbekänna-

97 1460 49 15 rene
169 1454 7 20 i
199 1454 95 26 Finland,
317 1455 23 20 sä
361 1456 24 18 är
400 1454 35 20 det
451 1454 128 25 nödvändigt
595 1456 32 18 att
642 1453 66 21 införa
724 1454 73 20 derom
812 1459 26 15 en
853 1459 63 20 para-

97 1482 47 26 graf
158 1484 6 19 i
181 1483 66 25 lagen.
279 1484 38 19 Att
332 1482 59 21 detta
405 1488 29 14 nu
449 1483 24 19 är
489 1484 30 18 ett
533 1482 80 26 ganska
627 1481 116 27 betänkligt
753 1484 43 18 sätt
808 1483 32 19 att
850 1481 65 21 dedu-

98 1517 47 15 cera
161 1517 39 15 ena
219 1510 81 28 gängen
316 1511 16 21 si
349 1510 39 22 och
403 1510 66 22 andra
484 1511 82 27 gängen
581 1510 24 22 sä
620 1511 61 20 torde
696 1510 45 22 icke
756 1510 72 21 kunna
843 1510 71 26 nekas,

96 1540 128 22 ätminstone
247 1540 71 27 tycker
337 1540 41 27 jag,
399 1541 31 20 att
446 1539 35 22 det
496 1542 24 19 är
535 1539 62 27 klart,
613 1541 32 20 att
660 1540 36 21 det
710 1539 78 21 strider
803 1540 56 20 emot
875 1538 41 22 den
