1073 1811
310 148 161 19 Presteståndet
483 149 55 18 1877.
556 149 12 18 7
579 149 112 18 december,
808 142 54 22 2625

70 219 68 22 ehuru
160 225 76 20 genom
258 218 257 28 äktenskapsförbindelse
529 218 33 22 till
577 224 25 16 en
617 218 31 21 tid
663 224 26 15 en
704 220 97 19 närmare
816 217 76 22 förbin-

72 248 57 21 delse
152 247 114 27 slägtingar
286 246 89 23 emellan
393 246 40 22 har
451 247 85 22 inträdt.
555 247 72 26 Något
642 245 251 23 blodbandsförhållande

70 276 68 22 finnes
157 276 25 27 ju
200 276 47 21 icke
268 275 45 22 här.
342 275 32 22 På
394 282 80 15 samma
496 276 69 27 grund
586 281 45 16 som
654 281 47 15 man
715 275 72 27 yrkar,
802 277 33 19 att
850 277 13 19 5
878 275 15 27 &

69 304 70 22 skulle
153 304 123 28 upphäfvas,
292 304 71 21 kunde
377 310 49 15 man
441 304 47 22 med
503 306 56 20 ännu
575 305 68 20 större
653 303 46 21 skäl
713 303 53 28 yrka
778 304 27 26 på
816 304 31 20 att
860 304 10 20 6
881 304 11 26 $

70 333 68 22 skulle
152 332 123 28 upphäfvas.

140 396 90 22 Prosten
246 396 82 27 Hjelt
344 396 48 22 ville
407 396 55 22 fästa
476 396 214 27 uppmärksamheten
705 396 28 27 på
748 397 32 21 att
794 397 7 20 i
813 402 81 16 samma

72 424 99 28 paragraf
192 424 102 28 förekom,
320 426 33 20 att
375 431 48 14 man
445 425 68 21 skulle
534 425 21 22 få
572 425 52 26 gifta
639 425 32 26 sig
685 425 48 21 med
748 425 33 21 sin
795 426 99 20 svärsons

71 454 62 26 enka,
157 454 19 21 d.
202 460 17 15 v.
243 459 15 16 s.
281 454 47 21 med
344 453 32 22 sin
392 453 54 22 döda
462 454 80 22 dotters
557 460 59 15 mans
631 454 60 21 enka.
720 453 92 22 Svärson
827 453 68 22 måste

73 489 48 16 man
137 483 54 22 dock
206 483 98 22 betrakta
319 484 75 20 nästan
409 483 69 22 såsom
494 483 31 21 sin
541 489 53 21 egen
609 489 44 15 son.

140 546 91 22 Prosten
253 546 152 27 Bergroth:
436 547 32 21 Då
490 547 27 22 H.
536 546 26 21 K.
578 546 29 22 M.
623 545 59 22 alltid
698 546 38 21 har
751 545 86 28 beviljat
852 545 42 22 till-

71 575 64 22 stånd
158 576 32 21 till
206 575 71 27 dylika
292 575 124 27 äktenskap,
432 577 24 20 är
468 575 36 28 jag
519 575 94 22 öfverens
629 576 47 21 med
691 575 114 22 utskottets
821 575 74 22 betän-

71 604 70 22 kande
161 604 60 21 äfven
240 604 55 21 hvad
311 604 12 26 8
339 605 12 20 6
367 604 105 21 beträffar.
502 605 44 21 Der
561 606 24 19 är
599 603 33 22 väl
648 606 31 19 ett
694 603 79 27 tillägg,
788 610 46 15 som
848 603 47 22 icke

70 634 67 20 finnes
158 638 37 16 ens
216 632 6 21 i
243 632 73 28 sjelfva
334 632 207 28 petitionsförslaget,
557 639 48 15 men
619 632 68 22 såsom
703 632 66 22 redan
784 632 70 27 visats,
870 634 25 19 är

72 662 60 21 detta
146 662 7 21 i
169 662 132 26 konsegvens
316 662 48 20 med
380 662 114 26 ändringen
510 662 7 20 i
532 662 12 20 5
560 662 18 26 $.

138 719 144 26 Domprosten
306 718 87 27 Borg:
408 718 86 28 Begge
518 718 150 28 paragraferna
691 720 37 20 äro
757 718 106 28 upphäfda
886 718 8 21 i

73 748 85 26 Sverige
174 748 28 27 på
216 754 80 14 samma
312 748 46 26 dag,
374 747 41 22 den
429 748 27 20 24
472 747 42 27 Maj
532 748 53 21 1872
601 747 40 22 och
656 748 135 26 domprosten
805 747 90 22 Renvall

72 777 40 21 har
126 776 66 22 redan
208 776 60 27 visat,
284 778 32 20 att
330 776 196 27 betänkligheterna
541 777 48 21 med
604 776 97 22 afseende
716 776 13 22 å
745 777 10 26 $
767 777 12 20 6
791 778 37 20 äro
839 782 55 22 myc-

72 806 38 21 ket
131 806 87 26 mindre,
238 808 26 18 än
280 806 47 21 med
343 805 97 22 afseende
455 806 13 21 å
483 806 11 27 &
510 806 20 20 5.
559 806 40 26 Jag
613 804 96 23 förordar
723 805 82 22 således
821 805 73 22 betän-

71 835 90 21 kandets
176 834 125 27 antagande.

140 892 90 21 Prosten
253 892 74 22 Roos
346 892 84 21 rättade
449 893 37 20 sitt
500 892 99 27 yttrande
614 892 85 26 derhän,
714 893 32 20 att
761 892 41 21 han
817 892 76 21 under-

74 921 75 22 stödde
164 921 116 27 petitionen
295 921 7 20 i
317 921 47 21 dess
380 921 71 21 helhet
466 920 130 23 beträffande
611 921 57 21 såväl
683 920 39 21 den
738 921 12 20 5
766 921 12 26 $
794 927 45 15 som
850 921 12 20 6
874 919 19 30 $.

142 979 56 22 Herr
212 978 164 24 talmannen
390 978 122 22 framstälde
527 978 91 28 följande
633 977 140 28 proposition:

141 1036 42 22 Vill
205 1037 85 21 ståndet
308 1035 113 28 godkänna
439 1036 139 21 förevarande
592 1035 234 26 utskottsbetänkande,
843 1034 51 23 eller

72 1066 60 22 icke?

141 1123 80 22 Vinner
240 1124 40 27 nej,
302 1123 40 22 har
364 1123 84 22 ståndet
470 1123 105 22 förkastat
595 1121 144 23 betänkandet
761 1123 24 20 så
800 1121 44 22 vidt
860 1121 34 22 det

74 1155 35 20 rör
123 1153 147 27 upphäfvande
286 1152 22 22 af
322 1153 12 20 6
350 1153 11 26 $
377 1153 11 20 2
404 1151 88 28 kap..G.
506 1152 24 21 B.

142 1210 131 22 Besvarades
295 1210 48 21 med
366 1209 152 27 öfvervägande
538 1208 29 28 ja,
589 1208 87 22 hvarom
697 1207 197 28 protokollsutdrag

74 1239 68 22 skulle
158 1238 32 22 till
206 1238 137 22 medstånden
359 1238 39 22 och
413 1238 139 27 lagutskottet
567 1237 127 27 expedieras.

143 1430 120 26 Föredrogs
278 1430 151 26 lagutskottets
444 1428 133 22 betänkande
593 1428 40 21 N:o
650 1428 25 20 18
691 1427 108 26 angående
815 1433 25 15 en
853 1426 42 21 för-

76 1458 89 27 ordning
181 1464 34 16 om
230 1459 136 25 rättegången
381 1456 7 22 i
403 1456 54 22 vissa
472 1456 48 27 mål,
534 1462 45 15 som
595 1455 56 22 förut
666 1455 49 21 hört
729 1455 32 21 till
777 1454 119 26 krigsdom-

77 1486 41 23 stol
140 1488 56 20 samt
218 1493 34 15 om
274 1486 61 21 straff
356 1484 39 22 och
417 1490 68 16 annan
500 1484 79 27 påföljd
593 1484 8 20 i
616 1483 65 27 några
696 1483 48 26 mål,
760 1482 71 22 hvilka
846 1484 49 20 röra

78 1521 101 22 personer
200 1517 59 19 utom
280 1514 130 27 krigsstaten
432 1512 106 23 äfvensom
557 1512 54 21 huru
625 1511 102 28 häktning
741 1511 35 22 må
791 1510 23 22 af
826 1510 69 27 krigs-

75 1544 56 23 befäl
146 1544 130 23 verkställas.

792 1579 34 18 165
