1086 1809
332 154 160 18 Presteståndet
504 156 55 16 1878.
584 156 23 16 10
618 156 90 21 januari.
838 150 53 22 3261

103 222 57 22 deles
175 223 27 28 på
218 223 37 21 tok
270 223 56 21 efter
340 225 104 21 utskottet
459 225 50 26 sjelf
522 224 38 22 har
575 226 94 20 användt
684 226 36 20 det
734 225 7 20 i
757 226 98 20 afseende
871 225 13 21 å
896 232 25 14 en

101 252 107 27 paragraf,
230 252 23 21 så
272 252 37 21 vill
327 252 36 27 jag
383 255 49 24 taga
451 253 69 22 såsom
542 255 30 20 ett
592 253 94 28 exempel
702 254 45 27 just
763 254 68 21 denna
848 254 39 21 120
903 254 17 27 $,

102 281 88 21 emedan
209 283 109 24 »erempta
333 281 87 22 docent>
438 282 39 21 och
493 289 48 14 man
556 282 66 21 fattar
637 289 25 14 en
675 282 60 27 fråga
746 283 77 20 lättare
835 283 26 21 då
873 289 49 14 man

102 309 39 21 har
163 311 31 20 ett
216 309 91 21 konkret
323 309 43 22 fall.
399 311 39 20 120
454 311 12 26 &
482 311 124 26 godkändes
620 310 22 21 af
656 311 105 21 utskottet
776 312 69 20 såsom
861 311 60 21 berö-

101 338 67 21 rande
183 338 132 27 grundlagen
330 339 39 20 och
384 339 106 21 utskottet
505 345 61 15 anser
582 346 34 14 om
632 339 39 21 den
687 341 32 20 att
734 339 40 22 den
790 339 32 22 till
837 339 52 28 följd
899 339 25 22 af

102 366 32 21 sin
149 367 103 20 karaktär
266 367 47 21 icke
328 368 41 20 kan
385 367 85 28 afgöras
485 374 77 15 annars
577 370 27 19 än
620 375 75 20 genom
711 368 46 27 fyra
769 368 73 22 stånds
853 368 69 22 beslut

102 395 27 22 då
150 395 40 22 den
211 395 65 22 delvis
295 396 62 21 berör
373 403 25 14 en
413 397 110 27 grundlag,
540 397 39 21 den
596 397 158 27 bestämningen
769 397 7 21 i
792 397 130 27 grundlagen

101 425 109 27 nämligen
232 426 31 19 att
285 425 111 28 utländing
418 425 46 22 icke
486 425 32 22 får
539 427 111 20 utnämnas
670 425 34 22 till
723 426 83 21 landets
828 427 93 26 tjenster.

101 453 34 22 Då
149 453 127 27 paragrafen
296 453 62 22 berör
376 455 68 20 denna
459 454 133 27 bestämning
607 455 7 20 i
629 455 155 26 grundlagarna
800 455 23 20 så
839 455 83 20 fordrar

103 483 40 20 den
164 483 108 20 dock-eatt
287 482 76 26 beslut,
379 489 45 15 som
439 483 89 21 sålunda
542 485 77 25 utgöra
634 486 31 18 ett
680 484 87 26 ingrepp
783 484 7 20 i
805 484 58 20 förut
878 483 44 27 gäl-

102 511 63 21 lande
185 511 110 26 grundlag,
316 511 65 22 fattas
401 511 24 22 af
444 511 43 22 alla
508 511 47 28 fyra
571 512 69 24 stånd,
657 519 46 14 men
720 512 36 21 det
771 512 91 27 speciela
878 512 43 25 fall,

102 546 45 15 som
170 546 28 15 nu
221 541 62 26 utgör
306 539 95 28 ingrepp,
423 540 102 22 behöfver
546 541 47 21 icke
616 541 64 21 blifva
694 540 110 27 grundlag,
822 541 100 21 behöfver

102 569 52 25 icke,
171 569 68 21 såsom
261 575 49 14 man
325 569 39 21 här
379 569 120 22 föreställer
513 570 38 27 sig,
567 570 62 21 träda
644 569 7 21 i
667 569 71 22 stället
753 570 34 21 för
803 569 35 22 det
853 569 69 27 gamla

101 600 23 24 ty
147 598 6 20 i
177 597 73 26 sjelfva
272 597 74 22 verket
368 599 24 20 är
415 598 46 21 icke
483 599 39 20 den
538 599 107 20 allmänna
660 598 159 27 bestämningen
835 598 87 21 alldeles

101 626 97 27 upphäfd
213 626 93 26 dermed,
322 627 66 20 ehuru
403 633 26 14 en
445 627 143 21 modifikation
605 627 37 20 har
658 627 81 21 inträdt
753 627 32 21 för
801 627 58 21 detta
878 627 43 20 fall.

103 654 85 22 Samma
210 654 55 26 äsigt
287 656 24 20 är
334 655 109 27 tillämpad
466 655 24 21 af
510 657 161 20 reservanterne
693 655 61 21 äfven
770 655 27 28 pä
813 655 26 21 de
854 655 68 28 öfriga

101 683 154 28 paragraferna
270 683 40 22 och
326 684 35 21 det
376 684 39 21 har
430 684 47 21 utaf
491 686 158 19 reservanterne
664 685 80 20 anförts
760 686 32 19 att
808 685 39 20 den
860 690 63 20 egen-

102 712 53 27 skap
176 712 38 21 hos
236 712 40 21 den
296 713 254 27 grundlagsstadganden,
566 719 45 15 som
633 712 20 22 af
674 713 69 21 denna
758 713 165 27 värnepligtslag

103 741 85 21 beröres
210 740 39 22 och
265 741 123 27 upphäfves,
404 741 75 22 endast
494 742 139 27 provisoriskt
648 741 122 27 upphäfves,
786 744 39 25 gör
839 743 33 20 att
887 742 36 21 det

102 769 47 22 icke
164 771 24 20 är
203 769 78 28 logiskt
296 772 32 19 att
343 772 51 25 göra
410 771 25 21 de
451 777 40 21 nya
504 771 146 27 stadgandena
660 771 32 20 till
702 771 111 27 grundlag,
823 773 33 19 att
866 771 57 26 gifva

103 798 47 22 dem
173 804 80 16 samma
273 799 63 27 helgd
358 806 44 15 som
418 799 36 22 det
469 800 148 27 ursprungliga
632 799 133 28 stadgandet,
781 799 80 22 hvilket
877 799 46 22 icke

102 829 24 19 är
141 827 134 28 fullständigt
290 828 105 27 upphäfdt
407 828 39 22 och
461 829 66 21 delvis
538 829 46 21 icke
594 829 40 21 alls
645 828 110 28 upphäfdt,
767 829 19 21 d.
796 835 19 15 v.
829 835 16 15 s.
857 828 67 22 delvis

103 857 75 21 endast
199 858 85 20 beröres
304 858 34 20 för
360 860 30 18 ett
411 858 93 21 enskildt
523 857 44 21 fall.
597 858 41 21 Det
654 858 38 20 har
707 860 58 24 sagts
781 858 83 26 mycket
879 862 44 16 mot

103 886 60 21 detta
184 887 44 20 sätt
250 887 32 20 att
302 886 140 28 provisoriskt
461 886 107 27 upphäfva
588 893 25 15 en
633 886 35 27 lag
683 887 39 21 och
737 886 61 21 stifta
813 892 25 15 en
853 892 71 15 annan

102 915 130 27 provisorisk
252 914 35 27 lag
306 916 7 20 i
335 916 72 20 stället
425 916 38 21 och
480 916 35 21 det
531 917 23 19 är
569 923 25 14 en
610 915 38 22 sak
664 921 44 16 som
725 915 138 22 öfverhufvud
877 915 47 22 icke

103 944 43 21 kan
161 950 61 15 anses
238 950 50 14 vara
304 944 133 27 synnerligen
453 945 87 26 lämplig
554 944 33 21 för
602 945 42 20 alla
660 943 44 22 fall.
732 944 11 21 I
759 945 58 20 detta
832 944 37 21 fall
885 944 39 21 har

103 973 60 21 Hans
185 972 118 27 Kejserliga
326 973 99 26 Majestät
444 973 110 28 föreslagit
574 973 40 21 den
635 979 41 21 nya
696 973 62 28 lagen
773 973 68 21 under
855 974 69 20 denna

103 1002 55 21 form
181 1001 39 22 och
244 1001 36 22 det
295 1003 23 20 är
334 1001 82 22 säledes
431 1002 27 27 pä
473 1002 59 21 detta
546 1002 82 21 faktum
644 1008 46 15 som
705 1009 27 14 nu
748 1005 176 24 resonnemanget

102 1031 69 21 mäste
185 1031 87 26 byggas,
289 1031 46 21 icke
350 1031 27 26 pä
392 1030 103 22 huruvida
509 1031 35 21 det
554 1031 54 21 hade
618 1031 55 21 varit
683 1031 125 27 lämpligare
819 1033 31 19 att
860 1031 64 21 totalt

103 1059 107 28 upphäfva
232 1059 193 28 indelningsverket
447 1059 40 22 och
510 1059 103 22 definitivt
634 1060 69 21 införa
725 1062 32 19 ett
778 1062 45 25 nytt
845 1063 78 24 system

102 1088 86 22 istället.
220 1089 41 20 Det
284 1090 23 20 är
329 1089 27 27 pä
378 1091 31 20 ett
432 1089 66 26 gifvet
520 1089 82 21 faktum
624 1095 46 15 som
693 1089 53 21 både
764 1089 105 21 utskottet
884 1089 39 20 och

103 1117 115 22 ständerna
233 1117 39 21 här
287 1117 64 22 hafva
365 1120 32 19 att
413 1123 88 21 operera
516 1118 39 21 och
571 1118 46 21 icke
633 1118 27 26 pä
676 1124 24 15 en
718 1117 155 27 framställning
889 1123 34 15 om

104 1147 36 20 det
159 1146 125 27 lämpligare
305 1147 7 20 i
334 1146 116 22 allmänhet
467 1149 59 24 taget
541 1149 32 19 att
588 1149 52 25 göra
655 1147 17 20 si
688 1146 51 22 eller
754 1147 29 20 sä.
812 1146 59 21 Dock
887 1153 37 14 an-

103 1175 72 22 fördes
196 1175 23 21 af
239 1175 39 21 den
297 1175 68 22 talare
381 1182 44 15 som
441 1175 38 22 sist
494 1176 84 26 yttrade
593 1176 32 26 sig
640 1177 31 20 att
686 1177 161 20 reservanterne
861 1175 63 22 hafva

103 1205 7 20 i
126 1204 69 21 denna
210 1204 38 21 sak
263 1206 43 19 sett
321 1204 74 21 endast
410 1203 28 28 pä
452 1207 78 24 gagnet
545 1204 47 21 utaf
606 1206 32 19 att
653 1206 51 25 göra
719 1204 126 27 paragrafen
861 1204 7 21 i
884 1205 40 20 den

103 1239 42 21 nya
165 1233 151 27 författningen
336 1233 33 21 till
384 1233 104 27 grundlag
504 1233 51 21 eller
570 1233 47 21 icke
632 1233 39 21 och
687 1234 66 20 rättat
768 1233 32 26 sig
815 1232 55 22 blott
885 1233 39 20 och

104 1261 49 22 bart
173 1261 54 22 efter
242 1261 55 22 hvad
313 1262 25 21 de
356 1264 71 19 ansett
441 1268 52 15 vara
509 1262 116 27 gagneligt,
642 1261 38 22 och
696 1262 81 21 talaren
793 1261 84 27 yttrade
893 1263 31 20 att

104 1290 39 21 här
158 1290 46 21 icke
219 1290 67 21 borde
300 1297 52 14 vara
366 1290 60 27 fråga
441 1296 33 15 om
491 1290 54 21 hvad
561 1297 45 14 som
622 1292 23 19 är
657 1290 84 27 nyttigt,
751 1292 51 19 utan
813 1290 55 21 hvad
879 1296 45 15 som

104 1320 25 19 är
149 1319 110 26 grundlag.
288 1319 42 27 Jag
345 1319 68 21 mäste
429 1320 50 25 säga
495 1321 30 19 att
539 1319 36 28 jag
590 1319 46 21 icke
651 1321 45 18 rätt
709 1319 108 26 uppfattat
832 1319 92 20 talarens

104 1348 94 26 mening;
216 1348 36 20 det
266 1347 74 28 tyckes
355 1347 27 28 pä
396 1347 78 22 honom
490 1347 69 22 säsom
576 1354 33 15 om
626 1348 39 21 den
681 1353 42 22 nya
732 1347 193 27 värnepligtslagen

103 1382 52 16 vore
170 1376 104 27 grundlag
288 1377 64 21 innan
368 1376 46 27 fyra
429 1377 62 21 ständ
506 1376 104 22 förklarat
621 1377 40 21 den
672 1377 69 21 säsom
752 1376 109 28 grundlag.
883 1376 42 21 Det

105 1406 24 20 är
150 1405 34 21 väl
206 1405 115 27 ingalunda
344 1405 60 21 fallet
426 1407 32 19 att
481 1406 65 26 nägot
566 1407 24 19 är
610 1405 104 27 grundlag
731 1405 64 21 innan
811 1404 114 22 ständerna

105 1433 63 21 hafva
183 1433 56 27 gjort
254 1434 36 20 det
304 1433 33 21 till
354 1434 103 25 grundlag
467 1434 39 20 och
517 1434 60 26 fräga
587 1434 41 20 kan
640 1434 81 20 säledes
731 1440 51 14 vara
793 1440 34 13 om
838 1434 88 19 ärendet

105 1463 24 18 är
145 1462 75 20 sådant
238 1463 32 19 att
286 1461 36 21 det
337 1461 38 21 bör
390 1463 63 23 göras
467 1461 34 21 till
515 1461 104 26 grundlag
634 1460 40 22 och
690 1467 26 15 om
730 1462 45 26 det
789 1461 33 20 till
837 1460 52 26 följd
904 1460 24 22 af

105 1489 33 20 sin
153 1489 146 21 beskaffenhet
314 1490 24 20 är
353 1489 76 21 sädant
444 1491 32 19 att
491 1490 36 20 det
542 1490 42 20 kan
599 1491 61 24 göras
676 1489 33 21 till
723 1488 104 27 grundlag
841 1489 40 21 och
891 1495 35 15 om

107 1518 35 20 det
158 1519 24 19 är
196 1517 76 21 sådant
286 1518 33 20 att
335 1517 35 21 det
385 1518 24 20 är
424 1517 79 28 nyttigt
518 1519 32 19 att
565 1519 51 25 göra
632 1518 36 21 det
683 1518 33 20 till
731 1517 110 27 grundlag.
868 1518 11 20 I
897 1518 29 20 all

105 1546 101 22 händelse
228 1546 44 22 stär
292 1546 74 27 frägan
386 1552 35 16 om
440 1546 216 28 grundlagsstiftande
672 1548 68 26 öppen
755 1548 23 26 ty
793 1546 72 22 förrän
880 1546 46 28 fyra
