1073 1806
205 153 55 20 2770
388 156 160 18 Presteståndet
560 157 54 17 1877.
640 158 22 16 12
675 157 113 17 december.

243 226 90 21 Prosten
356 225 143 27 Grönberg:
529 225 32 21 En
584 225 67 27 vigtig
672 224 165 28 omständighet,
850 224 34 28 ja;
896 225 39 21 den
951 225 44 21 för-

176 256 83 20 nämsta
274 254 7 21 i
296 253 62 27 fräga
372 260 34 15 om
422 255 32 20 att
469 254 106 27 uppställa
593 256 87 24 trupper
694 254 7 21 i
717 255 31 20 ett
763 254 57 26 land,
836 252 54 22 skall
905 253 41 26 väl,
962 253 33 21 sä-

175 283 45 21 vidt
238 283 37 27 jag
292 283 42 21 kan
353 282 71 26 tänka,
445 289 50 15 vara
514 283 47 26 den,
576 285 33 19 att
624 283 26 20 de
665 282 64 22 blifva
744 282 24 21 sä
783 282 85 28 dugliga
883 282 33 22 för
930 282 64 21 ända-

175 312 66 21 mälet
262 318 45 15 som
323 312 88 26 möjligt,
434 312 39 20 och
495 311 123 27 isynnerhet
639 312 67 20 mäste
722 311 59 21 detta
796 311 55 21 afses
866 310 8 22 i
889 311 106 21 anseende

175 341 13 21 å
202 340 67 22 första
283 340 117 27 kategorin,
423 340 25 21 de
471 340 75 21 aktiva
566 342 122 24 trupperna,
705 340 71 21 hvilka
792 341 76 25 utgöra
882 340 40 21 den
938 342 57 19 rätta

175 371 154 25 stamtruppen.
360 369 41 21 Det
423 375 61 22 synes
507 368 43 28 mig
565 369 6 21 i
586 369 43 21 alla
652 369 117 27 menskliga
790 368 146 22 förhållanden
956 368 38 22 och

176 398 149 28 lefnadsyrken
340 404 51 14 vara
406 400 31 19 ett
453 398 35 22 det
504 398 67 21 första
587 398 39 21 och
642 397 174 27 oeftergifligaste
831 397 73 27 vilkor,
921 400 32 18 att
968 404 26 14 en

176 433 76 20 person
268 427 39 21 har
322 426 42 27 håg
380 426 38 22 och
434 426 101 22 fallenhet
551 426 33 22 för
599 427 55 21 hvad
670 427 42 21 han
726 426 108 26 företager
849 426 38 27 sig.
918 426 78 22 Derför

176 455 113 22 förundrar
304 455 36 22 det
355 455 44 28 mig
413 455 87 22 alldeles
515 456 53 24 icke,
584 457 32 19 att
627 455 40 22 den
678 456 5 21 i
695 455 68 21 denna
773 455 102 27 paragraf
885 455 111 21 bestämda

176 484 118 27 lottningen
316 484 23 21 så
360 485 87 20 allmänt
470 485 74 27 bjuder
567 486 57 19 emot
641 484 33 21 för
688 484 107 21 måhända
817 483 90 22 flertalet
922 483 24 22 af
960 484 36 21 det

175 513 69 21 finska
266 513 73 26 folket,
363 513 38 21 och
421 513 37 27 jag
480 515 35 19 vet
537 513 63 22 också
616 513 18 27 ej
650 513 54 22 hvad
725 513 121 21 ändamålet
860 519 78 15 annars
952 513 42 21 kan

176 548 50 15 vara
242 542 92 26 dermed,
350 543 27 20 än
392 544 32 19 att
439 554 27 3 —
480 542 81 21 hvilket
582 541 62 22 äfven
662 544 24 19 är
701 542 92 21 uttaladt
808 542 24 21 af
845 541 107 28 åtskillige
967 554 27 3 —

176 577 49 15 man
243 571 140 27 ovilkorligen
405 571 35 20 vill
462 571 46 21 föra
528 572 22 20 in
570 573 30 19 ett
615 571 200 27 bildningselement
836 570 73 22 ibland
924 571 71 21 solda-

175 603 67 18 terne.
272 600 50 21 Men
337 600 27 21 dä
376 600 24 26 ju
415 600 104 21 erkännas
538 600 66 21 måste
620 613 26 2 —
662 600 81 21 hvilket
758 599 61 21 äfven
835 601 105 20 utskottet
956 599 38 22 har

175 629 56 27 gjort
246 641 27 3 —
288 631 32 19 att
341 629 117 26 lottningen
480 629 108 27 ingenting
612 631 64 19 annat
696 630 23 19 är
740 630 27 19 än
783 628 83 26 hasard,
882 628 23 21 så
921 630 23 19 är
960 629 35 20 det

173 657 24 27 ju
212 657 84 27 mycket
311 657 88 26 möjligt,
416 659 31 19 att
463 658 110 21 resultatet
584 657 40 21 blir
635 657 45 22 helt
690 659 73 24 annat,
774 659 26 19 än
811 663 49 14 man
871 657 37 21 vill
919 657 75 26 åsyfta,

176 688 32 19 att
230 687 67 20 lotten
319 686 106 21 måhända
445 686 18 27 ej
487 686 61 21 faller
570 687 27 26 på
620 686 26 21 de
663 686 85 21 bildade
763 686 124 21 elementen.
916 685 39 22 Om
971 686 24 21 så

175 715 88 25 händer,
279 718 34 18 vet
326 715 36 26 jag
377 715 19 26 ej
411 714 55 21 hvad
482 721 47 15 man
546 715 26 21 då
587 715 23 21 åt
625 715 35 20 det
675 715 67 21 hållet
756 714 119 27 egentligen
891 715 39 20 har
945 721 50 14 vun-

176 743 30 22 nit
219 744 48 21 med
282 744 124 26 lottningen.
436 743 50 22 Men
503 750 33 15 om
552 744 36 21 det
603 744 67 21 skulle
686 743 114 27 tillstädjas
816 746 32 18 att
862 743 72 22 ibland
950 743 44 21 års-

175 773 85 20 klassen
284 773 31 26 de,
338 772 71 21 hvilka
432 772 63 21 hafva
517 773 43 21 lust
580 773 39 21 och
642 772 101 22 fallenhet
764 772 33 21 för
818 772 176 27 krigareyrket,
983 768 14 36 i

176 801 90 21 främsta
280 804 92 18 rummet
386 800 55 27 finge
457 801 88 27 erbjuda
558 801 31 25 sig
604 801 32 21 till
652 802 58 21 aktiv
724 802 65 26 tjenst
804 801 39 21 och
856 801 139 26 ovilkorligen

176 830 69 21 skulle
259 830 52 21 böra
326 831 124 26 emottagas,
467 830 69 21 kunde
552 831 35 20 det
600 831 23 26 ju
638 837 50 14 vara
710 830 68 21 likaså
788 830 82 27 möjligt
880 833 32 18 att
922 829 73 22 ibland

177 859 47 21 dem
240 859 62 21 äfven
318 858 73 22 funnes
406 859 85 24 sådana,
507 859 72 21 hvilka
594 865 39 20 ega
648 859 101 26 bildning.
779 859 11 21 1
804 859 90 26 kapitlet
910 865 34 15 om
959 865 36 14 vo-

176 887 95 22 lontärer
283 887 142 22 förekommer
446 887 129 27 visserligen,
598 890 32 19 att
646 888 25 21 de
687 888 60 21 skola
762 889 112 25 mottagas.
904 887 49 22 Men
969 887 26 21 de

176 917 61 21 skola
259 917 19 26 ej
301 919 117 24 emottagas
441 916 139 27 ovilkorligen
603 917 51 20 eller
669 916 5 21 i
691 917 89 20 främsta
792 920 97 21 rummet,
905 919 50 18 utan
972 917 24 20 så

175 945 65 21 framt
253 946 115 25 utrymmet
389 945 122 26 medgifver.
541 945 73 22 Skulle
634 945 94 21 deremot
743 945 79 21 sädane
837 945 121 21 volontärer
973 945 24 20 af

176 974 155 21 åldersklassen
354 973 139 27 ovilkorligen
514 975 7 19 i
544 974 89 20 främsta
656 977 89 17 rummet
764 974 84 20 komma
867 974 7 20 i
890 973 66 27 fråga,
972 973 24 21 så

176 1002 37 21 vill
232 1002 38 27 jag
291 1002 87 27 hoppas,
398 1004 32 19 att
445 1003 6 19 i
468 1002 82 26 många,
572 1002 80 21 kanske
671 1002 25 21 de
711 1002 61 21 flesta
788 1002 37 20 fall
841 1002 71 27 dylike
927 1002 68 21 skulle

176 1030 123 28 uppenbara
321 1031 32 26 sig
368 1031 8 20 i
391 1030 42 22 alla
454 1031 130 26 kommuner,
606 1031 39 21 och
666 1031 52 21 hvar
736 1031 24 21 så
774 1031 86 26 skedde,
875 1031 37 21 der
927 1030 68 22 skulle

176 1066 49 14 man
242 1060 26 20 då
283 1059 47 21 icke
352 1059 89 21 behöfva
460 1060 112 21 beskärma
594 1060 32 26 sig
645 1060 57 21 öfver
718 1059 124 27 lottningen,
858 1059 86 21 hvilken
960 1065 34 15 en-

176 1088 48 21 dast
240 1088 66 21 borde
320 1088 85 21 komma
419 1088 7 21 i
442 1087 59 28 fråga
517 1088 32 21 för
565 1089 35 21 det
615 1088 43 26 fall,
674 1090 32 20 att
716 1088 98 27 frivillige
834 1089 18 26 ej
870 1089 7 20 i
900 1088 95 21 tillväck-

176 1117 39 27 ligt
230 1117 58 21 antal
304 1116 85 28 erbjöde
404 1116 38 28 sig.
472 1118 41 26 Jag
528 1116 49 22 ville
592 1117 7 21 i
614 1117 87 21 korthet
723 1117 113 21 framhålla
858 1117 64 26 detta,
940 1123 54 15 eme-

176 1146 42 20 dan
234 1146 36 21 det
284 1152 62 20 synes
361 1146 49 26 mig,
427 1146 32 20 att
474 1148 30 18 ett
520 1146 75 21 sådant
618 1146 79 27 förslag
715 1146 67 21 skulle
804 1146 72 21 kunna
891 1146 104 26 inrymma

176 1174 42 22 alla
242 1174 25 21 de
289 1174 68 27 öfriga
379 1174 131 26 motförslag,
533 1180 45 16 som
594 1174 23 21 af
630 1174 65 28 någre
711 1175 67 21 talare
793 1174 39 22 här
846 1174 63 22 hafva
924 1174 71 22 blifvit

177 1202 130 22 framstälda.

245 1259 81 21 Rektor
348 1259 128 22 Kihlman:
507 1260 39 22 Om
567 1261 36 26 jag
618 1266 49 21 nyss
682 1260 72 22 talade
768 1260 48 22 med
831 1260 69 27 någon
916 1262 78 21 värme,

176 1288 38 21 ber
228 1288 36 27 jag
278 1288 108 26 professor
400 1288 102 22 Forsman
517 1295 51 15 vara
584 1288 130 28 öfvertygad,
729 1291 33 19 att
776 1289 36 21 det
827 1289 19 27 ej
857 1289 80 21 skedde
947 1289 48 21 med

176 1316 69 28 någon
267 1316 144 28 förtrytelsens
433 1319 78 24 värme,
532 1320 52 19 utan
604 1318 48 20 med
668 1317 165 28 öfvertygelsens
848 1319 78 20 värme.
955 1319 40 25 Jag

176 1345 40 20 har
231 1346 105 26 nämligen
351 1346 102 25 uppträdt
467 1346 7 19 i
490 1347 68 19 denna
574 1347 65 24 fråga,
656 1347 88 19 emedan
756 1347 37 25 jag
804 1352 67 19 anser,
881 1349 33 17 att
926 1347 20 19 vi
956 1346 40 20 här

176 1372 64 22 hafva
255 1373 91 21 kommit
360 1373 34 21 till
409 1379 25 15 en
449 1373 149 27 principfråga,
615 1374 33 20 till
663 1380 25 14 en
703 1374 65 27 fråga,
786 1374 37 21 der
838 1375 36 20 det
883 1374 67 26 gäller
962 1377 33 18 att

176 1408 52 14 vara
243 1401 47 21 med
306 1400 51 22 eller
373 1403 49 19 mot.
452 1402 41 26 Jag
512 1401 39 22 har
572 1402 109 27 uppfattat
695 1402 75 28 frågan
785 1402 24 22 så
831 1402 39 22 och
885 1403 39 21 har
940 1403 57 21 velat

176 1429 56 23 fästa
248 1430 36 21 det
298 1430 129 27 högvördiga
443 1430 95 22 ståndets
552 1431 187 27 uppmärksamhet
754 1431 34 27 på,
804 1433 32 20 att
850 1431 74 27 frågan
940 1433 23 20 är
975 1432 23 21 af

176 1461 46 19 stor
236 1459 51 27 vigt,
304 1459 38 21 och
358 1459 36 21 det
408 1465 54 22 svar,
477 1465 45 16 som
537 1460 108 27 professor
659 1460 103 22 Forsman
777 1462 71 20 senast
862 1460 39 22 har
916 1460 80 22 lemnat

176 1488 50 28 mig,
242 1488 40 21 har
293 1488 115 27 ingalunda
423 1488 66 27 tjenat
504 1490 33 20 att
552 1489 66 21 ändra
633 1489 43 21 min
692 1489 147 28 öfvertygelse.
868 1490 31 27 Ty
914 1489 81 28 profes-

176 1523 36 15 sor
226 1516 102 22 Forsman
352 1517 39 21 har
413 1523 27 15 nu
463 1519 64 25 öppet
547 1520 53 25 sagt,
622 1520 32 19 att
670 1518 35 21 det
720 1520 24 19 är
758 1519 163 21 undersåtarens
936 1519 60 27 pligt,

177 1546 36 21 det
235 1547 24 20 är
280 1545 119 22 individens
421 1545 53 28 pligt
496 1548 31 19 att
548 1547 123 27 obetingadt
686 1547 50 28 lyda
750 1547 33 22 sin
799 1547 95 22 öfverhet
909 1547 39 22 och
964 1550 32 19 att
