1070 1803
284 153 159 19 Presteständet
454 155 55 17 1877.
533 154 13 17 6
557 155 113 17 december.
809 149 56 22 2555

71 221 43 22 och
128 228 29 15 nu
171 223 72 21 senast
257 222 48 22 med
320 222 56 22 kraft
391 222 134 26 framhållits,
540 224 32 21 att
586 224 71 21 staten
670 223 39 21 har
718 224 44 21 rätt
772 224 33 21 att
815 223 79 27 fordra;

73 252 35 20 att
121 257 27 16 en
163 250 52 22 hvar
230 251 23 21 af
265 251 48 21 dess
328 251 137 22 medlemmar
476 251 73 22 tillhör
560 257 26 16 en
597 251 94 26 offentlig
701 251 135 27 bekännelse,
847 257 46 16 som

73 279 40 22 har
134 279 37 22 sitt
191 279 86 27 uttryck
297 280 6 20 i
324 279 161 26 församlingens
503 279 26 22 lif
542 279 38 22 och
595 279 53 22 kult.
678 280 33 21 En
725 280 66 21 sådan
806 279 88 22 fordran

71 307 70 25 torde,
160 307 28 22 då
207 308 41 21 den
267 307 7 22 i
294 307 116 22 allmänhet
428 308 123 27 uppställes,
566 308 47 21 icke
628 308 67 21 heller
709 309 72 20 kunna
794 308 100 21 förnekas

73 336 41 22 och
136 336 26 21 de
183 336 163 27 konseqvenser,
368 342 46 16 som
437 336 60 22 häraf
518 337 69 21 blifvit
606 337 81 26 dragna
702 337 46 21 med
765 337 81 27 hänsyn
860 336 35 22 till

70 365 59 27 dem,
144 371 45 15 som
204 366 87 21 utträda
305 371 27 15 ur
346 365 41 21 den
402 364 241 28 evangelisk-lutherska
655 365 92 27 kyrkans
758 365 136 27 gemenskap,

73 400 48 16 men
143 393 54 23 dock
217 394 47 22 icke
282 393 84 23 förenat
384 394 32 26 sig
434 400 33 16 om
487 394 65 28 något
566 396 66 20 annat
646 394 172 27 kyrkosamfund,
833 394 62 21 torde

73 422 47 23 icke
141 422 67 22 heller
227 422 71 22 kunna
317 422 106 22 förnekas.
452 422 78 22 Likaså
549 422 76 28 tydligt
646 424 25 20 är
686 424 33 20 att
733 423 162 28 ifrågavarande

71 454 96 20 moment
186 452 46 21 står
251 453 8 20 i
280 451 53 22 strid
354 452 94 25 härmed,
468 454 22 24 ty
509 452 122 27 godkännes
652 452 64 27 detta,
733 452 24 21 så
777 454 24 20 är
817 452 36 21 det
867 458 27 14 en

73 480 48 22 klar
141 481 45 27 sak,
206 482 33 20 att
259 487 48 15 man
326 480 123 27 legaliserar
462 487 26 15 en
504 481 56 21 klass
576 480 22 22 af
611 480 144 28 medborgare,
770 486 45 16 som
830 480 65 22 hafva

71 509 85 22 utträdt
175 515 27 16 ur
217 510 40 21 den
273 509 240 28 evangelisk-lutherska
527 509 154 22 bekännelsens
695 510 134 26 gemenskap,
846 515 49 16 men

73 538 66 22 likväl
153 538 48 22 icke
215 538 63 22 hafva
293 538 57 22 velat
364 538 86 22 tillhöra
462 538 68 27 någon
542 544 71 16 annan
622 538 124 27 församling
756 538 39 22 och
805 537 90 27 således;

71 574 38 15 om
124 566 26 23 de
165 567 64 22 också
243 567 46 22 icke
304 568 38 21 äro
357 566 150 28 religionslöse,
524 567 53 22 dock
592 567 128 22 åtminstone
734 567 46 22 icke
795 568 38 20 äro
849 567 45 22 del-

71 596 75 27 aktige
160 597 7 21 i
182 596 65 26 något
262 596 95 27 religiöst
370 596 160 27 gemensam-lif.
552 596 39 22 Om
601 602 29 15 nu
640 596 60 21 detta
710 596 103 22 erkännes
823 597 72 21 såsom

73 625 66 27 något
153 625 6 21 i
175 625 47 21 vårt
237 625 102 22 samhälle
354 625 135 28 nödvändigt,
504 625 24 22 så
542 631 61 21 synes
618 625 37 21 det
669 625 50 26 mig,
730 631 45 15 som
789 631 48 15 man
847 624 48 22 icke

73 654 67 21 borde
161 653 98 22 maskera
279 653 71 27 saken,
366 655 51 20 utan
432 653 45 22 låta
492 653 40 22 den
547 654 63 26 ärligt
624 653 123 22 framträda.
776 653 41 27 Jag
831 659 64 16 anser

72 683 43 21 den
130 683 104 26 nämligen
250 682 112 22 maskerad
378 681 128 28 derigenom,
521 684 32 20 att
568 682 70 27 dyliga
652 688 102 21 personer
769 682 60 21 skola
841 681 54 22 bok-

72 712 58 21 föras
145 711 7 21 i
167 711 147 27 statskyrkans
329 711 79 21 böcker
423 711 39 21 och
476 711 83 21 således
574 711 120 26 derigenom
710 711 103 21 erkännas
828 711 7 21 i
847 711 47 20 sina

73 739 169 27 medborgerliga
263 739 133 28 rättigheter.
427 740 110 21 Erkänner
559 745 47 16 man
621 746 26 14 en
662 739 62 27 gång,
740 741 31 20 att
787 745 25 15 en
827 739 67 25 sådan

73 768 58 22 klass
151 768 24 22 af
193 769 139 26 medborgare
352 768 42 22 kan
415 768 75 26 finnas,
505 768 52 22 eller
577 770 81 20 rättare
673 768 63 26 sagdt
750 768 46 22 icke
811 768 42 21 kan
869 774 25 14 ur

72 797 112 23 samhället
206 797 109 27 uteslutas,
336 796 24 22 så
381 799 24 19 är
425 797 36 21 det
481 797 54 21 dock
550 796 90 28 ärligare
655 799 32 19 att
702 797 69 21 tillåta
786 796 47 22 dem
848 796 43 21 exi-

71 828 60 20 stera
149 826 7 21 i
176 826 113 22 samhället
308 826 70 22 såsom
399 826 80 22 sådana
497 825 39 22 och
552 826 46 22 icke
613 826 98 21 maskera
726 826 36 21 det
776 831 75 21 genom
867 831 26 15 en

73 855 112 27 bokföring
200 855 6 21 i
223 854 146 28 statskyrkans
384 854 85 22 böcker.
491 855 43 21 Det
548 856 24 20 är
588 854 27 21 då
629 856 82 20 rättare
726 856 32 20 att
772 854 7 21 i
794 856 31 20 ett
837 854 57 21 civil-

73 884 90 26 register
185 886 95 24 upptaga
303 884 54 21 dem.
387 884 42 20 Det
449 885 24 19 är
492 883 121 27 visserligen
629 885 54 24 sant,
699 885 32 19 att
746 882 147 28 statskyrkans

73 912 79 22 böcker
166 913 55 21 varit
236 912 36 21 det
287 912 55 22 enda
357 912 142 26 civilregister,
516 918 44 15 som
576 912 86 26 funnits,
678 918 47 15 men
740 911 22 22 af
775 912 41 21 den
830 917 64 22 para-

72 941 49 27 graf
134 947 45 15 som
195 942 20 20 vi
230 941 65 21 redan
310 941 82 27 antagit
402 942 24 20 är
436 940 35 22 det
482 940 62 27 klart,
554 942 33 20 att
598 940 65 21 andra
673 940 138 26 civilregister
822 940 72 21 kunna

72 970 75 27 finnas,
162 970 105 26 nämligen
284 970 32 26 de,
332 976 45 15 som
392 969 22 21 af
432 969 300 27 dissenter-församlingarnas
747 968 147 22 föreståndare

72 998 64 22 föras.
165 998 34 22 Då
217 1004 29 16 nu
267 1005 26 15 en
314 998 55 27 gång
389 1004 25 16 en
434 998 107 26 mångfald
556 997 22 22 af
592 998 138 26 civilregister
745 997 72 26 finnes,
832 1003 63 21 synes

73 1028 44 27 mig
131 1027 62 27 ingen
209 1027 106 27 svårighet
330 1026 77 28 uppstå
422 1027 127 27 derigenom,
565 1028 32 20 att
613 1027 26 21 de
655 1028 37 19 äro
705 1026 65 27 några
781 1025 51 22 flere
843 1026 52 21 eller

74 1056 64 22 färre.
167 1056 74 22 Under
255 1056 54 22 intet
323 1056 132 22 förhållande
470 1062 62 15 anser
544 1056 37 26 jag
596 1055 36 21 det
647 1055 83 21 derföre
745 1055 102 27 lämpligt,
863 1056 33 20 att

73 1085 137 26 statskyrkan
228 1084 84 27 ålägges
327 1086 33 20 att
374 1084 47 21 föra
436 1084 42 21 bok
493 1083 57 22 öfver
565 1089 107 22 personer,
688 1089 44 16 som
748 1083 46 22 icke
809 1083 87 21 tillhöra

73 1113 130 26 densamma,
222 1115 22 25 ty
264 1113 120 27 derigenom
403 1113 107 22 maskeras
529 1113 75 22 endast
621 1114 30 19 ett
666 1111 168 27 samhälls-ondt,
849 1117 47 16 som

73 1142 68 22 borde
160 1142 72 21 kunna
253 1142 109 21 undvikas.
391 1141 41 27 Jag
449 1141 62 22 utber
531 1142 42 25 mig
593 1141 53 21 dock
663 1143 32 19 att
710 1141 55 21 fästa
780 1140 115 27 uppmärk-

73 1171 110 21 samheten
205 1171 28 27 på
253 1173 33 19 ett
307 1170 139 26 förhållande,
467 1176 44 15 som
534 1170 32 21 till
587 1176 26 15 en
629 1170 41 20 viss
685 1169 51 26 grad
752 1169 61 22 torde
828 1169 13 21 å
855 1175 41 15 ena

74 1200 61 21 sidan
154 1202 52 25 göra
225 1201 31 20 ett
277 1199 75 22 sådant
367 1199 137 26 civilregister
519 1199 130 26 nödvändigt
663 1198 40 21 och
715 1203 45 16 som
776 1197 64 22 också
854 1197 43 22 för-

75 1228 87 22 mildrar
182 1228 107 27 intrycket
308 1227 23 23 af
344 1228 41 21 den
400 1227 132 27 motsägelse,
548 1233 45 15 som
606 1227 43 27 jag,
663 1227 7 21 i
686 1226 66 22 likhet
767 1227 47 21 med
829 1226 67 22 andra

74 1263 109 21 personer,
204 1258 40 20 har
266 1256 82 22 försökt
372 1256 118 22 framhålla.
525 1256 81 21 Rektor
629 1255 100 22 Kihlman
751 1255 90 27 yttrade,
863 1256 33 20 att

74 1286 81 22 sådana
174 1292 111 21 personers
300 1288 33 20 tro
348 1292 38 15 var
401 1284 86 23 alldeles
502 1285 99 21 obekant.
631 1284 41 26 Jag
687 1284 38 21 ber
739 1286 32 19 att
786 1284 74 20 härvid
875 1283 22 21 få

75 1314 83 28 påpeka
180 1315 41 21 den
241 1316 51 25 sats,
308 1320 45 16 som
368 1313 68 22 finnes
450 1314 7 20 i
472 1313 126 27 föregående
613 1315 93 19 moment
721 1313 39 21 och
775 1318 44 16 som
835 1312 62 27 lyder

76 1345 47 23 »att
145 1344 46 26 den,
215 1350 45 15 som
283 1344 94 21 anmäler
398 1344 32 26 sig
452 1342 32 22 till
506 1342 85 22 utträde
613 1348 26 14 ur
656 1341 241 27 evangelisk-lutherska

75 1372 94 28 kyrkans
189 1372 68 26 sköte,
273 1374 24 19 är
311 1372 74 28 pligtig
400 1374 32 19 att
446 1372 52 26 göra
512 1371 51 21 reda
577 1371 34 21 för
626 1370 31 22 sin
673 1370 52 26 tro”;
743 1370 88 22 alldeles
847 1370 50 21 obe-

75 1402 53 21 kant
147 1403 24 20 är
190 1401 53 22 hans
264 1403 34 19 tro
318 1401 47 21 icke
384 1400 40 22 och
443 1406 26 15 en
490 1403 34 19 tro
538 1400 68 21 måste
621 1399 42 22 han
678 1405 45 21 ega,
738 1405 49 15 men
802 1399 36 21 det
853 1399 43 21 kan

76 1430 77 24 hända,
176 1432 33 17 att
230 1430 42 19 han
288 1432 68 23 säger:
371 1429 36 26 jag
422 1429 38 19 har
475 1428 100 21 omfattat
590 1428 118 25 qväkarnes
723 1429 33 19 tro
771 1427 40 20 och
825 1427 72 20 funnit

75 1457 42 21 den
139 1457 47 21 med
209 1457 48 21 mitt
278 1458 94 20 samvete
395 1458 54 19 mest
463 1455 236 22 öfverensstämmande.
729 1454 35 21 Nu
779 1454 66 21 finnes
860 1454 37 21 det

75 1485 46 22 icke
136 1485 9 22 i
159 1485 60 22 detta
234 1485 49 21 land
298 1486 69 26 någon
380 1484 224 27 qväkareförsamling;
619 1483 42 21 han
676 1485 25 18 är
711 1483 82 20 således
803 1485 93 24 tvungen

75 1516 34 19 att
123 1513 85 23 anhålla
222 1514 39 21 hos
276 1513 69 28 någon
359 1513 125 26 församling
498 1518 45 15 som
559 1513 104 26 upptager
678 1511 78 22 honom
759 1507 15 38 i
789 1511 36 22 sitt
835 1511 62 22 sköte

76 1543 41 22 och
139 1543 45 22 sina
207 1543 79 22 böcker
308 1542 40 23 och
369 1541 94 22 anmäler
485 1542 78 21 honom
584 1541 33 21 för
634 1540 103 28 styrelsen
753 1539 69 22 såsom
838 1539 62 22 med-
