1078 1800
319 138 159 18 Presteståndet
491 139 55 18 1877.
570 139 23 17 21
606 140 111 17 december.
844 135 55 20 3077

107 208 103 26 väsentlig
224 214 49 15 mon
285 208 156 23 neutraliseras,
462 214 34 15 om
512 208 36 21 det
562 208 160 26 ifrågavarande
744 208 126 26 stadgandet
893 215 34 15 om

107 236 151 26 utminutering
273 235 60 26 ingår
349 235 6 21 i
378 237 5 19 2
399 242 63 15 mom.
491 235 41 27 Jag
546 236 68 21 skulle
630 236 72 21 derför
718 237 56 20 hålla
785 236 52 26 före,
848 238 31 19 att
892 237 36 21 det

107 263 122 28 stadgande,
251 270 45 15 som
312 264 7 21 i
335 264 55 22 1873
413 264 34 21 års
468 263 124 27 författning
607 265 6 20 i
629 265 47 20 dess
691 265 27 20 47
734 265 12 25 $
762 265 12 19 2
790 271 62 14 mom.
867 265 61 25 ingår

107 298 34 15 om
156 292 162 26 utskänknings-
334 293 39 20 och
388 293 258 26 utminuteringsrörelse
636 288 10 35 i
656 293 54 25 stad,
721 293 130 21 fortfarande
861 293 66 21 måtte

107 319 64 22 blifva
193 321 96 26 gällande
305 321 6 20 i
327 321 27 21 all
377 321 48 21 dess
447 320 56 21 kraft
525 321 39 21 och
588 327 62 15 anser
663 320 73 26 tillika,
753 323 38 22 att,
808 327 33 15 om
857 321 70 26 också,

106 349 69 21 såsom
190 349 107 26 professor
312 349 63 21 Cleve
390 349 98 27 antydde,
503 349 114 21 utländska
631 349 116 26 spritvaror
762 349 40 21 och
817 349 112 22 inländska

107 377 134 22 destillerade
258 377 70 27 dylika
351 377 68 22 skulle
442 378 120 27 derigenom
580 377 102 28 fördyras,
699 378 35 21 det
749 377 114 26 ingalunda
878 384 50 15 vore

107 407 32 20 till
162 405 64 27 något
246 412 48 15 men
315 406 34 21 för
371 406 78 25 landet,
472 408 51 19 utan
546 406 81 21 kanske
642 407 91 20 tvärtom
749 406 32 21 till
797 407 47 20 dess
860 408 68 20 större

106 441 61 20 gagn.
199 435 76 21 Vidare
290 435 36 21 vill
339 434 38 27 jag
391 435 89 27 påpeka,
496 437 32 19 att
543 435 119 21 kontrollen
677 434 58 22 öfver
750 435 177 26 utminuteringen

106 463 69 21 blefve
195 463 44 22 helt
262 463 39 21 och
323 463 66 22 hållet
412 463 152 28 omöjliggjord,
586 470 34 15 om
643 463 71 27 hvarje
739 463 188 22 minuthandlande

107 492 52 26 egde
174 494 42 19 rätt
231 494 32 19 att
278 492 7 21 i
301 492 80 21 mindre
404 492 80 26 partier
506 492 128 21 utminutera
657 491 159 28 ifrågavarande
838 492 90 26 spritva-

107 527 40 14 ror.
182 521 101 26 Exempel
306 520 46 21 från
374 521 140 26 grannlandet
530 521 85 26 Sverige
631 527 73 14 manar
720 527 34 14 oss
770 523 32 18 att
817 520 33 21 för
865 521 62 26 ingen

107 549 34 21 del
155 549 68 21 införa
239 555 25 14 en
280 549 152 26 utminutering
448 549 26 26 på
490 549 36 21 det
540 551 50 23 sätt,
605 555 45 16 som
661 549 104 21 utskottet
777 549 39 21 har
825 549 102 21 förordat.

105 577 11 21 I
131 577 85 27 Sverige
231 577 39 21 har
284 584 49 14 man
349 578 104 26 nemligen
477 578 67 21 under
565 578 60 21 dessa
645 577 139 22 sistförflutna
799 578 24 20 år
838 577 49 22 hört
902 583 25 15 en

107 606 58 21 öfver
187 606 48 21 hela
258 606 55 22 riket
329 606 107 22 vaknande
452 606 63 27 insigt
536 606 78 28 derom,
630 608 32 20 att
677 606 105 22 missbruk
795 606 45 27 just
855 607 6 20 i
877 607 51 20 han-

107 634 130 22 delsbutiker
259 636 47 20 med
329 635 151 27 utminutering
502 635 23 21 af
541 636 58 21 viner
615 635 39 21 och
669 635 67 21 andra
758 636 115 26 spritvaror
889 635 39 21 har

107 663 87 27 tilltagit
208 664 7 20 i
231 670 24 14 en
271 663 95 27 förfärlig
380 664 59 26 grad,
455 664 39 21 och
510 664 71 21 derför
594 670 49 15 vore
658 664 35 21 det
709 664 115 26 angeläget,
841 666 31 19 att
885 664 42 25 lag-

107 691 122 28 stiftningen
244 692 6 21 i
267 692 30 21 tid
309 692 70 21 kunde
389 691 62 27 stäfja
462 693 35 20 det
508 692 55 27 ofog,
574 699 45 14 som
631 698 36 15 var
678 692 120 27 syftemålet
808 693 47 20 med
867 692 60 21 Stän-

108 721 76 20 dernas
200 721 5 20 i
221 721 74 26 frågan
318 721 119 21 inlemnade
460 721 95 26 petition.
584 721 41 26 Jag
644 721 35 20 vill
695 721 71 21 derför
781 721 84 21 biträda
880 727 46 20 pro-

107 749 68 22 fessor
191 749 102 22 Forsman
310 749 51 27 deri,
377 751 31 19 att
424 749 158 27 bestämoingen
606 750 79 24 derom,
706 751 32 20 att
756 749 172 26 utminuterings-

107 778 101 26 rättighet
228 778 77 27 jemväl
325 778 33 21 får
380 777 84 22 utöfvas
487 778 22 21 af
532 779 45 25 den,
599 784 45 15 som
666 777 77 22 drifver
759 776 73 23 anna
844 777 83 27 handel,

107 807 66 21 mätte
189 813 25 14 ur
229 809 116 19 momentet
359 807 56 26 utgä.

177 863 88 22 Prosten
288 863 144 27 Bergroth
454 864 100 21 förenade
576 864 31 27 sig
630 865 45 20 med
698 864 106 26 professor
826 864 101 21 Forsman

107 893 39 21 och
161 894 86 25 prosten
263 893 128 26 Rosengren.

175 949 88 22 Prosten
280 949 160 27 Grönberg:
471 949 66 21 Afven
546 949 36 27 jag
593 949 93 21 biträder
697 949 107 26 professor
814 949 114 21 Forsmans

107 978 79 26 förslag
202 978 37 21 och
255 978 38 21 ber
309 977 101 27 derjemte
425 977 20 22 få
460 977 78 22 föreslå
560 979 38 23 att,
614 978 6 20 i
636 977 99 22 händelse
752 978 36 20 det
803 978 73 21 vinner
892 978 35 20 det

108 1007 129 26 högvördiga
252 1007 95 21 ständets
363 1007 159 26 godkännande,
538 1006 142 22 betänkandet
696 1006 66 21 mätte
778 1006 31 21 till
823 1006 105 21 utskottet

107 1035 167 22 äterremitteras
289 1035 34 21 för
339 1037 32 19 att
387 1035 146 26 omredigeras.

176 1093 87 21 Prosten
280 1093 83 21 Roos:
393 1093 41 26 Jag
446 1092 36 21 vill
497 1092 67 21 likasä
580 1091 73 22 förena
668 1092 42 26 mig
726 1097 32 15 om
775 1091 59 22 detta
848 1091 80 26 förslag

107 1122 40 21 och
163 1127 62 15 anser
241 1122 35 20 det
291 1121 87 21 alldeles
399 1121 129 27 nödvändigt
549 1126 33 15 om
604 1121 68 25 nägon
688 1120 64 26 riktig
767 1119 92 22 kontroll
874 1120 54 20 skall

108 1150 71 21 kunna
195 1150 83 21 utöfvas
294 1149 58 22 öfver
364 1149 188 21 vinhandlandene.

177 1207 110 21 Professor
303 1206 147 22 Ehrström
466 1206 70 21 afstod
551 1205 46 22 frän
612 1205 67 22 ordet.

177 1263 60 22 Efter
257 1263 88 21 härmed
365 1263 91 20 afslutad
479 1263 118 21 diskussion
612 1262 123 21 framstälde
750 1261 49 22 herr
814 1261 115 22 talman-

109 1298 52 15 nen
176 1291 92 28 följande
283 1292 165 26 propositioner:

177 1348 126 22 Godkännes
327 1347 39 22 den
389 1348 65 21 första
476 1347 109 27 meningen
609 1347 21 21 af
651 1353 61 15 mom.
736 1347 13 20 2
771 1347 6 20 i
793 1345 136 22 förevarande

109 1377 99 26 paragraf
228 1376 126 22 oförändrad
377 1376 65 27 enligt
464 1376 143 21 betänkandet
629 1375 50 21 eller
701 1375 59 21 icke?
789 1375 80 21 Vinner
888 1374 41 26 nej,

109 1406 38 21 har
166 1405 89 26 ständet,
271 1405 7 21 i
293 1405 93 26 enlighet
401 1404 47 22 med
463 1405 105 26 professor
582 1404 113 21 Forsmans
711 1404 73 21 därom
799 1402 74 27 gjorda
888 1402 41 21 för-

108 1433 46 27 slag
175 1433 54 21 velat
245 1434 45 20 från
308 1433 40 21 den
363 1433 109 26 meningen
488 1433 92 20 utesluta
595 1434 70 19 satsen
681 1447 9 9 ,
695 1432 78 20 hvilket
788 1432 34 19 mä
836 1431 94 20 tilldelas

107 1458 78 29 jemväl
202 1461 45 25 den,
263 1467 45 15 som
325 1461 76 21 drifver
414 1467 69 14 annan
498 1460 97 21 handel".

176 1518 130 22 Besvarades
322 1518 47 22 med
385 1518 25 21 15
426 1517 20 28 ja
462 1517 38 22 och
517 1518 24 21 17
558 1517 43 26 nej;
617 1516 39 22 och
