<?xml version="1.0" encoding="UTF-8"?>
<alto xmlns="http://www.loc.gov/standards/alto/ns-v3#" xmlns:xlink="http://www.w3.org/1999/xlink" xmlns:xsi="http://www.w3.org/2001/XMLSchema-instance" xsi:schemaLocation="http://www.loc.gov/standards/alto/ns-v3# http://www.loc.gov/alto/v3/alto-3-0.xsd">
	<Description>
		<MeasurementUnit>pixel</MeasurementUnit>
		<sourceImageInformation>
			<fileName>/tmp/tess_i0koz3aj_input.PNG</fileName>
		</sourceImageInformation>
		<OCRProcessing ID="OCR_0">
			<ocrProcessingStep>
				<processingSoftware>
					<softwareName>tesseract 5.3.4</softwareName>
				</processingSoftware>
			</ocrProcessingStep>
		</OCRProcessing>
	</Description>
	<Layout>
		<Page WIDTH="1081" HEIGHT="1803" PHYSICAL_IMG_NR="0" ID="page_0">
			<PrintSpace HPOS="0" VPOS="0" WIDTH="1081" HEIGHT="1803">
				<ComposedBlock ID="cblock_0" HPOS="190" VPOS="157" WIDTH="585" HEIGHT="23">
					<TextBlock ID="block_0" HPOS="190" VPOS="157" WIDTH="585" HEIGHT="23">
						<TextLine ID="line_0" HPOS="190" VPOS="157" WIDTH="585" HEIGHT="23">
							<String ID="string_0" HPOS="190" VPOS="157" WIDTH="55" HEIGHT="21" WC="0.96" CONTENT="3066"/><SP WIDTH="132" VPOS="157" HPOS="245"/>
							<String ID="string_1" HPOS="377" VPOS="162" WIDTH="160" HEIGHT="18" WC="0.92" CONTENT="Presteståndet"/><SP WIDTH="12" VPOS="162" HPOS="537"/>
							<String ID="string_2" HPOS="549" VPOS="162" WIDTH="53" HEIGHT="18" WC="0.95" CONTENT="1877."/><SP WIDTH="26" VPOS="162" HPOS="602"/>
							<String ID="string_3" HPOS="628" VPOS="163" WIDTH="23" HEIGHT="16" WC="0.96" CONTENT="21"/><SP WIDTH="12" VPOS="163" HPOS="651"/>
							<String ID="string_4" HPOS="663" VPOS="163" WIDTH="112" HEIGHT="16" WC="0.96" CONTENT="december."/>
						</TextLine>
					</TextBlock>
				</ComposedBlock>
				<GraphicalElement ID="cblock_1" HPOS="160" VPOS="190" WIDTH="821" HEIGHT="5"></GraphicalElement >
				<ComposedBlock ID="cblock_2" HPOS="229" VPOS="229" WIDTH="751" HEIGHT="84">
					<TextBlock ID="block_1" HPOS="229" VPOS="229" WIDTH="751" HEIGHT="84">
						<TextLine ID="line_1" HPOS="229" VPOS="229" WIDTH="494" HEIGHT="28">
							<String ID="string_5" HPOS="229" VPOS="231" WIDTH="150" HEIGHT="20" WC="0.92" CONTENT="Resolutionen"/><SP WIDTH="16" VPOS="231" HPOS="379"/>
							<String ID="string_6" HPOS="395" VPOS="229" WIDTH="129" HEIGHT="22" WC="0.95" CONTENT="beträffande"/><SP WIDTH="15" VPOS="229" HPOS="524"/>
							<String ID="string_7" HPOS="539" VPOS="231" WIDTH="13" HEIGHT="26" WC="0.89" CONTENT="8"/><SP WIDTH="16" VPOS="231" HPOS="552"/>
							<String ID="string_8" HPOS="568" VPOS="231" WIDTH="13" HEIGHT="20" WC="0.96" CONTENT="6"/><SP WIDTH="16" VPOS="231" HPOS="581"/>
							<String ID="string_9" HPOS="597" VPOS="230" WIDTH="126" HEIGHT="27" WC="0.96" CONTENT="godkändes."/>
						</TextLine>
						<TextLine ID="line_2" HPOS="230" VPOS="287" WIDTH="750" HEIGHT="26">
							<String ID="string_10" HPOS="230" VPOS="287" WIDTH="39" HEIGHT="22" WC="0.93" CONTENT="Om"/><SP WIDTH="22" VPOS="287" HPOS="269"/>
							<String ID="string_11" HPOS="291" VPOS="287" WIDTH="142" HEIGHT="22" WC="0.87" CONTENT="resolutionen"/><SP WIDTH="22" VPOS="287" HPOS="433"/>
							<String ID="string_12" HPOS="455" VPOS="287" WIDTH="89" HEIGHT="21" WC="0.93" CONTENT="rörande"/><SP WIDTH="20" VPOS="287" HPOS="544"/>
							<String ID="string_13" HPOS="564" VPOS="289" WIDTH="11" HEIGHT="24" WC="0.72" CONTENT="S"/><SP WIDTH="21" VPOS="289" HPOS="575"/>
							<String ID="string_14" HPOS="596" VPOS="288" WIDTH="27" HEIGHT="21" WC="0.96" CONTENT="70"/><SP WIDTH="18" VPOS="288" HPOS="623"/>
							<String ID="string_15" HPOS="641" VPOS="287" WIDTH="90" HEIGHT="26" WC="0.96" CONTENT="uppstod"/><SP WIDTH="16" VPOS="287" HPOS="731"/>
							<String ID="string_16" HPOS="747" VPOS="287" WIDTH="90" HEIGHT="26" WC="0.96" CONTENT="följande"/><SP WIDTH="16" VPOS="287" HPOS="837"/>
							<String ID="string_17" HPOS="853" VPOS="287" WIDTH="127" HEIGHT="21" WC="0.96" CONTENT="diskussion:"/>
						</TextLine>
					</TextBlock>
				</ComposedBlock>
				<ComposedBlock ID="cblock_3" HPOS="161" VPOS="343" WIDTH="825" HEIGHT="911">
					<TextBlock ID="block_2" HPOS="161" VPOS="343" WIDTH="825" HEIGHT="911">
						<TextLine ID="line_3" HPOS="229" VPOS="343" WIDTH="753" HEIGHT="25">
							<String ID="string_18" HPOS="229" VPOS="343" WIDTH="82" HEIGHT="21" WC="0.95" CONTENT="Rektor"/><SP WIDTH="19" VPOS="343" HPOS="311"/>
							<String ID="string_19" HPOS="330" VPOS="343" WIDTH="153" HEIGHT="21" WC="0.90" CONTENT="Kihlman:"/><SP WIDTH="24" VPOS="343" HPOS="483"/>
							<String ID="string_20" HPOS="507" VPOS="343" WIDTH="165" HEIGHT="21" WC="0.90" CONTENT="Bankutskottet"/><SP WIDTH="19" VPOS="343" HPOS="672"/>
							<String ID="string_21" HPOS="691" VPOS="343" WIDTH="39" HEIGHT="21" WC="0.95" CONTENT="har"/><SP WIDTH="15" VPOS="343" HPOS="730"/>
							<String ID="string_22" HPOS="745" VPOS="344" WIDTH="6" HEIGHT="20" WC="0.95" CONTENT="i"/><SP WIDTH="15" VPOS="344" HPOS="751"/>
							<String ID="string_23" HPOS="766" VPOS="344" WIDTH="37" HEIGHT="20" WC="0.92" CONTENT="sitt"/><SP WIDTH="19" VPOS="344" HPOS="803"/>
							<String ID="string_24" HPOS="822" VPOS="343" WIDTH="160" HEIGHT="25" WC="0.90" CONTENT="sammanjemk-"/>
						</TextLine>
						<TextLine ID="line_4" HPOS="161" VPOS="370" WIDTH="821" HEIGHT="29">
							<String ID="string_25" HPOS="161" VPOS="370" WIDTH="141" HEIGHT="28" WC="0.92" CONTENT="ningsförslag"/><SP WIDTH="22" VPOS="370" HPOS="302"/>
							<String ID="string_26" HPOS="324" VPOS="372" WIDTH="89" HEIGHT="20" WC="0.93" CONTENT="rörande"/><SP WIDTH="20" VPOS="372" HPOS="413"/>
							<String ID="string_27" HPOS="433" VPOS="371" WIDTH="11" HEIGHT="28" WC="0.81" CONTENT="&amp;"/><SP WIDTH="22" VPOS="371" HPOS="444"/>
							<String ID="string_28" HPOS="466" VPOS="372" WIDTH="39" HEIGHT="20" WC="0.96" CONTENT="113"/><SP WIDTH="22" VPOS="372" HPOS="505"/>
							<String ID="string_29" HPOS="527" VPOS="372" WIDTH="47" HEIGHT="26" WC="0.95" CONTENT="följt"/><SP WIDTH="15" VPOS="372" HPOS="574"/>
							<String ID="string_30" HPOS="589" VPOS="378" WIDTH="25" HEIGHT="14" WC="0.97" CONTENT="en"/><SP WIDTH="17" VPOS="378" HPOS="614"/>
							<String ID="string_31" HPOS="631" VPOS="372" WIDTH="86" HEIGHT="26" WC="0.96" CONTENT="princip,"/><SP WIDTH="16" VPOS="372" HPOS="717"/>
							<String ID="string_32" HPOS="733" VPOS="378" WIDTH="45" HEIGHT="14" WC="0.96" CONTENT="som"/><SP WIDTH="15" VPOS="378" HPOS="778"/>
							<String ID="string_33" HPOS="793" VPOS="372" WIDTH="34" HEIGHT="26" WC="0.97" CONTENT="jag"/><SP WIDTH="15" VPOS="372" HPOS="827"/>
							<String ID="string_34" HPOS="842" VPOS="372" WIDTH="34" HEIGHT="20" WC="0.96" CONTENT="för"/><SP WIDTH="15" VPOS="372" HPOS="876"/>
							<String ID="string_35" HPOS="891" VPOS="372" WIDTH="42" HEIGHT="20" WC="0.96" CONTENT="min"/><SP WIDTH="16" VPOS="372" HPOS="933"/>
							<String ID="string_36" HPOS="949" VPOS="371" WIDTH="33" HEIGHT="21" WC="0.96" CONTENT="del"/>
						</TextLine>
						<TextLine ID="line_5" HPOS="162" VPOS="399" WIDTH="821" HEIGHT="27">
							<String ID="string_37" HPOS="162" VPOS="401" WIDTH="67" HEIGHT="21" WC="0.96" CONTENT="måste"/><SP WIDTH="23" VPOS="401" HPOS="229"/>
							<String ID="string_38" HPOS="252" VPOS="406" WIDTH="49" HEIGHT="15" WC="0.96" CONTENT="anse"/><SP WIDTH="23" VPOS="406" HPOS="301"/>
							<String ID="string_39" HPOS="324" VPOS="406" WIDTH="51" HEIGHT="15" WC="0.96" CONTENT="vara"/><SP WIDTH="21" VPOS="406" HPOS="375"/>
							<String ID="string_40" HPOS="396" VPOS="400" WIDTH="39" HEIGHT="21" WC="0.93" CONTENT="den"/><SP WIDTH="22" VPOS="400" HPOS="435"/>
							<String ID="string_41" HPOS="457" VPOS="400" WIDTH="83" HEIGHT="26" WC="0.95" CONTENT="riktiga,"/><SP WIDTH="23" VPOS="400" HPOS="540"/>
							<String ID="string_42" HPOS="563" VPOS="400" WIDTH="66" HEIGHT="21" WC="0.96" CONTENT="ehuru"/><SP WIDTH="23" VPOS="400" HPOS="629"/>
							<String ID="string_43" HPOS="652" VPOS="400" WIDTH="39" HEIGHT="21" WC="0.96" CONTENT="den"/><SP WIDTH="20" VPOS="400" HPOS="691"/>
							<String ID="string_44" HPOS="711" VPOS="400" WIDTH="97" HEIGHT="26" WC="0.93" CONTENT="vanligen"/><SP WIDTH="19" VPOS="400" HPOS="808"/>
							<String ID="string_45" HPOS="827" VPOS="400" WIDTH="17" HEIGHT="26" WC="0.96" CONTENT="ej"/><SP WIDTH="16" VPOS="400" HPOS="844"/>
							<String ID="string_46" HPOS="860" VPOS="400" WIDTH="40" HEIGHT="20" WC="0.93" CONTENT="har"/><SP WIDTH="17" VPOS="400" HPOS="900"/>
							<String ID="string_47" HPOS="917" VPOS="399" WIDTH="66" HEIGHT="21" WC="0.95" CONTENT="blifvit"/>
						</TextLine>
						<TextLine ID="line_6" HPOS="162" VPOS="428" WIDTH="821" HEIGHT="27">
							<String ID="string_48" HPOS="162" VPOS="429" WIDTH="57" HEIGHT="26" WC="0.96" CONTENT="följd,"/><SP WIDTH="21" VPOS="429" HPOS="219"/>
							<String ID="string_49" HPOS="240" VPOS="428" WIDTH="80" HEIGHT="21" WC="0.91" CONTENT="hvilket"/><SP WIDTH="23" VPOS="428" HPOS="320"/>
							<String ID="string_50" HPOS="343" VPOS="428" WIDTH="172" HEIGHT="22" WC="0.91" CONTENT="bankutskottets"/><SP WIDTH="22" VPOS="428" HPOS="515"/>
							<String ID="string_51" HPOS="537" VPOS="428" WIDTH="118" HEIGHT="22" WC="0.95" CONTENT="förfarande"/><SP WIDTH="22" VPOS="428" HPOS="655"/>
							<String ID="string_52" HPOS="677" VPOS="428" WIDTH="36" HEIGHT="26" WC="0.96" CONTENT="jag"/><SP WIDTH="20" VPOS="428" HPOS="713"/>
							<String ID="string_53" HPOS="733" VPOS="428" WIDTH="48" HEIGHT="22" WC="0.94" CONTENT="med"/><SP WIDTH="16" VPOS="428" HPOS="781"/>
							<String ID="string_54" HPOS="797" VPOS="428" WIDTH="132" HEIGHT="22" WC="0.94" CONTENT="tacksamhet"/><SP WIDTH="16" VPOS="428" HPOS="929"/>
							<String ID="string_55" HPOS="945" VPOS="428" WIDTH="38" HEIGHT="21" WC="0.96" CONTENT="här"/>
						</TextLine>
						<TextLine ID="line_7" HPOS="162" VPOS="456" WIDTH="820" HEIGHT="28">
							<String ID="string_56" HPOS="162" VPOS="458" WIDTH="35" HEIGHT="20" WC="0.95" CONTENT="vill"/><SP WIDTH="21" VPOS="458" HPOS="197"/>
							<String ID="string_57" HPOS="218" VPOS="456" WIDTH="116" HEIGHT="22" WC="0.90" CONTENT="framhålla."/><SP WIDTH="31" VPOS="456" HPOS="334"/>
							<String ID="string_58" HPOS="365" VPOS="457" WIDTH="10" HEIGHT="21" WC="0.96" CONTENT="I"/><SP WIDTH="23" VPOS="457" HPOS="375"/>
							<String ID="string_59" HPOS="398" VPOS="457" WIDTH="39" HEIGHT="21" WC="0.96" CONTENT="den"/><SP WIDTH="23" VPOS="457" HPOS="437"/>
							<String ID="string_60" HPOS="460" VPOS="457" WIDTH="124" HEIGHT="27" WC="0.96" CONTENT="paragrafen"/><SP WIDTH="24" VPOS="457" HPOS="584"/>
							<String ID="string_61" HPOS="608" VPOS="459" WIDTH="61" HEIGHT="23" WC="0.91" CONTENT="säger"/><SP WIDTH="20" VPOS="459" HPOS="669"/>
							<String ID="string_62" HPOS="689" VPOS="457" WIDTH="166" HEIGHT="26" WC="0.91" CONTENT="bankutskottet,"/><SP WIDTH="16" VPOS="457" HPOS="855"/>
							<String ID="string_63" HPOS="871" VPOS="459" WIDTH="32" HEIGHT="19" WC="0.96" CONTENT="att"/><SP WIDTH="15" VPOS="459" HPOS="903"/>
							<String ID="string_64" HPOS="918" VPOS="456" WIDTH="64" HEIGHT="22" WC="0.96" CONTENT="sedan"/>
						</TextLine>
						<TextLine ID="line_8" HPOS="161" VPOS="485" WIDTH="822" HEIGHT="27">
							<String ID="string_65" HPOS="161" VPOS="486" WIDTH="125" HEIGHT="26" WC="0.96" CONTENT="paragrafen"/><SP WIDTH="18" VPOS="486" HPOS="286"/>
							<String ID="string_66" HPOS="304" VPOS="485" WIDTH="22" HEIGHT="21" WC="0.96" CONTENT="af"/><SP WIDTH="14" VPOS="485" HPOS="326"/>
							<String ID="string_67" HPOS="340" VPOS="486" WIDTH="36" HEIGHT="20" WC="0.96" CONTENT="två"/><SP WIDTH="15" VPOS="486" HPOS="376"/>
							<String ID="string_68" HPOS="391" VPOS="486" WIDTH="61" HEIGHT="21" WC="0.95" CONTENT="stånd"/><SP WIDTH="17" VPOS="486" HPOS="452"/>
							<String ID="string_69" HPOS="469" VPOS="485" WIDTH="67" HEIGHT="21" WC="0.95" CONTENT="blifvit"/><SP WIDTH="15" VPOS="485" HPOS="536"/>
							<String ID="string_70" HPOS="551" VPOS="486" WIDTH="33" HEIGHT="20" WC="0.96" CONTENT="till"/><SP WIDTH="15" VPOS="486" HPOS="584"/>
							<String ID="string_71" HPOS="599" VPOS="486" WIDTH="104" HEIGHT="21" WC="0.93" CONTENT="utskottet"/><SP WIDTH="15" VPOS="486" HPOS="703"/>
							<String ID="string_72" HPOS="718" VPOS="486" WIDTH="170" HEIGHT="20" WC="0.92" CONTENT="återremitterad"/><SP WIDTH="16" VPOS="486" HPOS="888"/>
							<String ID="string_73" HPOS="904" VPOS="486" WIDTH="32" HEIGHT="20" WC="0.96" CONTENT="för"/><SP WIDTH="15" VPOS="486" HPOS="936"/>
							<String ID="string_74" HPOS="951" VPOS="487" WIDTH="32" HEIGHT="19" WC="0.96" CONTENT="att"/>
						</TextLine>
						<TextLine ID="line_9" HPOS="161" VPOS="514" WIDTH="823" HEIGHT="27">
							<String ID="string_75" HPOS="161" VPOS="514" WIDTH="7" HEIGHT="21" WC="0.93" CONTENT="i"/><SP WIDTH="16" VPOS="514" HPOS="168"/>
							<String ID="string_76" HPOS="184" VPOS="515" WIDTH="74" HEIGHT="26" WC="0.91" CONTENT="antydt"/><SP WIDTH="15" VPOS="515" HPOS="258"/>
							<String ID="string_77" HPOS="273" VPOS="514" WIDTH="98" HEIGHT="21" WC="0.93" CONTENT="afseende"/><SP WIDTH="16" VPOS="514" HPOS="371"/>
							<String ID="string_78" HPOS="387" VPOS="515" WIDTH="148" HEIGHT="26" WC="0.91" CONTENT="omredigeras,"/><SP WIDTH="16" VPOS="515" HPOS="535"/>
							<String ID="string_79" HPOS="551" VPOS="514" WIDTH="32" HEIGHT="21" WC="0.96" CONTENT="får"/><SP WIDTH="14" VPOS="514" HPOS="583"/>
							<String ID="string_80" HPOS="597" VPOS="514" WIDTH="110" HEIGHT="26" WC="0.96" CONTENT="utskottet,"/><SP WIDTH="15" VPOS="514" HPOS="707"/>
							<String ID="string_81" HPOS="722" VPOS="520" WIDTH="44" HEIGHT="15" WC="0.96" CONTENT="som"/><SP WIDTH="17" VPOS="520" HPOS="766"/>
							<String ID="string_82" HPOS="783" VPOS="514" WIDTH="80" HEIGHT="21" WC="0.96" CONTENT="således"/><SP WIDTH="17" VPOS="514" HPOS="863"/>
							<String ID="string_83" HPOS="880" VPOS="514" WIDTH="53" HEIGHT="21" WC="0.96" CONTENT="hade"/><SP WIDTH="14" VPOS="514" HPOS="933"/>
							<String ID="string_84" HPOS="947" VPOS="514" WIDTH="37" HEIGHT="21" WC="0.96" CONTENT="två"/>
						</TextLine>
						<TextLine ID="line_10" HPOS="162" VPOS="542" WIDTH="822" HEIGHT="28">
							<String ID="string_85" HPOS="162" VPOS="543" WIDTH="62" HEIGHT="21" WC="0.96" CONTENT="stånd"/><SP WIDTH="23" VPOS="543" HPOS="224"/>
							<String ID="string_86" HPOS="247" VPOS="544" WIDTH="27" HEIGHT="26" WC="0.95" CONTENT="på"/><SP WIDTH="19" VPOS="544" HPOS="274"/>
							<String ID="string_87" HPOS="293" VPOS="543" WIDTH="33" HEIGHT="21" WC="0.95" CONTENT="sin"/><SP WIDTH="15" VPOS="543" HPOS="326"/>
							<String ID="string_88" HPOS="341" VPOS="543" WIDTH="52" HEIGHT="25" WC="0.96" CONTENT="sida,"/><SP WIDTH="16" VPOS="543" HPOS="393"/>
							<String ID="string_89" HPOS="409" VPOS="542" WIDTH="64" HEIGHT="22" WC="0.96" CONTENT="likväl"/><SP WIDTH="15" VPOS="542" HPOS="473"/>
							<String ID="string_90" HPOS="488" VPOS="543" WIDTH="86" HEIGHT="26" WC="0.96" CONTENT="inbjuda"/><SP WIDTH="16" VPOS="543" HPOS="574"/>
							<String ID="string_91" HPOS="590" VPOS="543" WIDTH="25" HEIGHT="21" WC="0.96" CONTENT="de"/><SP WIDTH="16" VPOS="543" HPOS="615"/>
							<String ID="string_92" HPOS="631" VPOS="543" WIDTH="65" HEIGHT="26" WC="0.96" CONTENT="öfriga"/><SP WIDTH="15" VPOS="543" HPOS="696"/>
							<String ID="string_93" HPOS="711" VPOS="542" WIDTH="90" HEIGHT="22" WC="0.96" CONTENT="stånden"/><SP WIDTH="16" VPOS="542" HPOS="801"/>
							<String ID="string_94" HPOS="817" VPOS="545" WIDTH="31" HEIGHT="19" WC="0.96" CONTENT="att"/><SP WIDTH="16" VPOS="545" HPOS="848"/>
							<String ID="string_95" HPOS="864" VPOS="543" WIDTH="73" HEIGHT="21" WC="0.96" CONTENT="förena"/><SP WIDTH="16" VPOS="543" HPOS="937"/>
							<String ID="string_96" HPOS="953" VPOS="542" WIDTH="31" HEIGHT="26" WC="0.96" CONTENT="sig"/>
						</TextLine>
						<TextLine ID="line_11" HPOS="162" VPOS="570" WIDTH="821" HEIGHT="27">
							<String ID="string_97" HPOS="162" VPOS="573" WIDTH="44" HEIGHT="19" WC="0.95" CONTENT="mot"/><SP WIDTH="23" VPOS="573" HPOS="206"/>
							<String ID="string_98" HPOS="229" VPOS="573" WIDTH="111" HEIGHT="24" WC="0.93" CONTENT="utskottet,"/><SP WIDTH="24" VPOS="573" HPOS="340"/>
							<String ID="string_99" HPOS="364" VPOS="572" WIDTH="19" HEIGHT="20" WC="0.93" CONTENT="d."/><SP WIDTH="18" VPOS="572" HPOS="383"/>
							<String ID="string_100" HPOS="401" VPOS="578" WIDTH="19" HEIGHT="14" WC="0.96" CONTENT="v."/><SP WIDTH="23" VPOS="578" HPOS="420"/>
							<String ID="string_101" HPOS="443" VPOS="578" WIDTH="16" HEIGHT="14" WC="0.93" CONTENT="s."/><SP WIDTH="19" VPOS="578" HPOS="459"/>
							<String ID="string_102" HPOS="478" VPOS="572" WIDTH="103" HEIGHT="21" WC="0.96" CONTENT="utskottet"/><SP WIDTH="16" VPOS="572" HPOS="581"/>
							<String ID="string_103" HPOS="597" VPOS="572" WIDTH="38" HEIGHT="20" WC="0.97" CONTENT="har"/><SP WIDTH="15" VPOS="572" HPOS="635"/>
							<String ID="string_104" HPOS="650" VPOS="572" WIDTH="38" HEIGHT="20" WC="0.93" CONTENT="här"/><SP WIDTH="17" VPOS="572" HPOS="688"/>
							<String ID="string_105" HPOS="705" VPOS="572" WIDTH="62" HEIGHT="21" WC="0.92" CONTENT="afsett"/><SP WIDTH="16" VPOS="572" HPOS="767"/>
							<String ID="string_106" HPOS="783" VPOS="572" WIDTH="35" HEIGHT="20" WC="0.96" CONTENT="det"/><SP WIDTH="15" VPOS="572" HPOS="818"/>
							<String ID="string_107" HPOS="833" VPOS="570" WIDTH="61" HEIGHT="22" WC="0.96" CONTENT="bästa"/><SP WIDTH="16" VPOS="570" HPOS="894"/>
							<String ID="string_108" HPOS="910" VPOS="572" WIDTH="39" HEIGHT="20" WC="0.96" CONTENT="och"/><SP WIDTH="16" VPOS="572" HPOS="949"/>
							<String ID="string_109" HPOS="965" VPOS="571" WIDTH="18" HEIGHT="26" WC="0.95" CONTENT="ej"/>
						</TextLine>
						<TextLine ID="line_12" HPOS="162" VPOS="600" WIDTH="822" HEIGHT="27">
							<String ID="string_110" HPOS="162" VPOS="600" WIDTH="48" HEIGHT="26" WC="0.96" CONTENT="följt"/><SP WIDTH="12" VPOS="600" HPOS="210"/>
							<String ID="string_111" HPOS="222" VPOS="600" WIDTH="40" HEIGHT="21" WC="0.96" CONTENT="den"/><SP WIDTH="16" VPOS="600" HPOS="262"/>
							<String ID="string_112" HPOS="278" VPOS="600" WIDTH="147" HEIGHT="21" WC="0.93" CONTENT="matematiska"/><SP WIDTH="15" VPOS="600" HPOS="425"/>
							<String ID="string_113" HPOS="440" VPOS="601" WIDTH="145" HEIGHT="25" WC="0.92" CONTENT="grundsatsen."/><SP WIDTH="30" VPOS="601" HPOS="585"/>
							<String ID="string_114" HPOS="615" VPOS="600" WIDTH="40" HEIGHT="26" WC="0.96" CONTENT="Jag"/><SP WIDTH="15" VPOS="600" HPOS="655"/>
							<String ID="string_115" HPOS="670" VPOS="602" WIDTH="87" HEIGHT="19" WC="0.96" CONTENT="nämner"/><SP WIDTH="16" VPOS="602" HPOS="757"/>
							<String ID="string_116" HPOS="773" VPOS="600" WIDTH="65" HEIGHT="24" WC="0.96" CONTENT="detta,"/><SP WIDTH="13" VPOS="600" HPOS="838"/>
							<String ID="string_117" HPOS="851" VPOS="600" WIDTH="88" HEIGHT="21" WC="0.96" CONTENT="emedan"/><SP WIDTH="9" VPOS="600" HPOS="939"/>
							<String ID="string_118" HPOS="948" VPOS="600" WIDTH="36" HEIGHT="27" WC="0.96" CONTENT="jag"/>
						</TextLine>
						<TextLine ID="line_13" HPOS="163" VPOS="628" WIDTH="821" HEIGHT="27">
							<String ID="string_119" HPOS="163" VPOS="628" WIDTH="68" HEIGHT="21" WC="0.96" CONTENT="skulle"/><SP WIDTH="21" VPOS="628" HPOS="231"/>
							<String ID="string_120" HPOS="252" VPOS="629" WIDTH="62" HEIGHT="21" WC="0.96" CONTENT="hafva"/><SP WIDTH="23" VPOS="629" HPOS="314"/>
							<String ID="string_121" HPOS="337" VPOS="629" WIDTH="81" HEIGHT="25" WC="0.96" CONTENT="önskat,"/><SP WIDTH="19" VPOS="629" HPOS="418"/>
							<String ID="string_122" HPOS="437" VPOS="631" WIDTH="33" HEIGHT="19" WC="0.96" CONTENT="att"/><SP WIDTH="15" VPOS="631" HPOS="470"/>
							<String ID="string_123" HPOS="485" VPOS="629" WIDTH="104" HEIGHT="21" WC="0.96" CONTENT="utskottet"/><SP WIDTH="15" VPOS="629" HPOS="589"/>
							<String ID="string_124" HPOS="604" VPOS="628" WIDTH="53" HEIGHT="22" WC="0.95" CONTENT="hade"/><SP WIDTH="16" VPOS="628" HPOS="657"/>
							<String ID="string_125" HPOS="673" VPOS="628" WIDTH="46" HEIGHT="27" WC="0.96" CONTENT="följt"/><SP WIDTH="16" VPOS="628" HPOS="719"/>
							<String ID="string_126" HPOS="735" VPOS="634" WIDTH="80" HEIGHT="16" WC="0.96" CONTENT="samma"/><SP WIDTH="14" VPOS="634" HPOS="815"/>
							<String ID="string_127" HPOS="829" VPOS="629" WIDTH="113" HEIGHT="26" WC="0.96" CONTENT="grundsats"/><SP WIDTH="16" VPOS="629" HPOS="942"/>
							<String ID="string_128" HPOS="958" VPOS="629" WIDTH="26" HEIGHT="21" WC="0.96" CONTENT="då"/>
						</TextLine>
						<TextLine ID="line_14" HPOS="164" VPOS="657" WIDTH="820" HEIGHT="27">
							<String ID="string_129" HPOS="164" VPOS="657" WIDTH="35" HEIGHT="21" WC="0.93" CONTENT="det"/><SP WIDTH="15" VPOS="657" HPOS="199"/>
							<String ID="string_130" HPOS="214" VPOS="657" WIDTH="61" HEIGHT="26" WC="0.93" CONTENT="gälde"/><SP WIDTH="14" VPOS="657" HPOS="275"/>
							<String ID="string_131" HPOS="289" VPOS="658" WIDTH="40" HEIGHT="20" WC="0.97" CONTENT="den"/><SP WIDTH="16" VPOS="658" HPOS="329"/>
							<String ID="string_132" HPOS="345" VPOS="658" WIDTH="27" HEIGHT="20" WC="0.93" CONTENT="70"/><SP WIDTH="15" VPOS="658" HPOS="372"/>
							<String ID="string_133" HPOS="387" VPOS="658" WIDTH="52" HEIGHT="25" WC="0.78" CONTENT="$en."/><SP WIDTH="30" VPOS="658" HPOS="439"/>
							<String ID="string_134" HPOS="469" VPOS="658" WIDTH="43" HEIGHT="20" WC="0.96" CONTENT="Der"/><SP WIDTH="15" VPOS="658" HPOS="512"/>
							<String ID="string_135" HPOS="527" VPOS="657" WIDTH="63" HEIGHT="21" WC="0.96" CONTENT="hafva"/><SP WIDTH="15" VPOS="657" HPOS="590"/>
							<String ID="string_136" HPOS="605" VPOS="657" WIDTH="36" HEIGHT="21" WC="0.96" CONTENT="två"/><SP WIDTH="15" VPOS="657" HPOS="641"/>
							<String ID="string_137" HPOS="656" VPOS="658" WIDTH="61" HEIGHT="20" WC="0.96" CONTENT="stånd"/><SP WIDTH="16" VPOS="658" HPOS="717"/>
							<String ID="string_138" HPOS="733" VPOS="658" WIDTH="81" HEIGHT="20" WC="0.96" CONTENT="förenat"/><SP WIDTH="15" VPOS="658" HPOS="814"/>
							<String ID="string_139" HPOS="829" VPOS="658" WIDTH="32" HEIGHT="26" WC="0.97" CONTENT="sig"/><SP WIDTH="12" VPOS="658" HPOS="861"/>
							<String ID="string_140" HPOS="873" VPOS="664" WIDTH="33" HEIGHT="14" WC="0.93" CONTENT="om"/><SP WIDTH="12" VPOS="664" HPOS="906"/>
							<String ID="string_141" HPOS="918" VPOS="658" WIDTH="66" HEIGHT="20" WC="0.93" CONTENT="bank-"/>
						</TextLine>
						<TextLine ID="line_15" HPOS="162" VPOS="686" WIDTH="820" HEIGHT="26">
							<String ID="string_142" HPOS="162" VPOS="686" WIDTH="141" HEIGHT="26" WC="0.95" CONTENT="fullmäktiges"/><SP WIDTH="21" VPOS="686" HPOS="303"/>
							<String ID="string_143" HPOS="324" VPOS="686" WIDTH="83" HEIGHT="26" WC="0.93" CONTENT="förslag,"/><SP WIDTH="22" VPOS="686" HPOS="407"/>
							<String ID="string_144" HPOS="429" VPOS="686" WIDTH="103" HEIGHT="26" WC="0.91" CONTENT="nemligen"/><SP WIDTH="22" VPOS="686" HPOS="532"/>
							<String ID="string_145" HPOS="554" VPOS="686" WIDTH="148" HEIGHT="26" WC="0.96" CONTENT="ridderskapet"/><SP WIDTH="18" VPOS="686" HPOS="702"/>
							<String ID="string_146" HPOS="720" VPOS="686" WIDTH="38" HEIGHT="21" WC="0.96" CONTENT="och"/><SP WIDTH="16" VPOS="686" HPOS="758"/>
							<String ID="string_147" HPOS="774" VPOS="686" WIDTH="61" HEIGHT="21" WC="0.96" CONTENT="adeln"/><SP WIDTH="17" VPOS="686" HPOS="835"/>
							<String ID="string_148" HPOS="852" VPOS="686" WIDTH="39" HEIGHT="21" WC="0.92" CONTENT="och"/><SP WIDTH="16" VPOS="686" HPOS="891"/>
							<String ID="string_149" HPOS="907" VPOS="686" WIDTH="75" HEIGHT="21" WC="0.92" CONTENT="bonde-"/>
						</TextLine>
						<TextLine ID="line_16" HPOS="163" VPOS="714" WIDTH="821" HEIGHT="27">
							<String ID="string_150" HPOS="163" VPOS="714" WIDTH="91" HEIGHT="21" WC="0.93" CONTENT="ståndet."/><SP WIDTH="22" VPOS="714" HPOS="254"/>
							<String ID="string_151" HPOS="276" VPOS="714" WIDTH="102" HEIGHT="21" WC="0.92" CONTENT="Deremot"/><SP WIDTH="15" VPOS="714" HPOS="378"/>
							<String ID="string_152" HPOS="393" VPOS="714" WIDTH="38" HEIGHT="21" WC="0.93" CONTENT="har"/><SP WIDTH="9" VPOS="714" HPOS="431"/>
							<String ID="string_153" HPOS="440" VPOS="714" WIDTH="177" HEIGHT="26" WC="0.91" CONTENT="borgareståndet"/><SP WIDTH="10" VPOS="714" HPOS="617"/>
							<String ID="string_154" HPOS="627" VPOS="715" WIDTH="81" HEIGHT="25" WC="0.96" CONTENT="antagit"/><SP WIDTH="10" VPOS="715" HPOS="708"/>
							<String ID="string_155" HPOS="718" VPOS="715" WIDTH="115" HEIGHT="20" WC="0.96" CONTENT="utskottets"/><SP WIDTH="12" VPOS="715" HPOS="833"/>
							<String ID="string_156" HPOS="845" VPOS="714" WIDTH="139" HEIGHT="27" WC="0.95" CONTENT="betänkande,"/>
						</TextLine>
						<TextLine ID="line_17" HPOS="163" VPOS="742" WIDTH="822" HEIGHT="27">
							<String ID="string_157" HPOS="163" VPOS="749" WIDTH="47" HEIGHT="14" WC="0.93" CONTENT="men"/><SP WIDTH="16" VPOS="749" HPOS="210"/>
							<String ID="string_158" HPOS="226" VPOS="743" WIDTH="154" HEIGHT="26" WC="0.90" CONTENT="presteståndet"/><SP WIDTH="13" VPOS="743" HPOS="380"/>
							<String ID="string_159" HPOS="393" VPOS="742" WIDTH="62" HEIGHT="26" WC="0.96" CONTENT="velat,"/><SP WIDTH="12" VPOS="742" HPOS="455"/>
							<String ID="string_160" HPOS="467" VPOS="746" WIDTH="31" HEIGHT="18" WC="0.96" CONTENT="att"/><SP WIDTH="10" VPOS="746" HPOS="498"/>
							<String ID="string_161" HPOS="508" VPOS="743" WIDTH="124" HEIGHT="26" WC="0.96" CONTENT="paragrafen"/><SP WIDTH="11" VPOS="743" HPOS="632"/>
							<String ID="string_162" HPOS="643" VPOS="743" WIDTH="68" HEIGHT="20" WC="0.96" CONTENT="skulle"/><SP WIDTH="11" VPOS="743" HPOS="711"/>
							<String ID="string_163" HPOS="722" VPOS="743" WIDTH="158" HEIGHT="21" WC="0.96" CONTENT="omformuleras"/><SP WIDTH="11" VPOS="743" HPOS="880"/>
							<String ID="string_164" HPOS="891" VPOS="743" WIDTH="6" HEIGHT="20" WC="0.96" CONTENT="i"/><SP WIDTH="11" VPOS="743" HPOS="897"/>
							<String ID="string_165" HPOS="908" VPOS="743" WIDTH="77" HEIGHT="21" WC="0.95" CONTENT="sådant"/>
						</TextLine>
						<TextLine ID="line_18" HPOS="162" VPOS="771" WIDTH="822" HEIGHT="27">
							<String ID="string_166" HPOS="162" VPOS="771" WIDTH="60" HEIGHT="26" WC="0.96" CONTENT="syfte,"/><SP WIDTH="17" VPOS="771" HPOS="222"/>
							<String ID="string_167" HPOS="239" VPOS="773" WIDTH="31" HEIGHT="19" WC="0.96" CONTENT="att"/><SP WIDTH="16" VPOS="773" HPOS="270"/>
							<String ID="string_168" HPOS="286" VPOS="772" WIDTH="35" HEIGHT="21" WC="0.96" CONTENT="det"/><SP WIDTH="15" VPOS="772" HPOS="321"/>
							<String ID="string_169" HPOS="336" VPOS="771" WIDTH="92" HEIGHT="27" WC="0.96" CONTENT="tydligen"/><SP WIDTH="17" VPOS="771" HPOS="428"/>
							<String ID="string_170" HPOS="445" VPOS="772" WIDTH="66" HEIGHT="21" WC="0.96" CONTENT="skulle"/><SP WIDTH="17" VPOS="772" HPOS="511"/>
							<String ID="string_171" HPOS="528" VPOS="771" WIDTH="81" HEIGHT="26" WC="0.96" CONTENT="framgå"/><SP WIDTH="15" VPOS="771" HPOS="609"/>
							<String ID="string_172" HPOS="624" VPOS="771" WIDTH="22" HEIGHT="21" WC="0.96" CONTENT="af"/><SP WIDTH="13" VPOS="771" HPOS="646"/>
							<String ID="string_173" HPOS="659" VPOS="772" WIDTH="132" HEIGHT="26" WC="0.95" CONTENT="paragrafen,"/><SP WIDTH="16" VPOS="772" HPOS="791"/>
							<String ID="string_174" HPOS="807" VPOS="771" WIDTH="35" HEIGHT="21" WC="0.96" CONTENT="det"/><SP WIDTH="11" VPOS="771" HPOS="842"/>
							<String ID="string_175" HPOS="853" VPOS="777" WIDTH="44" HEIGHT="16" WC="0.96" CONTENT="som"/><SP WIDTH="13" VPOS="777" HPOS="897"/>
							<String ID="string_176" HPOS="910" VPOS="771" WIDTH="74" HEIGHT="22" WC="0.96" CONTENT="hittills"/>
						</TextLine>
						<TextLine ID="line_19" HPOS="163" VPOS="799" WIDTH="822" HEIGHT="28">
							<String ID="string_177" HPOS="163" VPOS="800" WIDTH="17" HEIGHT="26" WC="0.96" CONTENT="ej"/><SP WIDTH="20" VPOS="800" HPOS="180"/>
							<String ID="string_178" HPOS="200" VPOS="800" WIDTH="76" HEIGHT="27" WC="0.93" CONTENT="tydligt"/><SP WIDTH="22" VPOS="800" HPOS="276"/>
							<String ID="string_179" HPOS="298" VPOS="800" WIDTH="63" HEIGHT="21" WC="0.92" CONTENT="derur"/><SP WIDTH="15" VPOS="800" HPOS="361"/>
							<String ID="string_180" HPOS="376" VPOS="799" WIDTH="39" HEIGHT="21" WC="0.95" CONTENT="har"/><SP WIDTH="15" VPOS="799" HPOS="415"/>
							<String ID="string_181" HPOS="430" VPOS="799" WIDTH="105" HEIGHT="27" WC="0.96" CONTENT="framgått,"/><SP WIDTH="16" VPOS="799" HPOS="535"/>
							<String ID="string_182" HPOS="551" VPOS="802" WIDTH="32" HEIGHT="19" WC="0.93" CONTENT="att"/><SP WIDTH="16" VPOS="802" HPOS="583"/>
							<String ID="string_183" HPOS="599" VPOS="801" WIDTH="103" HEIGHT="26" WC="0.91" CONTENT="nemligen"/><SP WIDTH="16" VPOS="801" HPOS="702"/>
							<String ID="string_184" HPOS="718" VPOS="801" WIDTH="102" HEIGHT="20" WC="0.96" CONTENT="kurserna"/><SP WIDTH="15" VPOS="801" HPOS="820"/>
							<String ID="string_185" HPOS="835" VPOS="800" WIDTH="66" HEIGHT="21" WC="0.96" CONTENT="borde"/><SP WIDTH="15" VPOS="800" HPOS="901"/>
							<String ID="string_186" HPOS="916" VPOS="800" WIDTH="69" HEIGHT="21" WC="0.95" CONTENT="hållas"/>
						</TextLine>
						<TextLine ID="line_20" HPOS="163" VPOS="828" WIDTH="823" HEIGHT="27">
							<String ID="string_187" HPOS="163" VPOS="828" WIDTH="101" HEIGHT="27" WC="0.91" CONTENT="anslagna"/><SP WIDTH="20" VPOS="828" HPOS="264"/>
							<String ID="string_188" HPOS="284" VPOS="830" WIDTH="27" HEIGHT="25" WC="0.96" CONTENT="på"/><SP WIDTH="23" VPOS="830" HPOS="311"/>
							<String ID="string_189" HPOS="334" VPOS="829" WIDTH="99" HEIGHT="26" WC="0.96" CONTENT="lämpliga"/><SP WIDTH="20" VPOS="829" HPOS="433"/>
							<String ID="string_190" HPOS="453" VPOS="829" WIDTH="76" HEIGHT="21" WC="0.96" CONTENT="ställen"/><SP WIDTH="15" VPOS="829" HPOS="529"/>
							<String ID="string_191" HPOS="544" VPOS="829" WIDTH="7" HEIGHT="21" WC="0.96" CONTENT="i"/><SP WIDTH="16" VPOS="829" HPOS="551"/>
							<String ID="string_192" HPOS="567" VPOS="829" WIDTH="88" HEIGHT="24" WC="0.94" CONTENT="banken,"/><SP WIDTH="22" VPOS="829" HPOS="655"/>
							<String ID="string_193" HPOS="677" VPOS="829" WIDTH="23" HEIGHT="20" WC="0.97" CONTENT="så"/><SP WIDTH="21" VPOS="829" HPOS="700"/>
							<String ID="string_194" HPOS="721" VPOS="831" WIDTH="31" HEIGHT="19" WC="0.96" CONTENT="att"/><SP WIDTH="15" VPOS="831" HPOS="752"/>
							<String ID="string_195" HPOS="767" VPOS="829" WIDTH="142" HEIGHT="21" WC="0.96" CONTENT="allmänheten"/><SP WIDTH="16" VPOS="829" HPOS="909"/>
							<String ID="string_196" HPOS="925" VPOS="829" WIDTH="61" HEIGHT="21" WC="0.96" CONTENT="alltid"/>
						</TextLine>
						<TextLine ID="line_21" HPOS="163" VPOS="857" WIDTH="823" HEIGHT="26">
							<String ID="string_197" HPOS="163" VPOS="857" WIDTH="71" HEIGHT="21" WC="0.96" CONTENT="kunde"/><SP WIDTH="15" VPOS="857" HPOS="234"/>
							<String ID="string_198" HPOS="249" VPOS="860" WIDTH="48" HEIGHT="18" WC="0.96" CONTENT="veta"/><SP WIDTH="15" VPOS="860" HPOS="297"/>
							<String ID="string_199" HPOS="312" VPOS="857" WIDTH="85" HEIGHT="21" WC="0.96" CONTENT="hvilken"/><SP WIDTH="15" VPOS="857" HPOS="397"/>
							<String ID="string_200" HPOS="412" VPOS="857" WIDTH="51" HEIGHT="20" WC="0.96" CONTENT="kurs"/><SP WIDTH="15" VPOS="857" HPOS="463"/>
							<String ID="string_201" HPOS="478" VPOS="859" WIDTH="23" HEIGHT="19" WC="0.97" CONTENT="är"/><SP WIDTH="16" VPOS="859" HPOS="501"/>
							<String ID="string_202" HPOS="517" VPOS="858" WIDTH="39" HEIGHT="21" WC="0.97" CONTENT="den"/><SP WIDTH="17" VPOS="858" HPOS="556"/>
							<String ID="string_203" HPOS="573" VPOS="857" WIDTH="103" HEIGHT="26" WC="0.92" CONTENT="gällande."/><SP WIDTH="30" VPOS="857" HPOS="676"/>
							<String ID="string_204" HPOS="706" VPOS="858" WIDTH="167" HEIGHT="21" WC="0.92" CONTENT="Bankutskottet"/><SP WIDTH="10" VPOS="858" HPOS="873"/>
							<String ID="string_205" HPOS="883" VPOS="858" WIDTH="39" HEIGHT="21" WC="0.93" CONTENT="har"/><SP WIDTH="9" VPOS="858" HPOS="922"/>
							<String ID="string_206" HPOS="931" VPOS="857" WIDTH="55" HEIGHT="22" WC="0.92" CONTENT="säle-"/>
						</TextLine>
						<TextLine ID="line_22" HPOS="164" VPOS="885" WIDTH="822" HEIGHT="28">
							<String ID="string_207" HPOS="164" VPOS="886" WIDTH="36" HEIGHT="20" WC="0.93" CONTENT="des"/><SP WIDTH="22" VPOS="886" HPOS="200"/>
							<String ID="string_208" HPOS="222" VPOS="886" WIDTH="56" HEIGHT="25" WC="0.91" CONTENT="sjelft"/><SP WIDTH="20" VPOS="886" HPOS="278"/>
							<String ID="string_209" HPOS="298" VPOS="887" WIDTH="82" HEIGHT="23" WC="0.96" CONTENT="erkänt,"/><SP WIDTH="20" VPOS="887" HPOS="380"/>
							<String ID="string_210" HPOS="400" VPOS="888" WIDTH="31" HEIGHT="18" WC="0.92" CONTENT="att"/><SP WIDTH="21" VPOS="888" HPOS="431"/>
							<String ID="string_211" HPOS="452" VPOS="887" WIDTH="165" HEIGHT="25" WC="0.91" CONTENT="presteståndets"/><SP WIDTH="18" VPOS="887" HPOS="617"/>
							<String ID="string_212" HPOS="635" VPOS="885" WIDTH="136" HEIGHT="27" WC="0.95" CONTENT="formulering"/><SP WIDTH="16" VPOS="885" HPOS="771"/>
							<String ID="string_213" HPOS="787" VPOS="887" WIDTH="21" HEIGHT="20" WC="0.96" CONTENT="af"/><SP WIDTH="13" VPOS="887" HPOS="808"/>
							<String ID="string_214" HPOS="821" VPOS="887" WIDTH="125" HEIGHT="26" WC="0.96" CONTENT="paragrafen"/><SP WIDTH="15" VPOS="887" HPOS="946"/>
							<String ID="string_215" HPOS="961" VPOS="888" WIDTH="25" HEIGHT="19" WC="0.96" CONTENT="är"/>
						</TextLine>
						<TextLine ID="line_23" HPOS="163" VPOS="913" WIDTH="822" HEIGHT="28">
							<String ID="string_216" HPOS="163" VPOS="913" WIDTH="109" HEIGHT="28" WC="0.96" CONTENT="tydligare,"/><SP WIDTH="16" VPOS="913" HPOS="272"/>
							<String ID="string_217" HPOS="288" VPOS="916" WIDTH="27" HEIGHT="19" WC="0.96" CONTENT="än"/><SP WIDTH="16" VPOS="916" HPOS="315"/>
							<String ID="string_218" HPOS="331" VPOS="915" WIDTH="39" HEIGHT="20" WC="0.96" CONTENT="den"/><SP WIDTH="17" VPOS="915" HPOS="370"/>
							<String ID="string_219" HPOS="387" VPOS="913" WIDTH="140" HEIGHT="28" WC="0.96" CONTENT="formulering,"/><SP WIDTH="16" VPOS="913" HPOS="527"/>
							<String ID="string_220" HPOS="543" VPOS="921" WIDTH="44" HEIGHT="14" WC="0.96" CONTENT="som"/><SP WIDTH="12" VPOS="921" HPOS="587"/>
							<String ID="string_221" HPOS="599" VPOS="915" WIDTH="65" HEIGHT="20" WC="0.96" CONTENT="redan"/><SP WIDTH="11" VPOS="915" HPOS="664"/>
							<String ID="string_222" HPOS="675" VPOS="914" WIDTH="65" HEIGHT="21" WC="0.96" CONTENT="finnes"/><SP WIDTH="11" VPOS="914" HPOS="740"/>
							<String ID="string_223" HPOS="751" VPOS="915" WIDTH="40" HEIGHT="21" WC="0.96" CONTENT="och"/><SP WIDTH="10" VPOS="915" HPOS="791"/>
							<String ID="string_224" HPOS="801" VPOS="921" WIDTH="44" HEIGHT="15" WC="0.96" CONTENT="som"/><SP WIDTH="12" VPOS="921" HPOS="845"/>
							<String ID="string_225" HPOS="857" VPOS="915" WIDTH="22" HEIGHT="20" WC="0.92" CONTENT="af"/><SP WIDTH="9" VPOS="915" HPOS="879"/>
							<String ID="string_226" HPOS="888" VPOS="915" WIDTH="97" HEIGHT="26" WC="0.91" CONTENT="borgare-"/>
						</TextLine>
						<TextLine ID="line_24" HPOS="162" VPOS="943" WIDTH="824" HEIGHT="27">
							<String ID="string_227" HPOS="162" VPOS="943" WIDTH="92" HEIGHT="25" WC="0.96" CONTENT="ståndet,"/><SP WIDTH="15" VPOS="943" HPOS="254"/>
							<String ID="string_228" HPOS="269" VPOS="943" WIDTH="7" HEIGHT="20" WC="0.93" CONTENT="i"/><SP WIDTH="16" VPOS="943" HPOS="276"/>
							<String ID="string_229" HPOS="292" VPOS="943" WIDTH="218" HEIGHT="21" WC="0.89" CONTENT="öfverensstämmelse"/><SP WIDTH="15" VPOS="943" HPOS="510"/>
							<String ID="string_230" HPOS="525" VPOS="943" WIDTH="48" HEIGHT="20" WC="0.93" CONTENT="med"/><SP WIDTH="16" VPOS="943" HPOS="573"/>
							<String ID="string_231" HPOS="589" VPOS="943" WIDTH="171" HEIGHT="21" WC="0.91" CONTENT="bankutskottets"/><SP WIDTH="11" VPOS="943" HPOS="760"/>
							<String ID="string_232" HPOS="771" VPOS="943" WIDTH="84" HEIGHT="27" WC="0.95" CONTENT="förslag,"/><SP WIDTH="12" VPOS="943" HPOS="855"/>
							<String ID="string_233" HPOS="867" VPOS="943" WIDTH="38" HEIGHT="21" WC="0.96" CONTENT="har"/><SP WIDTH="13" VPOS="943" HPOS="905"/>
							<String ID="string_234" HPOS="918" VPOS="943" WIDTH="68" HEIGHT="21" WC="0.96" CONTENT="blifvit"/>
						</TextLine>
						<TextLine ID="line_25" HPOS="163" VPOS="971" WIDTH="823" HEIGHT="27">
							<String ID="string_235" HPOS="163" VPOS="973" WIDTH="97" HEIGHT="24" WC="0.94" CONTENT="antagen."/><SP WIDTH="30" VPOS="973" HPOS="260"/>
							<String ID="string_236" HPOS="290" VPOS="971" WIDTH="33" HEIGHT="21" WC="0.96" CONTENT="Då"/><SP WIDTH="19" VPOS="971" HPOS="323"/>
							<String ID="string_237" HPOS="342" VPOS="978" WIDTH="28" HEIGHT="14" WC="0.95" CONTENT="nu"/><SP WIDTH="21" VPOS="978" HPOS="370"/>
							<String ID="string_238" HPOS="391" VPOS="971" WIDTH="103" HEIGHT="27" WC="0.95" CONTENT="tydlighet"/><SP WIDTH="21" VPOS="971" HPOS="494"/>
							<String ID="string_239" HPOS="515" VPOS="971" WIDTH="33" HEIGHT="21" WC="0.96" CONTENT="väl"/><SP WIDTH="22" VPOS="971" HPOS="548"/>
							<String ID="string_240" HPOS="570" VPOS="973" WIDTH="65" HEIGHT="20" WC="0.96" CONTENT="måste"/><SP WIDTH="22" VPOS="973" HPOS="635"/>
							<String ID="string_241" HPOS="657" VPOS="977" WIDTH="60" HEIGHT="15" WC="0.96" CONTENT="anses"/><SP WIDTH="18" VPOS="977" HPOS="717"/>
							<String ID="string_242" HPOS="735" VPOS="978" WIDTH="50" HEIGHT="15" WC="0.96" CONTENT="vara"/><SP WIDTH="11" VPOS="978" HPOS="785"/>
							<String ID="string_243" HPOS="796" VPOS="972" WIDTH="69" HEIGHT="21" WC="0.96" CONTENT="bättre"/><SP WIDTH="16" VPOS="972" HPOS="865"/>
							<String ID="string_244" HPOS="881" VPOS="974" WIDTH="26" HEIGHT="19" WC="0.93" CONTENT="än"/><SP WIDTH="17" VPOS="974" HPOS="907"/>
							<String ID="string_245" HPOS="924" VPOS="971" WIDTH="62" HEIGHT="27" WC="0.92" CONTENT="otyd-"/>
						</TextLine>
						<TextLine ID="line_26" HPOS="162" VPOS="999" WIDTH="824" HEIGHT="27">
							<String ID="string_246" HPOS="162" VPOS="999" WIDTH="72" HEIGHT="27" WC="0.82" CONTENT="lighet,"/><SP WIDTH="24" VPOS="999" HPOS="234"/>
							<String ID="string_247" HPOS="258" VPOS="1000" WIDTH="72" HEIGHT="26" WC="0.96" CONTENT="tyckes"/><SP WIDTH="24" VPOS="1000" HPOS="330"/>
							<String ID="string_248" HPOS="354" VPOS="1000" WIDTH="35" HEIGHT="21" WC="0.95" CONTENT="det"/><SP WIDTH="21" VPOS="1000" HPOS="389"/>
							<String ID="string_249" HPOS="410" VPOS="999" WIDTH="43" HEIGHT="26" WC="0.95" CONTENT="mig"/><SP WIDTH="18" VPOS="999" HPOS="453"/>
							<String ID="string_250" HPOS="471" VPOS="1001" WIDTH="68" HEIGHT="20" WC="0.96" CONTENT="såsom"/><SP WIDTH="16" VPOS="1001" HPOS="539"/>
							<String ID="string_251" HPOS="555" VPOS="1000" WIDTH="67" HEIGHT="21" WC="0.93" CONTENT="skulle"/><SP WIDTH="15" VPOS="1000" HPOS="622"/>
							<String ID="string_252" HPOS="637" VPOS="1000" WIDTH="163" HEIGHT="21" WC="0.91" CONTENT="bankutskottet"/><SP WIDTH="15" VPOS="1000" HPOS="800"/>
							<String ID="string_253" HPOS="815" VPOS="1001" WIDTH="62" HEIGHT="21" WC="0.96" CONTENT="hafva"/><SP WIDTH="15" VPOS="1001" HPOS="877"/>
							<String ID="string_254" HPOS="892" VPOS="1000" WIDTH="49" HEIGHT="21" WC="0.93" CONTENT="bort"/><SP WIDTH="14" VPOS="1000" HPOS="941"/>
							<String ID="string_255" HPOS="955" VPOS="1000" WIDTH="31" HEIGHT="21" WC="0.92" CONTENT="in-"/>
						</TextLine>
						<TextLine ID="line_27" HPOS="163" VPOS="1028" WIDTH="822" HEIGHT="27">
							<String ID="string_256" HPOS="163" VPOS="1028" WIDTH="64" HEIGHT="26" WC="0.92" CONTENT="bjuda"/><SP WIDTH="22" VPOS="1028" HPOS="227"/>
							<String ID="string_257" HPOS="249" VPOS="1028" WIDTH="177" HEIGHT="25" WC="0.91" CONTENT="borgareståndet"/><SP WIDTH="21" VPOS="1028" HPOS="426"/>
							<String ID="string_258" HPOS="447" VPOS="1028" WIDTH="38" HEIGHT="21" WC="0.95" CONTENT="och"/><SP WIDTH="24" VPOS="1028" HPOS="485"/>
							<String ID="string_259" HPOS="509" VPOS="1029" WIDTH="25" HEIGHT="20" WC="0.95" CONTENT="de"/><SP WIDTH="23" VPOS="1029" HPOS="534"/>
							<String ID="string_260" HPOS="557" VPOS="1029" WIDTH="66" HEIGHT="26" WC="0.95" CONTENT="öfriga"/><SP WIDTH="23" VPOS="1029" HPOS="623"/>
							<String ID="string_261" HPOS="646" VPOS="1028" WIDTH="89" HEIGHT="21" WC="0.96" CONTENT="stånden"/><SP WIDTH="23" VPOS="1028" HPOS="735"/>
							<String ID="string_262" HPOS="758" VPOS="1031" WIDTH="32" HEIGHT="18" WC="0.96" CONTENT="att"/><SP WIDTH="22" VPOS="1031" HPOS="790"/>
							<String ID="string_263" HPOS="812" VPOS="1029" WIDTH="73" HEIGHT="21" WC="0.96" CONTENT="förena"/><SP WIDTH="19" VPOS="1029" HPOS="885"/>
							<String ID="string_264" HPOS="904" VPOS="1029" WIDTH="32" HEIGHT="26" WC="0.96" CONTENT="sig"/><SP WIDTH="15" VPOS="1029" HPOS="936"/>
							<String ID="string_265" HPOS="951" VPOS="1035" WIDTH="34" HEIGHT="14" WC="0.96" CONTENT="om"/>
						</TextLine>
						<TextLine ID="line_28" HPOS="162" VPOS="1057" WIDTH="823" HEIGHT="28">
							<String ID="string_266" HPOS="162" VPOS="1057" WIDTH="168" HEIGHT="26" WC="0.91" CONTENT="presteståndets"/><SP WIDTH="15" VPOS="1057" HPOS="330"/>
							<String ID="string_267" HPOS="345" VPOS="1057" WIDTH="102" HEIGHT="26" WC="0.96" CONTENT="tydligare"/><SP WIDTH="16" VPOS="1057" HPOS="447"/>
							<String ID="string_268" HPOS="463" VPOS="1057" WIDTH="140" HEIGHT="26" WC="0.93" CONTENT="formulering."/><SP WIDTH="32" VPOS="1057" HPOS="603"/>
							<String ID="string_269" HPOS="635" VPOS="1057" WIDTH="38" HEIGHT="21" WC="0.94" CONTENT="Om"/><SP WIDTH="18" VPOS="1057" HPOS="673"/>
							<String ID="string_270" HPOS="691" VPOS="1063" WIDTH="46" HEIGHT="14" WC="0.94" CONTENT="man"/><SP WIDTH="16" VPOS="1063" HPOS="737"/>
							<String ID="string_271" HPOS="753" VPOS="1063" WIDTH="68" HEIGHT="20" WC="0.96" CONTENT="anser,"/><SP WIDTH="16" VPOS="1063" HPOS="821"/>
							<String ID="string_272" HPOS="837" VPOS="1060" WIDTH="32" HEIGHT="19" WC="0.96" CONTENT="att"/><SP WIDTH="13" VPOS="1060" HPOS="869"/>
							<String ID="string_273" HPOS="882" VPOS="1057" WIDTH="103" HEIGHT="28" WC="0.96" CONTENT="tydlighet"/>
						</TextLine>
						<TextLine ID="line_29" HPOS="162" VPOS="1084" WIDTH="822" HEIGHT="28">
							<String ID="string_274" HPOS="162" VPOS="1086" WIDTH="8" HEIGHT="19" WC="0.96" CONTENT="i"/><SP WIDTH="20" VPOS="1086" HPOS="170"/>
							<String ID="string_275" HPOS="190" VPOS="1085" WIDTH="62" HEIGHT="26" WC="0.96" CONTENT="lagen"/><SP WIDTH="18" VPOS="1085" HPOS="252"/>
							<String ID="string_276" HPOS="270" VPOS="1086" WIDTH="23" HEIGHT="20" WC="0.96" CONTENT="är"/><SP WIDTH="16" VPOS="1086" HPOS="293"/>
							<String ID="string_277" HPOS="309" VPOS="1085" WIDTH="22" HEIGHT="21" WC="0.96" CONTENT="af"/><SP WIDTH="14" VPOS="1085" HPOS="331"/>
							<String ID="string_278" HPOS="345" VPOS="1085" WIDTH="49" HEIGHT="25" WC="0.96" CONTENT="vigt,"/><SP WIDTH="16" VPOS="1085" HPOS="394"/>
							<String ID="string_279" HPOS="410" VPOS="1086" WIDTH="23" HEIGHT="20" WC="0.96" CONTENT="så"/><SP WIDTH="16" VPOS="1086" HPOS="433"/>
							<String ID="string_280" HPOS="449" VPOS="1084" WIDTH="67" HEIGHT="22" WC="0.96" CONTENT="skulle"/><SP WIDTH="13" VPOS="1084" HPOS="516"/>
							<String ID="string_281" HPOS="529" VPOS="1085" WIDTH="36" HEIGHT="26" WC="0.96" CONTENT="jag"/><SP WIDTH="15" VPOS="1085" HPOS="565"/>
							<String ID="string_282" HPOS="580" VPOS="1085" WIDTH="49" HEIGHT="26" WC="0.95" CONTENT="vilja"/><SP WIDTH="16" VPOS="1085" HPOS="629"/>
							<String ID="string_283" HPOS="645" VPOS="1084" WIDTH="55" HEIGHT="22" WC="0.96" CONTENT="hålla"/><SP WIDTH="15" VPOS="1084" HPOS="700"/>
							<String ID="string_284" HPOS="715" VPOS="1085" WIDTH="34" HEIGHT="27" WC="0.95" CONTENT="på,"/><SP WIDTH="16" VPOS="1085" HPOS="749"/>
							<String ID="string_285" HPOS="765" VPOS="1088" WIDTH="32" HEIGHT="18" WC="0.96" CONTENT="att"/><SP WIDTH="15" VPOS="1088" HPOS="797"/>
							<String ID="string_286" HPOS="812" VPOS="1086" WIDTH="39" HEIGHT="21" WC="0.93" CONTENT="den"/><SP WIDTH="16" VPOS="1086" HPOS="851"/>
							<String ID="string_287" HPOS="867" VPOS="1086" WIDTH="117" HEIGHT="26" WC="0.91" CONTENT="omredige-"/>
						</TextLine>
						<TextLine ID="line_30" HPOS="162" VPOS="1113" WIDTH="824" HEIGHT="27">
							<String ID="string_288" HPOS="162" VPOS="1113" WIDTH="54" HEIGHT="26" WC="0.95" CONTENT="ring,"/><SP WIDTH="20" VPOS="1113" HPOS="216"/>
							<String ID="string_289" HPOS="236" VPOS="1120" WIDTH="43" HEIGHT="14" WC="0.92" CONTENT="som"/><SP WIDTH="19" VPOS="1120" HPOS="279"/>
							<String ID="string_290" HPOS="298" VPOS="1114" WIDTH="156" HEIGHT="26" WC="0.91" CONTENT="presteståndet"/><SP WIDTH="20" VPOS="1114" HPOS="454"/>
							<String ID="string_291" HPOS="474" VPOS="1113" WIDTH="38" HEIGHT="21" WC="0.96" CONTENT="har"/><SP WIDTH="15" VPOS="1113" HPOS="512"/>
							<String ID="string_292" HPOS="527" VPOS="1114" WIDTH="7" HEIGHT="20" WC="0.96" CONTENT="i"/><SP WIDTH="15" VPOS="1114" HPOS="534"/>
							<String ID="string_293" HPOS="549" VPOS="1114" WIDTH="69" HEIGHT="20" WC="0.96" CONTENT="denna"/><SP WIDTH="19" VPOS="1114" HPOS="618"/>
							<String ID="string_294" HPOS="637" VPOS="1114" WIDTH="100" HEIGHT="26" WC="0.96" CONTENT="paragraf"/><SP WIDTH="13" VPOS="1114" HPOS="737"/>
							<String ID="string_295" HPOS="750" VPOS="1114" WIDTH="115" HEIGHT="26" WC="0.95" CONTENT="föreslagit,"/><SP WIDTH="15" VPOS="1114" HPOS="865"/>
							<String ID="string_296" HPOS="880" VPOS="1114" WIDTH="68" HEIGHT="22" WC="0.96" CONTENT="skulle"/><SP WIDTH="16" VPOS="1114" HPOS="948"/>
							<String ID="string_297" HPOS="964" VPOS="1114" WIDTH="22" HEIGHT="21" WC="0.96" CONTENT="af"/>
						</TextLine>
						<TextLine ID="line_31" HPOS="163" VPOS="1142" WIDTH="821" HEIGHT="27">
							<String ID="string_298" HPOS="163" VPOS="1142" WIDTH="157" HEIGHT="26" WC="0.91" CONTENT="presteståndet"/><SP WIDTH="17" VPOS="1142" HPOS="320"/>
							<String ID="string_299" HPOS="337" VPOS="1142" WIDTH="63" HEIGHT="21" WC="0.93" CONTENT="också"/><SP WIDTH="16" VPOS="1142" HPOS="400"/>
							<String ID="string_300" HPOS="416" VPOS="1142" WIDTH="109" HEIGHT="21" WC="0.91" CONTENT="vidhållas."/><SP WIDTH="30" VPOS="1142" HPOS="525"/>
							<String ID="string_301" HPOS="555" VPOS="1142" WIDTH="40" HEIGHT="22" WC="0.93" CONTENT="Om"/><SP WIDTH="16" VPOS="1142" HPOS="595"/>
							<String ID="string_302" HPOS="611" VPOS="1142" WIDTH="155" HEIGHT="27" WC="0.91" CONTENT="presteståndet"/><SP WIDTH="11" VPOS="1142" HPOS="766"/>
							<String ID="string_303" HPOS="777" VPOS="1145" WIDTH="39" HEIGHT="24" WC="0.96" CONTENT="gör"/><SP WIDTH="15" VPOS="1145" HPOS="816"/>
							<String ID="string_304" HPOS="831" VPOS="1143" WIDTH="64" HEIGHT="26" WC="0.96" CONTENT="detta,"/><SP WIDTH="16" VPOS="1143" HPOS="895"/>
							<String ID="string_305" HPOS="911" VPOS="1143" WIDTH="24" HEIGHT="21" WC="0.96" CONTENT="så"/><SP WIDTH="10" VPOS="1143" HPOS="935"/>
							<String ID="string_306" HPOS="945" VPOS="1143" WIDTH="39" HEIGHT="21" WC="0.96" CONTENT="har"/>
						</TextLine>
						<TextLine ID="line_32" HPOS="162" VPOS="1170" WIDTH="822" HEIGHT="29">
							<String ID="string_307" HPOS="162" VPOS="1170" WIDTH="67" HEIGHT="21" WC="0.96" CONTENT="heller"/><SP WIDTH="15" VPOS="1170" HPOS="229"/>
							<String ID="string_308" HPOS="244" VPOS="1170" WIDTH="107" HEIGHT="26" WC="0.96" CONTENT="ingenting"/><SP WIDTH="16" VPOS="1170" HPOS="351"/>
							<String ID="string_309" HPOS="367" VPOS="1171" WIDTH="86" HEIGHT="21" WC="0.95" CONTENT="dermed"/><SP WIDTH="15" VPOS="1171" HPOS="453"/>
							<String ID="string_310" HPOS="468" VPOS="1170" WIDTH="68" HEIGHT="22" WC="0.93" CONTENT="blifvit"/><SP WIDTH="15" VPOS="1170" HPOS="536"/>
							<String ID="string_311" HPOS="551" VPOS="1171" WIDTH="110" HEIGHT="25" WC="0.91" CONTENT="riskeradt,"/><SP WIDTH="17" VPOS="1171" HPOS="661"/>
							<String ID="string_312" HPOS="678" VPOS="1171" WIDTH="39" HEIGHT="27" WC="0.96" CONTENT="ty"/><SP WIDTH="-4" VPOS="1171" HPOS="717"/>
							<String ID="string_313" HPOS="713" VPOS="1166" WIDTH="10" HEIGHT="37" WC="0.96" CONTENT="i"/><SP WIDTH="11" VPOS="1166" HPOS="723"/>
							<String ID="string_314" HPOS="734" VPOS="1173" WIDTH="69" HEIGHT="19" WC="0.96" CONTENT="värsta"/><SP WIDTH="15" VPOS="1173" HPOS="803"/>
							<String ID="string_315" HPOS="818" VPOS="1171" WIDTH="37" HEIGHT="21" WC="0.96" CONTENT="fall"/><SP WIDTH="16" VPOS="1171" HPOS="855"/>
							<String ID="string_316" HPOS="871" VPOS="1172" WIDTH="40" HEIGHT="20" WC="0.93" CONTENT="blir"/><SP WIDTH="12" VPOS="1172" HPOS="911"/>
							<String ID="string_317" HPOS="923" VPOS="1178" WIDTH="61" HEIGHT="21" WC="0.92" CONTENT="para-"/>
						</TextLine>
						<TextLine ID="line_33" HPOS="161" VPOS="1198" WIDTH="823" HEIGHT="28">
							<String ID="string_318" HPOS="161" VPOS="1198" WIDTH="73" HEIGHT="26" WC="0.96" CONTENT="grafen"/><SP WIDTH="15" VPOS="1198" HPOS="234"/>
							<String ID="string_319" HPOS="249" VPOS="1198" WIDTH="71" HEIGHT="27" WC="0.96" CONTENT="sådan,"/><SP WIDTH="17" VPOS="1198" HPOS="320"/>
							<String ID="string_320" HPOS="337" VPOS="1205" WIDTH="44" HEIGHT="15" WC="0.96" CONTENT="som"/><SP WIDTH="17" VPOS="1205" HPOS="381"/>
							<String ID="string_321" HPOS="398" VPOS="1200" WIDTH="39" HEIGHT="20" WC="0.96" CONTENT="den"/><SP WIDTH="16" VPOS="1200" HPOS="437"/>
							<String ID="string_322" HPOS="453" VPOS="1200" WIDTH="65" HEIGHT="20" WC="0.93" CONTENT="redan"/><SP WIDTH="15" VPOS="1200" HPOS="518"/>
							<String ID="string_323" HPOS="533" VPOS="1199" WIDTH="118" HEIGHT="23" WC="0.89" CONTENT="förefinnes,"/><SP WIDTH="17" VPOS="1199" HPOS="651"/>
							<String ID="string_324" HPOS="668" VPOS="1206" WIDTH="33" HEIGHT="14" WC="0.93" CONTENT="om"/><SP WIDTH="16" VPOS="1206" HPOS="701"/>
							<String ID="string_325" HPOS="717" VPOS="1200" WIDTH="104" HEIGHT="26" WC="0.91" CONTENT="nemligen"/><SP WIDTH="16" VPOS="1200" HPOS="821"/>
							<String ID="string_326" HPOS="837" VPOS="1200" WIDTH="147" HEIGHT="26" WC="0.95" CONTENT="ridderskapet"/>
						</TextLine>
						<TextLine ID="line_34" HPOS="162" VPOS="1227" WIDTH="525" HEIGHT="27">
							<String ID="string_327" HPOS="162" VPOS="1227" WIDTH="39" HEIGHT="21" WC="0.96" CONTENT="och"/><SP WIDTH="16" VPOS="1227" HPOS="201"/>
							<String ID="string_328" HPOS="217" VPOS="1227" WIDTH="62" HEIGHT="21" WC="0.96" CONTENT="adeln"/><SP WIDTH="17" VPOS="1227" HPOS="279"/>
							<String ID="string_329" HPOS="296" VPOS="1227" WIDTH="39" HEIGHT="21" WC="0.95" CONTENT="och"/><SP WIDTH="15" VPOS="1227" HPOS="335"/>
							<String ID="string_330" HPOS="350" VPOS="1227" WIDTH="155" HEIGHT="21" WC="0.96" CONTENT="bondeståndet"/><SP WIDTH="15" VPOS="1227" HPOS="505"/>
							<String ID="string_331" HPOS="520" VPOS="1228" WIDTH="26" HEIGHT="26" WC="0.96" CONTENT="gå"/><SP WIDTH="15" VPOS="1228" HPOS="546"/>
							<String ID="string_332" HPOS="561" VPOS="1228" WIDTH="21" HEIGHT="20" WC="0.96" CONTENT="in"/><SP WIDTH="16" VPOS="1228" HPOS="582"/>
							<String ID="string_333" HPOS="598" VPOS="1228" WIDTH="27" HEIGHT="26" WC="0.96" CONTENT="på"/><SP WIDTH="16" VPOS="1228" HPOS="625"/>
							<String ID="string_334" HPOS="641" VPOS="1228" WIDTH="46" HEIGHT="20" WC="0.96" CONTENT="den."/>
						</TextLine>
					</TextBlock>
				</ComposedBlock>
				<GraphicalElement ID="cblock_4" HPOS="454" VPOS="630" WIDTH="7" HEIGHT="305"></GraphicalElement >
				<ComposedBlock ID="cblock_5" HPOS="160" VPOS="1284" WIDTH="824" HEIGHT="284">
					<TextBlock ID="block_3" HPOS="160" VPOS="1284" WIDTH="824" HEIGHT="284">
						<TextLine ID="line_35" HPOS="230" VPOS="1284" WIDTH="754" HEIGHT="22">
							<String ID="string_335" HPOS="230" VPOS="1284" WIDTH="110" HEIGHT="21" WC="0.96" CONTENT="Professor"/><SP WIDTH="49" VPOS="1284" HPOS="340"/>
							<String ID="string_336" HPOS="389" VPOS="1290" WIDTH="103" HEIGHT="15" WC="0.95" CONTENT="Donner:"/><SP WIDTH="24" VPOS="1290" HPOS="492"/>
							<String ID="string_337" HPOS="516" VPOS="1284" WIDTH="39" HEIGHT="21" WC="0.96" CONTENT="Om"/><SP WIDTH="21" VPOS="1284" HPOS="555"/>
							<String ID="string_338" HPOS="576" VPOS="1284" WIDTH="48" HEIGHT="21" WC="0.96" CONTENT="hela"/><SP WIDTH="19" VPOS="1284" HPOS="624"/>
							<String ID="string_339" HPOS="643" VPOS="1284" WIDTH="106" HEIGHT="22" WC="0.95" CONTENT="utskottet"/><SP WIDTH="20" VPOS="1284" HPOS="749"/>
							<String ID="string_340" HPOS="769" VPOS="1284" WIDTH="69" HEIGHT="22" WC="0.96" CONTENT="skulle"/><SP WIDTH="15" VPOS="1284" HPOS="838"/>
							<String ID="string_341" HPOS="853" VPOS="1285" WIDTH="62" HEIGHT="21" WC="0.96" CONTENT="hafva"/><SP WIDTH="15" VPOS="1285" HPOS="915"/>
							<String ID="string_342" HPOS="930" VPOS="1285" WIDTH="54" HEIGHT="21" WC="0.96" CONTENT="varit"/>
						</TextLine>
						<TextLine ID="line_36" HPOS="162" VPOS="1312" WIDTH="821" HEIGHT="28">
							<String ID="string_343" HPOS="162" VPOS="1312" WIDTH="23" HEIGHT="21" WC="0.95" CONTENT="af"/><SP WIDTH="8" VPOS="1312" HPOS="185"/>
							<String ID="string_344" HPOS="193" VPOS="1318" WIDTH="81" HEIGHT="15" WC="0.90" CONTENT="samma"/><SP WIDTH="15" VPOS="1318" HPOS="274"/>
							<String ID="string_345" HPOS="289" VPOS="1312" WIDTH="61" HEIGHT="26" WC="0.87" CONTENT="åsigt,"/><SP WIDTH="15" VPOS="1312" HPOS="350"/>
							<String ID="string_346" HPOS="365" VPOS="1318" WIDTH="45" HEIGHT="15" WC="0.92" CONTENT="som"/><SP WIDTH="16" VPOS="1318" HPOS="410"/>
							<String ID="string_347" HPOS="426" VPOS="1313" WIDTH="155" HEIGHT="26" WC="0.91" CONTENT="presteståndet"/><SP WIDTH="15" VPOS="1313" HPOS="581"/>
							<String ID="string_348" HPOS="596" VPOS="1312" WIDTH="133" HEIGHT="27" WC="0.96" CONTENT="synbarligen"/><SP WIDTH="15" VPOS="1312" HPOS="729"/>
							<String ID="string_349" HPOS="744" VPOS="1314" WIDTH="7" HEIGHT="20" WC="0.96" CONTENT="i"/><SP WIDTH="16" VPOS="1314" HPOS="751"/>
							<String ID="string_350" HPOS="767" VPOS="1313" WIDTH="37" HEIGHT="21" WC="0.96" CONTENT="sitt"/><SP WIDTH="15" VPOS="1313" HPOS="804"/>
							<String ID="string_351" HPOS="819" VPOS="1314" WIDTH="69" HEIGHT="20" WC="0.96" CONTENT="beslut"/><SP WIDTH="11" VPOS="1314" HPOS="888"/>
							<String ID="string_352" HPOS="899" VPOS="1314" WIDTH="84" HEIGHT="26" WC="0.96" CONTENT="uttalat,"/>
						</TextLine>
						<TextLine ID="line_37" HPOS="161" VPOS="1340" WIDTH="823" HEIGHT="27">
							<String ID="string_353" HPOS="161" VPOS="1342" WIDTH="32" HEIGHT="18" WC="0.96" CONTENT="att"/><SP WIDTH="20" VPOS="1342" HPOS="193"/>
							<String ID="string_354" HPOS="213" VPOS="1340" WIDTH="36" HEIGHT="20" WC="0.93" CONTENT="det"/><SP WIDTH="19" VPOS="1340" HPOS="249"/>
							<String ID="string_355" HPOS="268" VPOS="1341" WIDTH="62" HEIGHT="25" WC="0.92" CONTENT="gälde"/><SP WIDTH="19" VPOS="1341" HPOS="330"/>
							<String ID="string_356" HPOS="349" VPOS="1341" WIDTH="74" HEIGHT="19" WC="0.96" CONTENT="endast"/><SP WIDTH="18" VPOS="1341" HPOS="423"/>
							<String ID="string_357" HPOS="441" VPOS="1343" WIDTH="31" HEIGHT="17" WC="0.96" CONTENT="ett"/><SP WIDTH="20" VPOS="1343" HPOS="472"/>
							<String ID="string_358" HPOS="492" VPOS="1341" WIDTH="161" HEIGHT="26" WC="0.96" CONTENT="förtydligande,"/><SP WIDTH="21" VPOS="1341" HPOS="653"/>
							<String ID="string_359" HPOS="674" VPOS="1342" WIDTH="68" HEIGHT="19" WC="0.93" CONTENT="skulle"/><SP WIDTH="17" VPOS="1342" HPOS="742"/>
							<String ID="string_360" HPOS="759" VPOS="1342" WIDTH="105" HEIGHT="20" WC="0.91" CONTENT="mähända"/><SP WIDTH="15" VPOS="1342" HPOS="864"/>
							<String ID="string_361" HPOS="879" VPOS="1342" WIDTH="105" HEIGHT="20" WC="0.95" CONTENT="utskottet"/>
						</TextLine>
						<TextLine ID="line_38" HPOS="161" VPOS="1368" WIDTH="821" HEIGHT="27">
							<String ID="string_362" HPOS="161" VPOS="1368" WIDTH="63" HEIGHT="20" WC="0.92" CONTENT="ocksä"/><SP WIDTH="12" VPOS="1368" HPOS="224"/>
							<String ID="string_363" HPOS="236" VPOS="1368" WIDTH="61" HEIGHT="21" WC="0.92" CONTENT="hafva"/><SP WIDTH="10" VPOS="1368" HPOS="297"/>
							<String ID="string_364" HPOS="307" VPOS="1368" WIDTH="57" HEIGHT="26" WC="0.96" CONTENT="gjort"/><SP WIDTH="9" VPOS="1368" HPOS="364"/>
							<String ID="string_365" HPOS="373" VPOS="1368" WIDTH="78" HEIGHT="26" WC="0.96" CONTENT="förslag"/><SP WIDTH="10" VPOS="1368" HPOS="451"/>
							<String ID="string_366" HPOS="461" VPOS="1369" WIDTH="7" HEIGHT="20" WC="0.96" CONTENT="i"/><SP WIDTH="11" VPOS="1369" HPOS="468"/>
							<String ID="string_367" HPOS="479" VPOS="1369" WIDTH="34" HEIGHT="20" WC="0.96" CONTENT="det"/><SP WIDTH="11" VPOS="1369" HPOS="513"/>
							<String ID="string_368" HPOS="524" VPOS="1368" WIDTH="60" HEIGHT="27" WC="0.96" CONTENT="syfte,"/><SP WIDTH="17" VPOS="1368" HPOS="584"/>
							<String ID="string_369" HPOS="601" VPOS="1374" WIDTH="45" HEIGHT="15" WC="0.93" CONTENT="som"/><SP WIDTH="11" VPOS="1374" HPOS="646"/>
							<String ID="string_370" HPOS="657" VPOS="1369" WIDTH="72" HEIGHT="21" WC="0.91" CONTENT="rektor"/><SP WIDTH="10" VPOS="1369" HPOS="729"/>
							<String ID="string_371" HPOS="739" VPOS="1369" WIDTH="99" HEIGHT="21" WC="0.96" CONTENT="Kihlman"/><SP WIDTH="9" VPOS="1369" HPOS="838"/>
							<String ID="string_372" HPOS="847" VPOS="1376" WIDTH="27" HEIGHT="14" WC="0.93" CONTENT="nu"/><SP WIDTH="9" VPOS="1376" HPOS="874"/>
							<String ID="string_373" HPOS="883" VPOS="1370" WIDTH="99" HEIGHT="21" WC="0.92" CONTENT="önskade."/>
						</TextLine>
						<TextLine ID="line_39" HPOS="161" VPOS="1396" WIDTH="823" HEIGHT="29">
							<String ID="string_374" HPOS="161" VPOS="1396" WIDTH="49" HEIGHT="20" WC="0.96" CONTENT="Men"/><SP WIDTH="15" VPOS="1396" HPOS="210"/>
							<String ID="string_375" HPOS="225" VPOS="1396" WIDTH="56" HEIGHT="21" WC="0.93" CONTENT="inom"/><SP WIDTH="16" VPOS="1396" HPOS="281"/>
							<String ID="string_376" HPOS="297" VPOS="1396" WIDTH="105" HEIGHT="21" WC="0.92" CONTENT="utskottet"/><SP WIDTH="14" VPOS="1396" HPOS="402"/>
							<String ID="string_377" HPOS="416" VPOS="1396" WIDTH="47" HEIGHT="21" WC="0.96" CONTENT="fans"/><SP WIDTH="15" VPOS="1396" HPOS="463"/>
							<String ID="string_378" HPOS="478" VPOS="1403" WIDTH="26" HEIGHT="14" WC="0.93" CONTENT="en"/><SP WIDTH="15" VPOS="1403" HPOS="504"/>
							<String ID="string_379" HPOS="519" VPOS="1396" WIDTH="59" HEIGHT="22" WC="0.91" CONTENT="stark"/><SP WIDTH="15" VPOS="1396" HPOS="578"/>
							<String ID="string_380" HPOS="593" VPOS="1396" WIDTH="114" HEIGHT="27" WC="0.93" CONTENT="minoritet,"/><SP WIDTH="15" VPOS="1396" HPOS="707"/>
							<String ID="string_381" HPOS="722" VPOS="1404" WIDTH="46" HEIGHT="14" WC="0.93" CONTENT="som"/><SP WIDTH="11" VPOS="1404" HPOS="768"/>
							<String ID="string_382" HPOS="779" VPOS="1398" WIDTH="70" HEIGHT="26" WC="0.92" CONTENT="ansäg,"/><SP WIDTH="11" VPOS="1398" HPOS="849"/>
							<String ID="string_383" HPOS="860" VPOS="1400" WIDTH="33" HEIGHT="18" WC="0.92" CONTENT="att"/><SP WIDTH="10" VPOS="1400" HPOS="893"/>
							<String ID="string_384" HPOS="903" VPOS="1400" WIDTH="81" HEIGHT="25" WC="0.92" CONTENT="preste-"/>
						</TextLine>
						<TextLine ID="line_40" HPOS="160" VPOS="1424" WIDTH="823" HEIGHT="29">
							<String ID="string_385" HPOS="160" VPOS="1424" WIDTH="96" HEIGHT="21" WC="0.92" CONTENT="ständets"/><SP WIDTH="20" VPOS="1424" HPOS="256"/>
							<String ID="string_386" HPOS="276" VPOS="1424" WIDTH="70" HEIGHT="22" WC="0.93" CONTENT="beslut"/><SP WIDTH="22" VPOS="1424" HPOS="346"/>
							<String ID="string_387" HPOS="368" VPOS="1425" WIDTH="130" HEIGHT="21" WC="0.92" CONTENT="innefattade"/><SP WIDTH="23" VPOS="1425" HPOS="498"/>
							<String ID="string_388" HPOS="521" VPOS="1432" WIDTH="26" HEIGHT="15" WC="0.92" CONTENT="en"/><SP WIDTH="23" VPOS="1432" HPOS="547"/>
							<String ID="string_389" HPOS="570" VPOS="1425" WIDTH="83" HEIGHT="28" WC="0.92" CONTENT="verklig"/><SP WIDTH="19" VPOS="1425" HPOS="653"/>
							<String ID="string_390" HPOS="672" VPOS="1426" WIDTH="121" HEIGHT="27" WC="0.92" CONTENT="förändring"/><SP WIDTH="16" VPOS="1426" HPOS="793"/>
							<String ID="string_391" HPOS="809" VPOS="1426" WIDTH="39" HEIGHT="21" WC="0.96" CONTENT="och"/><SP WIDTH="16" VPOS="1426" HPOS="848"/>
							<String ID="string_392" HPOS="864" VPOS="1433" WIDTH="34" HEIGHT="14" WC="0.95" CONTENT="om"/><SP WIDTH="16" VPOS="1433" HPOS="898"/>
							<String ID="string_393" HPOS="914" VPOS="1427" WIDTH="69" HEIGHT="21" WC="0.95" CONTENT="denna"/>
						</TextLine>
						<TextLine ID="line_41" HPOS="161" VPOS="1453" WIDTH="823" HEIGHT="29">
							<String ID="string_394" HPOS="161" VPOS="1453" WIDTH="55" HEIGHT="27" WC="0.88" CONTENT="äsigt"/><SP WIDTH="23" VPOS="1453" HPOS="216"/>
							<String ID="string_395" HPOS="239" VPOS="1453" WIDTH="63" HEIGHT="22" WC="0.90" CONTENT="ocksä"/><SP WIDTH="23" VPOS="1453" HPOS="302"/>
							<String ID="string_396" HPOS="325" VPOS="1453" WIDTH="55" HEIGHT="22" WC="0.93" CONTENT="hade"/><SP WIDTH="20" VPOS="1453" HPOS="380"/>
							<String ID="string_397" HPOS="400" VPOS="1453" WIDTH="67" HEIGHT="22" WC="0.92" CONTENT="blifvit"/><SP WIDTH="20" VPOS="1453" HPOS="467"/>
							<String ID="string_398" HPOS="487" VPOS="1454" WIDTH="144" HEIGHT="27" WC="0.92" CONTENT="majoritetens"/><SP WIDTH="15" VPOS="1454" HPOS="631"/>
							<String ID="string_399" HPOS="646" VPOS="1455" WIDTH="56" HEIGHT="21" WC="0.93" CONTENT="inom"/><SP WIDTH="16" VPOS="1455" HPOS="702"/>
							<String ID="string_400" HPOS="718" VPOS="1455" WIDTH="111" HEIGHT="27" WC="0.92" CONTENT="utskottet,"/><SP WIDTH="16" VPOS="1455" HPOS="829"/>
							<String ID="string_401" HPOS="845" VPOS="1455" WIDTH="68" HEIGHT="22" WC="0.93" CONTENT="skulle"/><SP WIDTH="15" VPOS="1455" HPOS="913"/>
							<String ID="string_402" HPOS="928" VPOS="1461" WIDTH="56" HEIGHT="16" WC="0.91" CONTENT="sam-"/>
						</TextLine>
						<TextLine ID="line_42" HPOS="160" VPOS="1482" WIDTH="824" HEIGHT="29">
							<String ID="string_403" HPOS="160" VPOS="1482" WIDTH="185" HEIGHT="27" WC="0.92" CONTENT="manjemkningen"/><SP WIDTH="22" VPOS="1482" HPOS="345"/>
							<String ID="string_404" HPOS="367" VPOS="1482" WIDTH="62" HEIGHT="22" WC="0.96" CONTENT="hafva"/><SP WIDTH="21" VPOS="1482" HPOS="429"/>
							<String ID="string_405" HPOS="450" VPOS="1483" WIDTH="56" HEIGHT="21" WC="0.88" CONTENT="skett"/><SP WIDTH="15" VPOS="1483" HPOS="506"/>
							<String ID="string_406" HPOS="521" VPOS="1483" WIDTH="6" HEIGHT="21" WC="0.82" CONTENT="i"/><SP WIDTH="16" VPOS="1483" HPOS="527"/>
							<String ID="string_407" HPOS="543" VPOS="1483" WIDTH="40" HEIGHT="22" WC="0.82" CONTENT="den"/><SP WIDTH="22" VPOS="1483" HPOS="583"/>
							<String ID="string_408" HPOS="605" VPOS="1485" WIDTH="101" HEIGHT="20" WC="0.96" CONTENT="motsatta"/><SP WIDTH="23" VPOS="1485" HPOS="706"/>
							<String ID="string_409" HPOS="729" VPOS="1484" WIDTH="125" HEIGHT="27" WC="0.96" CONTENT="riktningen."/><SP WIDTH="30" VPOS="1484" HPOS="854"/>
							<String ID="string_410" HPOS="884" VPOS="1485" WIDTH="43" HEIGHT="21" WC="0.96" CONTENT="Det"/><SP WIDTH="20" VPOS="1485" HPOS="927"/>
							<String ID="string_411" HPOS="947" VPOS="1491" WIDTH="37" HEIGHT="15" WC="0.96" CONTENT="var"/>
						</TextLine>
						<TextLine ID="line_43" HPOS="160" VPOS="1511" WIDTH="823" HEIGHT="29">
							<String ID="string_412" HPOS="160" VPOS="1511" WIDTH="83" HEIGHT="22" WC="0.92" CONTENT="säledes"/><SP WIDTH="15" VPOS="1511" HPOS="243"/>
							<String ID="string_413" HPOS="258" VPOS="1518" WIDTH="25" HEIGHT="15" WC="0.93" CONTENT="en"/><SP WIDTH="16" VPOS="1518" HPOS="283"/>
							<String ID="string_414" HPOS="299" VPOS="1511" WIDTH="116" HEIGHT="27" WC="0.92" CONTENT="medelväg,"/><SP WIDTH="16" VPOS="1511" HPOS="415"/>
							<String ID="string_415" HPOS="431" VPOS="1517" WIDTH="45" HEIGHT="16" WC="0.96" CONTENT="som"/><SP WIDTH="15" VPOS="1517" HPOS="476"/>
							<String ID="string_416" HPOS="491" VPOS="1518" WIDTH="49" HEIGHT="15" WC="0.96" CONTENT="man"/><SP WIDTH="15" VPOS="1518" HPOS="540"/>
							<String ID="string_417" HPOS="555" VPOS="1512" WIDTH="53" HEIGHT="27" WC="0.96" CONTENT="gick,"/><SP WIDTH="17" VPOS="1512" HPOS="608"/>
							<String ID="string_418" HPOS="625" VPOS="1512" WIDTH="26" HEIGHT="21" WC="0.96" CONTENT="dä"/><SP WIDTH="16" VPOS="1512" HPOS="651"/>
							<String ID="string_419" HPOS="667" VPOS="1519" WIDTH="47" HEIGHT="14" WC="0.96" CONTENT="man"/><SP WIDTH="14" VPOS="1519" HPOS="714"/>
							<String ID="string_420" HPOS="728" VPOS="1513" WIDTH="49" HEIGHT="22" WC="0.93" CONTENT="ville"/><SP WIDTH="14" VPOS="1513" HPOS="777"/>
							<String ID="string_421" HPOS="791" VPOS="1515" WIDTH="28" HEIGHT="25" WC="0.93" CONTENT="gä"/><SP WIDTH="12" VPOS="1515" HPOS="819"/>
							<String ID="string_422" HPOS="831" VPOS="1513" WIDTH="101" HEIGHT="22" WC="0.91" CONTENT="tillmötes"/><SP WIDTH="11" VPOS="1513" HPOS="932"/>
							<String ID="string_423" HPOS="943" VPOS="1513" WIDTH="40" HEIGHT="22" WC="0.96" CONTENT="den"/>
						</TextLine>
						<TextLine ID="line_44" HPOS="160" VPOS="1540" WIDTH="824" HEIGHT="28">
							<String ID="string_424" HPOS="160" VPOS="1540" WIDTH="61" HEIGHT="27" WC="0.92" CONTENT="äsigt,"/><SP WIDTH="23" VPOS="1540" HPOS="221"/>
							<String ID="string_425" HPOS="244" VPOS="1546" WIDTH="44" HEIGHT="16" WC="0.93" CONTENT="som"/><SP WIDTH="23" VPOS="1546" HPOS="288"/>
							<String ID="string_426" HPOS="311" VPOS="1540" WIDTH="166" HEIGHT="28" WC="0.90" CONTENT="presteständets"/><SP WIDTH="23" VPOS="1540" HPOS="477"/>
							<String ID="string_427" HPOS="500" VPOS="1541" WIDTH="69" HEIGHT="22" WC="0.96" CONTENT="beslut"/><SP WIDTH="14" VPOS="1541" HPOS="569"/>
							<String ID="string_428" HPOS="583" VPOS="1541" WIDTH="7" HEIGHT="22" WC="0.96" CONTENT="i"/><SP WIDTH="15" VPOS="1541" HPOS="590"/>
							<String ID="string_429" HPOS="605" VPOS="1541" WIDTH="47" HEIGHT="22" WC="0.96" CONTENT="dess"/><SP WIDTH="19" VPOS="1541" HPOS="652"/>
							<String ID="string_430" HPOS="671" VPOS="1542" WIDTH="66" HEIGHT="21" WC="0.93" CONTENT="tanke"/><SP WIDTH="18" VPOS="1542" HPOS="737"/>
							<String ID="string_431" HPOS="755" VPOS="1542" WIDTH="88" HEIGHT="22" WC="0.92" CONTENT="innebar"/><SP WIDTH="15" VPOS="1542" HPOS="843"/>
							<String ID="string_432" HPOS="858" VPOS="1543" WIDTH="39" HEIGHT="21" WC="0.93" CONTENT="och"/><SP WIDTH="16" VPOS="1543" HPOS="897"/>
							<String ID="string_433" HPOS="913" VPOS="1542" WIDTH="71" HEIGHT="22" WC="0.93" CONTENT="derför"/>
						</TextLine>
					</TextBlock>
				</ComposedBlock>
			</PrintSpace>
		</Page>
	</Layout>
</alto>
