1078 1800
302 149 161 19 Presteståndet
476 150 54 18 1877.
554 151 27 17 20
594 151 111 17 december.
830 146 55 20 3049

93 218 112 27 tryggades
226 224 76 20 genom
325 218 125 26 vidtagande
473 218 21 22 af
514 218 100 28 åtgärder
634 218 45 22 från
699 219 143 26 Föreningens
861 220 51 21 sida.

93 246 40 27 Jag
147 246 33 22 för
192 246 41 22 min
250 246 33 22 del
299 253 61 15 anser
375 247 36 21 det
426 247 115 27 olämpligt,
557 249 31 19 att
600 247 114 21 ständerna
723 248 78 20 föreslå
811 248 33 21 för
853 248 60 22 Hans

93 274 99 27 Majestät
214 275 100 26 vilkoren,
330 275 67 21 under
417 275 71 21 hvilka
506 276 58 20 Hans
582 275 100 27 Majestät
697 275 39 21 bör
750 276 163 22 subventionera

93 302 137 27 Föreningen.
253 303 132 27 Lämpligare
401 303 105 21 förefaller
521 304 36 20 det
572 304 47 26 mig,
636 306 32 18 att
683 304 113 21 ständerna
806 304 106 26 uppställa

93 330 68 22 vilkor
181 331 33 21 för
233 332 39 20 den
291 331 88 24 lättnad,
395 337 44 15 som
458 331 26 21 de
502 332 76 26 bevilja
593 331 137 27 Föreningen.
760 332 42 27 Jag
816 332 97 22 förordar

93 359 82 22 således
189 360 302 21 statsutskottsbetänkandets
506 360 124 27 antagande.

162 416 141 28 Domprosten
318 416 133 22 Renvall:
481 417 38 21 Att
535 417 25 21 de
576 418 74 26 många
667 417 109 26 millioner,
793 424 45 15 som
850 418 62 21 hafva

92 444 69 22 blifvit
183 445 98 22 utlånade
299 446 23 21 åt
340 445 140 27 jordbrukare
498 446 32 21 för
548 446 61 21 deras
624 446 128 26 fastigheter,
768 446 66 21 skulle
850 446 62 21 hafva

92 474 69 21 blifvit
176 475 23 21 så
214 474 36 21 illa
265 474 102 26 använda,
383 480 44 16 som
441 480 25 15 en
477 474 39 21 och
526 480 69 16 annan
607 474 21 22 af
638 474 24 21 de
674 474 124 26 föregående
809 474 101 24 talarena,

92 502 106 22 sannolikt
218 509 75 21 genom
315 509 25 15 en
359 503 76 26 partiel
456 503 126 25 erfarenhet,
601 502 62 22 hafva
681 505 69 19 ansett
769 504 32 26 sig
816 510 49 14 vara
876 504 35 20 be-

92 531 106 26 rättigade
212 534 32 19 att
259 532 74 25 uttala,
349 531 41 21 kan
406 538 48 14 man
469 533 57 20 sätta
541 531 125 27 fullkomligt
682 532 6 20 i
704 532 64 26 fråga.
785 532 39 21 Om
836 532 75 26 många

92 560 61 20 hafva
169 560 126 22 missbrukat
312 560 61 21 dessa
388 560 41 25 lån,
443 560 24 21 så
482 560 61 21 hafva
559 562 74 24 mänga
645 561 45 20 åter
701 562 92 20 användt
804 561 46 21 dem
861 563 48 19 rätt.

92 588 65 21 Detta
173 588 113 27 medgifver
301 588 64 22 också
379 589 105 21 utskottet
496 588 61 27 sjelft.
574 588 71 22 Skulle
655 589 105 21 utskottet
770 589 61 21 hafva
842 589 69 26 utgått

91 617 45 20 från
153 623 80 15 samma
247 618 54 26 äsigt
316 618 108 25 angående
443 617 61 22 dessa
521 617 45 22 läns
581 617 145 26 förderflighet
736 618 32 21 för
776 617 133 27 jordbruket,

91 645 54 21 hade
166 646 35 21 det
222 645 34 22 väl
274 645 61 22 äfven
350 645 48 22 bort
414 646 83 21 komma
512 645 32 22 till
560 652 79 15 samma
655 646 88 21 resultat
758 653 45 15 som
824 649 85 23 prosten

92 673 115 28 Grönberg.
237 674 40 27 Jag
293 675 79 26 tycker,
388 677 32 18 att
436 674 34 21 det
486 677 73 18 nästan
574 677 24 19 är
607 674 32 21 för
649 674 147 21 obetänksamt
806 677 32 18 att
848 675 62 20 döma

92 703 57 20 öfver
170 703 115 26 hundrade,
307 703 79 21 kanske
401 703 118 21 tusendeta]
535 709 106 20 personer,
661 709 44 15 som
728 703 72 21 säkert
815 705 36 20 äro
867 703 43 21 lika

91 731 64 21 kloka
171 731 39 21 och
225 731 129 26 förståndiga
371 732 4 20 i
392 731 98 21 afseende
506 733 12 19 å
534 731 45 22 sina
594 731 86 21 affärers
695 731 110 25 skötande,
820 737 44 16 som
879 731 32 26 de,

91 759 70 22 hvilka
182 762 51 24 göra
255 760 164 26 anmärkningar
440 763 55 18 emot
518 760 52 21 dem.
601 760 39 26 Jag
662 760 38 21 har
723 760 121 26 visserligen
864 760 45 21 icke

92 788 67 26 någon
183 789 75 26 speciel
281 788 120 21 erfarenhet
421 795 33 14 om
478 789 75 26 många
568 788 150 27 jordbrukares
737 789 136 21 användande
889 788 22 21 af

92 816 26 21 de
133 816 40 26 lån,
188 823 44 14 som
255 817 46 21 från
324 817 227 27 hypoteksföreningen
572 817 61 21 hafva
654 817 66 20 blifvit
736 820 69 23 tagna.
836 817 74 21 Likväl

90 845 81 22 känner
184 845 36 27 jag
235 845 71 27 några,
322 852 45 15 som
384 845 60 21 hafva
460 846 91 21 användt
567 845 46 21 dem
628 847 27 25 på
671 847 29 19 ett
716 845 75 21 sådant
803 847 48 24 sätt,
865 851 44 15 som

91 873 236 28 hypoteksföreningens
349 873 95 28 syftemål
468 874 38 20 har
527 874 60 21 varit.
617 874 38 21 Ett
670 874 75 21 sådant
760 873 46 21 skäl
822 874 32 20 till
869 873 40 21 för-

91 902 103 21 kastande
216 903 21 20 af
258 902 236 27 hypoteksföreningens
517 902 90 26 begäran
630 902 42 21 kan
691 901 75 26 derför,
783 902 73 26 tycker
867 901 44 27 jag,

90 930 47 21 icke
152 930 89 21 anföras.
272 930 231 27 Hypoteksföreningen
519 933 23 18 är
557 930 105 21 dessutom
673 930 46 21 icke
731 929 109 22 insolvent.
863 931 47 20 Den

90 959 39 20 har
145 965 24 15 en
185 959 127 26 fullkomligt
327 959 147 20 motsvarande
490 959 86 26 tillgäng
589 961 44 18 mot
646 959 38 20 den
698 959 100 20 utlänade
808 965 101 18 summan,

91 987 57 25 eller,
164 989 80 20 rättare
264 988 68 25 sagdt,
349 989 40 19 den
409 987 38 21 har
469 993 25 15 en
515 987 97 27 fullgiltig
631 987 79 26 borgen
726 987 33 20 för
780 987 129 26 densamma;

91 1017 22 25 ty
128 1015 41 22 alla
191 1016 96 26 delegare
308 1018 37 19 äro
365 1017 76 25 ytterst
455 1015 122 22 solidariskt
592 1015 110 26 ansvariga
717 1015 33 21 för
764 1015 147 27 hypoteksför-

89 1044 100 27 eningens
203 1044 80 21 affärer.
315 1045 10 20 I
341 1043 234 28 hypoteksföreningens
591 1044 142 27 underdäniga
748 1044 89 21 relation
850 1044 61 21 heter

89 1072 36 23 det
149 1073 82 21 härom:
263 1089 3 8 ,
268 1073 87 24 Härvid
375 1073 61 20 torde
452 1073 36 20 det
502 1073 22 21 få
538 1073 6 20 i
560 1072 167 27 underdänighet
742 1072 120 21 framhållas
878 1075 32 19 att

90 1101 88 22 oaktadt
204 1102 34 21 det
260 1102 123 27 uppkomna
408 1101 76 25 deficit,
507 1101 61 22 ofvan
591 1101 91 26 antydda
706 1101 149 26 förutsättning
876 1107 33 15 om

89 1129 142 27 Föreningens
253 1130 95 27 förmåga
371 1132 31 19 att
424 1129 93 27 uppfylla
539 1130 46 21 sina
605 1129 140 22 förbindelser
760 1130 45 21 icke
821 1129 89 21 förlorat

89 1159 32 21 sin
139 1159 103 26 giltighet.
272 1159 46 20 Den
337 1158 126 21 solidariska
482 1159 167 26 ansvarigheten,
664 1158 84 21 hvilken
764 1158 6 20 i
786 1159 52 20 sista
854 1158 55 21 hand

89 1187 75 22 binder
185 1187 98 27 samtliga
305 1187 104 27 delegare,
430 1187 73 27 måste,
519 1187 7 21 i
544 1187 140 21 betraktande
706 1187 22 21 af
748 1187 36 21 det
802 1187 109 26 ansenliga

87 1216 115 26 jordvärde
216 1222 45 16 som
277 1216 154 26 sammanlagdt
445 1218 63 24 utgör
522 1216 99 21 säkerhet
636 1216 32 20 för
683 1216 40 20 den
737 1216 67 20 totala
814 1214 96 27 skulden,

89 1244 130 22 fortfarande
242 1244 78 22 bereda
343 1244 163 22 innehafvarene
522 1244 22 22 af
564 1244 143 26 Föreningens
722 1244 188 26 låneobligationer

89 1274 117 26 trygghet."
236 1273 47 21 Men
300 1275 32 19 att
346 1274 7 20 i
369 1274 31 20 sin
417 1273 109 26 stränghet
536 1274 70 20 utföra
617 1273 11 27 $
640 1274 25 20 16
677 1273 6 20 i
694 1273 138 25 reglementet
842 1272 68 21 skuile

89 1301 63 21 hafva
167 1302 32 20 till
215 1302 58 26 följd,
288 1304 32 19 att
335 1308 25 14 en
376 1302 34 20 hel
426 1302 76 26 mängd
516 1301 140 27 jordbrukare
673 1302 5 20 i
695 1301 26 21 de
737 1300 97 28 nordliga
849 1300 61 22 länen

89 1330 54 21 först
159 1330 68 21 skulle
243 1330 65 21 blifva
323 1330 117 21 ruinerade.
468 1330 44 21 Och
529 1332 31 19 att
574 1330 127 21 förlusterna
716 1329 132 27 uppkommit
863 1329 48 21 huf-

89 1358 144 27 vudsakligast
255 1365 76 20 genom
354 1359 26 21 de
399 1359 130 25 missväxter,
543 1364 45 16 som
606 1358 28 26 på
652 1358 117 21 1860-talet
789 1358 121 26 öfvergingo

90 1386 100 22 särskildt
211 1387 61 21 dessa
292 1387 58 21 delar
365 1387 23 21 af
400 1386 79 27 landet,
496 1387 59 21 äfven
571 1386 23 22 af
607 1387 225 26 hypoteksföreningen
848 1387 62 21 fram-

89 1416 73 24 hället,
178 1416 22 20 af
213 1416 58 20 Hans
287 1416 99 25 Majestät
401 1416 6 20 i
423 1416 39 20 den
478 1416 76 25 nädiga
569 1416 158 26 propositionen
743 1415 113 26 medgifvet
871 1414 40 22 och

90 1442 23 22 af
126 1443 104 21 utskottet
245 1443 64 21 ocksä
325 1444 46 20 icke
386 1443 117 26 ifrägasatt.
534 1443 109 21 Utskottet
658 1443 39 21 har
712 1442 122 26 visserligen
846 1442 64 22 sedan

90 1473 53 24 sagt,
160 1474 31 18 att
207 1472 34 20 det
256 1472 39 20 har
312 1472 67 20 blifvit
394 1472 220 26 uppmärksamgjordt
629 1477 74 20 genom
719 1478 26 14 en
760 1471 23 21 af
796 1470 114 27 hypoteks-

90 1500 122 27 föreningen
237 1501 84 21 nedsatt
342 1500 90 21 komit6s
454 1500 153 26 framställning
630 1506 34 15 om
687 1506 25 14 en
735 1499 132 27 tillämpning
890 1498 23 21 af

90 1528 143 28 reglementet,
249 1535 45 15 som
316 1529 93 21 komitön
430 1528 38 22 och
488 1529 103 21 utskottet
605 1528 47 22 icke
666 1528 129 27 fullkomligt
810 1528 99 28 godkänt.
