1078 1803
216 155 55 22 2330
395 161 159 17 Presteståndet
565 161 54 17 1877.
643 161 27 16 80
682 161 114 17 november.

187 229 38 22 det
239 229 91 26 inträffa,
347 232 32 19 att
393 235 26 15 en
434 229 65 22 sådan
515 235 37 22 syn
573 229 55 22 skall
643 229 71 21 kunna
729 229 91 27 försiggå
836 228 38 23 och
889 229 119 27 virkesega-

188 264 37 15 ren
241 258 51 26 icke,
308 258 7 21 i
330 258 37 21 fall
381 258 41 21 han
438 258 67 21 finner
520 259 36 20 det
571 259 46 21 med
633 257 31 22 sin
680 257 65 22 fördel
761 257 104 28 förenligt,
875 257 72 22 kunna
957 259 50 25 göra

188 287 32 21 sin
235 289 43 19 rätt
293 286 97 27 gällande
405 287 57 21 inom
474 289 31 19 ett
515 287 30 21 år.
576 287 47 21 Men
632 286 36 27 jag
678 286 39 21 har
728 286 54 21 blott
792 286 56 21 velat
858 286 68 21 uttala
939 286 69 22 denna

186 315 58 22 åsikt
259 315 39 21 och
314 315 68 22 håller
396 315 32 21 för
444 315 41 21 min
501 315 33 22 del
550 315 46 22 icke
610 315 27 27 på
652 315 68 21 denna
735 315 133 27 bestämning
882 315 76 21 liksom
972 315 36 27 jag

188 344 46 21 icke
249 344 7 20 i
271 343 106 21 utskottet
398 344 56 26 gjort
469 343 41 27 det,
528 344 65 21 ehuru
605 344 37 26 jag
657 343 47 21 icke
719 346 88 18 motsatt
822 343 42 27 mig
879 343 129 21 densamma.

187 372 42 26 Jag
243 371 68 21 skulle
327 372 82 23 föreslå,
426 372 26 21 då
467 372 144 21 missförstånd
627 372 38 21 och
681 372 137 26 misstydning
830 372 65 26 ligger
905 374 58 24 nära,
977 374 32 19 ätt

189 401 13 20 2
217 406 62 15 mom.
296 401 12 19 9
324 400 11 28 &
351 400 67 21 skulle
433 400 21 22 få
468 400 91 27 följande
574 400 120 22 förkortade
710 400 90 26 lydelse:
822 400 53 27 ,För
891 400 25 21 de
931 402 78 20 ersätt-

189 429 74 27 ningar
285 428 39 22 och
345 429 93 27 utgifter,
453 435 45 15 som
514 429 22 21 af
548 428 123 28 flottningen
691 428 97 28 härflyta,
807 434 50 16 vore
873 429 35 21 det
922 428 87 23 flottade

188 458 69 20 virket
272 457 7 21 i
294 457 71 27 hvarje
388 457 35 21 fall
445 458 118 26 underpant
586 458 32 21 till
638 458 132 26 erforderligt
786 457 75 27 belopp
878 458 18 21 d.
912 464 19 15 v.
947 464 15 15 s.
977 460 32 19 att

189 486 48 22 hela
252 486 158 26 bestämningen
426 493 33 15 om
470 487 147 26 strandegares
628 488 42 20 rätt
680 488 32 20 att
722 486 87 26 tillegna
819 486 31 27 sig
860 486 149 28 qvarliggande

189 515 60 21 virke
263 514 69 22 skulle
347 516 26 25 gå
389 517 29 19 ut.

257 572 76 21 Pastor
355 572 81 26 Lyra:
466 572 39 21 Vid
528 571 103 22 försvaret
650 572 21 20 af
690 577 74 16 senare
780 578 62 14 mom.
855 572 22 20 af
892 573 12 20 9
920 573 12 25 S
947 572 62 21 hafvä

190 603 66 27 nägra
271 600 64 22 ärade
350 600 67 22 talare
432 600 120 25 framhållit,
568 603 32 18 att
615 601 35 20 det
666 606 48 16 vore
730 600 32 21 för
774 600 138 27 stockegaren
923 607 25 15 en
958 607 51 21 gan-

188 632 40 20 ska
244 630 39 21 lätt
298 629 38 21 sak
351 631 38 23 att,
413 629 71 21 derom
507 628 91 26 tillsagd,
620 629 128 21 ätminstone
771 630 55 19 inom
846 632 31 18 ett
891 630 25 20 är
930 629 79 21 undan-

187 659 69 22 skaffa
271 659 32 21 sin
317 658 60 20 stock
393 657 38 21 och
447 664 48 15 man
510 658 38 20 har
564 658 70 20 dervid
650 659 62 19 tänkt
726 656 173 28 hufvudsakligen
915 658 27 26 pä
954 661 56 18 stoc-

190 689 44 25 kar,
249 694 51 18 som,
316 686 104 22 söndrade
435 686 46 21 frän
496 687 45 21 sina
555 685 78 27 flottor,
649 686 27 27 pä
692 688 67 20 större
775 686 77 26 fjärdar
867 686 62 22 hafva
940 686 70 22 drifvit

189 718 28 25 pä
231 715 79 22 strand.
340 715 41 25 Jag
396 714 35 21 vill
446 721 75 19 genom
540 716 31 19 ett
590 714 100 27 exempel,
709 714 95 22 hemtadt
820 720 24 15 ur
859 715 150 26 verkligheten,

189 745 73 27 belysa
277 743 54 22 huru
354 743 80 26 möjligt
456 743 60 21 detta
530 743 32 21 för
577 743 136 26 stockegaren
729 745 30 20 är.
789 742 28 22 Af
831 743 107 28 trovärdig
954 750 54 20 man,

188 779 47 16 som
257 775 23 19 är
303 772 112 27 disponent
436 771 21 21 af
478 771 112 27 fullmogen
613 772 113 26 stockskog
747 772 32 21 till
800 774 30 19 ett
846 772 63 21 värde
924 772 23 21 af
959 772 51 21 flere

190 801 91 22 tusental
297 801 66 25 mark,
379 800 38 21 har
435 800 37 27 jag
487 801 48 20 hört
550 801 93 20 berättas
659 800 99 27 följande:
789 800 32 22 En
837 800 173 27 ödemarksbäck,

190 837 46 15 som
251 829 59 22 förde
325 829 46 22 frän
388 829 78 26 skogen
482 829 31 21 till
528 831 68 20 större
615 828 89 27 flottled,
719 829 71 22 svälde
806 829 32 21 till
854 835 33 15 om
904 830 63 21 vären
984 842 25 3 —

192 860 40 20 den
246 859 56 21 hade
316 858 46 21 icke
377 859 68 20 större
461 858 145 25 dimensioner,
622 859 27 19 än
665 860 31 19 att
712 858 40 21 den
768 858 95 27 vanligen
879 864 26 15 en
919 857 55 28 gäng
984 859 27 26 pä

189 889 14 20 5
219 887 13 22 å
247 889 12 19 6
275 888 24 21 är
313 886 90 27 plägade
418 886 65 21 svälla
498 886 32 21 till
545 887 27 26 pä
586 892 81 16 samma
682 889 42 18 sätt
741 899 23 2 —
782 887 39 21 och
836 886 41 22 han
893 887 76 26 gladde
979 887 32 26 sig

189 917 25 20 ät
235 918 32 19 att
289 915 71 21 kuona
382 915 94 26 begagna
496 915 31 26 sig
546 915 61 21 deraf
624 914 32 21 för
674 917 31 18 att
720 915 20 21 fä
755 915 38 21 sitt
808 917 57 20 stora
878 915 57 29 parti
951 916 60 21 stock

191 944 132 22 nedflottadt.
353 943 48 22 Han
424 943 158 22 öfverraskades
598 943 60 24 dock,
673 943 45 21 förr
732 946 26 19 än
774 944 42 21 han
832 944 53 21 hade
901 943 109 26 beräknat,

189 973 25 22 af
227 973 83 24 torkan,
319 972 80 21 bäcken
414 971 72 22 sinade
501 974 24 19 ut
540 972 38 21 och
594 972 41 21 han
650 971 44 22 blef
708 973 37 20 der
760 973 48 21 med
823 973 31 21 sin
869 973 66 20 stock.
952 973 59 21 Efter

191 1008 28 15 nu
241 1000 120 27 föreslagna
381 1001 123 26 författning
528 1001 67 21 skulle
617 1001 46 24 den,
687 1007 44 14 som
754 1002 52 25 egde
828 1001 92 26 marken,
935 1008 76 20 genom

191 1030 84 22 hvilken
298 1029 81 22 bäcken
400 1029 44 26 flöt,
467 1029 53 22 efter
538 1032 30 19 ett
584 1030 33 21 ärs
633 1029 81 26 förlopp
730 1035 51 16 vara
796 1030 138 27 sjelfskrifven
949 1036 63 20 egare

191 1059 32 22 till
239 1059 68 20 denna
325 1064 69 15 massa
414 1058 66 21 stock.
510 1058 40 26 Jag
570 1058 71 26 frägar
660 1058 47 21 med
722 1058 72 22 hvems
809 1059 130 21 rättskänsla
954 1059 58 21 detta

190 1086 119 28 egentligen
331 1086 42 21 kan
395 1093 50 15 vara
468 1086 233 25 öfverensstämmande;
724 1092 49 16 man
796 1086 34 22 vill
858 1087 109 21 motverka
986 1087 26 21 de

191 1115 127 25 rättsvädor,
333 1121 46 15 som
392 1115 87 21 härröra
494 1115 65 25 deraf,
570 1117 31 19 att
611 1114 144 22 stockflottare
766 1115 94 22 bedrifva
870 1115 142 27 hvarjehanda

191 1144 49 27 ofog
255 1144 39 21 och
310 1143 89 22 beträda
415 1144 62 21 odlad
492 1144 67 25 mark,
574 1150 47 15 men
637 1150 48 14 man
700 1144 95 21 kommer
810 1144 72 21 dervid
897 1144 46 22 icke
955 1144 55 27 ihog,

191 1175 32 19 att
246 1172 109 22 trakterna
369 1172 6 21 i
392 1173 46 21 vårt
460 1172 49 22 land
532 1172 66 22 förete
611 1178 25 15 en
651 1174 24 20 sä
690 1175 44 19 stor
755 1172 81 22 olikhet
851 1174 39 20 och
905 1176 32 18 att
953 1173 59 21 detta

192 1201 93 26 verkliga
307 1201 49 27 ofog
379 1201 39 21 och
441 1201 68 21 denna
530 1201 66 21 skada
617 1201 119 27 egentligen
753 1201 63 21 berör
832 1202 25 20 de
872 1202 81 26 sydliga
968 1208 44 14 mer

191 1230 76 21 odlade
283 1229 116 25 trakterna,
418 1229 110 21 hvaremot
544 1230 35 20 det
594 1229 65 21 finnes
674 1231 58 19 stora
747 1230 96 21 sträckor
858 1230 22 20 af
894 1231 47 20 värt
956 1230 56 26 land,

191 1259 38 21 der
248 1258 78 21 bäckar
341 1257 39 21 och
396 1258 81 21 mindre
492 1258 38 21 åar
544 1257 50 27 flyta
608 1257 60 25 fram,
685 1258 47 21 dem
748 1264 88 20 egarene
852 1258 67 27 knapt
935 1259 76 25 nägon-

191 1288 33 20 sin
239 1286 76 21 besökt
338 1286 39 20 och
400 1286 37 21 der
458 1292 24 15 en
501 1286 114 21 vandrares
634 1286 31 21 fot
684 1286 58 27 längs
764 1287 100 21 stranden
880 1287 132 26 sannerligen

193 1314 45 22 icke
253 1316 38 25 gör
306 1314 72 21 skada.
408 1313 44 23 När
474 1321 48 15 man
542 1320 27 15 nu
590 1314 35 21 vill
641 1319 73 22 trygga
730 1315 39 21 den
786 1321 45 19 ene,
846 1315 54 21 skall
916 1316 35 20 det
967 1316 45 20 icke

191 1343 38 20 ske
246 1343 47 20 med
309 1342 117 22 kränkning
441 1342 21 20 af
476 1343 39 20 den
532 1343 70 19 andre.
632 1343 34 19 Då
688 1344 107 20 dessutom
813 1344 53 19 1873
881 1344 35 20 års
931 1343 82 21 författ-

196 1371 50 25 ning
267 1372 68 24 säger,
358 1372 32 18 att
411 1370 45 21 icke
477 1370 55 21 blott
551 1369 29 21 all
602 1370 71 23 skada,
688 1373 52 19 utan
755 1370 61 22 äfven
832 1370 112 27 olägenhet
958 1371 54 21 skall

192 1400 91 20 ersättas
305 1398 24 21 af
348 1397 166 27 stockflottaren,
536 1400 35 18 vet
587 1398 37 26 jag
645 1398 46 20 icke
710 1398 54 22 hvad
780 1404 48 15 man
844 1399 118 27 egentligen
978 1399 35 21 vill

193 1426 128 26 derutöfver,
337 1432 34 15 om
387 1426 37 21 det
438 1427 52 24 icke,
506 1427 68 20 säsom
588 1432 25 15 en
623 1426 125 27 föregäende
759 1427 67 21 talare
836 1427 39 21 här
885 1428 127 27 förmenade,

193 1457 25 19 är
233 1455 35 21 det
283 1457 32 19 att
331 1455 36 21 det
381 1454 66 27 ligger
462 1455 6 20 i
484 1455 47 21 hela
552 1454 148 27 författningen
716 1462 24 15 en
757 1456 88 21 tendens
861 1458 30 19 att
907 1462 50 16 vara
971 1457 43 21 rik-

193 1484 37 21 tad
251 1486 56 19 emot
327 1483 173 22 stocktlottarene
519 1483 39 22 och
580 1485 32 19 att
632 1483 138 28 jordegarene
793 1484 58 22 skola
871 1485 57 21 rikta
940 1485 32 27 sig
987 1486 27 27 pä

193 1512 62 22 deras
271 1512 124 22 bekostnad.
424 1512 49 21 Icke
495 1514 23 20 är
541 1513 35 20 det
588 1512 43 27 just
652 1513 23 20 sä
690 1514 46 21 små
750 1513 121 26 inkomster,
887 1520 46 15 som
948 1514 66 27 enligt

196 1542 53 21 1873
264 1542 35 21 ärs
315 1541 121 27 författning
456 1541 118 22 tillkomma
592 1547 25 16 en
638 1541 118 28 jordegäre.
786 1542 40 28 Jag
841 1541 39 23 har
895 1543 49 22 hört
958 1548 55 23 upp-
