1073 1809
285 154 158 18 Presteståndet
456 155 55 17 1877.
535 156 24 17 10
572 156 111 17 december.
814 150 58 25 2665

147 222 79 22 Vinnes
241 222 32 22 för
289 223 68 22 denna
371 224 130 26 proposition
517 224 45 22 icke
577 224 91 27 lagenlig
683 224 113 27 pluralitet,
806 224 93 22 förfaller

79 251 73 27 frågan
168 252 108 26 angående
290 251 137 23 förenämnda
444 252 78 27 anslag.

147 309 33 20 2:0
197 308 129 22 beträffande
342 311 113 19 momentet
469 310 18 20 4.

147 365 127 22 Godkänner
295 365 114 22 förstärkta
432 367 158 21 statsutskottet
611 368 149 20 sammansatta
781 368 63 20 stats-
860 367 38 21 och

78 394 215 22 ekonomiutskottets
308 394 86 27 förslag:
419 397 32 19 att
466 395 119 25 ständerne,
599 395 66 27 jemte
680 395 97 22 anmälan
792 398 32 19 att
835 396 64 25 något

78 423 133 22 seminarium
234 423 32 21 för
289 423 121 22 utbildande
430 423 23 22 af
465 424 68 21 lärare
548 423 38 22 och
602 424 119 21 lärarinnor
735 424 32 21 för
782 424 117 21 småskolor

78 452 65 27 enligt
164 452 125 21 ständernes
303 452 56 27 åsigt
373 452 46 21 icke
435 454 23 19 är
473 453 23 20 af
510 452 99 21 behofvet
624 452 114 27 påkalladt,
754 452 49 22 ville
818 452 34 22 för
868 453 30 20 in-

78 481 119 21 stundande
212 480 198 27 bevillningsperiod
426 481 59 21 anslå
500 487 25 15 en
541 487 81 15 summa
637 481 23 20 af
675 481 73 26 10,000
763 481 61 21 mark
835 483 32 20 att
877 481 23 21 af

78 509 162 28 öfverstyrelsen
252 510 31 20 för
294 509 148 22 skolväsendet
452 510 106 21 användas
573 510 31 21 till
621 510 90 21 arvoden
727 510 22 21 åt
759 510 76 21 sådane
846 509 52 22 folk-

78 538 115 22 skollärare
211 538 39 21 och
265 538 215 26 folkskollärarinnor,
495 545 45 15 som
556 545 75 20 genom
647 539 88 21 särskild
750 539 149 26 undervisning

77 567 82 22 utbilda
174 567 69 22 lärare
259 567 39 21 och
314 567 118 22 lärarinnor
447 567 32 21 för
494 568 124 21 småskolor.

146 630 79 21 Vinnes
248 630 17 27 ej
287 630 91 27 lagenlig
399 630 108 27 pluralitet
529 631 32 20 för
577 631 68 21 denna
660 630 129 27 proposition
805 630 94 22 förfaller

77 658 80 27 frågan.

146 717 34 20 3:0
196 716 130 22 beträffande
341 719 116 19 momentet
472 719 19 20 5.

148 774 128 21 Godkänner
298 774 114 21 förstärkta
434 775 158 21 statsutskottet
613 776 150 19 sammansatta
783 776 62 19 stats-
861 774 38 21 och

80 803 212 22 ekonomiutskottets
314 803 88 26 förslag:
428 805 31 19 att
482 803 114 22 ständerna
618 803 49 21 ville
688 803 32 20 till
742 802 119 22 beredande
880 802 22 21 af

79 831 101 28 utvidgad
203 831 149 27 undervisning
367 833 6 20 i
389 832 54 26 slöjd
465 832 34 21 vid
522 833 150 20 seminarierna
695 831 38 22 och
755 831 146 22 folkskolorna

79 861 77 26 bevilja
178 861 75 26 84,600
276 861 59 21 mark
358 863 32 19 att
405 861 50 26 utgå
469 861 67 21 under
550 863 95 19 närmast
660 860 91 27 följande
766 860 134 27 bevillnings-

79 890 78 27 period.

148 946 71 22 Skulle
243 947 18 26 ej
283 947 92 27 lagenlig
397 947 107 26 pluralitet
525 947 73 21 vinnas
621 947 34 20 för
674 947 67 20 denna
762 946 137 27 proposition,

79 981 62 16 anser
156 975 111 26 utskottet,
281 976 7 21 i
304 975 139 22 betraktande
458 975 59 22 deraf
531 978 32 19 att
576 975 77 27 jemväl
670 975 153 21 bondeståndet
835 975 65 21 bevil-

76 1005 33 26 jat
124 1006 30 19 ett
170 1005 72 25 anslag
257 1005 32 20 för
304 1005 148 24 undervisning
467 1004 7 21 i
490 1004 101 27 hemslöjd
608 1004 39 21 och
663 1006 30 19 att
709 1003 81 22 således
803 1003 97 26 samtliga

79 1033 89 22 stånden
185 1033 53 21 varit
253 1033 61 26 eniga
329 1033 7 20 i
351 1033 126 26 beviljandet
493 1033 22 21 af
529 1033 64 26 något
608 1033 73 26 anslag
695 1033 33 20 för
740 1032 160 27 ifrågavarande

80 1061 104 26 ändamål,
204 1064 32 19 att
251 1062 36 21 det
301 1062 114 21 förstärkta
429 1061 159 22 statsutskottet
604 1061 65 21 måtte
685 1063 93 19 omrösta
793 1061 107 26 angående

79 1091 164 21 bondeståndets
260 1091 69 20 beslut
346 1091 3 20 i
365 1092 76 23 ämnet,
457 1091 97 20 hvarföre
565 1091 105 21 utskottet
679 1089 98 27 slutligen
788 1090 33 21 för
832 1090 68 21 denna

79 1119 100 21 händelse
194 1119 34 21 får
243 1119 76 22 föreslå
335 1125 26 15 en
375 1119 24 21 så
414 1119 89 27 lydande
519 1118 249 27 voteringsproposition
759 1114 12 36 :

148 1183 128 21 Godkänner
297 1183 36 21 det
355 1182 116 22 förstärkta
485 1182 172 22 statsutskottet:
687 1184 32 19 att
740 1182 71 21 derest
825 1181 34 21 vid
874 1187 26 15 en

80 1211 104 22 folkskola
207 1211 147 27 undervisning
369 1211 6 21 i
390 1212 69 25 någon
475 1211 80 27 verklig
571 1211 110 26 handslöjd
697 1210 113 25 meddelas,
826 1211 34 20 må
875 1216 26 15 en

79 1241 65 21 sådan
160 1240 60 21 skola
235 1241 27 26 på
276 1240 134 27 inspektorns
426 1240 71 21 förord
513 1239 80 22 erhålla
607 1239 122 27 understöd,
744 1239 85 22 hvartill
843 1240 58 20 stän-

80 1269 64 22 derna
160 1269 67 21 under
243 1271 105 19 närmaste
362 1269 41 21 fem
419 1270 23 20 år
457 1269 60 21 anslå
533 1269 76 26 30,000
624 1269 66 21 mark.

148 1332 78 21 Vinnes
242 1332 17 27 ej
276 1332 66 22 heller
357 1331 33 22 för
406 1332 68 21 denna
488 1331 130 28 proposition
634 1331 89 27 lagenlig
734 1330 114 27 pluralitet,
860 1330 41 21 för-

79 1361 61 22 faller
156 1361 60 21 äfven
233 1361 67 21 denna
315 1361 150 26 anslagsfråga.

148 1418 128 21 Skrifvelsen
292 1418 44 21 blef
349 1418 27 26 på
391 1417 78 27 förslag
484 1417 22 21 af
520 1420 85 25 prosten
621 1417 59 26 Hjelt
695 1417 108 26 bordlagd.
