1075 1800
217 149 55 21 2396
408 152 161 19 Presteståndet
581 153 55 17 1877.
661 153 9 16 1
683 153 112 17 december.

187 224 71 19 ansett
278 222 64 27 sagde
363 222 90 21 kostnad
475 221 52 22 böra
543 222 51 26 utgå
608 221 46 21 från
669 219 283 23 kommunikationsfondens
967 219 42 21 till-

189 251 87 27 gångar.

258 308 131 21 Besvarades
409 307 48 21 med
479 307 153 27 öfvervägande
645 307 35 27 ja,
695 306 87 22 hvarför
797 306 82 22 således
893 306 118 22 kostnaden

189 336 33 22 för
238 337 69 21 denna
322 336 137 22 kommission
475 336 66 22 borde
557 336 104 22 bestridas
676 336 47 21 med
740 335 129 22 statsmedel.

258 399 39 21 Om
312 399 57 21 hvad
385 399 84 21 ståndet
483 400 7 20 i
503 398 133 22 förestående
646 398 68 22 måtto
725 398 87 22 beslutit
822 398 68 22 skulle
901 397 18 27 ej
930 397 83 22 mindre

190 428 120 27 respektiva
325 428 138 21 medstånden
479 430 26 19 än
516 428 205 26 jernvägsutskottet
732 433 76 21 genom
819 427 76 26 utdrag
905 433 26 14 ur
941 428 72 25 proto-

188 457 68 21 kollet
270 457 143 22 underrättas.

257 612 121 27 Föredrogs
398 611 216 27 jernvägsutskottets
637 611 134 21 betänkande
793 612 40 21 N:o
851 611 12 21 2
879 611 7 21 i
901 610 112 28 anledning

191 640 23 22 af
232 640 104 22 särskilda
357 640 32 21 till
409 640 115 28 höglofliga
541 640 115 22 ständerna
671 640 108 26 angående
793 639 221 28 jernvägsbyggnader

189 669 121 21 inlämnade
325 669 120 27 petitioner.

260 725 149 22 Betänkandet
423 726 135 26 genomgicks
573 725 68 27 punkt
656 725 33 21 för
704 726 75 26 punkt.

261 782 39 22 Om
316 782 36 22 det
367 782 28 28 på
409 789 48 21 pag.
474 783 82 21 17—18
572 782 102 22 affattade
684 782 229 27 resolutionsförslaget
923 782 92 28 uppstod

189 811 91 27 följande
296 811 128 22 diskussion:

261 874 81 22 Rektor
363 874 137 21 Hallsten:
531 874 33 22 Då
584 874 39 21 här
643 876 24 19 är
682 874 61 27 fråga
759 880 33 15 om
807 875 14 20 4
836 874 105 21 millioner
955 874 61 21 mark

193 903 37 21 vill
244 903 36 27 jag
295 905 84 23 nämna,
392 905 32 19 att
440 903 27 21 då
476 902 49 22 hela
535 903 70 21 banan
620 904 24 20 är
655 903 108 21 beräknad
773 904 33 20 att
815 903 63 21 kosta
888 903 12 21 6
912 902 105 22 millioner

194 932 40 21 och
256 932 36 21 det
311 932 82 27 ansågs,
415 933 32 19 att
468 932 105 27 företaget
588 932 66 21 borde
669 932 142 20 understödas
825 932 46 21 med
888 931 36 21 två
939 932 78 26 tredje-

194 960 64 27 delar,
274 960 23 22 så
313 960 48 27 blir,
377 967 34 14 om
427 960 68 22 banan
511 960 55 22 skall
582 961 78 27 byggas
672 960 53 21 efter
736 960 35 21 det
782 966 41 21 nya
833 962 107 25 systemet,
951 960 66 27 enligt

192 990 82 21 hvilket
289 990 121 20 densamma
425 990 84 21 komme
525 992 31 18 att
571 990 62 20 kosta
647 989 114 27 4,500,000
777 990 66 24 mark,
860 989 42 26 det,
915 989 100 21 hvarmed

192 1018 116 22 ständerna
323 1018 66 21 borde
403 1018 90 27 bidraga
508 1018 30 21 till
555 1018 111 27 företaget,
681 1019 75 21 endast
771 1018 13 20 3
799 1018 106 21 millioner
919 1018 68 22 mark.

261 1081 90 22 Prosten
374 1081 149 22 Bäckvall:
556 1081 149 22 Förevarande
727 1081 89 27 petition
837 1081 118 22 innehåller
976 1087 42 21 nog

194 1111 40 21 den
256 1112 58 20 stora
334 1110 50 26 vigt,
401 1116 45 15 som
463 1110 66 28 ligger
544 1110 45 22 deri
604 1112 32 19 att
651 1110 90 22 medelst
754 1110 89 27 jernväg
857 1110 161 22 sammanbinda

194 1140 37 20 det
246 1141 58 19 stora
323 1139 112 26 landskap,
450 1145 45 15 som
511 1141 56 19 ännu
582 1139 68 21 kallas
664 1139 85 27 Kajana
764 1139 42 25 län,
821 1139 49 21 med
884 1139 79 25 hafvet,
979 1139 39 21 och

193 1174 27 15 en
242 1167 60 27 billig
325 1167 92 26 begäran
441 1170 31 19 att
492 1167 33 22 för
546 1168 60 21 detta
623 1168 98 21 ändamål
736 1167 21 22 få
773 1170 31 19 ett
819 1169 76 20 endast
910 1167 108 23 räntefritt

192 1196 37 22 lån
250 1196 22 21 af
291 1197 14 20 4
324 1196 105 22 millioner
443 1197 67 26 mark,
526 1196 80 22 hvilket
621 1196 61 26 dock,
698 1203 33 15 om
749 1196 36 22 det
799 1203 28 15 nu
843 1196 120 27 föreslagna
976 1203 43 21 nya

195 1225 175 27 byggnadssättet
392 1225 61 26 följes
469 1225 61 21 äfven
545 1225 35 22 vid
595 1225 60 22 detta
669 1225 88 27 företag,
773 1225 70 21 kunde
858 1225 112 22 reduceras
985 1225 33 22 till

194 1254 14 21 3
228 1254 106 21 millioner
354 1254 66 21 mark.
452 1253 38 22 Om
511 1260 49 15 man
581 1254 57 21 helst
657 1253 47 22 litet
719 1254 81 21 känner
814 1253 162 22 förhållandena
990 1254 29 27 på

195 1283 61 21 dessa
276 1289 64 15 norra
356 1285 62 23 orter,
433 1283 42 21 kan
490 1289 49 15 man
554 1283 47 21 icke
616 1284 66 19 annat
697 1284 27 19 än
740 1289 56 19 anse,
811 1284 32 20 att
857 1289 26 15 en
899 1283 65 21 sådan
979 1289 40 15 an-

193 1311 73 21 hållan
282 1313 23 19 är
320 1311 66 27 billig.
406 1311 30 27 Ty
452 1311 35 21 det
503 1313 24 19 är
541 1317 25 15 en
582 1311 120 27 nödvändig
716 1311 45 27 sak,
777 1313 33 20 att
824 1318 26 14 en
866 1311 24 22 så
902 1314 45 19 stor
959 1311 59 22 land-

194 1340 92 24 sträcka,
306 1345 45 14 som
373 1340 48 19 hela
439 1339 82 26 Kajana
536 1340 36 19 län
587 1346 28 13 nu
630 1341 68 23 utgör,
714 1340 55 20 skall
785 1340 170 20 sammanbindas
970 1340 49 20 med

195 1366 77 25 hafvet,
287 1366 28 26 på
331 1367 36 21 det
382 1368 31 19 att
429 1366 148 26 befolkningen
593 1366 53 22 skall
662 1367 21 20 få
698 1368 41 20 ned
754 1366 47 22 sina
813 1367 120 27 isynnerhet
946 1367 73 27 skogs-

194 1395 123 27 produkter,
333 1395 132 21 bruksalster
480 1401 27 14 m.
522 1401 27 15 m.
580 1396 46 20 Den
642 1395 190 27 kommunikation,
848 1402 45 14 som
909 1402 28 14 nu
952 1394 67 22 finnes

195 1424 45 26 der,
263 1424 60 20 leder
345 1424 123 26 visserligen
491 1430 74 20 genom
586 1423 51 22 Uleä
652 1423 29 21 elf
694 1424 33 21 till
742 1423 77 22 hafvet.
849 1424 49 22 Men
913 1430 49 15 man
977 1425 42 21 kan

197 1452 66 21 tänka
278 1452 33 27 sig
325 1451 72 23 hvilka
413 1452 131 26 svårigheter
559 1452 36 22 det
610 1452 66 21 finnes
691 1452 33 22 för
739 1455 32 19 att
786 1452 85 22 komma
885 1454 49 21 med
946 1453 73 27 skogs-

196 1481 118 27 produkter
336 1481 33 21 till
391 1481 71 21 hafvet
485 1481 39 21 och
546 1482 65 20 sedan
634 1481 95 26 tillbaka,
751 1484 23 25 ty
796 1482 48 21 hela
866 1482 69 22 denna
956 1482 64 27 långa

194 1510 86 22 sträcka
301 1512 92 25 utgöres,
413 1510 70 21 såsom
505 1510 85 27 bekant,
606 1510 22 21 af
641 1510 84 27 mycket
741 1513 58 19 stora
814 1510 75 22 forsar.
918 1511 41 27 Jag
974 1513 45 19 tror

195 1540 78 25 derför,
294 1541 33 19 att
348 1539 36 21 det
399 1538 130 28 högvördiga
544 1538 85 22 ståndet
643 1539 46 21 icke
704 1541 77 25 vägrar
795 1541 32 20 att
843 1539 73 22 bifalla
930 1540 33 22 till
979 1540 40 22 den
