1078 1803
296 163 160 18 Presteståndet
469 165 54 17 1877.
548 165 23 17 18
583 163 112 19 december.
820 159 56 21 2963

85 231 36 21 det
135 231 46 21 'skäl
197 233 33 19 att
245 231 121 27 strafflagen
381 232 33 21 för
429 231 68 22 finska
519 233 105 20 militären
642 233 45 21 icke
702 234 56 19 ännu
773 235 25 19 är
813 233 22 21 af
848 235 58 18 stän-

85 260 66 20 derna
165 261 97 24 antagen,
283 259 36 22 vill
337 260 41 27 jag
393 261 77 20 nämna
488 262 33 19 att
540 261 36 20 det
591 267 41 20 nya
646 261 141 20 härväsendet
802 261 105 26 knappast

85 288 60 21 torde
161 288 65 20 hinna
240 287 66 21 blifva
321 288 92 21 ordnadt
432 288 71 21 förrän
522 291 62 18 nästa
598 289 86 20 ständer
699 289 163 26 sammanträda,
878 289 28 20 då

85 316 82 21 således
189 316 39 21 den
251 316 184 26 förutsättningen,
458 316 120 21 hvarunder
600 317 115 21 ständerna
738 317 61 21 hafva
823 318 82 25 antagit

85 344 59 20 detta
159 343 213 27 värnepligtsförslag,
393 345 39 20 har
454 345 106 20 sannolikt
575 345 47 26 gått
637 345 7 20 i
658 345 129 21 fullbordan.
816 345 43 21 För
873 347 33 19 att

85 372 64 26 lugna
164 372 72 21 landet
251 372 72 21 vidare
338 372 39 21 har
392 373 59 21 Hans
473 373 119 27 Kejserliga
613 373 100 27 Majestät
727 373 108 21 meddelat
849 375 57 19 stän-

85 401 66 21 derna
166 400 39 22 den
221 400 103 27 strafflag,
340 407 44 15 som
400 401 41 21 han
457 401 39 21 har
511 404 70 19 ansett
591 402 31 26 sig
637 408 52 14 vara
705 401 91 27 befogad
806 403 33 20 att
854 404 51 19 utan

85 430 71 20 vidare
171 429 85 21 utfärda
272 430 38 20 och
326 430 84 20 hvilken
425 436 74 20 genom
516 430 32 22 sin
563 430 118 21 humanitet
695 432 25 20 är
735 430 23 21 så
767 430 60 27 långt
837 430 68 22 öfver-

85 458 72 27 lägsen
173 458 40 21 den
228 458 58 21 förut
301 458 33 21 för
348 458 69 22 finska
431 458 104 22 militären
556 459 98 26 gällande
669 459 23 21 så
707 461 32 19 att
755 466 47 14 man
818 458 46 22 icke
879 459 27 26 på

85 487 66 27 något
165 488 42 20 sätt
222 486 42 22 kan
280 486 62 22 tveka
357 489 33 19 att
399 487 128 21 åtminstone
538 487 115 21 tillsvidare
668 488 43 21 låta
727 488 40 20 den
779 487 65 27 gälla;
856 488 50 20 den-

85 522 81 15 samma
181 514 121 28 strafflagen
318 517 24 19 är
356 516 113 21 utarbetad
484 516 7 21 i
506 516 98 21 afseende
615 517 13 20 å
638 516 51 21 våra
698 516 146 21 förhållanden
858 523 48 14 men

86 544 198 21 öfverensstämmer
299 544 6 20 i
321 544 72 27 hvarje
409 544 67 27 punkt
491 545 47 21 med
554 544 40 22 den
610 544 101 28 strafflag,
727 551 45 15 som
787 545 39 21 har
837 544 69 22 blifvit

85 573 100 21 utfärdad
208 573 6 20 i
236 573 105 27 Ryssland
360 573 44 26 just
427 574 64 21 sedan
513 573 144 27 värnepligten
680 573 37 22 der
739 574 69 21 blifvit
829 573 76 22 införd.

85 601 62 22 Hvad
169 602 46 21 åter
237 602 101 21 beträffar
359 603 25 20 de
400 602 23 21 af
436 603 77 20 doktor
533 602 126 21 Nordström
675 603 93 26 antydda
783 602 123 26 bristfällig-

86 630 89 21 heterna
191 630 30 21 uti
237 631 116 20 utskottets
369 631 140 26 betänkande,
522 631 39 21 och
577 637 33 15 om
626 630 72 22 hvilka
714 631 76 21 brister
805 631 36 21 det
857 637 50 15 vore

86 659 38 20 bra
139 661 32 18 att
186 659 66 20 folket
267 659 69 21 skulle
351 659 22 21 få
387 659 68 21 uttala
473 659 38 27 sig,
527 661 45 19 tror
585 659 37 26 jag
636 659 46 21 icke
697 661 32 20 att
745 659 27 26 på
787 659 62 21 dessa
864 659 42 21 fem

85 687 24 21 år
125 687 61 21 dessa
201 687 77 21 brister
293 687 71 21 kunna
379 687 117 27 upptäckas
511 688 27 27 på
549 688 101 21 teoretisk
665 690 46 25 väg.
741 688 10 21 1
767 688 140 26 öfvertygelse

86 717 31 19 att
132 716 79 20 brister
233 715 113 22 förefinnas
368 716 39 20 har
425 717 105 21 utskottet
544 717 7 20 i
566 716 32 20 sin
614 717 51 20 sista
680 717 56 21 kläm
752 715 108 28 föreslagit
875 718 33 20 ett

86 744 83 27 mycket
191 744 123 27 lämpligare
340 744 157 27 önskningsmäl
513 745 27 21 då
554 744 36 22 det
606 744 68 22 heter:
705 761 7 8 ,
720 745 77 24 Härtill
813 745 95 21 ansluter

87 773 31 27 sig
134 779 26 15 en
176 779 68 15 annan
260 773 66 27 fråga,
342 773 39 21 den
403 773 103 22 huruvida
527 774 35 21 det
578 773 41 21 kan
634 776 88 25 antagas
737 776 33 19 att
785 774 65 21 redan
866 774 39 21 den

86 801 67 21 första
169 802 219 27 lagstiftningsåtgärd
403 802 7 20 i
425 802 90 22 Finland
538 802 108 27 angående
668 802 150 22 härväsendets
841 803 66 20 inrät-

85 830 64 22 tande
164 830 28 27 på
207 830 39 22 den
262 831 107 21 allmänna
392 832 155 26 värnepligtens
568 831 75 27 grund,
657 832 69 20 skulle
747 832 72 26 lyckas
833 831 28 27 på
876 833 31 19 ett

86 858 47 22 fullt
148 859 195 22 tillfredsställande
358 861 43 19 sätt
423 860 45 21 lösa
490 860 68 21 denna
581 860 88 26 uppgift.
701 860 31 21 Då
749 860 75 21 sådant
839 859 67 22 sällan

85 890 24 18 är
125 888 60 21 fallet
201 894 37 15 ens
253 888 27 26 på
295 888 67 21 andra
377 888 81 22 mindre
473 889 116 26 grannlaga
601 888 250 27 lagstiftningsområden,
864 888 43 21 kan

86 917 36 21 det
137 917 48 21 med
201 917 23 21 så
239 917 85 26 mycket
346 918 69 20 större
435 917 133 21 sannolikhet
591 920 90 18 emotses
704 920 32 18 att
759 917 148 21 erfarenheten

86 948 59 18 snart
160 945 55 21 skall
229 947 51 25 göra
296 945 90 27 partiela
400 945 146 27 förändringar
560 946 8 21 i
584 946 40 20 den
640 946 67 20 första
716 946 191 26 värnepligtslagen

86 973 111 27 behöfliga.
226 974 111 21 Utskottet
357 974 79 21 tillåter
451 974 32 26 sig
498 974 71 21 derför
590 974 107 21 vördsamt
711 974 79 21 föreslå
802 976 32 19 att
849 976 59 19 stän-

87 1002 65 22 derna
167 1003 6 20 i
189 1002 39 21 den
247 1002 144 28 underdåniga
406 1002 182 22 svarsskrifvelsen
604 1003 97 26 slutligen
717 1002 48 22 ville
780 1002 84 22 anhålla

155 1031 35 21 det
205 1030 80 22 täcktes
300 1031 64 21 Hans
379 1030 124 28 Kejserliga
513 1031 111 27 Majestät,
635 1032 66 20 sedan
711 1031 196 28 värnepligtslagen

87 1059 73 32 blifvit
175 1060 30 20 tio
221 1060 26 20 år
262 1060 123 27 tillämpad,
395 1060 52 20 eller
457 1060 69 20 redan
538 1060 153 27 derförinnan,
702 1060 69 21 derest
781 1060 64 20 Hans
856 1060 50 20 Ma-

85 1088 66 27 jestät
165 1088 25 20 så
201 1087 73 28 funne
296 1088 82 28 nödigt,
393 1087 118 34 förelägga
530 1089 118 20 ständerna
667 1088 68 27 nådig
747 1088 136 27 proposition
899 1088 10 20 i

86 1117 58 27 syfte
159 1119 32 18 att
207 1117 25 20 de
239 1117 165 27 förändringar
415 1117 8 20 i
432 1117 66 28 sagde
508 1118 36 27 lag
554 1118 65 20 måtte
632 1116 75 22 kunna
719 1117 105 27 vidtagas,
834 1116 73 21 hvilka

83 1145 32 27 på
129 1145 73 28 grund
213 1145 30 27 af
255 1146 7 19 i
278 1145 74 21 landet
359 1152 85 14 vunnen
454 1146 123 27 erfarenhet
588 1146 29 20 då
628 1145 75 21 kunna
710 1145 95 28 pröfvas
817 1152 52 14 vara
880 1145 33 26 af

87 1173 95 27 behofvet
194 1173 142 27 påkallade»;
355 1174 39 21 och
417 1175 69 20 denna
507 1174 67 27 grund
597 1174 33 21 för
650 1174 148 26 förändringar
812 1174 7 21 i
834 1175 73 20 värne-

87 1202 128 27 pligtslagen
230 1204 23 19 är
269 1202 65 21 också
349 1202 40 21 den
404 1203 103 26 säkraste,
524 1204 6 20 i
545 1203 72 21 stället
632 1203 32 20 för
679 1205 33 19 att
727 1203 68 26 bygga
807 1203 101 20 önsknin-

86 1237 38 21 gar
139 1231 28 27 på
182 1231 63 27 olika,
261 1231 64 21 också
340 1231 46 21 ofta
400 1231 58 21 förut
480 1231 81 22 fattade
581 1231 107 21 fördomar
701 1231 51 21 eller
767 1230 141 22 känslostäm-

87 1260 80 26 ningar,
180 1266 45 15 som
240 1262 52 24 göra
307 1261 33 20 att
355 1260 156 26 önskningarna
533 1260 64 21 blifva
617 1262 74 19 nästan
707 1260 43 20 lika
764 1260 83 26 många,
862 1266 45 14 som

86 1294 130 21 personerna
230 1290 44 24 äro,
290 1294 44 15 som
351 1290 69 19 uttala
435 1289 53 21 dem.
519 1289 42 21 Det
571 1288 22 22 af
602 1289 105 21 utskottet
717 1288 119 26 föreslagna
847 1294 62 20 synes

87 1316 42 27 mig
144 1323 51 15 vara
211 1317 39 21 den
266 1319 108 25 tryggaste
396 1319 91 25 utvägen
507 1317 33 21 för
554 1319 32 19 att
601 1317 80 21 erhålla
703 1317 100 27 lämpliga
818 1317 39 21 och
871 1318 37 19 nö-

87 1346 49 26 diga
151 1345 147 27 förändringar
312 1346 7 20 i
334 1345 67 27 lagen.
431 1346 67 21 Afven
514 1346 48 21 med
578 1345 122 22 afseendeä
711 1345 108 27 professor
834 1345 74 21 Cleves

87 1374 85 26 förslag,
187 1376 32 19 att
234 1380 48 15 man
304 1374 69 21 skulle
395 1374 63 21 hafva
479 1377 31 19 ett
528 1374 167 27 slutstadgande,
710 1380 45 15 som
771 1374 47 21 med
834 1374 73 21 åbero-

87 1403 70 27 pande
171 1402 22 22 af
207 1402 196 28 Regeringsformen
419 1403 39 21 och
474 1403 125 27 Förenings-
610 1403 39 21 och
660 1402 180 22 Säkerhetsakten
853 1402 56 21 blott

88 1432 6 19 i
109 1431 116 20 allmänhet
240 1431 68 20 skulle
323 1431 108 20 innehålla
446 1434 32 17 att
494 1433 25 18 de
534 1432 97 25 punkter,
647 1432 6 18 i
665 1431 70 20 hvilka
751 1432 68 19 denna
835 1433 73 17 värne-

88 1458 99 27 pligtslag
203 1459 62 20 berör
279 1458 251 27 grundlagsstadganden,
551 1465 39 20 ega
607 1458 185 26 grundlagshelgd,
808 1461 45 18 tror
866 1458 43 26 jag,

87 1488 33 19 att
135 1487 40 20 den
191 1487 23 20 af
227 1487 105 20 utskottet
351 1486 119 27 föreslagna
485 1489 89 24 utvägen
590 1488 32 19 att
637 1486 100 21 särskildt
757 1486 110 27 uppräkna
882 1487 28 19 de

87 1515 129 28 paragrafer,
232 1522 46 15 som
293 1515 52 22 böra
366 1521 61 16 anses
447 1515 33 21 för
494 1515 280 28 grundlagsbestämmelser,
794 1515 2 21 i
811 1515 98 21 medbor-
