1081 1803
191 155 55 20 3308
394 158 162 18 Presteståndet
568 158 58 17 1878.
651 159 23 15 14
684 157 90 20 januari.

162 228 128 26 antagandet
306 228 22 21 af
341 227 68 22 denna
427 227 34 26 lag
477 227 38 21 och
532 227 64 26 derpå
610 226 94 26 grundar
723 226 33 25 sig
776 225 48 22 mitt
839 226 77 20 votum.
946 224 41 27 Jag

161 257 69 22 skulle
250 257 24 20 af
294 257 77 26 hjertat
390 257 66 20 önska
474 256 42 21 alla
534 255 119 22 menniskor
669 255 39 20 den
724 253 127 28 rättigheten
867 255 32 19 att
914 253 21 21 få
951 253 35 20 be-

162 287 90 20 stämma
268 285 31 21 sin
315 285 97 26 religiösa
427 284 137 27 öfvertygelse
581 296 26 3 —
620 283 37 26 jag
672 289 62 15 anser
748 282 36 22 det
799 282 17 27 ej
830 281 98 28 förenligt
937 282 48 21 med

162 313 158 22 kristendomen
342 313 123 27 att:någon
481 313 107 21 menniska
604 313 82 25 tvingas
698 323 28 3 —
742 317 47 15 men
802 311 37 27 jag
854 311 79 26 tycker,
949 312 38 25 att,

162 342 54 22 skall
237 348 47 15 man
307 343 6 20 i
337 342 58 21 detta
417 341 36 22 fall
476 341 94 27 lagstifta
586 340 38 22 och
640 341 68 20 denna
723 339 35 26 lag
773 341 84 20 komme
872 341 34 19 att
921 339 67 21 ändra

162 370 116 22 bestående
293 369 152 25 förhållanden,
461 376 47 14 man
524 370 38 20 bör
578 369 94 26 lagstifta
688 368 46 21 med
751 368 93 25 klokhet,
860 368 24 20 så
896 369 32 19 att
938 373 49 15 man

162 399 48 21 icke
225 399 67 26 dagen
308 398 92 21 derefter
414 398 33 22 får
462 399 33 20 stå
510 398 39 21 och
565 398 105 20 skämmas
686 396 76 22 derför.
792 396 40 27 Jag
847 396 32 21 för
894 396 43 21 min
953 396 34 21 del

163 428 43 20 kan
221 428 47 20 icke
284 427 48 21 med
347 427 40 21 den
403 426 134 28 uppfattning
550 426 36 27 jag
603 426 39 21 har
656 428 65 18 annat
734 427 26 19 än
771 425 67 21 uttala
849 425 40 21 den
900 425 88 25 önskan,

163 458 33 20 att
217 456 157 27 presteståndet
396 455 45 21 icke
464 455 66 21 skulle
554 457 77 23 antaga
653 454 156 26 inbjudningen,
831 453 85 21 hvartill
931 455 57 19 ännu

164 485 70 21 kunde
256 484 80 27 läggas,
358 486 32 18 att
412 487 31 18 ett
463 484 118 26 antagande
596 484 24 20 af
632 482 149 27 inbjudningen
797 482 68 21 skulle
881 482 60 21 kasta
957 484 30 19 ett

164 513 144 27 besynnerligt
330 513 51 21 sken
402 514 28 26 på
452 512 100 22 Finlands
574 511 139 27 prestestånd,
729 514 32 18 att
781 511 20 21 vi
821 510 105 27 nämligen
941 510 48 21 icke

164 542 48 21 dess
234 541 82 21 klarare
332 542 70 20 kunde
417 541 65 21 tänka
497 541 33 21 för
546 547 40 18 oss,
602 543 51 18 utan
669 540 67 20 måste
752 540 75 20 liksom
842 540 44 20 låta
902 538 86 22 näsleda

165 576 36 16 oss
222 570 22 21 af
264 570 67 21 andra
353 570 67 25 stånd,
441 570 70 20 hvilka
527 569 131 25 rättvisligen
674 569 17 25 ej
708 568 52 21 böra
776 568 71 21 kunna
862 574 62 14 anses
939 574 50 14 vara

164 600 25 20 så
203 599 49 20 inne
267 599 6 20 i
288 598 72 26 saken,
374 604 45 15 som
436 604 47 15 man
494 598 39 20 har
548 600 43 18 rätt
607 600 31 18 att
653 597 72 21 fordra
740 596 22 22 af
776 596 162 27 presteståndet.

235 655 110 21 Professor
360 654 95 21 Cleve:
484 654 90 26 Jag:för
588 654 43 21 min
643 653 32 21 del
686 659 62 15 anser
759 653 43 27 mig
812 653 94 21 hvarken
917 653 71 21 kunna

166 684 52 20 eller
234 684 50 26 vilja
298 684 48 26 ingå
362 683 6 20 i
384 683 69 27 någon
469 683 77 21 allmän
563 682 119 22 diskussion
698 682 108 27 angående
822 682 100 21 behofvet
937 682 51 20 eller

166 712 47 21 icke
235 712 100 21 behofvet
354 711 23 20 af
390 718 26 14 en
432 712 149 25 dissenterlag;
599 711 74 26 frågan
690 713 23 18 är
729 713 50 18 utan
795 710 73 21 tvifvel
884 717 25 14 en
926 711 23 20 af
964 710 25 20 de

166 741 59 21 svårt
246 740 116 22 besvarade
385 740 38 21 och
446 740 32 21 för
498 741 42 20 min
556 739 34 22 del
606 739 112 21 förundrar
731 739 37 27 jag
783 739 42 26 mig
840 739 87 21 alldeles
942 739 46 20 icke

166 770 59 21 öfver
246 771 32 20 att
298 769 157 26 presteståndet
471 769 6 20 i
493 769 68 21 denna
576 769 61 20 svåra
653 768 39 21 och
708 767 116 28 grannlaga
840 768 38 21 sak
893 768 55 21 visat
963 773 26 15 en

166 799 42 20 viss
230 798 83 25 tvekan,
335 798 6 20 i
358 797 36 21 det
410 800 31 18 att
456 797 85 21 ståndet
556 797 54 21 först
625 796 68 27 afböjt
709 796 102 27 förslaget
826 797 39 20 och
881 797 64 20 sedan
962 796 27 26 på

166 826 126 27 inbjudning
308 826 22 21 af
344 826 146 27 ridderskapet
506 826 39 21 och
556 826 60 21 adeln
628 828 70 18 ansett
709 825 31 27 sig
751 825 52 21 böra
814 827 50 24 taga
875 825 35 21 det
922 825 68 21 under

167 855 101 28 pröfning
288 855 39 21 och
343 855 95 26 godkänt
454 856 117 19 detsamma
586 855 47 20 med
649 854 108 26 undantag
772 854 23 21 af
808 854 38 21 den
866 856 24 19 19
907 854 12 27 &
935 857 56 18 samt

166 884 49 21 med
234 883 111 22 införande
365 883 23 21 af
406 883 62 26 vissa,
489 886 50 18 utan
556 883 73 22 tvifvel
644 883 80 26 ganska
740 883 80 26 vigtiga
835 882 153 27 förändringar.

166 913 43 21 Det
224 915 24 18 är
262 919 29 14 nu
306 914 94 19 närmast
416 911 59 28 fråga
491 919 33 14 om
543 912 24 21 19
584 912 16 25 $,
613 911 87 21 hvarom
711 911 62 22 äfven
784 912 40 20 sist
835 911 154 22 diskuterades.

166 941 34 21 Då
220 941 60 21 sökte
297 941 37 26 jag
350 941 50 24 visa,
417 941 39 21 och
470 941 36 26 jag
522 944 51 23 tror,
590 942 31 19 att
636 940 36 21 det
687 942 75 19 nästan
778 940 98 27 lyckades
892 940 49 27 mig,
957 942 32 19 att

166 969 157 27 presteståndet
343 975 75 20 genom
434 969 37 21 sitt
486 969 126 26 föregående
629 969 69 21 beslut
713 969 55 20 hade
783 972 86 18 stannat
884 969 6 20 i
906 975 25 15 en
947 969 43 20 viss

166 998 134 27 motsägelse,
323 998 6 20 i
351 999 36 20 det
407 998 106 27 nämligen
535 1001 32 18 att
582 997 84 22 ståndet
682 997 12 20 å
709 1004 40 14 ena
764 997 60 22 sidan
839 997 79 22 uteslöt
936 998 25 20 19
978 999 12 25 &

166 1027 40 22 och
230 1027 12 22 å
264 1027 66 21 andra
352 1027 59 21 sidan
433 1029 64 24 antog
519 1027 141 26 inledningen.
690 1026 66 21 Detta
776 1027 70 20 beslut
866 1026 88 21 innebär
967 1027 23 25 ju

167 1056 83 27 tydligt,
270 1058 32 19 att
316 1055 157 27 presteståndet
488 1056 46 21 icke
549 1062 68 19 anser,
634 1057 32 19 att
681 1062 25 14 en
722 1055 144 27 dissenterlag,
884 1061 45 16 som
944 1055 47 20 icke

166 1084 102 22 omfattar
278 1085 62 21 äfven
352 1084 120 21 bekännare
482 1084 23 21 af
515 1084 38 21 den
565 1084 160 27 grekisk-ryska
736 1084 110 26 trosläran,
856 1084 38 21 bör
904 1084 86 21 komma

167 1113 32 21 till
221 1113 67 26 stånd,
311 1120 48 14 men
380 1113 141 26 motsägelsen
537 1113 66 27 ligger
619 1113 68 21 deruti
702 1115 32 18 att
750 1119 75 21 genom
842 1113 26 21 19
884 1114 44 26 $:ns
943 1115 48 19 ute-

166 1142 99 21 slutande
286 1141 73 27 sjelfva
381 1142 138 26 lagförslaget
537 1144 61 25 göres
614 1142 115 20 universelt
744 1142 38 21 och
799 1142 35 21 det
850 1142 36 20 det
902 1142 89 20 oaktadt

166 1171 139 26 petitioneras
325 1171 8 19 i
354 1170 140 27 inledningen,
516 1173 33 19 att
569 1176 25 15 en
610 1170 91 21 särskild
716 1170 36 27 lag
767 1170 65 21 borde
848 1170 32 21 för
895 1170 96 27 grekisk-

166 1199 65 27 ryska
254 1198 166 22 trosbekännare
442 1199 102 21 utfärdas.
574 1199 75 20 Denna
670 1199 126 27 motsägelse
820 1205 61 21 synes
902 1198 44 27 mig
966 1205 26 14 ur

167 1228 76 20 formel
265 1228 107 26 synpunkt
394 1234 51 14 vara
468 1228 80 26 ganska
571 1227 110 27 betänklig
702 1228 38 20 och
756 1228 36 20 det
808 1230 23 18 är
846 1234 25 14 ur
886 1228 40 20 den
942 1234 50 20 syn-

167 1256 95 26 punkten
281 1256 37 27 jag
338 1262 62 15 anser
421 1256 36 20 det
478 1262 51 15 vara
544 1256 136 26 nödvändigt,
696 1258 32 18 att
746 1258 24 19 19
786 1256 12 26 $
814 1256 60 26 ingår
888 1256 7 21 i
911 1256 81 27 lagför-

166 1284 74 27 slaget,
255 1288 22 23 ty
293 1284 75 20 endast
384 1284 89 21 sålunda
489 1285 40 20 kan
545 1290 48 15 man
610 1284 57 27 gifva
682 1284 68 26 någon
766 1285 108 26 betydelse
890 1285 22 20 åt
924 1284 67 21 inled-

167 1312 83 28 ningen.
280 1313 92 21 Innebär
394 1319 28 15 nu
446 1314 25 20 19
494 1313 44 27 &:ns
561 1313 134 21 uteslutande
718 1314 75 20 endast
816 1314 42 24 det,
874 1315 32 19 att
921 1313 70 27 någon

166 1341 141 25 dissenterlag
328 1342 7 19 i
356 1341 46 20 vårt
425 1341 49 20 land
498 1342 18 24 ej
535 1342 65 20 borde
615 1342 85 19 komma
715 1342 33 20 till
764 1342 68 23 stånd,
847 1342 64 20 innan
927 1341 65 21 också

167 1374 26 15 en
215 1369 57 26 dylik
295 1369 34 27 lag
348 1368 34 21 för
396 1369 162 26 grekisk-ryska
574 1369 166 21 trosbekännare
756 1368 119 27 förefinnes,
891 1369 23 21 så
930 1375 62 21 synes

166 1397 37 21 det
218 1397 43 27 mig
276 1397 18 26 ej
311 1403 52 15 vara
379 1397 35 21 det
430 1399 56 19 rätta
501 1398 79 20 medlet
595 1399 32 19 att
642 1397 93 21 utesluta
750 1398 40 20 den
808 1400 24 18 19
844 1398 18 26 &,
875 1400 51 18 utan
936 1398 56 20 hade

167 1426 37 21 det
225 1426 48 21 bort
294 1426 110 26 uttryckas
424 1426 142 25 annorlunda;
588 1426 36 20 det
645 1426 54 21 hade
720 1426 50 21 bort
785 1426 141 27 uttryckligen
942 1426 50 27 ingå

167 1455 69 20 såsom
259 1456 31 19 ett
312 1454 104 21 förbehåll
440 1454 32 21 för
495 1453 72 28 lagens
590 1455 125 26 antagande,
739 1457 33 18 att
793 1455 40 21 den
854 1457 23 19 är
892 1455 99 26 godkänd

167 1483 75 22 endast
261 1483 68 21 'under
350 1483 68 21 vilkor
434 1485 32 19 att
480 1489 26 14 en
522 1489 70 15 annan
608 1484 34 25 lag
658 1483 101 27 derjemte
774 1483 152 28 proklameras,
942 1484 48 21 med

166 1511 68 22 andra
248 1512 39 21 ord
302 1513 36 20 det
353 1511 55 22 hade
422 1511 108 22 inneburit
546 1514 30 19 ett
592 1512 97 27 uppskof,
706 1513 33 20 till
755 1513 48 20 dess
816 1513 175 21 nästkommande

166 1541 87 22 ständer
272 1540 56 22 hade
344 1541 76 21 uttalat
436 1541 32 27 sig
483 1540 108 28 angäende
607 1543 32 19 ett
654 1541 115 28 lagförslag
783 1541 33 22 för
830 1541 162 28 grekisk-ryska
