1073 1798
220 161 55 20 2460
398 166 158 17 Presteståndet
569 167 53 16 1877.
646 167 13 16 4
672 167 111 16 december.

190 234 91 21 anställe
296 234 69 21 såsom
381 234 144 21 föreståndare
540 241 26 14 en
582 234 70 21 dertill
668 234 87 27 lämplig
769 235 97 25 person".
890 234 42 26 Jag
947 240 62 15 anser

191 265 31 18 att
245 263 68 20 denna
335 263 124 26 omändring
479 263 6 20 i
505 263 126 26 paragrafen
650 264 24 19 är
694 263 47 20 utaf
761 263 62 26 ingen
842 262 51 27 vigt,
909 263 47 20 icke
972 269 37 14 ens

190 291 98 27 gagnelig
308 291 39 21 och
369 291 37 21 ber
426 291 46 21 dem
494 291 23 21 af
535 291 116 21 utskottets
669 291 138 20 medlemmar
822 297 45 14 som
882 293 37 18 äro
936 292 72 19 närva-

189 320 66 20 rande
274 326 51 14 vara
345 320 55 25 goda
421 320 39 21 och
479 320 87 21 ursäkta
587 322 32 19 att
635 320 37 26 jag
690 322 36 24 tog
742 319 33 22 till
790 319 61 21 ordet
866 319 40 22 och
921 319 89 21 svarade

190 348 66 21 ehuru
276 348 72 21 rektor
365 347 100 22 Kihlman
480 348 132 27 uppmanade
627 349 116 20 utskottets
759 348 137 21 medlemmar
910 350 32 19 att
958 348 51 21 orda

190 377 6 20 i
213 377 40 20 den
268 377 72 20 saken.

258 434 83 21 Doktor
356 433 145 22 Lindelöf:
523 433 61 22 Efter
599 434 25 21 de
640 434 76 27 många
731 440 71 15 varma
818 433 39 22 och
873 433 84 22 sakrika
972 440 37 15 an-

190 463 120 26 draganden
324 463 8 21 i
348 463 67 21 denna
431 463 77 27 vigtiga
522 459 59 30 fråga
596 463 42 21 kan
654 463 35 21 det
704 463 34 20 väl
754 469 61 21 synas
830 462 132 27 öfverflödigt
977 465 32 18 att

186 491 38 27 jag
239 491 38 21 har
295 491 75 27 begärt
385 492 66 25 ordet,
467 498 48 15 men
527 491 36 27 jag
580 491 37 21 har
632 492 21 21 af
667 491 47 21 mitt
729 493 92 19 samvete
837 491 68 21 blifvit
917 493 91 24 tvungen

188 520 33 21 till
236 522 31 19 att
279 520 78 26 begära
368 520 34 21 det
412 520 33 21 för
455 523 31 18 att
497 520 63 21 också
570 521 48 20 med
630 520 46 21 mitt
687 522 71 19 votum
770 519 39 22 och
820 519 46 22 icke
876 520 75 21 endast
961 520 48 21 med

188 551 43 24 tyst
251 548 92 22 valsedel
363 548 68 22 uttala
451 550 42 25 mig
508 550 6 20 i
530 549 68 21 denna
614 549 78 25 vigtiga
707 549 58 26 fråga
781 548 39 21 och
836 555 33 15 om
886 554 47 16 man
949 551 60 23 tager

188 577 64 21 saken
275 577 97 21 abstrakt
391 577 6 21 i
418 577 115 21 allmänhet
554 578 23 20 så
600 578 41 20 kan
665 584 47 14 man
735 577 45 21 icke
798 577 84 21 komma
897 576 30 22 till
944 576 65 27 något

188 607 65 19 annat
268 606 88 20 resultat
372 607 26 19 än
414 606 25 20 de
454 606 73 26 talare,
537 606 69 21 hvilka
622 606 62 21 hafva
698 606 96 20 förordat
809 606 127 25 antagandet
952 606 22 20 af
982 612 26 14 en

189 634 143 26 dissenterlag.
363 634 24 21 Vi
403 634 61 21 hafva
480 634 103 27 nämligen
600 640 25 15 en
640 634 102 27 kyrkolag
757 640 45 15 som
812 634 117 21 innehåller
939 634 69 21 såsom

189 662 36 22 det
238 663 63 21 redan
314 662 67 22 blifvit
394 662 119 22 framhållet
526 663 79 21 sådana
614 663 162 25 bestämningar,
787 663 71 21 hvilka
868 665 51 24 göra
930 663 35 21 det
976 662 32 21 till

189 697 25 15 en
227 691 119 27 nödvändig
354 692 130 26 konseqvens
495 695 32 18 att
537 698 25 15 en
574 692 141 26 dissenterlag
726 692 54 20 skall
791 691 85 21 införas.
894 692 113 20 Dessutom

188 720 66 27 ligger
262 720 65 21 också
335 727 25 14 en
370 720 137 28 dissenterlag
515 721 69 21 såsom
594 727 24 14 en
629 721 133 26 konseqvens
771 720 21 21 af
803 720 38 22 den
853 720 155 22 samvetsfrihet

188 754 45 16 som
244 748 108 22 lutherska
363 749 80 26 kyrkan
451 750 5 20 i
465 750 31 20 sin
505 750 45 20 lära
557 750 73 26 hyllar.
649 750 49 21 Men
707 756 33 14 om
750 756 47 14 man
806 750 37 25 går
852 756 58 14 mera
917 750 21 20 in
946 750 27 26 på
981 749 26 21 de

187 776 209 22 förhandenvarande
411 778 164 26 förbållandena,
584 778 41 21 kan
642 778 62 21 också
720 784 25 15 en
761 778 147 21 motsvarande
924 778 83 26 mening

187 806 61 21 hafva
270 806 83 27 mycket
372 806 45 21 skäl
432 806 32 21 för
479 807 36 26 sig.
546 807 43 21 För
604 808 36 20 det
655 807 65 21 första
735 809 23 19 är
772 807 44 26 just
830 807 37 20 vår
882 807 66 27 kyrka
964 808 43 20 sär-

187 834 65 22 skildt
274 836 68 20 såsom
366 835 46 21 dess
427 835 122 27 författning
564 836 6 20 i
586 835 128 27 kyrkolagen
730 835 68 21 blifvit
813 835 102 26 bestämd,
931 836 23 20 så
968 836 39 20 be-

186 862 79 22 skaffad
287 865 33 19 att
341 864 39 20 den
403 864 46 20 icke
467 864 81 21 utöfvar
563 865 63 25 något
642 864 115 27 synnerligt
772 864 57 21 svårt
844 864 161 27 samvetstvång.

185 891 134 28 Kyrkolagen
330 892 115 22 anbefaller
455 900 25 14 en
492 893 82 27 mycket
585 893 49 22 mild
645 892 39 22 och
694 899 82 15 varsam
787 892 128 26 behandling
925 895 15 18 t.
951 899 18 14 o.
978 898 27 15 m.

186 921 46 20 med
262 921 78 21 sådana
363 921 141 24 medlemmar,
525 927 45 15 som
590 922 44 21 visa
656 928 25 14 en
704 923 48 20 svår
774 922 38 20 och
834 921 48 26 grof
906 921 100 21 afvikelse

185 947 46 23 från
247 949 91 26 kyrkans
354 949 44 21 lära
413 949 39 22 och
469 950 87 27 ordning
586 951 31 20 De
633 950 157 27 bestämningar
805 950 29 21 uti
850 951 11 24 $
877 951 12 20 6
905 956 27 14 m.
945 949 20 21 fl.
979 956 25 19 a.,

184 983 46 15 som
248 977 32 21 till
301 977 81 22 förmån
402 977 33 22 för
456 979 188 27 religionsfriheten
661 979 37 21 der
712 979 62 21 hafva
788 979 74 26 ingått,
877 978 61 22 hafva
953 980 51 20 utan

184 1006 73 21 tvifvel
278 1006 120 22 tillkommit
419 1008 26 25 på
465 1008 40 20 den
527 1008 67 26 grund
609 1010 31 18 att
655 1014 49 15 man
718 1008 56 26 gjort
789 1008 31 26 sig
835 1007 71 21 alltför
920 1007 84 26 sangui-

184 1034 61 22 niska
267 1034 164 28 förhoppningar
446 1042 32 15 om
495 1042 26 15 en
537 1036 133 27 reciprocitet
685 1036 88 21 emellan
789 1036 39 21 den
844 1036 160 26 grekisk-ryska

183 1063 39 21 och
242 1063 40 21 den
302 1063 108 21 lutherska
431 1064 88 27 kyrkan.
549 1065 187 26 Förutsättningen
759 1066 38 19 har
816 1064 45 22 icke
883 1064 66 22 heller
967 1064 37 21 be-

182 1094 75 18 sannat
279 1092 37 26 sig,
332 1092 69 21 derför
417 1093 43 21 visa
475 1094 31 25 sig
522 1093 60 21 dessa
598 1093 156 27 bestämningar
767 1092 61 22 hafva
843 1093 54 21 varit
913 1095 30 19 ett
959 1092 45 27 lag-

182 1119 194 27 stiftningsmisstag
391 1121 38 20 och
444 1122 6 19 i
465 1122 77 20 sådant
557 1122 97 20 afseende
669 1122 61 20 hafva
746 1122 26 20 de
787 1122 45 20 icke
846 1122 38 20 den
896 1121 108 27 betydelse

181 1153 45 15 som
243 1148 25 21 de
284 1148 60 26 eljest
359 1148 66 22 skulle
441 1149 68 21 hafva.
529 1150 41 26 Jag
584 1150 41 20 kan
642 1150 70 21 derför
727 1150 45 20 icke
787 1150 127 20 tillerkänna
927 1150 75 26 kyrko-

181 1175 61 27 lagen
266 1176 6 21 i
293 1177 58 20 detta
374 1177 95 21 afseende
491 1178 39 21 den
552 1178 43 26 vigt
616 1178 38 21 och
678 1178 106 27 betydelse
803 1178 69 21 såsom
888 1178 67 26 grund
970 1178 34 20 för

182 1204 175 27 dissenterlagens
376 1207 124 25 antagande,
517 1213 44 15 som
579 1206 125 27 föregående
720 1207 64 21 värde
799 1207 66 20 talare
881 1206 38 21 har
934 1206 70 26 tillagt

182 1232 126 22 densamma.
340 1234 48 20 Men
405 1234 65 26 jemte
491 1235 34 21 det
545 1235 36 27 jag
599 1236 117 20 emellertid
732 1235 136 21 tiilerkänner
884 1235 36 27 det
934 1238 69 18 teore-

180 1261 56 21 tiska
251 1261 155 27 berättigandet
421 1262 22 21 af
457 1269 24 15 en
498 1264 143 26 dissenterlag,
650 1263 66 21 finner
726 1264 36 26 jag
775 1264 125 26 tidpunkten
911 1263 32 21 för
954 1264 47 20 dess

180 1290 111 26 praktiska
306 1290 131 27 tillämpning
453 1292 39 20 och
507 1292 110 21 införande
632 1292 40 21 alls
687 1292 45 21 icke
748 1294 55 19 ännu
816 1298 50 15 vara
878 1292 123 21 förhanden.

180 1318 46 21 Här
241 1318 39 21 har
294 1324 26 16 en
335 1319 125 26 föregående
476 1320 51 21 värd
542 1321 66 21 talare
624 1320 114 22 framhållit
754 1321 53 20 huru
820 1320 182 27 behjärtansvärdt

180 1346 36 20 det
231 1348 23 18 är
270 1348 32 19 att
316 1347 97 21 afseende
423 1348 64 20 fästes
497 1348 34 20 vid
540 1349 26 20 de
576 1349 39 20 100
624 1349 50 20 eller
684 1351 24 18 10
717 1349 52 20 eller
778 1351 14 18 t.
802 1355 18 14 o.
829 1355 25 14 m.
865 1354 34 15 om
908 1350 35 19 det
952 1355 50 14 vore

179 1380 26 14 en
221 1374 54 21 enda
290 1374 85 26 individ,
384 1381 44 15 som
443 1376 46 20 icke
504 1376 67 21 skulle
586 1377 71 20 kunna
673 1376 55 22 finna
739 1376 48 27 sig
776 1370 12 37 i
800 1377 93 25 religiöst
904 1376 97 21 afseende

179 1408 51 15 vara
249 1402 89 22 tillfreds
360 1404 46 20 med
426 1404 37 21 vår
484 1405 120 21 nuvarande
624 1405 95 27 kyrkliga
741 1405 89 26 ordning
845 1404 39 22 och
899 1405 33 21 vid
948 1404 53 22 hans

179 1431 64 22 behof
264 1431 22 22 af
306 1438 26 15 en
355 1431 34 28 lag
409 1432 6 21 i
431 1433 36 21 det
481 1433 54 27 syfte
550 1436 32 19 att
597 1433 41 22 han
654 1434 67 21 skulle
737 1434 62 21 vinna
815 1434 39 21 den
869 1433 132 28 fullkomliga

178 1460 156 21 samvetsfrihet
353 1467 45 15 som
419 1467 26 15 en
466 1463 109 20 menniska
597 1463 134 21 tillkommer.
761 1463 49 21 Men
830 1463 24 21 så
876 1463 74 26 vigtigt
966 1463 36 22 det

179 1489 63 22 också
257 1491 24 19 är
296 1491 33 20 att
344 1490 137 26 individerna,
497 1491 55 22 färre
568 1491 51 22 eller
633 1491 57 26 flere,
707 1491 21 22 få
743 1492 37 21 sitt
792 1491 156 24 samvetsbehof
957 1491 44 22 till-

178 1517 129 27 fredsstäldt,
323 1518 42 22 lika
380 1519 74 27 vigtigt
469 1519 39 22 och
524 1522 56 19 ännu
600 1520 101 27 vigtigare
717 1523 23 19 är
756 1521 36 21 det
807 1523 31 19 att
853 1521 83 24 folkets,
952 1521 48 22 hela

179 1547 111 21 nationens
305 1547 106 22 allmänna
427 1551 98 24 samvete,
541 1549 147 22 folksamvetet
703 1551 46 21 icke
764 1551 41 21 blir
820 1551 84 22 kränkt.
925 1552 76 23 Denna
