1078 1800
194 146 54 20 3046
369 150 159 18 Presteståndet
541 151 55 17 1877.
621 150 24 16 18
658 150 112 17 december.

160 218 156 25 jordlägenhet.
346 218 76 21 Folket
437 225 43 18 var,
496 221 45 18 tror
554 219 42 26 jag,
613 220 55 19 ännu
683 218 46 20 icke
746 219 70 24 moget
831 218 32 19 för
879 224 25 14 en
917 217 66 21 sådan

164 251 83 22 lättnad
263 252 6 20 i
285 252 266 26 penningenegociationer.
575 247 133 26 Åtminstone
723 251 55 21 visar
791 251 35 20 det
834 251 31 26 sig
874 252 27 25 på
909 250 75 27 många

164 280 82 26 ställen,
262 282 32 19 att
311 280 103 21 föräldrar
430 280 61 21 hafva
507 281 79 20 lemnat
601 280 22 21 åt
638 280 45 20 sina
699 280 73 26 mågar
786 280 52 20 eller
853 281 62 19 söner
925 279 58 21 hem-

164 315 48 14 man
234 309 47 20 med
305 308 128 21 inventarier
456 309 103 20 skuldfria
577 309 7 20 i
604 308 48 21 fullt
674 308 64 26 skick,
755 313 47 16 men
818 307 99 27 mågarne
933 307 51 21 eller

163 338 89 20 sönerne
267 337 62 20 hafva
345 337 65 21 sedan
425 338 97 26 upptagit
538 339 58 19 stora
611 337 41 25 lån,
667 337 69 20 såsom
752 337 36 20 det
803 336 64 26 hette,
884 337 31 20 till
925 336 58 27 jord-

163 365 87 22 brukets
265 365 152 26 förbättrande,
433 371 48 15 men
503 367 25 20 de
554 365 63 28 hafva
640 365 48 21 litet
703 365 69 21 blifvit
790 365 70 20 dertill
876 365 104 21 använda.

162 394 42 21 Det
226 394 39 21 har
287 393 86 28 skapats
396 400 40 20 nya
458 395 70 20 behof.
558 394 67 21 Äfven
648 394 62 26 lyxen
733 394 38 20 har
792 393 65 21 bland
878 394 105 26 allmogen

164 423 84 26 mycket
263 422 65 27 stigit.
354 422 117 21 Skulderna
486 424 33 20 stå
535 429 57 20 qvar.
616 422 66 21 Detta
696 424 24 19 är
735 422 46 21 icke
796 422 142 26 Föreningens
948 421 34 22 fel.

162 451 38 20 Att
215 451 95 21 deremot
325 451 131 26 Föreningen
472 451 38 21 har
525 451 73 26 begått
613 452 59 19 stora
687 451 91 26 misstag,
794 450 122 21 framhålles
931 451 7 20 i
951 453 32 18 ut-

161 479 92 22 skottets
273 479 140 26 betänkande,
430 480 38 20 och
490 480 58 21 detta
563 479 107 26 verkligen
686 479 47 21 med
748 479 52 20 skäl.
830 479 40 26 Jag
887 481 45 18 tror
948 479 35 21 det

161 507 47 22 icke
223 509 23 19 är
262 507 119 27 obefogadt,
397 514 43 15 som
452 509 104 20 utskottet
566 508 100 26 påpekar,
675 508 54 21 huru
742 511 8 17 t.
768 514 32 14 ex.
811 507 173 28 jordlägenheter

161 536 8 20 i
183 536 45 21 inre
244 537 85 20 delarne
344 536 23 21 af
381 537 71 20 landet
468 536 62 21 hafva
545 536 70 21 blifvit
627 536 115 21 värderade
758 536 55 21 efter
828 542 80 15 samma
921 535 62 24 tariff,

161 570 46 16 som
223 565 25 20 de
263 565 7 20 i
286 564 81 27 sydliga
382 565 90 25 delarne,
489 565 135 27 hvarigenom
639 567 69 19 större
719 564 34 21 lån
764 564 64 21 hafva
838 565 27 26 på
876 565 26 20 de
913 565 70 26 lägen-

161 593 88 21 heterna
259 593 102 27 utgifvits,
378 595 26 19 än
420 593 77 27 rådligt
512 594 54 21 hade
578 593 60 22 varit.
662 593 48 21 Men
722 593 54 21 hvad
787 593 73 27 sjelfva
871 593 65 21 saken
948 593 35 21 be-

161 621 80 26 träffar,
250 622 29 26 så,
291 628 33 16 om
336 622 73 22 landet
419 622 54 22 hade
484 622 102 22 öfverflöd
596 621 26 27 på
630 622 122 27 penningar,
762 622 64 21 skulle
836 623 32 26 jag
881 624 59 19 rösta
949 622 33 21 för

161 651 163 25 reservationen,
341 651 19 21 d.
376 658 18 14 v.
409 657 16 15 s.
441 653 33 19 att
492 651 58 21 lånet
570 651 67 21 skulle
652 651 146 21 efterskänkas
814 651 38 21 och
868 652 57 20 ännu
939 650 45 22 lika

162 679 83 27 mycket
260 679 91 22 skänkas
366 679 32 21 till
414 692 26 3 —
456 681 22 25 ty
494 686 24 15 en
535 680 67 21 skänk
617 679 68 21 blefve
701 679 33 21 väl
748 680 62 20 dessa
821 679 90 26 600,000
922 679 61 21 mark

162 720 27 3 —
204 714 47 15 men
273 708 28 21 då
323 707 58 22 fallet
402 709 45 20 icke
469 710 23 19 är
514 709 82 25 sådant,
611 710 52 19 utan
684 710 92 19 tvärtom
792 709 71 20 landet
879 708 64 21 redan
959 710 24 19 är

162 738 61 25 tungt
241 737 39 20 och
300 736 40 21 blir
361 736 37 21 allt
418 739 74 25 tyngre
507 737 130 25 beskattadt,
652 737 33 20 för
700 739 31 19 att
747 737 71 20 kunna
834 737 49 26 fylla
899 737 42 21 alla
957 737 24 20 de

162 764 68 27 behof,
246 771 45 15 som
312 766 39 20 allt
369 771 44 15 mer
429 766 123 24 tillkomma,
568 765 67 22 skulle
647 765 37 27 jag
697 766 52 21 allra
760 765 61 24 helst,
831 766 90 21 likasom
932 771 51 20 pro-

161 796 47 19 sten
231 793 116 28 Grönberg,
363 796 58 19 rösta
443 795 33 20 för
497 797 31 18 ett
549 794 105 21 bestämdt
675 794 67 27 afslag
756 794 38 21 och
810 795 36 20 det
860 795 27 26 på
903 800 80 15 samma

162 822 52 26 skäl,
234 828 45 15 som
302 822 47 25 han,
365 829 48 14 men
435 823 125 20 inskränker
582 823 41 26 mig
646 823 64 20 också
728 823 32 20 till
775 825 32 18 att
822 823 113 26 godkänna
950 825 33 18 ut-

161 851 90 20 skottets
274 851 141 25 betänkande,
431 851 39 20 den
493 851 115 27 medelväg,
624 857 45 15 som
691 851 105 21 utskottet
815 851 38 21 har
868 851 59 26 tagit,
943 851 39 20 och

161 879 136 26 hvarigenom
319 879 115 26 verkligen,
450 879 44 21 ifall
516 879 105 26 nämligen
643 879 176 22 nästkommande
842 880 86 21 ständer
951 879 31 21 af-

161 907 78 22 skrifva
255 907 63 26 lånet,
333 908 132 26 Föreningen
480 908 39 21 har
535 908 72 21 vunnit
623 908 31 21 sin
670 909 86 20 önskan.

229 964 83 22 Doktor
335 963 127 23 Geitlin:
496 965 10 21 I
529 966 87 20 motsats
639 967 45 18 mot
706 965 26 21 de
754 967 78 19 tvänne
854 965 127 26 föregående

161 993 64 21 ärade
244 993 101 26 talarene,
361 993 42 21 kan
415 993 37 26 jag
468 993 33 21 för
516 994 43 20 min
576 994 33 21 del
624 993 46 22 icke
684 994 113 26 godkänna
812 994 169 21 statsutskottets

161 1021 139 28 betänkande,
319 1024 53 19 utan
394 1021 95 22 ansluter
508 1022 42 26 mig
566 1022 43 21 helt
625 1023 38 20 och
679 1022 65 21 hållet
759 1023 33 20 till
808 1022 87 21 friherre
911 1022 70 26 Boijes

161 1051 136 20 reservation.
327 1050 56 21 Vore
402 1050 35 21 det
452 1050 30 25 så,
498 1053 32 18 att
546 1050 24 21 de
586 1051 39 20 här
640 1050 160 26 ifrågavarande
816 1051 91 25 600,000
923 1051 60 20 mark

160 1084 50 15 vore
226 1079 40 20 den
282 1079 54 20 enda
345 1078 68 24 skuld,
428 1078 32 21 för
475 1079 83 20 hvilken
576 1079 130 27 Föreningen
721 1079 93 26 häftade,
823 1079 27 21 då
860 1079 71 21 kunde
942 1079 40 21 den

161 1106 82 26 åtgärd,
259 1113 44 15 som
322 1106 160 22 statsutskottet
500 1107 115 27 föreslagit,
633 1109 33 19 att
684 1107 105 27 nämligen
809 1108 68 20 lemna
893 1108 89 20 anstånd

161 1135 47 21 med
223 1135 157 25 inbetalningen
396 1134 23 22 af
432 1135 56 21 lånet
504 1136 40 20 och
554 1136 125 20 räntefrihet
691 1136 30 20 till
733 1135 24 21 år
770 1136 60 25 1882,
842 1136 93 20 medföra
947 1137 34 19 ön-

161 1163 62 21 skadt
237 1170 62 20 gagn.
321 1163 49 21 Men
385 1163 34 26 då,
429 1163 121 21 densamma
566 1163 68 21 såsom
650 1164 72 24 kändt,
736 1164 132 26 Föreningen
880 1164 101 26 derjemte

160 1191 40 21 har
220 1191 33 22 för
276 1192 63 25 afsigt
361 1193 32 19 att
415 1193 52 26 göra
490 1192 98 21 anhållan
606 1198 33 15 om
658 1198 26 15 en
700 1192 125 21 subvention
841 1192 22 21 af
877 1192 106 21 allmänna

161 1221 123 21 statsmedel
300 1220 39 21 och
355 1221 65 26 enligt
435 1221 105 26 naturliga
556 1221 46 21 skäl
617 1221 69 20 denna
700 1221 125 21 subvention
845 1223 50 19 utan
911 1221 71 21 tvifvel

161 1248 95 21 kommer
273 1250 33 20 att
320 1248 117 26 förvägras,
453 1248 45 21 ifall
513 1249 121 26 ständerna,
650 1250 28 25 på
693 1251 43 19 sätt
752 1249 159 22 statsutskottet
926 1249 56 21 före-

160 1277 69 26 slagit,
245 1277 46 22 icke
306 1277 84 26 inginge
405 1277 27 27 på
448 1277 144 28 Föreningens
602 1277 31 22 till
645 1278 46 21 dem
705 1277 83 22 riktade
798 1277 105 25 anhållan,
915 1278 66 21 blefve

161 1305 110 26 onekligen
293 1305 80 27 följden
397 1307 45 24 den,
466 1307 32 20 att
520 1306 132 27 Föreningen
675 1307 80 20 råkade
774 1307 6 21 i
799 1307 39 20 allt
858 1308 69 19 större
943 1307 38 20 och

160 1335 69 20 större
244 1333 155 26 affärsbryderi.
428 1334 29 26 Ty
473 1334 38 20 här
525 1335 67 24 gäller
607 1335 89 25 ungefär
708 1341 81 14 samma
800 1336 40 25 lag,
851 1341 45 14 som
907 1335 75 26 tyngd-

160 1361 67 27 lagen.
257 1362 110 21 Utskottet
389 1361 103 21 erkänner
514 1363 63 25 sjelft,
593 1364 31 20 att
645 1363 40 20 den
702 1363 141 26 grundtanke,
859 1369 44 14 som
923 1363 59 26 gifvit

161 1389 80 27 upphof
255 1390 22 21 åt
293 1390 236 27 hypoteksföreningen,
546 1391 45 20 icke
607 1391 42 20 kan
663 1391 68 26 jäfvas
747 1391 68 21 såsom
830 1391 69 26 riktig.
921 1391 60 28 ,Icke

160 1418 87 26 heller,"
263 1420 62 25 säger
342 1419 112 26 utskottet,
472 1419 74 24 ,torde
561 1419 48 22 med
624 1419 36 27 fog
674 1420 72 21 kunna
762 1420 111 24 bestridas,
889 1422 31 19 att
935 1420 46 21 icke

159 1447 133 26 Föreningen
314 1447 56 21 varit
389 1447 22 21 af
431 1447 98 22 behofvet
549 1448 118 27 påkallad.”
700 1449 78 21 Likaså
799 1449 60 21 heter
874 1448 35 22 det
924 1449 6 20 i
947 1449 34 22 be-

160 1476 123 26 tänkandet,
307 1478 32 19 att
360 1476 226 28 hypoteksföreningen
606 1480 157 23 representerar
778 1480 31 19 ett
824 1479 24 20 så
862 1477 75 28 vigtigt
952 1477 30 22 in-

160 1507 72 23 tresse,
247 1507 32 19 att
294 1505 47 22 dess
357 1505 103 21 obeständ
474 1505 68 22 skulle
558 1506 73 27 bringa
646 1505 59 22 ofärd
717 1507 7 20 i
734 1507 48 21 vida
792 1506 83 22 kretsar
885 1508 6 20 i
903 1506 77 22 landet.

159 1533 93 22 Likvisst
267 1534 67 22 skulle
348 1534 39 21 den
399 1533 22 22 af
429 1535 160 22 statsutskottet
604 1541 28 16 nu
642 1535 118 28 föreslagna
771 1536 101 26 åtgärden
884 1535 96 28 ofelbart,
