1070 1817
212 166 55 21 2614
389 170 159 19 Presteståndet
560 172 54 16 1877.
638 171 12 18 7
663 171 112 18 december.

251 241 90 21 Prosten
363 240 157 27 Dahlberg:
550 240 41 27 Jag
606 240 49 21 ville
670 239 131 23 beträffande
823 240 6 28 $
845 242 12 19 7
873 246 35 16 om
922 240 78 27 skjuts-

183 270 48 28 lega
246 270 94 27 tillägga,
357 271 32 20 att
405 269 35 21 det
455 269 130 27 högvördiga
596 269 83 21 ståndet
691 268 65 23 borde
767 269 86 21 afvakta
862 269 81 21 hvilket
953 275 47 15 svar

182 299 148 27 ridderskapet
348 298 40 22 och
408 298 61 21 adeln
491 298 39 21 och
551 298 175 25 borgareståndet
746 298 85 22 komma
851 300 33 19 att
901 298 58 26 gifva
973 298 27 27 på

183 328 166 22 bondeståndets
370 327 129 27 inbjudning,
529 327 42 21 Det
592 327 71 21 kunde
678 327 24 27 ju
717 327 76 24 hända,
809 328 32 20 att
856 327 62 21 dessa
933 326 68 27 stånd,

182 363 47 16 som
247 356 117 28 uppskjutit
379 356 160 27 inbjudningens
554 356 119 26 antagande
689 356 51 21 eller
754 356 137 21 förkastande
907 356 31 21 till
954 356 48 21 dess

183 385 231 28 sammanjemkningen
437 385 83 21 komme
544 387 31 19 att
592 385 46 21 dem
654 384 125 28 föreläggas,
795 384 67 22 skulle
877 387 79 24 antaga
970 384 30 21 in-

182 414 129 28 bjudningen
334 414 39 21 och
395 414 156 27 presteständet
572 413 27 22 dä
617 413 66 21 blifva
703 413 7 21 i
732 413 83 22 tillfälle
836 416 33 18 att
886 413 69 21 uttala
969 413 33 27 sig

183 444 54 22 efter
252 444 26 21 de
293 442 140 23 förefallande
449 442 95 22 besluten
560 442 38 22 hos
613 442 144 22 medständen.
787 442 82 22 Likvist
885 442 67 22 skulle
964 442 38 28 jag

182 472 92 26 förorda,
290 474 32 20 att
344 471 315 28 sammanjemkningsförslaget
674 472 70 20 kunde
759 471 139 22 underkastas
914 478 25 15 en
954 472 47 20 när-

182 508 59 16 mare
255 501 130 28 granskning
399 500 67 28 punkt
480 500 33 22 för
528 500 73 28 punkt.

251 559 83 22 Doktor
354 558 180 22 Nordström:
564 558 69 22 Ocksä
650 558 38 28 jag
706 558 69 22 skulle
795 558 74 22 förena
888 558 44 28 mig
952 558 48 21 med

182 591 87 25 prosten
285 588 113 27 Dahlberg,
412 588 108 27 angäende
529 587 130 28 granskning
669 588 24 21 af
701 587 101 26 förslaget
812 588 67 26 punkt
889 587 34 21 för
933 587 67 27 punkt

183 618 39 21 och
244 620 32 19 att
296 616 126 28 afgörandet
437 616 21 22 af
473 617 142 27 skjutslegans
629 616 78 28 belopp
723 616 68 22 skulle
806 616 21 21 fä
843 616 56 26 bero,
916 616 42 22 tills
974 616 26 21 de

183 646 68 28 öfriga
267 646 89 22 stånden
372 645 82 27 afgifvit
469 646 38 21 sitt
522 652 54 15 svar.

251 704 49 21 Med
321 703 113 27 anledning
451 703 61 21 häraf
527 703 108 27 föredrogs
650 703 115 21 utskottets
781 702 27 28 pä
823 702 61 22 sidan
900 704 11 20 2
926 702 74 22 befint-

183 733 43 28 liga
240 732 207 27 resolutionsförslag
460 732 131 21 beträffande

568 802 48 27 81.

251 854 81 22 Rektor
356 854 145 22 Kihlman:
532 854 42 22 Det
596 856 23 19 är
641 860 27 15 en
689 854 82 27 ganska
792 855 104 27 väsentlig
917 854 85 22 skilnad

183 883 88 23 emellan
292 884 36 21 det
347 883 75 25 beslut,
445 883 85 22 hvartill
546 883 155 28 presteständet
717 884 89 21 kommit
821 884 39 21 och
877 884 40 26 det,
934 890 45 16 som
994 884 8 21 i

182 913 148 27 ridderskapet
345 913 39 21 och
398 912 60 22 adeln
469 912 39 22 och
519 912 173 28 borgareständet
703 912 68 22 blifvit
782 915 87 25 antaget
880 913 121 27 derigenom

183 944 33 19 att
239 942 25 21 de
286 941 64 22 hafva
372 942 82 21 förenat
476 941 30 27 sig
528 948 34 15 om
586 942 115 20 utskottets
723 942 140 21 betänkande.
895 942 7 22 I
920 942 81 22 utskot-

183 972 42 20 tets
245 970 134 22 betänkande
400 970 60 21 heter
480 971 44 21 det:
554 970 161 28 ,Skyldigheten
735 973 32 19 att
787 972 75 26 utgöra
879 970 123 28 hällskjuts-

182 999 51 27 ning
253 999 40 22 och
312 998 125 23 underhålla
456 998 147 28 gästgifverier
623 999 80 27 åligger
724 999 115 22 tillsvidare
855 1000 29 20 all
902 1000 3 21 i
922 1000 80 21 mantal

183 1030 43 20 satt
238 1028 69 28 jord*.
327 1028 45 22 Här
380 1028 77 21 uttalas
465 1028 87 26 säledes,
564 1031 32 19 att
606 1028 189 27 skjutshällningen
807 1030 24 20 är
841 1030 32 20 ett
884 1029 117 27 äliggande,

183 1064 46 14 som
253 1057 73 21 tillhör
350 1057 41 21 den
413 1057 7 21 i
442 1056 80 22 mantal
544 1060 56 18 satta
619 1057 75 27 jorden
716 1057 123 27 visserligen
861 1058 75 21 endast
958 1058 44 21 tills

182 1086 79 26 vidare,
281 1092 49 15 men
351 1086 27 20 dä
399 1086 113 21 ständerna
533 1086 68 21 skulle
618 1088 77 25 antaga
711 1092 25 15 en
752 1086 23 21 sä
790 1086 90 28 lydande
895 1087 106 27 paragraf,

183 1115 69 21 skulle
267 1114 75 28 frägan
357 1121 50 15 vara
422 1114 80 28 afgjord
518 1114 27 27 pä
559 1114 172 28 grundlagsenlig
745 1117 41 25 väg
800 1115 61 21 hvem
878 1116 60 21 detta
949 1116 53 27 älig-

183 1144 69 27 gande
272 1144 74 21 tillhör
366 1144 69 21 säsom
453 1150 26 14 en
494 1144 126 27 skyldighet.
650 1144 46 21 Den
712 1144 73 27 frägan
800 1144 39 21 har
854 1144 76 22 hittills
945 1146 56 20 ännu

182 1173 48 21 icke
245 1172 56 22 varit
315 1172 89 22 sålunda
418 1172 88 28 afgjord,
522 1173 94 24 emedan,
632 1172 69 22 såsom
714 1173 20 21 vi
744 1175 55 25 veta,
810 1173 192 27 skjutshällningen

183 1200 111 23 efterhand
309 1201 92 21 åhvälfts
417 1202 40 20 den
472 1202 6 20 i
494 1202 80 20 mantal
590 1203 55 19 satta
656 1202 81 26 jorden,
748 1204 52 19 utan
811 1205 31 18 att
853 1202 40 21 den
907 1202 3 21 i
922 1203 80 21 mantal

183 1232 57 19 satta
257 1230 75 27 jorden
352 1229 40 22 har
411 1230 69 27 åtagit
499 1230 33 27 sig
550 1230 59 21 detta
624 1230 70 21 såsom
709 1236 25 15 en
750 1231 59 26 pligt.
839 1231 42 21 Det
897 1232 23 20 är
935 1232 66 25 detta,

183 1264 46 16 som
246 1258 104 22 undvikes
364 1264 76 21 genom
455 1259 166 25 presteståndets
637 1258 74 25 beslut,
728 1259 37 21 der
780 1259 35 21 det
831 1259 68 21 heter:
929 1259 73 27 ,Gäst-

183 1286 85 28 gifveri-
289 1287 39 21 och
351 1286 190 28 skjutshållningen
560 1287 28 27 på
608 1287 71 21 landet
700 1287 153 27 upprätthålles
875 1287 127 22 tillsvidare”

183 1322 19 14 0.
219 1321 16 15 S.
250 1322 25 20 V.;
292 1328 27 2 —
334 1322 49 14 man
399 1315 102 21 erkänner
517 1316 36 21 det
568 1316 45 20 icke
629 1316 38 20 här
683 1316 68 21 såsom
767 1322 25 15 en
808 1316 126 27 skyldighet,
950 1318 52 20 utan

183 1350 49 15 man
255 1344 73 26 åtager
350 1344 33 26 sig
406 1344 35 21 det
461 1344 55 20 blott
539 1344 122 20 tillsvidare.
691 1344 32 20 Då
744 1345 110 20 skilnaden
874 1345 90 20 sålunda
978 1347 24 17 är

183 1372 81 26 ganska
279 1374 45 18 stor
338 1372 40 20 och
394 1371 26 21 då
434 1371 166 27 presteståndets
615 1371 70 21 beslut
697 1372 37 20 här
746 1372 198 21 öfverensstämmer
954 1373 48 20 med

183 1400 171 25 bondeståndets,
370 1405 44 15 som
430 1400 120 26 egentligen
565 1400 39 20 bär
619 1402 79 24 tungan
713 1399 24 21 af
751 1400 68 21 denna
831 1400 120 28 skyldighet
962 1401 40 21 och

183 1428 60 22 detta
263 1428 131 22 sistnämnda
415 1428 61 22 stånd
497 1428 47 22 icke
560 1428 40 21 har
614 1428 57 22 velat
686 1429 62 26 åtaga
763 1429 32 28 sig
810 1429 192 29 skjutshållningen

183 1458 70 21 såsom
268 1464 25 15 en
309 1457 127 28 skyldighet,
451 1457 67 22 såsom
531 1459 31 20 ett
572 1457 117 28 åliggande,
701 1464 61 21 synes
773 1459 36 21 det
818 1459 49 27 mig,
878 1461 33 19 att
921 1461 80 25 preste-

183 1486 85 22 ståndet
289 1487 6 21 i
316 1486 69 22 denna
408 1486 38 22 sak
466 1486 47 22 icke
528 1486 66 22 borde
608 1486 75 28 frångå
698 1488 36 20 sitt
749 1487 76 26 beslut,
841 1489 50 20 utan
906 1488 95 22 förkasta

183 1514 322 29 sammanjemkningsförslaget.

251 1567 55 22 Herr
321 1568 154 21 talmannen
491 1567 124 22 framstälde
630 1567 93 27 följande
738 1568 140 28 proposition:
