1078 1806
278 157 157 19 Presteståndet
448 158 54 18 1877.
527 158 23 18 19
563 159 114 17 december.
815 154 56 20 2989

77 227 63 21 heten
156 227 23 21 af
192 229 33 19 att
239 227 95 27 iakttaga
349 228 29 20 all
393 228 73 26 möjlig
480 228 139 26 sparsamhet.
649 228 78 20 Finner
737 234 49 14 man
797 229 32 20 att
839 228 61 20 äfven

75 256 8 21 i
99 256 40 21 den
154 258 75 24 posten
245 256 133 26 sparsamhet
392 256 42 21 kan
449 257 108 21 användas
571 256 24 21 så
611 256 40 21 blir
666 256 40 21 den
722 256 34 22 väl
771 256 90 22 använd.

145 313 88 21 Prosten
252 313 81 21 Roos:
364 313 33 21 Då
413 313 134 26 domprosten
563 313 87 21 Renvall
666 312 64 22 redan
746 313 39 21 har
799 313 54 21 visat
867 314 35 20 att

77 342 62 20 dessa
161 341 123 21 reservister
308 342 46 20 icke
377 341 90 22 behöfva
482 348 51 15 vara
549 342 78 20 klädda
642 348 44 14 mer
702 343 26 20 än
744 342 73 21 trettio
834 342 66 26 dagar

77 376 33 16 om
133 370 47 21 året
200 370 100 21 behöfver
315 370 34 26 jag
360 370 46 22 icke
422 376 44 15 mer
482 371 72 21 derom
571 370 58 21 orda.
660 370 48 22 Men
723 370 56 22 hvad
795 376 105 21 sparsam-

77 399 64 21 heten
164 398 97 28 föröfrigt
284 398 106 26 beträffar,
411 399 29 25 sä,
457 405 34 16 om
507 406 27 14 nu
550 400 106 20 utskottet
671 399 65 27 enligt
751 399 74 21 rektor
840 399 61 21 Kihl-

77 433 60 16 mans
152 428 85 26 mening
251 428 13 21 å
279 434 40 14 ena
334 428 59 20 sidan
409 428 38 20 har
463 430 72 24 sparat
549 428 32 21 för
597 427 82 27 mycket
690 428 40 21 och
741 428 12 20 å
764 428 66 20 andra
840 427 61 21 sidan

76 458 74 25 sparat
171 456 34 21 för
226 456 47 21 litet
294 456 27 26 på
336 458 31 19 ett
387 458 70 25 annat,
477 457 72 26 tyckes
571 456 35 21 det
623 455 23 26 ju
666 456 60 21 deraf
746 456 52 27 följa
813 456 87 21 alldeles

76 485 132 26 konseqvent
229 487 32 19 att
283 485 105 20 utskottet
408 485 39 21 här
467 485 89 21 föreslår
571 491 26 14 en
616 484 66 22 sådan
701 484 133 27 sparsamhet
854 491 46 15 som

77 515 24 20 är
115 513 91 27 förenlig
221 513 48 22 med
286 513 114 22 ernåendet
415 513 23 22 af
453 520 24 15 en
493 514 72 26 duglig
580 513 150 27 organisation.

145 570 90 22 Prosten
253 570 87 27 Hjelt:
370 570 83 22 Mindre
469 571 38 20 har
520 570 37 27 jag
571 570 42 21 fäst
629 570 41 27 mig
685 570 34 21 vid
736 570 40 21 den
792 569 23 22 af
828 570 74 21 rektor

77 599 100 21 Kihlman
192 599 91 21 nämnda
301 599 230 26 krigskommissariens
544 599 116 21 lönevilkor
670 601 27 19 än
708 599 35 20 vid
754 599 146 26 inspektörens

77 627 33 22 för
122 627 68 21 finska
206 627 110 22 militären.
347 627 47 22 Han
410 628 95 21 kommer
520 629 33 20 att
568 627 63 22 hafva
646 634 26 15 en
687 627 92 26 aflöning
791 627 21 21 af
825 628 76 26 19,120

77 656 61 21 mark
151 657 40 20 och
208 657 69 20 dertill
293 656 84 21 komma
391 657 122 26 ytterligare
529 656 121 27 resemedel,
660 662 46 15 som
721 656 40 21 alls
776 656 46 21 icke
834 656 67 21 finnas

78 685 132 25 beräknade;
227 685 26 20 då
269 685 95 20 deremot
379 685 6 21 i
400 685 253 26 krigskommissariernas
668 684 92 27 aflöning
773 684 50 27 ingå
837 685 63 25 2,000

77 713 62 22 mark
162 713 69 21 såsom
253 713 123 25 resemedel,
395 713 81 21 hvilket
496 713 27 21 då
544 713 95 21 kommer
657 715 31 18 att
704 713 139 21 neutralisera
859 713 42 20 den

77 741 56 27 höga
148 741 123 27 aflöningen.
303 741 42 21 Det
359 748 50 15 vore
424 741 80 22 kanske
519 741 73 27 nödigt
602 743 33 20 att
646 741 63 22 också
720 741 108 26 angående
837 741 63 21 lönen

77 770 33 21 för
132 770 137 27 inspektören
290 770 35 21 vid
344 771 40 20 den
405 769 68 22 finska
492 769 104 22 militären
612 770 117 21 bestämma
745 772 32 19 att
792 770 31 21 uti
839 770 62 21 dessa

79 799 76 26 19,120
176 799 60 20 mark
258 799 64 21 också
344 799 49 27 ingå
415 799 25 22 de
463 799 122 26 resemedel,
605 805 45 15 som
669 799 22 20 af
709 798 98 23 behofvet
829 799 73 20 kunna

78 833 51 16 vara
144 827 118 27 påkallade.
293 827 42 22 Det
351 829 23 20 är
389 828 46 21 icke
451 828 23 21 så
490 829 45 19 stor
550 827 83 22 skilnad
646 827 88 22 emellan
746 827 53 22 hans
809 827 92 27 aflöning

78 857 40 21 och
133 863 26 15 en
175 857 80 20 soldats
270 855 98 28 aflöning.

147 914 142 26 Domprosten
305 913 132 22 Renvall:
468 913 45 22 Den
529 914 23 21 af
565 915 85 26 prosten
661 913 59 27 Hjelt
729 916 73 19 senast
813 913 89 21 anförda

76 942 137 28 jemförelsen
233 943 40 20 kan
296 949 48 14 man
365 942 46 21 icke
431 942 62 27 lägga
514 942 31 21 till
560 943 68 26 grund
644 943 34 20 vid
694 942 170 21 bestämmandet
880 941 24 22 af

79 973 94 19 lönerna.
203 971 41 25 Jag
264 973 45 19 tror
332 973 32 19 att
386 973 86 24 prosten
489 971 57 26 Hjelt
561 971 46 21 icke
623 971 67 21 heller
704 971 7 20 i
727 971 32 21 sin
775 971 71 26 kalkyl
862 970 40 21 har

79 1000 56 21 velat
156 999 64 21 hafva
235 1005 25 15 en
277 999 64 21 sådan
358 999 218 27 bestämmelsegrund
591 999 24 21 så
631 1001 31 19 att
678 999 40 21 den
734 998 87 22 alldeles
833 998 69 22 måste

81 1028 83 22 förfalla
185 1028 40 21 och
248 1028 99 21 behöfver
369 1028 47 20 icke
436 1027 70 27 någon
527 1028 169 26 vederläggning.
728 1028 61 21 Hvad
808 1027 46 21 åter
869 1028 33 20 in-

78 1057 126 27 spektörens
226 1056 35 21 lön
279 1057 6 20 i
304 1057 32 26 sig
359 1056 48 27 sjelf
429 1056 100 22 beträffar
549 1058 24 19 är
594 1056 39 21 den
654 1056 121 27 visserligen
794 1056 41 26 hög
853 1062 48 15 men

79 1092 49 15 man
143 1086 68 20 måste
226 1086 64 21 också
305 1087 49 24 taga
369 1085 6 21 i
391 1085 140 21 betraktande
546 1088 33 18 att
594 1085 42 21 han
651 1084 45 22 står
711 1086 6 20 i
728 1088 85 24 spetsen
823 1085 32 21 för
865 1084 37 22 det

79 1115 48 21 hela
148 1114 40 21 och
210 1115 27 26 på
257 1114 53 22 hans
331 1114 114 27 duglighet,
460 1120 85 21 omsorg
565 1114 40 22 och
621 1114 130 22 omvårdnad
767 1114 62 21 beror
844 1113 7 21 i
866 1115 37 19 vä-

79 1143 92 26 sendtlig
193 1150 49 14 mon
265 1144 84 20 hvilken
372 1143 55 21 anda
448 1144 30 20 uti
501 1143 48 21 hela
569 1145 91 25 truppen
682 1143 97 21 kommer
800 1144 31 19 att
851 1142 52 21 råda

79 1172 108 22 äfvensom
212 1172 45 21 dess
280 1172 93 21 militära
395 1171 108 27 duglighet
519 1172 38 20 och
573 1173 32 19 att
621 1172 31 20 till
668 1178 25 14 en
708 1172 67 20 sådan
790 1171 62 27 plats,
868 1171 35 21 så-

80 1207 45 15 som
145 1200 39 21 här
199 1201 64 21 också
278 1202 24 20 är
317 1200 119 26 föreslaget,
452 1200 117 27 egentligen
585 1200 66 21 borde
666 1200 85 21 anmäla
766 1200 31 26 sig
813 1206 25 14 en
854 1206 48 14 man

81 1229 48 21 med
152 1229 187 27 generallöjtnants
364 1229 115 26 värdighet.
510 1229 28 21 Sä
561 1229 111 21 förutsatte
694 1229 103 26 styrelsen
813 1228 89 22 likasom

81 1257 64 22 också
161 1258 104 21 utskottet
281 1260 32 19 att
329 1264 48 14 man
393 1257 19 27 ej
428 1258 70 20 kunde
514 1258 81 20 erhålla
605 1264 25 14 en
641 1258 7 20 i
658 1258 42 20 alla
711 1257 114 21 afseenden
835 1257 69 27 lämp-

81 1286 36 26 lig,
139 1286 71 27 duglig
230 1286 39 21 och
288 1285 105 27 ordentlig
407 1292 76 20 person
499 1288 50 19 utan
566 1288 32 19 att
613 1286 105 21 honorera
733 1286 77 20 honom
826 1285 29 27 så,
872 1287 32 19 att

81 1315 41 21 han
145 1314 43 22 kan
208 1316 68 20 lemna
297 1321 25 15 en
345 1314 106 27 indrägtig
470 1314 124 27 befattning,
614 1320 45 16 som
680 1314 42 21 han
737 1314 28 26 pä
779 1316 66 19 annat
860 1314 44 21 håll

81 1344 46 24 har,
143 1343 33 21 för
192 1345 31 19 att
239 1344 62 26 åtaga
316 1343 31 27 sig
363 1343 73 21 denna.
467 1343 41 27 Jag
523 1345 45 19 tror
583 1345 32 19 att
631 1345 30 19 ett
676 1343 76 21 sådant
765 1342 139 22 hushållande

81 1372 28 26 på
129 1372 67 26 några
215 1372 81 22 hundra
312 1372 51 21 eller
377 1372 65 26 några
458 1374 61 19 tusen
535 1372 59 21 mark
610 1372 66 21 skulle
692 1378 51 14 vara
757 1371 82 27 ganska
855 1371 49 21 obe-

81 1400 114 22 tänksamt.
227 1400 74 22 Såsom
324 1400 65 22 redan
410 1403 85 24 prosten
517 1400 111 27 Grönberg
648 1400 58 26 sade,
727 1402 37 19 äro
785 1399 42 22 alla
842 1400 62 21 dessa

82 1428 70 22 siffror
174 1429 85 25 ungefär
282 1429 98 21 lemnade
401 1430 32 19 för
455 1431 33 18 att
510 1436 48 13 man
581 1430 65 19 måtte
666 1429 82 20 erhålla
763 1435 26 13 en
805 1429 99 25 öfversigt

83 1456 58 22 öfver
157 1456 174 27 utgiftsposterna
346 1457 24 21 så
385 1459 32 19 att
431 1462 42 20 nog
487 1456 68 21 skulle
569 1457 36 27 jag
620 1458 33 19 tro
669 1458 31 20 att
714 1456 85 21 ståndet
815 1456 38 21 här
865 1458 40 24 gör

82 1484 86 22 klokast
190 1485 31 21 uti
239 1487 32 19 att
292 1484 51 27 följa
365 1485 115 21 utskottets
502 1484 109 22 föredöme
631 1485 39 21 och
685 1484 46 22 icke
746 1484 49 26 ingå
810 1484 7 21 i
832 1484 73 26 hvarje

83 1516 58 24 posts
157 1514 68 21 skilda
241 1514 69 26 detalj.
