1073 1803
197 151 56 21 2808
375 155 160 18 Presteständet
548 156 55 18 1877.
629 157 23 16 13
665 157 113 16 december.

171 225 70 21 kande
256 225 52 21 eller
322 225 61 21 icke?
411 225 80 20 Vinner
512 225 33 26 nej
571 225 39 20 har
625 224 84 21 ständet
723 224 131 22 fortfarande
871 225 57 21 velat
943 227 44 19 ute-

171 253 57 22 sluta
243 254 11 25 8
270 254 26 20 19
312 259 25 15 ur
351 252 137 22 förevarande
500 252 220 28 författningsförslag.

237 310 130 21 Besvarades
383 310 47 21 med
448 311 25 20 12
486 310 22 27 ja
523 310 40 22 och
578 311 25 20 21
620 309 47 29 nej;

240 366 128 22 Godkänner
391 366 85 22 ständet
491 366 35 21 det
542 366 23 22 af
578 366 71 22 rektor
664 366 100 22 Kihlman
780 366 123 22 framstälda
918 372 70 16 amen-

173 395 106 21 dementet
295 395 90 21 rörande
399 395 89 27 ändring
504 395 22 21 af
539 394 101 22 rubriken
656 394 32 22 till
703 396 6 20 i
725 394 59 27 fräga
799 395 92 21 varande
906 395 82 21 författ-

171 423 140 27 ningsförslag
326 423 51 21 eller
391 423 61 21 icke?

238 480 130 22 Besvarades
383 480 49 21 med
449 481 25 20 15
488 480 22 26 ja
525 481 39 21 och
582 481 24 20 18
622 480 43 26 nej;
681 480 39 22 och

238 538 44 20 Vill
305 537 84 21 ståndet
404 540 77 24 antaga
496 538 147 27 ridderskapet
658 538 39 22 och
712 538 74 21 adelns
800 538 7 21 i
823 538 60 26 fråga
897 537 92 22 varande

169 565 124 28 inbjudning
308 566 107 26 angående
432 566 239 28 dissenterlagförslaget
691 566 47 22 med
754 566 133 22 vidhållande
908 566 24 22 af
952 567 38 20 sitt

170 594 70 22 beslut
262 595 90 21 rörande
374 594 114 27 ändringar
502 595 7 21 i
524 595 27 21 de
570 595 104 21 särskilda
695 595 151 27 paragraferna
861 595 51 21 eller
927 594 62 22 icke?

169 622 80 22 Vinner
264 623 39 27 nej,
319 624 38 20 har
372 624 90 24 ståndet,
479 624 46 21 med
541 624 113 26 afböjande
667 624 22 21 af
703 624 90 21 berörda
804 623 130 27 inbjudning,
946 623 42 21 vid-

171 652 61 21 hållit
253 652 38 21 sitt
313 652 56 21 förut
390 652 80 21 fattade
490 652 70 22 beslut
578 653 77 26 jemväl
672 653 108 25 angående
795 652 111 26 förslagets
920 653 7 20 i
942 652 48 21 dess

171 680 72 22 helhet
257 680 143 22 förkastande.

241 737 130 21 Besvarades
393 737 48 21 med
466 739 24 19 17
507 737 22 27 ja
545 738 38 21 och
601 738 24 21 16
642 737 43 26 nej;
701 737 86 22 hvarför
802 737 81 22 således
899 737 90 27 ståndet,

173 765 48 21 med
237 765 146 22 vidblifvande
397 766 23 21 af
434 766 37 21 sitt
486 767 69 20 beslut
571 768 31 19 att
617 767 92 20 utesluta
724 767 12 27 &
754 768 23 19 19
793 773 25 14 ur
833 766 157 27 författningen,

177 794 96 27 godkänt
295 795 147 26 ridderskapet
465 795 39 21 och
523 795 74 21 adelns
611 795 6 21 i
633 795 60 26 fråga
708 796 93 20 varande
816 795 124 28 inbjudning
954 802 36 15 an-

170 823 83 26 gående
269 823 242 28 dissenterlagförslaget
526 824 48 21 med
585 824 134 21 vidhållande
733 824 23 21 af
765 825 47 20 sina
821 825 69 20 beslut
900 824 90 22 rörande

169 851 115 27 ändringar
299 853 8 20 i
323 853 26 21 de
363 852 104 21 särskilda
482 853 157 27 paragraferna.

241 909 31 21 På
293 909 68 27 grund
383 909 22 21 af
424 909 167 28 presteståndets
613 916 27 14 nu
659 909 80 22 fattade
755 909 70 22 beslut
839 910 68 21 skulle
923 910 66 21 under

173 937 136 28 ompröfning
333 941 60 23 tagas
417 939 26 20 de
468 941 30 18 tre
525 939 68 27 öfriga
617 938 250 27 författningsförslagen,
889 938 101 22 hvarmed

173 967 55 20 dock
251 967 79 20 beslöts
351 969 32 18 att
397 967 68 21 skulle
481 967 61 21 anstå
557 967 32 21 till
605 967 47 21 dess
667 967 234 27 värnepligtutskottets
917 967 72 22 betän-

173 995 68 20 kande
257 995 68 21 blifvit
341 995 32 20 till
389 995 42 21 slut
447 996 121 26 granskadt.

242 1166 114 27 Upplästes
378 1170 31 18 ett
430 1168 195 26 protokollsutdrag
647 1167 46 21 från
715 1167 113 28 höglofliga
843 1168 147 28 ridderskapet

173 1195 39 22 och
229 1196 60 20 adeln
306 1195 23 21 af
343 1196 40 20 den
400 1197 25 19 12
441 1196 78 21 dennes
534 1196 25 21 af
572 1196 93 26 följande
681 1196 88 27 lydelse:

242 1252 132 26 Föredrogs
397 1252 244 27 värnepligtsutskottets
664 1252 134 22 betänkande
817 1253 7 21 i
839 1253 114 27 anledning
969 1253 23 21 af

172 1280 79 27 nådiga
265 1281 159 25 propositionen
439 1286 34 16 om
489 1281 78 21 allmän
583 1281 128 27 värnepligts
725 1282 111 20 införande
851 1282 7 20 i
874 1282 77 21 landet.

239 1336 69 20 Sedan
325 1336 147 26 ridderskapet
487 1337 38 20 och
541 1336 61 21 adeln
617 1343 76 19 genom
709 1337 130 25 omröstning
855 1337 88 21 beslutit
958 1340 32 18 att

169 1364 50 25 ingå
242 1364 6 20 i
271 1364 117 26 detaljerad
411 1365 130 26 granskning
561 1364 27 27 på
602 1364 67 27 grund
685 1364 24 21 af
722 1365 246 27 värnepligtsutskottets
983 1365 7 20 i

169 1391 60 27 fråga
245 1392 93 20 varande
354 1392 139 24 betänkande,
510 1393 49 20 fann
576 1393 90 23 ståndet,
681 1393 8 21 i
704 1394 113 26 anledning
832 1394 24 20 af
869 1393 120 22 framstäldt

171 1420 87 27 förslag,
274 1424 31 18 att
321 1420 26 27 på
362 1421 67 26 grund
445 1420 24 22 af
482 1422 25 20 71
525 1422 12 27 &
553 1422 6 20 i
568 1422 23 21 L.
607 1422 24 21 O.
643 1422 69 21 lemna
723 1422 36 21 det
769 1422 85 27 slutliga
864 1422 126 27 pröfvandet

170 1448 39 22 och
233 1449 126 28 afgörandet
382 1449 21 21 af
421 1449 91 22 berörda
527 1450 77 27 nädiga
619 1451 130 26 proposition
766 1451 98 22 hvilande
879 1451 33 22 till
927 1453 62 20 nästa

169 1478 109 27 landtdag,
302 1478 74 27 nödigt
396 1479 92 21 anmoda
502 1478 140 27 lagutskottet
658 1482 32 19 att
705 1479 107 22 inkomma
827 1480 47 21 med
890 1481 98 26 yttrande

171 1513 34 15 om
221 1506 72 22 hvilka
308 1507 123 27 paragrafer
445 1507 23 22 af
482 1508 245 28 värnepligtsutskottets
739 1509 132 22 betänkande
882 1509 106 22 innehålla

170 1535 139 28 stadganden,
325 1542 44 16 som
385 1536 103 22 innefatta
503 1537 279 28 grundlagsbestämningar.
