1081 1798
194 152 56 21 3400
391 157 159 18 Presteståndet
562 157 56 18 1878.
642 157 24 16 21
677 156 88 21 januari.

234 227 49 24 yätt,
299 225 67 21 ehuru
380 225 26 20 de
422 225 5 20 i
444 225 26 26 $$
488 226 31 25 11,
537 227 32 22 14,
586 226 26 20 15
628 225 38 20 och
682 230 74 17 senare
770 230 64 15 mom.
840 219 29 37 af
884 224 9 27 $
912 225 26 20 22
953 223 32 22 uti

167 253 40 22 den
227 253 77 27 nådiga
323 253 157 27 propositionen
496 253 106 27 angående
617 252 104 27 reglering
736 252 20 22 af
771 252 168 27 presterskapets
954 251 32 22 af-

165 282 73 27 löning
264 282 127 21 afhandlade
414 282 77 27 frägor,
513 282 6 21 i
542 281 103 22 anseende
667 281 32 21 till
721 281 263 27 meningsskiljaktigheten

166 311 77 22 mellan
263 311 95 26 ständen,
372 311 46 21 icke
433 311 80 21 kunnat
527 311 35 21 vid
577 311 69 21 denna
659 310 101 27 landtdag
776 311 61 20 vinna
852 311 31 20 sin
898 310 88 27 lösning,

165 340 115 21 ständerna
295 339 117 22 emellertid
428 342 67 19 motse
510 339 36 22 det
560 339 26 22 H.
603 339 26 22 K.
646 339 40 21 M:t
696 339 83 26 nädigst
788 339 54 24 ville,
853 339 32 21 för
895 339 90 21 nämnda

166 368 81 27 frägors
262 371 58 19 stora
335 369 50 26 vigt,
400 368 65 21 redan
481 368 33 21 vid
525 367 174 22 nästkommande
710 367 102 28 landtdag
822 367 46 22 äter
877 367 107 27 förelägga

165 397 113 22 ständerna
294 396 113 28 lagförslag
421 397 90 21 rörande
527 397 47 22 dem
590 396 98 27 antingen
703 396 99 22 särskildt
818 397 31 20 för
864 397 32 26 sig
908 396 54 22 eller
976 397 8 20 i

166 426 151 27 sammanhang
332 426 48 21 med
395 426 36 21 det
445 425 78 28 förslag
537 425 33 22 till
585 425 98 26 tidsenlig
698 425 184 26 boställsordning,
894 425 88 22 hvarom

166 455 114 21 ständerna
296 454 85 22 beslutit
396 454 116 22 framställa
528 454 130 27 underdänig
673 453 115 22 anhållan”.

235 511 66 23 Ordet
316 511 105 22 lemnades
437 512 23 21 åt

234 569 80 21 Rektor
329 568 145 26 Kihlman,
490 575 45 15 som
550 569 92 27 yttrade:
666 568 73 22 Såsom
756 569 35 21 det
806 568 97 27 upplästa
919 568 65 21 doku-

166 600 80 19 mentet
266 598 85 26 utvisar,
368 598 38 20 har
422 598 67 20 denna
504 598 58 26 fråga
577 597 46 21 icke
638 598 80 20 kunnat
734 598 62 20 vinna
811 597 123 21 ständernas
950 604 35 14 en-

165 627 111 25 stämmiga
292 626 63 22 bifall.
386 627 43 20 Der
444 626 67 22 finnas
526 626 204 27 meningsolikheter,
746 632 45 15 som
802 626 80 21 kunnat
891 625 94 22 hvarken

165 661 76 20 genom
260 655 124 27 inbjudning
403 654 51 22 eller
469 658 64 18 annat
548 654 77 22 häfvas.
654 654 75 22 Denna
745 654 241 27 meningsskiljaktighet

165 684 42 21 kan
222 684 46 20 icke
283 684 51 20 bero
349 683 27 27 på
391 683 109 27 godtycke,
517 685 51 20 utan
584 684 66 21 måste
665 683 61 21 hafva
741 683 31 21 sin
788 683 67 27 grund
870 683 7 20 i
892 683 94 26 verkliga

165 712 153 25 förhållanden,
341 712 39 21 och
404 712 60 21 dessa
487 712 92 26 verkliga
594 711 152 27 förhållanden,
763 714 45 18 tror
824 712 40 26 jag,
880 713 36 19 äro
933 712 52 20 olik-

165 740 89 22 heterna
269 741 56 21 inom
341 743 31 18 ett
387 741 22 20 så
425 742 54 19 stort
494 740 50 21 land
559 746 45 15 som
620 740 46 21 vårt
681 740 49 21 land
745 742 29 19 är.
804 740 42 21 Det
856 746 44 15 som
912 746 73 20 passar

165 768 33 21 för
213 775 25 15 en
254 769 122 26 församling
392 775 72 20 passar
476 769 45 21 icke
532 768 32 21 för
574 769 40 20 den
625 769 66 20 andra
702 769 39 21 och
753 768 148 22 medvetandet
911 768 73 21 härom

165 797 39 21 har
220 798 78 20 uttalat
313 798 31 25 sig
359 803 76 20 genom
451 797 25 21 de
487 797 103 21 särskilda
602 800 195 23 representanterne
807 797 7 20 i
826 797 24 21 de
862 796 56 21 olika
928 797 56 20 stån-

166 826 46 20 den.
242 825 42 21 Det
304 827 24 19 är
347 825 55 21 blott
420 826 48 25 föga
486 825 108 21 sannolikt
609 827 31 19 att
655 826 68 20 denna
739 825 177 26 meningsolikhet
931 825 54 21 skall

165 860 50 15 vara
230 854 126 21 försvunnen
369 854 33 21 vid
414 856 60 18 nästa
484 854 106 26 landtdag.
614 854 39 26 Jag
664 853 66 22 skulle
743 854 69 20 derför
824 854 64 26 draga
896 854 6 20 i
911 853 73 22 betän-

165 882 69 22 kande
246 885 32 19 att
288 889 29 15 nu
327 883 46 20 åter
384 882 87 22 besvära
484 883 58 21 Hans
554 882 100 27 Majestät
669 882 47 21 med
731 884 32 19 att
778 882 116 27 framlägga
908 888 76 21 propo-

165 911 63 22 sition
243 912 7 21 i
266 911 58 21 detta
340 913 66 24 ämne,
422 917 44 15 som
482 917 62 21 synes
560 917 49 15 vara
624 911 24 21 så
658 911 95 21 svårlöst.
776 911 42 22 Det
828 913 24 19 är
861 911 46 21 icke
918 911 66 21 heller

165 940 129 26 nödvändigt
305 940 51 21 eller
366 940 83 21 absolut
464 939 106 26 behöfligt,
586 942 22 24 ty
620 939 36 27 jag
670 940 74 21 tänker
754 942 32 19 att
797 940 27 21 då
834 939 150 27 författningen

165 969 72 21 träder
252 969 6 21 i
274 968 159 27 verkställighet
451 969 39 21 och
506 968 246 27 regleringskomitéerna
767 969 85 21 komma
867 971 31 19 att
914 969 70 21 utföra

165 998 38 21 sitt
221 998 101 27 uppdrag,
343 997 59 21 detta
419 998 61 20 torde
494 1004 51 14 vara
560 998 40 20 den
616 997 86 22 lättaste
718 997 38 21 och
772 997 211 27 ändamålsenligaste

165 1028 90 24 utvägen
271 1028 32 19 att
318 1026 130 21 komitéerna
463 1026 61 21 äfven
540 1026 51 22 söka
606 1028 32 19 att
653 1026 67 21 ordna
731 1026 60 21 dessa
802 1026 144 22 förhållanden
958 1027 26 25 på

166 1055 26 21 de
203 1055 68 21 skilda
282 1057 84 19 orterna
382 1054 6 20 i
404 1054 215 22 öfverensstämmelse
634 1054 48 21 med
698 1055 25 21 de
738 1054 145 22 förhållanden
898 1061 46 15 som
957 1055 27 26 på

166 1084 60 20 dessa
242 1086 56 18 orter
314 1083 95 21 existera.
438 1083 41 26 Jag
489 1085 46 19 tror
545 1083 81 21 således
637 1085 32 19 att
679 1089 48 15 man
738 1083 68 21 skulle
817 1084 71 20 kunna
898 1084 86 20 komma

165 1112 32 20 till
218 1118 26 14 en
264 1111 70 21 bättre
355 1111 81 27 lösning
458 1118 74 20 genom
552 1113 32 20 att
604 1111 46 21 icke
672 1111 60 21 hafva
752 1112 69 25 någon
844 1112 77 21 allmän
943 1111 42 28 lag,

165 1140 89 21 emedan
268 1146 48 15 man
332 1139 27 22 då
374 1140 39 20 har
427 1141 69 19 större
510 1140 63 21 frihet
588 1142 32 19 att
632 1140 66 21 ordna
708 1140 88 21 ärendet
806 1141 6 20 i
824 1140 160 22 öfverensstäm-

165 1168 65 22 melse
246 1169 46 21 med
309 1168 26 21 de
350 1168 91 21 faktiska
456 1168 166 22 förhållandena.
652 1168 30 22 På
692 1169 68 26 grund
772 1168 22 21 af
803 1168 58 22 detta
872 1169 67 21 skulle
948 1168 36 27 jag

165 1198 33 20 för
220 1197 42 21 min
285 1197 34 21 del
342 1196 114 22 tillsvidare
480 1203 50 15 vara
552 1197 50 27 böjd
622 1197 32 21 för
672 1199 32 19 att
720 1197 46 21 icke
778 1197 72 21 förena
865 1198 41 26 mig
922 1198 6 20 i
945 1198 39 20 den

164 1226 75 26 gjorda
254 1225 157 27 inbjudningen.

234 1282 90 22 Prosten
334 1282 76 22 Roos:
426 1282 42 21 För
478 1283 42 20 min
532 1282 32 21 del
575 1288 62 16 anser
645 1282 36 27 jag
690 1282 35 21 det
735 1282 21 22 af
766 1282 106 27 professor
880 1282 104 22 Forsman

165 1311 35 21 vid
211 1313 30 19 ett
252 1310 127 26 föregående
390 1311 156 21 sammanträde
554 1311 122 21 framstälda
685 1311 101 26 förslaget
794 1311 67 21 skulle
869 1311 62 21 hafva
940 1310 45 22 haft

164 1340 81 25 ganska
260 1340 87 25 mycken
362 1338 134 21 sannolikhet
511 1340 33 19 för
558 1340 31 25 sig
604 1341 32 19 att
651 1339 38 20 hos
705 1340 25 20 de
746 1339 68 26 öfriga
824 1339 89 21 stånden
924 1339 62 21 vinna

164 1366 65 26 bifall,
244 1372 47 15 men
308 1367 26 20 då
350 1366 58 21 detta
423 1366 77 26 förslag
515 1366 39 21 här
568 1367 46 21 icke
630 1366 68 21 blifvit
708 1369 92 24 antaget,
816 1367 66 21 skulle
896 1368 36 25 jag
942 1367 44 21 för-

165 1394 59 28 orda,
240 1396 32 20 att
288 1395 36 21 det
339 1394 129 27 högvördiga
484 1395 155 27 presteståndet
654 1401 28 15 nu
691 1395 128 21 åtminstone
829 1395 67 22 skulle
908 1397 78 25 antaga

165 1423 40 22 den
226 1423 72 28 gjorda
318 1422 156 28 inbjudningen.
504 1423 40 27 Jag
562 1423 118 22 föreställer
695 1424 42 27 mig
752 1424 110 27 nämligen,
877 1426 32 19 att
925 1424 61 22 dessa

162 1453 133 26 jemkningar
317 1452 39 22 och
372 1452 226 28 öfverenskommelser,
614 1455 50 18 utan
680 1454 32 20 att
728 1453 62 22 hafva
805 1453 68 27 någon
890 1453 95 22 bestämd

164 1481 34 26 lag
214 1483 32 20 att
261 1481 69 28 stödja
344 1481 32 27 sig
392 1481 40 27 vid,
447 1481 60 22 skola
522 1481 145 22 åstadkomma
683 1481 111 23 allehanda
806 1482 129 27 svårigheter
946 1482 39 22 och

164 1511 47 21 icke
226 1511 23 21 så
263 1510 41 22 lätt
319 1511 71 20 kunna
404 1509 138 28 genomföras.
572 1510 40 27 Jag
626 1509 97 24 förordar
738 1511 82 22 således
834 1511 118 27 antagande
964 1510 23 22 af

164 1539 155 28 inbjudningen.
