1075 1806
282 155 159 18 Presteståndet
455 156 54 18 1877.
534 157 21 16 17
568 157 111 17 december.
809 150 53 22 2921

299 292 113 26 Samma
429 292 56 34 dag
501 292 38 26 kl.
559 292 16 26 5
594 300 24 18 e.
636 300 35 18 m.

142 366 171 22 sammanträdde
328 366 166 26 presteständets
509 367 97 27 samtlige
621 366 142 22 medlemmar.

142 423 118 22 Fortsattes
282 424 47 21 med
345 424 160 21 diskuterandet
520 424 21 22 af
555 424 246 26 värnepligtsutskottets
817 424 75 21 betän-

72 452 70 22 kande
163 452 40 22 N:o
224 453 10 20 1
256 453 6 20 i
290 453 113 27 anledning
424 452 23 22 af
466 454 59 21 Hans
544 453 117 27 Kejserliga
682 452 110 28 Majestäts
814 452 79 27 nädiga

73 481 131 28 proposition
220 488 33 15 om
268 481 110 22 införande
393 481 21 22 af
429 482 76 21 allmän
521 482 123 27 värnepligt.

143 539 39 21 Om
197 539 48 26 kap.
260 539 38 21 XV
314 539 12 27 3
343 539 40 22 100
397 540 94 27 yttrade:

142 596 89 21 Prosten
254 596 93 27 Hjelt:
379 595 39 28 Jag
441 596 33 21 för
496 597 42 21 min
560 597 33 21 del
616 603 68 18 anser,
708 598 33 19 att
763 596 50 21 hela
833 596 60 21 detta

73 625 79 26 kapitel
169 625 37 20 bör
222 631 24 15 ur
262 625 189 26 värnepligtslagen
467 627 133 20 utmönstras.
632 625 41 21 Det
688 625 44 21 stär
744 625 87 21 alldeles
846 625 45 21 icke

73 653 7 21 i
96 653 137 22 konformitet
247 654 47 21 med
310 660 26 14 en
351 653 168 28 värnepligtslag,
535 657 32 18 att
582 655 36 20 det
632 654 54 21 skall
698 653 81 22 tillätas
790 659 103 21 personer

74 683 32 20 att
128 681 52 22 efter
200 682 58 26 aftal,
277 683 19 20 d.
316 688 16 14 v.
348 689 15 14 s.
381 685 44 18 mot
441 682 112 27 betalning,
569 685 103 24 upptagas
688 683 6 20 i
710 689 25 14 en
751 682 140 27 värnepligts-

74 711 63 20 armé,
169 710 41 22 Det
224 711 61 21 fanns
300 711 122 26 visserligen
437 712 7 20 i
459 711 35 22 det
509 711 22 21 af
543 712 93 21 komiten
653 711 116 27 uppgjorda
785 711 107 26 förslaget,

73 745 47 16 men
140 740 156 21 utmönstrades
318 741 6 20 i
346 739 39 21 den
405 739 117 28 Kejserliga
536 740 163 27 propositionen,
715 740 39 21 och
771 740 23 21 sä
810 740 81 27 hoppas

70 768 38 27 jag
123 768 69 26 ocksä,
209 771 31 18 att
256 768 83 22 ständet
354 770 43 25 gör.

142 825 140 27 Domprosten
304 825 143 22 Renvall:
477 826 64 21 Detta
561 825 90 27 kapitels
674 826 113 26 intagande
813 825 79 22 skedde

73 853 27 28 pä
122 854 39 21 den
180 854 73 26 grund,
270 856 32 19 att
317 860 48 15 man
381 855 48 21 ville
445 855 85 26 utvidga
545 854 135 27 möjligheten
696 854 32 21 för
743 860 100 20 personer
859 857 32 18 att

72 882 96 27 frivilligt
183 882 83 21 inträda
282 883 6 20 i
304 883 77 22 militär
401 883 70 26 tjenst,
487 884 39 21 och
548 883 242 26 friviilighetsprincipen
813 883 78 21 strider

73 912 46 21 icke
144 914 56 18 emot
223 911 39 22 den
285 911 153 26 obligatoriska
453 912 155 26 värneplisten;
624 913 91 20 tvärtom
731 914 63 25 utgör
809 912 40 20 den
865 917 26 16 en

73 940 64 27 nödig
151 939 79 27 fylinad
251 940 30 21 till
297 941 128 25 densamma,
442 941 38 20 och
496 940 27 27 pä
538 947 80 14 samma
633 940 74 26 grund,
722 946 45 15 som
784 940 36 21 det
835 940 56 21 före-

73 969 80 26 gående
169 969 88 26 kapitlet
272 975 34 15 om
322 969 123 27 ,frivillige*
461 969 75 26 intogs,
551 969 38 21 har
604 969 60 21 äfven
680 969 65 25 detta,
760 975 33 14 om
806 969 85 24 ,,volon-

74 998 72 27 tärer*,
169 997 67 22 blifvit
258 998 38 20 här
318 997 86 22 infördt.
435 997 40 22 Det
498 999 80 20 lemnar
598 997 23 21 ät
636 1003 105 21 personer,
758 997 72 22 hvilka
844 997 48 22 icke

73 1027 53 20 höra
148 1026 31 21 till
196 1027 24 20 de
241 1027 125 26 kategorier,
383 1027 71 21 hvilka
469 1027 7 20 i
489 1027 25 21 91
531 1027 11 27 $
558 1029 129 21 omnämnas,
703 1033 48 14 men
767 1033 44 14 som
827 1026 64 21 hafva

73 1055 89 22 särskild
185 1055 42 21 lust
251 1055 39 22 och
313 1055 102 22 fallenhet
437 1055 32 22 för
493 1056 145 26 militäryrket,
654 1055 136 27 möjligheten
805 1058 33 18 att
853 1055 38 21 der

72 1084 90 26 inträda,
186 1084 38 21 och
247 1085 27 20 dä
296 1085 79 21 sädana
396 1084 74 22 endast
485 1085 28 20 dä
527 1085 103 20 vakanser
645 1083 67 24 finnas
729 1083 32 22 vid
779 1084 25 21 de
819 1084 72 21 aktiva

72 1115 115 25 trupperna
210 1113 70 21 kunna
303 1114 37 21 der
362 1114 62 21 vinna
447 1113 88 24 inträde,
557 1113 39 21 blir
611 1113 88 21 sålunda
714 1113 36 21 det
765 1113 64 25 antal,
846 1119 45 15 som

73 1148 75 21 genom
162 1142 89 27 lottning
266 1142 67 21 skulle
350 1143 51 21 böra
417 1143 88 24 inträda,
522 1143 23 20 sä
561 1142 83 27 mycket
658 1141 87 22 mindre.
776 1142 41 21 Det
832 1141 59 27 aftal,

73 1177 44 15 som
138 1171 7 21 i
166 1171 40 21 den
231 1171 90 26 följande
344 1171 124 27 paragrafen
491 1173 127 23 omnämnes,
641 1170 100 21 behöfver
761 1170 46 21 icke
823 1171 68 26 åsyfta

73 1201 30 20 ett
125 1199 49 27 köp.
204 1199 95 22 Inträdet
318 1199 51 22 sker
388 1201 37 20 der
440 1203 45 18 mot
499 1199 123 28 ätnjutande
640 1199 22 21 af
676 1200 25 21 de
718 1199 111 24 förmäner,
845 1205 46 16 som

72 1228 87 21 tillhöra
174 1234 26 15 en
214 1229 35 20 vid
264 1229 105 21 militären
385 1229 83 20 anstäld
484 1235 82 20 person.
598 1228 40 21 Det
654 1229 40 20 kan
710 1234 51 15 vara
777 1228 66 26 fallet,
859 1230 33 18 att

74 1263 32 20 en,
130 1263 45 15 som
196 1257 123 26 genompätt
337 1258 32 20 sin
388 1257 278 27 tjensteöfningsskyldighet
680 1257 8 20 i
703 1257 84 21 aktiven
804 1257 38 20 och
858 1263 33 14 re-

72 1291 80 20 serven,
175 1285 67 22 skulle
267 1285 69 21 känna
361 1285 32 28 sig
411 1285 70 27 hugad
497 1289 32 18 att
543 1285 121 27 ytterligare
680 1285 47 21 med
743 1286 40 20 den
799 1285 92 21 militära

73 1314 163 27 tjenstgöringen
258 1313 95 26 fortfara,
370 1315 38 20 och
424 1320 62 21 synes
502 1315 35 20 det
552 1321 50 14 vara
618 1314 83 27 obilligt
716 1317 33 18 att
764 1314 75 21 hindra
854 1314 37 20 ho-

74 1349 48 14 nom
138 1342 99 21 derifrän.

141 1399 88 22 Prosten
248 1400 98 26 Hjelt:
377 1399 72 22 Skulle
473 1400 34 21 det
527 1399 105 27 verkligen
648 1399 90 21 förhälla
753 1399 32 26 sig
800 1399 29 26 sä,
846 1405 45 14 som

74 1428 135 25 domprosten
224 1428 87 20 Renvall
326 1428 81 25 pästod,
424 1431 31 17 att
471 1429 36 19 det
526 1428 67 20 skulle
608 1428 86 20 inverka
709 1429 27 24 pä
751 1428 74 25 sjelfva
839 1427 52 21 lott-

73 1457 83 25 ningen,
178 1456 24 20 sä
224 1456 67 21 skulle
312 1456 36 21 det
363 1455 97 26 möjligen
476 1455 61 22 hafva
552 1458 32 18 ett
598 1456 51 20 sken
665 1455 23 21 af
701 1455 88 26 sanning
805 1455 32 20 för
853 1455 38 26 sig,

73 1487 31 18 att
128 1484 34 21 det
188 1490 48 15 vore
259 1485 33 20 väl
314 1486 31 19 att
368 1483 105 22 bibehålla
491 1485 57 20 detta
563 1483 85 27 kapitel.
678 1483 49 21 Men
743 1484 36 20 det
793 1483 99 21 inverkar

73 1513 46 22 icke
138 1513 27 27 pä
180 1512 128 27 lottningen;
324 1515 22 24 ty
363 1513 35 20 det
413 1512 41 21 kan
470 1513 83 20 komma
568 1513 6 19 i
590 1513 58 25 fräga
664 1512 52 21 först
733 1512 63 21 sedan
813 1512 77 21 vakan-

73 1547 34 16 ser
130 1542 102 27 uppstått,
253 1542 19 20 d.
295 1547 18 15 v.
336 1547 16 14 s.
376 1547 47 15 man
440 1541 83 22 värfvar
536 1541 44 21 folk
596 1541 6 20 i
617 1541 61 21 deras
693 1541 68 25 ställe,
777 1546 45 16 som
838 1540 53 21 fallit
