1073 1803
279 146 159 19 Presteståndet
450 148 54 17 1877.
528 149 14 16 4
554 149 111 16 december.
803 143 55 20 2449

66 214 9 22 i
89 215 135 27 kyrkolagen,
247 221 46 15 men
318 216 24 21 så
363 216 83 26 mycket
469 216 66 22 måste
554 216 37 27 jag
613 216 86 28 ändock
716 216 75 26 uttala,
806 218 32 19 att
850 216 37 27 jag

67 250 63 15 anser
149 244 45 26 just
218 244 40 21 den
280 244 136 26 formulering
431 244 21 22 af
467 246 10 19 1
495 244 52 28 $:en,
562 251 45 15 som
622 251 29 14 nu
666 244 118 26 förefinnes,
799 244 88 22 alldeles

67 272 27 27 på
109 274 43 19 sätt
168 272 136 27 domprosten
319 273 58 26 Borg
392 273 64 21 redan
478 274 82 23 uttalat,
576 274 114 21 förutsätta
705 273 182 27 nödvändigheten

67 300 22 22 af
102 300 26 21 fri
144 300 177 28 religionsöfning.
352 301 30 27 Ty
403 308 75 20 genom
502 302 40 21 den
564 300 125 28 paragrafen
712 301 74 21 binder
800 302 31 26 sig
847 301 40 21 den

66 328 242 28 evangelisk-lutherska
322 330 80 26 kyrkan
419 329 31 21 till
465 330 45 22 sina
526 336 52 21 egna
594 330 126 27 symboliska
735 330 84 22 böcker.
849 330 39 21 Ett

67 364 58 15 mera
146 358 117 21 vidsträckt
285 358 92 21 innehåll
392 358 22 21 af
429 359 9 20 1
456 360 55 25 &:en,
527 365 45 15 som
588 359 35 20 det
638 364 36 15 var
689 358 59 27 fråga
763 365 40 20 om,
820 358 68 21 skulle

67 386 98 27 möjligen
180 393 29 14 nu
224 387 61 21 hafva
305 387 81 21 kunnat
407 389 51 24 göra
474 394 25 15 en
515 387 138 26 dissenterlag
668 387 109 27 umbärlig,
794 393 46 15 men
856 387 32 21 sä-

67 421 47 15 som
130 415 40 21 den
183 416 124 26 paragrafen
323 422 28 15 nu
366 417 24 19 är
405 415 127 22 formulerad
547 416 39 21 och
600 417 51 20 enär
662 416 38 21 vär
710 415 102 28 kyrkolag
822 415 66 22 redan

66 444 80 21 tillåter
168 447 31 18 att
220 445 48 26 afgå
287 444 47 21 från
354 444 108 22 lutherska
477 445 65 26 läran,
558 451 62 15 anser
633 444 36 27 jag
685 445 35 21 det
736 451 50 15 vara
802 444 86 21 alldeles

69 473 130 27 nödvändigt
214 475 31 20 att
262 479 24 15 en
303 473 137 27 dissenterlag
461 476 88 19 voteras.
581 473 48 21 Man
647 473 37 21 har
699 473 72 27 klagat
787 473 57 21 öfver
857 475 32 19 att

68 507 48 16 man
132 501 46 22 icke
193 501 33 22 fär
240 501 66 22 afvisa
326 502 74 26 nägon,
420 508 47 15 men
483 508 48 15 man
546 502 41 21 kan
603 502 45 21 icke
664 502 42 21 lida
722 502 35 21 det
772 504 32 19 att
819 502 69 25 nägon

67 530 94 27 frivilligt
176 531 70 26 utgär;
271 531 59 20 detta
352 532 24 19 är
395 536 25 15 en
441 531 133 26 motsägelse,
590 537 44 14 som
648 530 36 27 jag
699 531 45 21 icke
760 530 78 21 förmär
853 530 35 22 be-

67 559 66 26 gripa.
164 559 45 21 Allt
224 565 47 21 nog,
288 559 40 21 den
349 559 130 22 närvarande
494 560 57 21 tiden
568 559 38 22 och
622 559 100 21 särskildt
737 559 68 21 denna
820 559 68 21 landt-

68 588 40 26 dag
132 594 62 21 synes
216 594 50 15 vara
288 587 86 22 alldeles
398 588 121 21 decideradt
541 588 133 21 konservativ
697 588 51 21 eller
766 587 121 22 reaktionär

68 618 56 19 emot
140 617 26 20 de
181 617 101 20 frihetens
297 617 101 26 framsteg
418 617 84 21 hvartill
517 617 37 21 vär
571 617 118 26 utveckling
704 616 129 27 smäningom
848 616 40 22 har

67 645 139 21 framarbetat
220 646 37 25 sig.
287 645 45 21 Den
348 645 56 27 bölja
419 646 27 26 pä
461 645 68 22 tidens
547 645 42 24 haf,
604 651 45 16 som
665 651 28 15 nu
709 645 72 21 häfver
796 645 37 26 sig,
849 645 39 21 har

68 673 80 22 kanske
164 674 58 26 stigit
238 674 32 21 för
285 673 57 27 högt,
358 680 47 15 men
421 676 31 19 att
468 674 39 21 den
523 680 28 15 nu
566 674 72 27 bryter
653 674 30 27 sig
699 673 39 22 och
750 673 86 27 sjunker
847 673 41 22 till-

67 702 55 21 baka
137 705 25 19 är
177 703 87 20 alldeles
284 702 125 27 uppenbart.
438 703 40 25 Jag
500 703 80 26 hoppas
602 705 31 19 att
648 703 40 21 den
704 703 45 21 äter
764 702 54 21 skall
833 703 55 26 stiga

67 730 39 22 och
122 732 26 25 gä
164 731 76 21 framät
256 730 60 22 äfven
330 737 32 15 om
379 731 35 21 det
429 737 28 15 nu
471 731 6 21 i
493 731 73 27 mängt
582 732 38 21 och
636 732 82 26 mycket
731 737 33 15 ser
779 733 23 18 ut
817 731 70 21 säsom

67 766 35 14 om
118 760 40 21 den
174 760 67 21 skulle
261 760 27 26 gä
308 759 92 22 tillbaka.
431 760 43 21 För
489 760 43 21 min
548 760 34 22 del
597 762 84 20 voterar
694 760 36 26 jag
744 759 33 21 för
793 760 10 21 1
820 760 46 26 S:en
880 760 8 20 i

68 788 143 27 föreliggande
226 788 215 28 författningsförslag
456 788 128 22 oförändrat.

136 845 152 27 Kyrkoherden
304 845 179 22 Fredrikson:
512 846 38 20 Att
566 846 40 21 den
622 845 115 25 menniska,
752 851 45 15 som
811 845 77 21 manad

68 874 45 21 utaf
126 875 33 20 sin
172 874 94 20 innersta
282 874 137 27 öfvertygelse
434 874 30 21 uti
480 874 37 21 sitt
532 874 94 27 osynliga
648 874 130 21 förhällande
794 873 32 22 till
842 873 47 22 Gud

67 902 40 22 och
123 903 29 20 uti
169 903 37 20 sitt
221 902 32 22 lifs
268 902 54 22 allra
341 902 102 27 heligaste
465 902 176 28 angelägenheter
663 903 76 21 tänker
754 902 40 22 och
808 902 81 21 känner

67 932 135 21 annorlunda
216 933 27 19 än
260 931 18 21 vi
294 932 120 21 lutheraner
429 933 52 24 göra
497 932 41 26 det,
554 934 24 19 är
592 938 26 14 en
634 933 112 24 svärmare,
757 934 24 18 är
791 933 31 19 ett
832 933 56 19 utta-

67 960 63 22 lande
145 966 45 15 som
203 960 37 26 jag
255 960 55 22 hade
332 960 75 21 önskat
422 962 31 19 att
475 960 56 22 inom
555 961 58 21 detta
634 960 61 21 stånd
710 960 46 21 icke
771 960 54 21 hade
840 960 49 20 låtit

67 989 53 21 höra
136 990 37 26 sig.
204 989 38 21 Att
257 989 94 21 förvexla
366 988 81 22 kristna
463 989 38 21 och
517 996 26 14 en
559 995 44 15 som
619 988 79 22 kanske
713 988 56 22 blott
780 988 20 22 af
810 994 78 16 vanans

68 1019 64 25 tväng
147 1020 24 18 är
186 1024 25 14 en
227 1017 121 27 anhängare
363 1018 31 20 till
409 1018 91 21 Luthers
515 1018 46 21 lära
575 1017 55 21 hade
644 1018 46 20 icke
705 1018 66 21 heller
782 1018 53 20 efter
846 1017 42 22 min

68 1046 94 27 förmäga
186 1048 31 19 att
239 1046 90 22 bedöma
351 1046 63 22 bordt
433 1046 39 21 här
487 1046 112 22 fördömas.
630 1046 113 22 Skilnaden
759 1046 88 21 emellan
863 1052 26 15 en

68 1075 63 21 frihet
156 1077 32 18 att
211 1074 21 21 fä
254 1075 97 21 bekänna
372 1076 31 19 sin
426 1074 47 22 Gud
497 1076 38 20 och
558 1076 31 19 sin
611 1076 33 20 tro
661 1081 47 14 men
724 1075 44 21 icke
784 1074 63 21 frihet
862 1074 28 27 pä

68 1110 81 15 samma
171 1104 55 25 gång
242 1106 31 18 att
288 1104 20 21 få
323 1103 72 22 utöfva
417 1103 69 22 denna
507 1105 33 20 sin
554 1106 34 19 tro
604 1103 98 26 begriper
716 1104 36 26 jag
767 1103 52 21 icke.
849 1103 40 26 Jag

69 1135 45 18 tror
130 1132 21 21 af
166 1131 46 22 hela
228 1132 47 21 mitt
289 1132 70 27 hjerta
374 1134 31 19 att
421 1132 36 21 det
472 1133 89 20 emellan
572 1132 26 21 de
609 1131 56 22 olika
675 1131 215 22 trosbekännelserna

68 1163 24 18 är
108 1167 25 14 en
150 1161 102 26 väsentlig
268 1161 89 20 skilnad.
384 1160 47 21 Den
446 1167 39 15 ena
500 1163 24 18 är
539 1161 85 21 relativt
639 1160 76 26 bättre,
729 1160 160 26 fullständigare

69 1191 27 19 än
112 1189 39 21 den
168 1189 73 26 andra,
258 1190 39 21 och
312 1191 39 19 när
363 1189 37 26 jag
415 1191 60 25 säger
491 1192 31 19 att
535 1189 39 22 den
585 1189 240 26 evangelisk-lutherska
835 1191 54 19 tros-

69 1218 142 21 bekännelsen
227 1220 23 19 är
266 1218 53 21 efter
335 1218 41 21 min
392 1219 53 26 äsigt
465 1225 57 15 mera
544 1218 122 27 fullständig
681 1220 26 19 än
722 1218 41 21 alla
778 1217 72 26 andra,
866 1219 23 20 sä

69 1249 61 24 säger
143 1247 37 26 jag
195 1247 86 21 dermed
296 1247 65 26 nägot
376 1253 43 15 som
436 1249 24 19 är
471 1247 42 21 min
529 1247 49 26 själs
593 1246 48 22 hela
656 1247 83 21 fullaste
752 1245 138 28 öfvertygelse

70 1276 39 21 och
124 1276 73 21 allvar.
228 1276 48 21 Men
290 1276 36 26 jag
341 1278 44 18 tror
400 1275 45 22 icke
461 1278 31 19 att
507 1276 68 26 nägon
592 1276 53 21 enda
660 1275 120 21 konfession
795 1274 39 22 har
850 1274 40 22 den

70 1304 48 21 hela
133 1304 115 27 sanningen
264 1304 38 22 och
316 1304 36 27 jag
368 1306 44 20 tror
427 1306 32 20 att
473 1304 38 22 hos
533 1304 111 22 allehanda
659 1304 43 21 folk
718 1304 39 21 den
773 1310 45 14 som
833 1302 57 23 fruk-

70 1335 34 19 tar
119 1332 47 22 Gud
182 1333 39 21 och
236 1335 38 24 gör
288 1332 149 28 rättfärdighet
452 1335 24 19 är
491 1333 77 21 honom
581 1334 53 25 täck,
650 1335 31 19 att
694 1339 25 15 en
730 1332 108 21 menniska
850 1332 40 22 och

70 1364 32 18 ett
116 1362 97 21 samfund
236 1362 39 20 har
296 1361 102 27 rättighet
419 1364 32 19 att
471 1362 52 21 efter
538 1362 40 21 den
593 1361 133 28 uppfattning
742 1361 22 21 af
778 1360 57 22 Guds
851 1360 39 22 och

69 1390 51 22 Jesu
136 1390 38 22 ord
189 1390 85 21 hvartill
296 1390 41 21 han
360 1390 80 21 kanske
457 1391 52 21 efter
523 1390 63 26 länga
601 1390 77 22 strider
693 1390 39 21 och
748 1389 82 27 mycket
845 1390 46 21 inre

70 1419 73 21 arbete
158 1419 39 21 har
212 1419 89 21 kommit
314 1419 32 21 för
361 1421 32 19 att
407 1419 96 25 tillbedja
517 1419 32 21 sin
565 1419 47 21 Gnd
628 1418 38 22 och
677 1418 97 21 Frälsare
786 1418 38 21 och
836 1418 54 21 oför-

69 1446 101 21 hindradt
184 1446 73 21 utöfva
272 1447 32 20 sin
320 1445 88 27 religion
424 1448 23 18 är
463 1445 32 21 väl
511 1446 40 20 den
566 1445 136 26 naturligaste
714 1446 23 20 sä
749 1445 35 20 väl
794 1451 45 15 som
850 1445 40 21 den

69 1473 103 28 heligaste
193 1474 101 26 rättighet
309 1480 45 15 som
370 1480 25 15 en
411 1473 110 22 merniska
542 1474 41 21 kan
598 1480 39 20 ega
652 1473 39 21 och
707 1475 31 19 att
753 1475 56 19 sätta
824 1473 66 21 under

70 1508 27 15 en
112 1502 52 22 eller
179 1509 69 15 annan
263 1502 151 27 förevändning
429 1502 75 21 hinder
519 1501 96 22 häremot
630 1503 24 20 är
668 1501 24 22 sä
707 1501 43 21 vidt
764 1501 36 27 jag
812 1501 79 22 förstär

70 1531 121 22 intolerans.
220 1533 40 25 Jag
282 1533 46 20 tror
349 1531 46 22 icke
413 1533 32 19 att
460 1537 25 15 en
501 1531 139 27 dissenterlag
655 1533 23 19 är
693 1531 23 21 sä
731 1530 117 28 trängande
863 1531 28 26 pä

788 1565 34 18 154
