1103 1811
221 137 55 20 1474
434 142 161 18 Presteståndet
608 143 58 17 1882.
691 143 26 16 23
730 142 47 24 maj.

191 212 40 19 tets
253 210 79 28 förslag
356 210 75 22 liksom
453 211 32 21 till
508 211 41 21 alla
568 211 26 21 de
612 210 117 22 olikartade
748 211 85 27 förslag,
848 218 45 14 som
910 212 108 26 föreligga,

190 239 38 21 har
251 239 54 21 varit
327 242 30 18 att
377 240 26 26 på
419 239 64 27 något
497 242 41 18 sätt
553 240 78 20 tillföra
647 240 204 20 bankodirektionen
868 240 150 20 affärsmanna-

190 268 88 24 insigter
300 268 33 20 för
353 268 98 27 pröfning
474 268 21 21 af
516 268 104 27 erbjudna
644 268 78 21 vexlar.
754 265 146 24 Öfverläraren
916 268 101 21 Kihlman

190 296 38 20 har
251 296 123 27 visserligen
397 296 95 28 utförligt
507 297 80 20 försökt
603 296 50 27 visa,
668 298 30 19 att
714 296 127 27 affärsinsigt
856 297 39 20 och
911 297 106 27 personlig

190 325 121 20 kännedom
327 325 7 20 i
349 324 289 22 affärsmannaförhållanden
654 325 64 20 minst
734 325 20 20 af
770 325 37 21 allt
817 325 69 21 finnes
897 325 38 21 hos
946 325 71 20 affärs-

190 355 59 24 män;
271 359 49 15 men
343 353 104 21 huruvida
470 353 141 22 öfverläraren
627 353 101 21 Kiblman
744 354 82 26 lyckats
841 354 7 20 i
864 354 69 21 denna
950 353 68 21 bevis-

190 382 57 27 ning,
270 381 37 21 vill
329 382 35 27 jag
385 382 18 27 ej
426 382 94 21 bedöma.
551 381 41 22 Det
613 382 59 21 torde
692 389 49 14 vara
754 382 64 25 fallet,
834 385 30 18 att
879 389 49 14 man
944 383 18 26 ej
979 383 38 20 hos

190 411 170 26 tjenstemannen
382 410 53 21 skall
456 410 60 21 finna
539 411 41 20 den
600 411 218 27 personalkännedom
834 411 39 20 och
889 411 40 20 den
946 411 71 21 affärs-

190 439 143 27 mannainsigt
348 445 45 14 som
409 445 24 15 en
450 439 112 21 affärsman
578 439 47 26 har;
642 439 35 21 det
690 441 23 18 är
728 440 7 19 i
750 439 57 21 detta
818 439 107 27 afseende,
940 439 76 21 liksom

190 468 6 20 i
212 467 42 21 alla
277 467 72 27 andra,
372 467 23 21 så
415 470 29 18 att
464 468 111 27 ingenting
590 468 97 27 öfvergår
702 468 154 21 erfarenheten.
887 467 130 28 Visserligen

191 496 40 20 kan
255 503 25 14 en
305 496 149 21 bankdirektör
476 497 106 20 förvärfva
601 497 32 26 sig
648 503 27 14 en
690 497 81 26 ganska
788 497 114 20 vidsträckt
917 497 39 20 och
972 503 45 14 om-

189 525 94 20 fattande
305 525 64 26 insigt
384 525 7 20 i
407 525 106 20 allmänna
529 525 216 26 affärsförhållanden,
761 531 48 15 men
825 525 95 27 förmåga
936 528 29 18 att
981 525 36 21 be-

190 553 62 21 döma
274 560 34 14 om
332 559 25 14 en
381 553 51 21 affär
452 553 70 21 såsom
538 553 65 21 sådan
620 555 22 19 är
657 553 173 21 räntebetalande
846 553 53 21 eller
913 554 53 25 icke,
981 554 36 21 det

189 582 118 20 förvärfvar
321 588 49 14 man
387 582 18 26 ej
423 582 34 21 vid
474 584 30 19 ett
518 582 219 21 embetsmannabord.
768 581 111 22 Likaledes
900 583 117 20 förvärfvas

189 610 248 27 personalkännedomen
459 610 69 21 rikare
551 610 39 21 och
613 610 84 21 säkrare
718 610 21 20 af
759 610 47 25 den,
822 617 46 14 som
884 610 53 21 blott
952 610 63 21 står
1005 606 14 35 i

189 638 108 28 personlig
321 638 96 28 beröring
440 639 47 21 med
511 638 119 26 affärsmän,
651 641 26 18 än
697 639 21 20 af
733 645 25 15 en
776 639 132 27 tjensteman.
937 638 42 22 Det
994 640 23 19 är

189 667 71 21 derför
283 668 18 26 ej
325 667 59 21 fallet
407 670 29 18 att
458 668 70 20 denna
551 667 225 27 personalkännedom,
792 668 70 20 denna
877 668 94 26 förmåga
987 670 30 18 att

189 696 90 20 bedöma
298 702 26 14 en
344 696 57 25 affär,
419 696 41 20 lika
477 696 37 20 lätt
529 696 41 20 kan
586 696 117 20 förvärfvas
719 696 21 20 af
756 696 61 21 hvem
834 702 44 14 som
895 696 60 25 helst,
970 702 45 14 som

189 724 21 21 af
225 730 26 15 en
263 724 95 28 verkligt
374 724 91 28 praktisk
484 724 118 21 affärsman.

259 753 146 21 Öfverläraren
428 753 100 21 Kihlman
554 752 86 22 berörde
663 753 71 21 vidare
750 760 26 14 en
794 753 221 27 omständighet,
975 748 43 36 som

190 781 32 20 väl
239 783 24 18 är
278 781 51 21 värd
345 783 30 18 att
389 785 48 23 taga
453 782 6 19 i
475 782 138 20 betraktande
630 782 38 20 och
683 788 47 14 som
746 782 114 26 verkligen,
874 782 65 27 enligt
951 782 64 20 bank-

189 809 113 22 utskottets
325 809 83 27 förslag,
429 809 25 28 på
474 810 52 20 visst
540 812 41 18 sätt
596 809 89 21 innebär
700 816 27 15 en
743 810 117 27 olägenhet.
890 809 41 22 Det
946 810 69 21 finnes

187 838 77 21 hinder
287 845 45 14 som
355 838 76 27 uppstå
451 845 76 20 genom
546 838 129 21 inrättandet
691 839 22 20 af
728 845 27 14 en
771 839 59 26 dylik
846 839 169 25 diskontkomité,

188 867 108 26 nämligen
319 867 75 20 hinder
416 867 32 20 för
469 867 185 27 diskonteringens
676 867 112 20 utförande
804 867 52 21 eller
872 867 143 27 vexelköpens

188 895 51 20 lätta
255 895 165 25 verkställande;
437 902 48 14 men
502 895 57 21 detta
575 895 75 21 hinder
665 895 136 21 öfvervinnes
812 896 31 20 till
854 902 27 14 en
893 896 34 20 del
937 902 77 20 genom

188 923 35 21 det
238 924 123 26 stadgande,
377 930 44 14 som
437 924 61 26 ingår
512 924 7 20 i
535 924 130 26 paragrafen,
681 926 31 18 att
722 924 225 20 diskontkomitterade
956 924 59 20 skola

187 952 26 26 på
228 952 89 21 förhand
340 954 93 25 uppgöra
448 952 60 21 listor
523 952 59 21 öfver
598 952 39 21 och
653 952 116 21 bestämma
785 952 184 22 maximikrediten
981 952 34 21 för

187 980 96 21 bankens
300 980 84 25 vanliga
399 981 88 21 kunder.
516 980 42 21 Det
574 981 41 20 kan
632 981 51 20 visst
697 980 69 22 finnas
778 981 85 26 mycket
874 983 29 19 att
913 982 102 20 anmärka

188 1011 42 19 mot
246 1009 58 21 detta
320 1009 78 27 förslag
413 1009 88 21 likasom
518 1012 44 18 mot
577 1009 41 21 alla
634 1010 72 26 andra,
722 1016 46 14 som
784 1010 70 20 blifvit
868 1010 80 26 gjorda,
965 1016 49 14 men

187 1037 26 21 de
228 1038 99 25 fördelar,
343 1044 44 14 som
404 1038 35 21 det
454 1038 68 20 skulle
538 1038 102 26 medföra,
655 1038 59 20 torde
729 1038 54 21 dock
794 1045 50 14 vara
854 1038 161 27 öfvervägande,

186 1066 39 20 och
241 1068 31 19 att
288 1067 63 26 något
367 1066 38 21 bör
419 1068 67 26 göras,
501 1066 93 27 framgår
609 1066 21 21 af
646 1066 39 21 den
702 1067 100 27 sträfvan,
818 1073 44 14 som
880 1067 26 27 på
921 1067 41 20 alla
973 1067 43 20 håll

185 1095 56 28 gjort
256 1095 33 27 sig
304 1095 98 27 gällande
418 1102 76 20 genom
508 1095 168 21 framkastandet
691 1095 22 21 af
728 1095 79 27 förslag
818 1095 30 21 till
861 1095 155 27 förbättringar.

185 1136 27 2 —
228 1120 148 24 Öfverläraren
400 1124 99 21 Kihlman
524 1124 40 20 slöt
586 1124 36 20 sitt
644 1124 117 20 anförande
776 1124 49 20 med
842 1124 36 20 det
893 1124 124 27 påståendet

185 1154 30 18 att
230 1152 42 20 den
290 1159 28 13 nu
334 1152 120 27 föreslagna
470 1152 146 27 anordningen
633 1152 46 20 icke
695 1152 69 21 skulle
778 1152 63 21 hafva
852 1153 35 20 sitt
898 1153 118 25 motstycke

184 1181 6 19 i
207 1180 48 21 hela
279 1181 93 20 verlden.
404 1180 41 22 Det
468 1181 59 21 torde
552 1181 80 27 knappt
652 1181 190 21 öfverensstämma
858 1181 47 20 med
922 1181 94 27 verkliga

184 1209 162 20 förhållandet.>
361 1209 42 27 Jag
418 1209 38 21 har
471 1210 18 26 ej
506 1209 32 21 till
554 1209 68 21 hands
642 1209 85 20 franska
743 1209 202 27 bankreglementet,
961 1216 55 18 men,

184 1237 69 21 såvidt
275 1238 42 27 jag'
334 1238 86 26 känner,
437 1240 22 19 är
475 1238 181 21 diskontkomitén
673 1238 34 20 vid
723 1238 87 20 franska
832 1238 83 20 banken
932 1238 85 26 mycket

184 1266 232 21 öfverensstämmande
432 1267 48 20 med
496 1267 41 20 den
554 1273 28 14 nu
600 1266 21 20 af
637 1266 160 21 bankutskottet
813 1266 124 27 föreslagna.

253 1323 155 28 Kyrkoherden
424 1324 171 21 Hirvinen:
612 1323 164 21 Professorerne
792 1322 89 21 Donner
893 1323 38 21 och
943 1323 72 21 Rune-

184 1351 50 28 berg
250 1353 64 20 hafva
330 1353 64 20 redan
411 1355 52 24 sagt,
480 1353 54 20 hvad
550 1353 36 27 jag
601 1353 6 19 i
624 1352 121 20 hufvudsak
761 1352 55 20 hade
833 1354 29 18 att
874 1353 62 26 säga;
953 1352 64 20 likväl

183 1380 36 20 vill
241 1381 38 26 jag
301 1381 69 20 dertill
393 1383 57 19 ännu
472 1381 80 28 påpeka
569 1381 66 26 några
651 1381 187 26 omständigheter.
869 1380 148 21 Ofverläraren

183 1409 101 20 Kihlman
301 1409 90 21 nämnde
409 1409 62 21 bland
488 1410 168 27 oegentligheter
671 1409 6 20 i
694 1409 172 21 bankutskottets
878 1409 139 25 betänkande,

182 1440 30 18 att
231 1437 66 28 nägot
316 1438 99 26 yttrande
430 1439 26 26 pä
472 1439 37 20 sid.
526 1439 10 20 7
554 1439 70 20 skulle
640 1437 65 21 strida
722 1440 56 18 emot
794 1440 30 18 ett
840 1437 116 24 uttalande,
972 1443 45 14 som

181 1466 105 21 utskottet
301 1467 69 20 anfört
385 1467 26 27 pä
426 1467 60 20 sidan
504 1467 18 21 6.
554 1467 64 21 Detta
634 1466 100 26 yttrande
746 1466 28 27 pä
789 1466 61 20 sidan
862 1466 12 20 6
886 1466 39 20 har
939 1466 22 20 af
971 1472 47 20 pro-

181 1494 69 20 fessor
273 1494 114 27 Runeberg
396 1495 78 20 redan
498 1495 119 20 förklarats.
635 1506 26 3 —
677 1494 33 21 De
726 1494 164 27 ifrågavarande
910 1494 65 21 orden
992 1494 26 27 pä

181 1529 45 20 pag.
247 1524 11 19 7
275 1523 59 26 lyda:
358 1523 80 26 ,tillika
453 1523 69 21 skulle
538 1523 42 22 den
598 1523 133 21 direktionen
748 1523 134 20 förbehållna
899 1522 118 28 pröfnings-
