1103 1811
310 144 162 18 Presteståndet
484 145 59 17 1882.
567 146 24 16 16
603 145 48 20 maj.
816 140 54 20 1329

67 214 43 21 Det
133 216 23 19 är
180 214 47 21 med
249 214 80 20 sådana
349 219 87 21 papper,
452 219 46 15 som
515 213 95 27 börsspel
626 213 112 26 bedrifvas,
755 212 71 22 hvilka
842 214 57 21 rikta

67 243 78 26 många
161 248 48 16 men
225 242 85 21 ruinera
325 242 44 20 lika
385 242 82 26 många.
491 242 41 26 Jag
547 241 69 21 skulle
632 241 95 27 afstyrka
742 241 53 21 ifrån
807 244 32 19 att
850 248 48 15 man

66 271 8 21 i
91 271 46 21 vårt
160 271 50 21 land
231 270 68 22 skulle
315 270 68 21 införa
399 270 61 21 dessa
476 270 216 26 börsspekulationer.
724 270 30 21 De
770 270 129 21 omnämnda

68 305 107 21 papprens
197 299 65 21 värde
285 301 36 18 äro
345 299 45 20 helt
413 298 39 21 och
476 298 67 21 hållet
565 298 107 21 beroende
693 298 23 21 af
736 299 40 20 den
792 299 107 20 allmänna

67 327 124 22 räntefoten
214 327 33 21 för
269 327 65 21 tiden.
366 327 70 26 Stiger
458 327 40 20 den
521 327 107 21 allmänna
644 328 76 19 räntan
736 326 64 27 högre
816 329 26 19 än
858 327 40 21 den

67 357 126 26 perpetuela
216 357 75 20 räntan
313 355 41 21 blir
369 355 135 26 naturligtvis
525 356 35 21 det
576 355 87 27 kapital,
679 361 45 15 som
740 358 159 23 representerar

67 385 38 21 det
123 385 22 21 af
164 385 124 26 regeringen
304 383 83 27 utgifna
402 384 164 27 räntebeloppet
581 385 23 20 så
620 384 85 27 mycket
720 384 90 26 mindre;
828 386 70 20 ränte-

69 415 90 25 pappret
175 413 39 20 har
230 412 89 22 förlorat
334 413 7 20 i
356 413 71 20 värde.
458 413 28 21 Så
502 413 79 21 skedde
594 412 24 27 ju
634 412 44 21 helt
694 412 83 27 nyligen
792 413 8 20 i
816 413 83 21 Frank-

69 441 52 22 rike.
152 441 40 22 Vid
209 441 74 27 början
299 441 22 21 af
337 442 53 21 1870
406 441 45 21 före
467 441 69 26 kriget
553 441 47 21 med
616 441 108 26 Tyskland
739 441 48 21 stod
803 443 32 19 tre
851 448 48 20 pro-

69 472 60 19 cents
144 472 75 19 räntor
234 470 27 27 på
277 471 32 25 66,
326 471 26 20 67
369 470 38 21 och
424 470 142 26 deromkring,
583 476 47 15 men
646 469 84 22 såsnart
746 469 69 27 kriget
825 470 74 21 utbröt

68 498 37 21 föll
122 499 40 21 den
178 498 30 21 till
225 500 33 20 50.
289 499 71 26 Något
375 499 24 20 så
415 499 79 26 hastigt
509 498 89 21 kursfall
614 497 95 22 inträffar
725 498 68 27 aldrig
808 499 48 20 med
873 499 25 21 de

68 529 143 25 statspapper,
234 527 71 21 hvilka
331 529 37 19 äro
391 527 111 26 grundade
525 527 27 26 på
574 527 127 21 annuiteter.
733 527 31 21 Då
787 533 49 15 man
860 527 39 22 har

69 556 88 25 sådana,
174 557 35 20 vet
225 562 46 15 man
288 558 32 19 att
336 562 47 14 man
399 555 32 21 får
447 556 32 21 sin
496 555 110 22 bestämda
622 557 68 24 ränta,
707 555 84 22 hvilken
807 557 24 20 är
846 555 50 22 läm-

69 584 42 26 pad
133 584 53 21 efter
206 584 119 21 räntefoten
347 585 26 25 på
389 585 40 20 den
445 585 30 20 tid
492 584 27 21 då
535 585 57 20 lånet
608 583 71 27 utgafs
695 584 39 21 och
750 586 31 19 att
796 591 48 14 man
860 591 38 15 an-

71 613 72 27 tingen
159 618 75 21 genom
251 612 115 27 utlottning
383 612 50 21 eller
448 613 28 26 på
491 618 70 15 annan
577 612 97 21 bestämd
687 612 30 21 tid
728 612 31 21 får
770 612 36 22 sitt
818 613 79 26 kapital

70 641 151 21 återbetaladt.
251 641 84 26 Frågan
362 648 34 14 om
420 641 134 27 lämpligaste
578 642 66 20 sättet
667 640 33 22 för
722 641 115 27 upplåning
860 642 38 20 har

70 670 90 21 kommit
175 670 21 20 in
213 670 6 20 i
234 670 145 20 betänkandet
395 670 88 21 emedan
500 670 39 21 den
556 670 43 20 blef
614 670 123 21 diskuterad
748 669 55 21 inom
815 670 82 20 utskot-

70 700 37 24 tet,
125 704 48 15 men
188 698 46 21 icke
251 698 38 21 har
305 698 105 21 utskottet
425 698 27 27 på
468 698 65 26 något
549 700 43 20 sätt
607 698 109 26 föreslagit
732 700 31 18 att
779 698 119 21 Ständerna

70 727 68 21 skulle
154 727 7 20 i
177 727 59 21 detta
252 727 98 21 afseende
366 727 65 21 binda
446 726 136 28 regeringens
597 727 81 21 händer
694 726 69 22 såsom
779 726 66 27 några
860 727 38 21 här

70 756 75 26 tyckas
161 762 56 14 anse.

139 811 111 22 Professor
265 812 163 26 Runeberg:
459 812 43 21 För
517 812 43 21 min
577 812 33 21 del
622 812 40 21 kan
671 813 37 26 jag
719 812 122 27 visserligen
855 812 43 21 lika

70 840 48 21 litet
129 847 45 14 som
187 841 88 26 troligen
294 841 67 26 någon
378 847 68 14 annan
463 841 47 21 dela
522 843 86 24 prosten
620 841 68 26 Hjelts
699 841 55 26 åsigt
763 847 33 14 om
806 841 25 20 de
841 843 57 19 stän-

71 869 48 27 diga
131 871 112 19 räntornas
259 869 105 27 egenskap
381 872 31 18 att
428 871 76 24 utgöra
517 869 75 21 endast
602 869 234 27 spekulationspapper.
857 869 41 22 Det

69 899 25 19 är
104 900 92 18 tvärtom
214 898 84 25 bekant,
315 901 31 18 att
363 899 24 19 de
401 898 44 26 just
461 900 37 18 äro
515 898 81 26 egnade
608 900 32 18 att
651 898 85 26 placera
747 898 87 26 kapital.
857 898 41 26 Jag

70 925 36 21 vill
122 926 32 20 för
169 927 42 19 min
228 926 33 20 del
278 926 43 20 helt
338 926 38 21 och
393 926 65 22 hållet
474 926 73 21 förena
563 927 42 26 mig
621 926 47 21 med
685 926 115 21 utskottets
811 926 86 26 förslag,

70 956 32 19 att
118 954 119 22 Ständerna
259 955 18 26 ej
295 955 66 21 skulle
377 955 69 21 uttala
462 955 38 26 sig,
518 955 30 21 uti
563 955 84 21 hvilken
664 955 54 21 form
734 955 58 21 detta
808 955 35 20 lån
859 955 39 21 bör

70 985 111 25 upptagas.

139 1040 51 21 Vice
212 1043 73 23 pastor
307 1040 95 21 Lilius
425 1040 118 26 anmärkte,
568 1040 47 21 med
638 1040 112 27 anledning
774 1040 22 20 af
812 1042 85 24 prosten

71 1069 70 26 Hjelts
163 1069 106 26 yttrande,
293 1071 32 19 att
348 1075 85 21 papper,
456 1075 45 15 som
518 1076 18 20 ej
553 1070 26 25 på
596 1069 96 21 bestämd
708 1069 31 21 tid
755 1068 77 22 inlösas
849 1074 49 16 vore

70 1097 55 21 blott
148 1097 39 21 och
209 1097 48 21 bart
279 1097 233 27 spekulationspapper,
532 1100 31 18 att
586 1098 82 20 likvisst
684 1098 6 20 i
705 1097 47 21 vårt
768 1097 48 21 land
833 1096 66 22 finnes

71 1126 70 26 dylika
163 1132 86 20 papper,
270 1132 44 14 som
330 1126 68 26 aldrig
413 1126 85 21 komme
514 1128 32 19 att
562 1126 85 26 inlösas,
663 1126 71 21 förrän
750 1126 26 21 de
791 1128 59 24 stego
867 1125 32 21 till

71 1155 42 20 300
129 1157 93 24 procent,
239 1154 38 21 och
294 1154 79 22 sådana
389 1161 79 20 papper
484 1161 50 15 voro
551 1154 213 27 Föreningsbankens
780 1154 75 21 aktier.

140 1211 89 20 Prosten
252 1211 90 26 Hjelt:
372 1211 41 27 Jag
437 1211 40 21 har
500 1211 68 27 aldrig
590 1213 68 25 yttrat
680 1211 55 21 hvad
758 1211 45 21 vice
826 1213 73 24 pastor

70 1240 67 21 Lilius
151 1239 74 27 påstår
241 1239 41 26 mig
298 1239 63 21 hafva
377 1242 54 25 sagt.
462 1240 40 26 Jag
518 1240 84 27 yttrade
618 1240 75 21 endast
709 1242 31 19 att
753 1240 37 27 jag
801 1240 45 20 icke
858 1239 40 21 kan

71 1268 106 27 tillstyrka
201 1270 31 19 att
255 1270 31 19 ett
308 1268 34 21 lån
363 1269 27 26 på
415 1269 25 20 10
463 1269 97 26 miljoner
576 1271 103 24 upptages
695 1269 6 20 i
718 1268 45 21 vårt
780 1271 46 24 eget
843 1267 55 22 land.

71 1297 42 20 Det
128 1297 39 20 har
186 1296 83 22 behöfts
285 1297 30 20 tio
331 1297 24 21 år
371 1297 33 20 för
419 1299 32 18 att
468 1297 21 21 få
505 1297 168 26 obligationerna
689 1297 33 20 för
738 1296 161 27 donationsgod-

71 1331 48 15 sens
142 1325 82 21 inlösen
247 1327 32 19 att
300 1326 27 26 gå
342 1326 29 20 åt.
401 1325 62 21 Hvad
479 1325 107 27 professor
601 1326 123 25 Runebergs
739 1325 98 27 yttrande
854 1324 45 21 vid-

71 1353 102 26 kommer,
197 1357 46 18 tror
263 1354 36 27 jag
321 1354 78 21 honom
419 1360 51 15 vara
486 1360 71 15 ensam
574 1361 33 14 om
624 1354 80 26 åsigten
721 1356 32 19 att
768 1353 131 27 perpetuella

72 1384 73 19 räntor
167 1383 46 20 icke
234 1383 70 20 lemna
327 1384 68 20 större
411 1383 83 20 tillfälle
510 1383 33 21 till
559 1383 133 26 spekulation
708 1384 27 19 än
751 1381 147 28 obligationer.

140 1439 51 22 Vice
207 1442 73 23 pastor
295 1440 87 21 Lilius
397 1439 107 27 genmälte
521 1439 72 22 härtill
609 1442 32 19 att
652 1439 247 27 donationsgodsobliga-

70 1468 110 20 tionernas
202 1468 161 21 emissionskurs
386 1474 37 14 var
446 1469 27 20 95
497 1471 87 23 procent
607 1468 39 21 och
669 1474 28 14 nu
720 1467 55 27 gälla
799 1468 26 20 de
848 1467 51 26 pari.

71 1496 71 21 Alltså
165 1502 50 15 vore
239 1497 26 20 de
288 1497 17 26 ej
328 1496 23 21 så
372 1496 47 21 litet
440 1496 118 21 eftersökta
573 1502 45 15 som
634 1498 86 24 prosten
737 1496 57 27 Hjelt
810 1495 88 27 påstått;

72 1526 92 19 tvärtom
181 1524 67 22 skulle
264 1527 56 18 ännu
335 1524 51 22 flere
402 1525 26 26 gå
444 1525 28 26 åt,
490 1531 34 15 om
540 1525 36 21 det
591 1525 69 20 skulle
675 1524 67 21 finnas
758 1530 45 15 mer
814 1523 22 22 af
847 1523 53 22 dem.

808 1563 24 18 84
