1103 1811
236 136 54 21 1290
452 140 162 33 Presteståndet
626 142 58 16 1882.
708 142 25 16 16
745 142 47 20 maj.

205 209 45 27 liga
273 209 105 28 Majestät
392 210 9 20 i
416 210 174 27 underdånighet
613 210 99 22 anhålla,
733 212 33 19 att
781 210 65 27 äfven
862 210 36 32 för
913 210 121 27 framtiden

204 238 68 27 ingen
295 245 61 14 mera
381 238 119 28 betydande
522 238 134 28 förändring
678 234 67 26 måtte
756 239 105 32 vidtagas
876 239 9 20 i
899 234 136 42 folkskolans

203 273 80 21 genom
303 267 82 27 nådiga
401 267 160 27 förordningen
576 267 29 27 af
616 268 42 20 den
674 268 23 20 11
712 268 48 26 maj
774 268 61 20 1866
849 274 78 14 vunna
942 268 91 27 organi-

204 295 81 26 sation,
301 296 74 20 innan
392 296 65 20 Hans
472 296 123 27 Kejserliga
610 296 105 27 Majestät
730 296 104 27 nådigast
843 296 110 21 inhemtat
964 296 68 21 Stän-

205 324 80 21 dernas
300 324 154 27 underdåniga
470 324 102 27 yttrande
587 324 9 20 i
611 326 95 19 ämnet».

274 381 101 21 Derefter
397 381 123 27 godkändes
546 381 103 26 enhälligt
672 381 117 22 utskottets
804 382 12 20 å
832 387 46 21 pag.
899 382 24 20 14
939 381 6 21 i
961 381 72 22 betän-

205 409 80 22 kandet
308 409 80 28 afgifna
409 410 85 26 förslag,
518 410 39 21 och
580 409 56 22 hade
660 410 90 21 Ständet
771 410 87 21 härmed
875 410 159 21 slutbehandlat

205 439 172 21 statsutskottets
393 439 145 26 föreliggande
556 439 135 21 betänkande
707 438 39 22 N:o
766 439 31 20 10.

274 593 51 21 Vice
342 595 73 24 pastor
431 593 170 21 Lindstedt
617 593 71 21 anhöll
705 599 33 15 om
755 593 94 26 ledighet
865 593 47 21 från
925 593 107 21 eftermid-

204 621 79 26 dagens
300 620 39 22 och
355 621 169 27 morgondagens
535 621 69 27 plena,
615 621 85 21 hvilken
712 622 99 20 anhållan
823 622 22 20 af
855 621 89 21 Ståndet
955 621 76 21 bifölls.

274 678 49 22 Med
346 678 80 28 hänsyn
450 678 32 21 till
506 679 39 20 den
561 678 61 27 långt
637 678 143 21 framskridna
796 678 57 21 tiden
870 678 97 26 upplöste
983 678 50 22 herr

203 707 185 21 Talmannen
411 713 28 15 nu
464 707 28 21 kl.
516 707 48 25 3!/;
586 707 169 21 sammanträdet
778 707 48 21 med
847 707 129 26 uppmaning
999 707 33 21 till

203 735 101 22 Ståndets
320 736 138 21 medlemmar
473 738 33 18 att
521 737 47 20 åter
583 736 159 20 sammanträda
757 736 28 26 på
796 735 166 27 eftermiddagen
974 736 26 20 kl.
1012 736 19 22 6.
