1103 1811
328 127 161 17 Presteständet
502 127 56 17 1882.
583 129 7 15 1
602 127 51 21 juni.
823 121 54 20 1727

81 196 66 21 redan
164 196 33 21 för
218 195 73 27 längre
310 196 29 20 tid
359 195 91 21 tillbaka
465 196 89 20 kommit
570 196 31 20 till
617 196 88 20 alldeles
720 201 81 15 samma
816 194 89 28 öfverty-

79 224 58 27 gelse
154 231 45 15 som
215 224 6 20 i
237 224 157 21 reservationen
411 226 24 18 är
451 224 89 25 uttalad,
557 226 31 19 att
604 224 105 26 nämligen
725 224 80 20 kronan
816 223 40 21 här
866 224 40 20 för-

80 253 51 21 farit
147 253 27 27 på
190 255 31 19 ett
236 254 48 25 sätt,
300 258 45 15 som
362 252 116 27 ingalunda
493 253 45 21 står
553 253 6 20 i
576 252 219 22 öfverensstämmelse
810 252 48 21 med
874 255 31 18 ut-

79 281 124 26 vecklingen
226 281 23 21 af
271 281 99 26 odlingen
386 282 6 19 i
409 281 27 21 de
458 281 83 21 trakter
557 280 74 27 frågan
647 281 73 26 gäller.
750 281 11 21 I
776 280 67 22 likhet
859 280 46 22 med

80 310 41 21 den
137 309 128 27 föregående
280 309 82 21 talaren
378 309 63 28 hyser
453 309 37 27 jag
507 309 134 26 tvifvelsmål,
658 309 103 22 huruvida
776 309 130 26 rättsfrågan

79 340 24 19 är
118 337 24 22 så
157 338 48 21 fullt
220 337 47 22 klar
289 344 46 15 som
357 338 117 21 utskottets
489 338 109 27 pluralitet
614 340 70 19 ansett
699 338 40 21 den
754 344 60 19 vara;
830 337 76 22 åtmin-

79 370 62 18 stone
157 366 62 21 hafva
234 373 91 19 egarene
340 367 22 20 af
377 367 131 21 dervarande
530 367 98 20 hemman
644 367 54 20 varit
714 366 135 27 öfvertygade
865 372 41 19 om,

81 398 32 19 att
129 395 99 21 eftersom
244 396 88 25 kronan,
349 395 28 21 då
392 395 110 22 storskifte
518 395 132 22 verkstäldes
666 395 109 21 derstädes
790 395 66 20 redan
869 401 37 14 un-

81 424 38 21 der
130 424 66 21 andra
212 424 109 21 decenniet
337 423 24 22 af
369 424 48 21 vårt
433 423 140 27 århundrade,
590 424 46 21 icke
652 424 90 21 bevakat
760 423 32 22 sin
808 425 43 20 rätt
867 423 39 22 och

80 455 99 18 närmare
195 452 92 21 bestämt
303 453 35 20 det
355 453 87 20 område
458 453 40 20 den
514 453 123 20 förbehållit
652 453 37 26 sig,
704 453 24 20 så
743 452 39 21 har
797 452 41 21 den
849 452 6 21 i
867 452 38 21 och

80 481 47 21 med
145 481 116 21 detsamma
277 481 75 21 afstått
367 481 70 21 denna
452 481 109 26 rättighet.
594 482 24 20 17
634 481 24 21 år
673 481 63 21 hafva
751 481 65 21 redan
833 480 72 22 förflu-

81 511 32 23 tit,
138 510 64 21 sedan
225 509 73 27 frågan
322 509 54 28 ånyo
399 510 87 21 väcktes
508 510 28 26 på
552 516 80 15 samma
651 511 54 25 gång
721 516 45 15 som
782 509 74 28 frågan
872 516 34 15 om

81 539 172 26 kronoskogarne
269 538 39 21 och
324 541 31 18 ett
371 538 121 22 sträfvande
508 539 73 26 gjorde
594 539 33 26 sig
637 538 97 27 gällande
746 540 32 19 att
789 538 119 21 förbehålla

81 567 81 21 kronan
179 567 72 26 hvarje
264 567 106 26 jordlapp,
387 573 44 15 som
448 568 40 20 den
505 567 99 27 möjligen
620 568 6 20 i
638 567 71 21 landet
720 567 71 21 kunde
800 567 28 21 få.
850 567 56 27 Följ-

81 596 41 20 den
145 596 62 20 häraf
228 595 48 25 blef,
299 598 31 18 att
351 596 127 26 jordegarne
494 596 6 20 i
517 596 61 21 dessa
601 596 82 20 trakter
705 596 67 20 under
786 595 121 27 uppkomna

81 624 164 26 stridigheterna
261 624 46 21 icke
324 624 55 21 blott
395 624 46 21 icke
457 624 64 21 hafva
536 624 81 21 kunnat
633 624 96 27 begagna
744 624 32 26 sig
788 624 21 20 af
818 624 89 26 impedi-

81 653 186 25 mentsmarkerna,
290 655 50 19 utan
363 652 62 22 äfven
448 653 55 21 varit
526 653 135 21 förhindrade
681 654 31 20 att
728 653 95 26 begagna
838 652 31 27 sig
885 652 24 21 af

80 682 105 26 skogarne
201 682 26 26 på
243 682 40 20 den
299 682 66 26 mark,
381 688 45 15 som
442 682 48 21 dem
505 682 112 26 rätteligen
634 681 135 21 tillkommer.
800 681 32 21 De
845 680 62 22 hafva

81 710 90 22 faktiskt
186 710 45 21 icke
247 710 81 22 kunnat
343 710 46 22 från
404 711 32 21 sin
452 711 61 21 mark
526 710 87 27 försälja
628 712 32 19 ett
675 710 55 21 enda
745 710 47 21 träd
808 709 31 21 till
855 709 51 27 följd

82 739 65 25 deraf,
171 741 32 19 att
225 738 74 28 frågan
321 739 55 21 varit
395 739 50 21 tvist
461 739 151 25 underkastad,
629 739 39 21 och
683 739 51 21 flere
749 738 63 22 hafva
827 738 78 27 derige-

81 774 49 14 nom
146 768 46 26 gått
207 768 32 21 sin
255 768 137 21 ekonomiska
408 768 123 27 undergång
546 768 33 21 till
594 770 75 18 mötes.
699 768 33 21 Då
747 766 161 22 Presteståndet

81 795 117 27 flerfaldiga
213 796 79 27 gånger
307 796 78 21 uttalat
401 796 31 27 sig
447 796 87 26 derhän,
550 798 33 19 att
598 797 82 20 kronan
695 796 67 21 måtte
778 796 27 26 på
815 798 32 18 ett
856 795 51 21 eller

81 828 66 17 annat
163 827 42 18 sätt
221 825 43 21 låta
279 825 195 21 kronohemmanen
490 825 86 26 öfvergå
591 824 6 21 i
613 825 117 26 allmogens
739 824 81 21 händer
832 823 32 22 för
875 826 32 19 att

82 853 121 26 derigenom
226 853 69 21 bättre
319 853 113 27 tillgodose
455 853 109 27 odlingens
582 853 139 24 utbredande,
737 859 61 21 synes
814 853 36 20 det
865 853 43 26 mig

81 884 33 19 att
137 883 68 20 denna
227 884 95 19 närmast
345 882 177 26 sammanhänger
543 883 48 20 med
615 882 36 21 det
666 881 180 27 bemedlingssätt,
861 887 45 15 som

81 910 68 27 ligger
170 910 31 21 till
222 911 68 26 grund
310 910 32 21 för
358 917 25 15 en
399 910 66 22 sådan
481 911 135 27 uppfattning
632 910 38 22 och
687 913 31 18 att
733 909 121 28 isynnerhet
869 916 38 14 un-

81 939 38 21 der
135 939 26 21 de
176 938 74 26 vilkor,
273 945 44 15 som
341 939 39 21 här
395 941 97 19 närmare
508 941 37 19 äro
562 939 132 25 framhållna,
709 939 82 21 kronan
807 938 46 21 icke
868 938 39 21 bör

81 968 33 20 till
129 968 52 20 sista
203 968 93 26 styfvern
319 970 50 24 taga
391 970 23 18 ut
436 968 33 21 sin
492 970 50 22 rätt,
565 970 50 19 utan
638 967 129 27 tillmötesgå
785 967 123 27 allmogens,

82 996 109 27 odlingens
215 996 38 21 och
275 997 40 20 den
338 996 138 22 ekonomiska
499 996 159 27 utvecklingens
681 997 103 20 intressen
803 995 27 27 på
846 996 61 20 dessa

81 1025 90 26 trakter,
186 1031 75 20 genom
277 1028 32 18 att
324 1028 45 18 mot
384 1025 86 27 lämplig
486 1026 58 20 skatt
559 1025 55 21 afstå
629 1025 54 21 ifrån
699 1025 39 21 den
755 1026 43 20 rätt
814 1024 40 21 den
871 1030 35 15 an-

81 1060 34 14 ser
138 1054 32 26 sig
191 1053 69 21 hafva.
291 1054 78 21 Härtill
392 1054 102 26 kommer,
516 1056 31 19 att
569 1054 73 25 frågan
660 1054 6 20 i
683 1054 73 26 sjelfva
772 1053 74 21 verket
860 1052 47 22 icke

82 1082 39 21 har
137 1082 80 21 kunnat
232 1082 63 27 lösas,
311 1084 70 20 såsom
397 1082 61 22 äfven
481 1082 93 26 framgår
590 1082 21 21 af
626 1081 281 27 landtmäteri-öfverstyrel-

81 1117 48 15 sens
145 1110 116 22 utlåtande.
292 1111 131 26 Jordegarne
434 1111 63 21 hafva
511 1111 27 27 på
552 1111 51 21 flere
618 1111 76 21 ställen
711 1113 55 25 sagt:
783 1110 20 21 vi
818 1110 28 26 gå
860 1110 47 21 icke

81 1140 21 20 in
125 1140 27 26 på
175 1140 40 21 den
237 1139 114 27 förlikning
374 1146 45 15 som
442 1140 106 26 erbjudes,
569 1140 19 20 vi
612 1140 66 21 önska
694 1139 108 21 bibehålla
816 1138 55 22 hvad
887 1138 20 22 vi

82 1168 68 26 hafva,
172 1168 82 21 kronan
277 1169 33 20 må
333 1170 75 25 uttaga
430 1168 56 22 hvad
510 1169 40 21 den
565 1168 135 21 tillkommer.
730 1168 50 22 Men
795 1168 59 20 detta
870 1167 37 21 har

81 1197 46 21 icke
150 1197 80 20 kunnat
252 1196 44 25 ske,
319 1197 73 26 frågan
416 1198 38 20 har
470 1197 56 21 blott
541 1197 104 26 utdragits
661 1197 27 26 på
703 1196 89 27 längden
809 1196 39 21 och
863 1196 45 20 står

81 1225 39 21 allt
135 1225 130 22 fortfarande
281 1226 6 19 i
303 1231 81 16 samma
399 1225 72 26 skede,
488 1225 84 22 derföre
588 1228 32 19 att
635 1225 124 21 hemmanen
774 1225 46 21 icke
836 1224 71 21 kunna

80 1253 74 28 åtnöja
175 1254 30 26 sig
227 1254 48 21 med
295 1260 26 15 en
337 1253 51 22 liten
404 1254 90 27 egolapp
510 1254 40 21 här
565 1254 39 21 och
620 1260 24 15 en
661 1260 69 15 annan
746 1254 37 21 der
798 1253 40 21 och
854 1259 53 15 eme-

81 1283 41 20 dan
146 1283 80 20 kronan
251 1282 34 21 vill
307 1283 72 26 tvinga
395 1283 47 21 dem
458 1285 34 19 att
508 1283 54 21 afstä
578 1289 25 15 en
620 1282 32 22 del
669 1282 76 22 odlade
760 1282 87 27 stycken
863 1283 44 19 mot

82 1311 118 26 ersättning
215 1311 7 20 i
238 1311 116 27 penningar
376 1311 52 22 eller
443 1311 156 27 skogsmarker.
630 1311 32 21 Då
675 1311 37 27 jag
727 1317 28 15 nu
771 1310 31 22 till
819 1309 51 28 följd
886 1309 22 21 af

81 1340 69 21 tidens
171 1339 108 27 knapphet
302 1340 46 21 icke
372 1340 41 21 kan
437 1340 73 21 anföra
533 1340 149 26 enskildheter,
699 1339 35 21 vill
748 1340 36 26 jag
800 1339 55 21 blott
870 1338 37 27 pä-

81 1368 61 26 peka,
158 1371 32 18 att
206 1369 89 26 stridiga
310 1368 69 27 utslag
395 1369 5 20 i
417 1369 65 21 saken
498 1369 64 21 hafva
578 1371 108 19 emanerat
701 1369 45 27 frän
760 1367 92 28 justitie-
868 1367 39 21 och

81 1397 285 26 ekonomiedepartementen
383 1397 91 22 rörande
487 1398 125 26 jordegares
627 1399 49 20 rätt.
706 1397 68 21 Afven
786 1397 68 21 denna
864 1402 43 15 om-

80 1425 123 27 ständighet
218 1426 62 25 visar,
297 1428 32 19 att
344 1425 46 22 icke
406 1426 130 27 rättsfrägan
552 1428 23 19 är
590 1426 24 21 sä
630 1426 87 21 alldeles
728 1426 53 21 klar.
811 1425 43 21 För
865 1425 41 21 min

80 1454 35 21 del
131 1454 38 21 ber
181 1455 37 26 jag
233 1454 20 21 få
269 1455 130 21 understöda
415 1455 164 21 reservationen.
