1103 1811
333 150 163 17 Presteständet
510 150 57 17 1882.
592 150 26 17 26
631 150 47 20 maj.
828 145 53 21 1603

79 218 85 27 handel,
180 225 48 15 men
245 218 69 22 tillika
329 218 93 22 bestämt
437 220 33 20 att
481 219 149 26 magasinerna
640 218 39 22 och
689 218 221 28 nederlagsplatserna

79 248 54 22 böra
155 247 96 27 placeras
269 248 50 21 flere
341 247 61 21 tiotal
425 247 84 21 famnar
530 249 82 19 österut
627 248 46 20 från
689 247 41 21 den
745 254 29 14 nu
789 248 122 26 föreslagna

79 276 91 28 platsen,
191 276 24 21 sä
230 277 33 20 att
285 276 62 21 dessa
362 276 46 21 icke
423 276 70 21 skulle
509 276 86 21 komma
610 278 32 19 att
658 282 50 15 vara
724 276 6 20 i
746 278 67 25 vägen
829 276 33 22 för
878 280 32 18 ett

80 305 108 21 blifvande
211 304 136 21 Ständerhus.
379 305 38 20 Att
439 304 34 21 för
495 304 62 21 dessa
580 304 128 27 magasiners
728 304 55 21 skull
799 305 46 20 icke
861 305 49 27 vilja

79 333 58 22 afstä
159 333 34 21 för
214 333 83 21 landets
318 333 130 21 allmännare
465 332 66 22 behof
545 339 26 15 en
586 333 52 21 liten
654 333 132 26 bergsklack,
802 333 108 22 förefaller

80 362 49 26 mig,
145 361 48 22 med
216 361 28 21 all
263 361 89 26 aktning
367 361 33 21 för
415 361 135 27 Helsingfors
566 361 104 22 intressen
686 362 40 21 och
741 361 27 22 de
783 362 127 22 merkantila

81 391 124 24 intressena,
227 390 65 26 nägot
313 389 153 28 besynnerligt,
489 390 123 27 isynnerhet
632 396 44 15 som
692 390 155 22 Ständerhuset
863 391 46 21 icke

80 419 69 21 skulle
172 419 87 20 komma
281 420 31 19 att
335 425 49 15 vara
401 419 7 20 i
425 420 67 25 vägen
514 418 33 21 för
568 419 98 21 handeln.
697 419 155 22 Reservantens
868 422 42 24 ytt-

81 448 65 21 rande
169 449 33 19 att
225 447 154 22 Ständerhuset
402 447 38 21 der
462 447 70 21 skulle
547 447 33 21 stä
596 447 111 28 ,isoleradt
722 448 47 21 från
785 447 42 22 alla
842 448 67 21 andra

82 477 122 26 byggnader
219 476 48 21 med
282 476 103 21 likartadt
400 475 100 22 ändamål
516 476 40 21 och
570 476 102 27 omgifvas
682 477 27 26 pä
721 483 24 14 en
756 476 46 21 sida
813 476 23 22 af
846 477 63 26 ryska

82 505 82 27 kyrkan
180 504 39 21 och
235 505 28 26 pä
278 505 25 20 de
319 504 70 27 öfriga
404 505 22 20 af
437 505 159 26 jernvägsspär,
612 506 119 25 magasiner
746 505 40 21 och
797 505 112 27 packhus*;

84 535 23 20 är
123 536 48 19 rent
187 533 22 21 af
222 533 143 22 vilseledande
380 533 32 21 för
429 533 47 26 den,
487 539 46 16 som
548 533 57 22 läser
620 534 123 21 detsamma.
774 534 72 27 Ryska
861 535 48 26 kyr-

81 563 41 20 kan
138 563 84 20 komme
239 563 32 20 att
286 562 65 21 blifva
366 562 106 27 betydligt
488 569 50 14 norr
553 569 34 14 om
604 562 160 25 Ständerhuset,
776 563 39 21 och
831 563 77 21 kartan

80 591 57 21 visar
152 591 76 26 tydligt
243 593 32 18 att
287 591 116 26 jernvägen
419 591 97 21 kommer
526 593 34 18 att
572 591 93 26 dragas
659 587 12 35 i
681 597 26 15 en
724 591 54 26 båge
788 593 32 19 ett
835 591 73 27 stycke

80 620 105 20 nedanom
202 619 40 21 den
257 619 162 27 ifrägavarande
435 618 90 28 platsen,
542 622 50 18 utan
612 622 32 18 att
660 620 68 26 nägon
745 620 116 26 vexelplats
877 619 32 21 för

80 648 139 21 lokomotivet
234 647 40 21 fins
289 648 6 20 i
310 648 135 26 granskapet.
477 648 39 21 Ett
530 648 118 21 lokomotiv
663 654 44 15 som
724 650 35 19 rör
775 648 31 27 sig
821 648 27 26 pä
861 648 48 21 ber-

80 679 35 24 get
130 676 106 21 nedanom
252 676 161 25 Ständerhuset,
429 678 36 19 vet
478 677 38 26 jag
531 677 47 21 icke
593 679 33 19 att
640 677 8 20 i
663 677 70 27 nägon
743 677 106 26 synnerlig
860 683 48 15 mon

81 705 67 21 skulle
171 706 59 20 störa
254 705 130 21 Ständernas
406 705 47 21 frid.
485 706 42 20 För
543 706 63 26 öfrigt
622 705 67 22 finnas
704 706 94 20 hvarken
814 705 95 27 packhus

80 734 53 21 eller
148 733 162 27 lastageplatser
325 734 28 26 pä
367 736 52 18 nära
435 734 80 26 nejder.

148 790 113 21 Professor
276 791 123 21 Donner:
429 791 44 21 Det
489 791 61 21 torde
566 791 72 21 kunna
653 797 61 16 anses
725 791 32 21 för
768 791 98 27 afgjordt,
876 793 33 19 att

80 825 34 15 om
130 819 55 20 huru
200 819 77 26 många
293 819 148 22 betänkanden
457 826 47 15 som
520 819 55 22 helst
594 820 7 20 i
618 820 68 21 denna
701 819 61 26 fråga
777 820 84 21 komme
877 822 32 19 att

81 847 96 27 afgifvas,
200 848 69 21 skulle
292 848 54 21 dock
361 848 46 21 icke
424 848 26 21 de
466 848 108 22 särskilda
588 848 94 21 Ständen
699 849 38 20 och
754 850 56 19 ännu
827 849 82 20 mindre

80 877 26 20 de
122 875 104 22 särskilda
242 876 95 21 talarene
347 876 58 21 finna
416 877 32 27 sig
458 877 50 21 fullt
520 877 177 21 tillfredsställda.
728 877 31 20 På
769 877 68 26 grund
848 877 62 21 häraf

79 910 62 22 synes
157 905 36 20 det
209 905 43 26 mig
267 911 50 15 vara
333 905 54 26 bäst,
403 907 32 19 att
450 912 27 14 en
494 905 119 27 delegation
630 905 31 21 fär
676 906 7 20 i
699 906 96 26 uppdrag
810 907 32 19 att
853 906 56 26 välja

79 932 90 22 emellan
192 933 66 26 nägra
280 934 87 26 platser,
391 940 34 15 om
452 934 73 22 hvilka
548 934 119 21 Ständerna
688 934 72 20 kunna
783 934 73 21 förena
870 934 38 26 sig.

79 962 60 21 Dock
158 968 51 15 vore
225 962 36 21 det
275 962 90 22 alldeles
379 963 133 27 nödvändigt
528 965 32 19 att
575 963 69 21 uttala
660 962 35 22 det
709 964 82 20 tomten
807 962 100 22 Servalen

80 990 47 22 icke
142 990 33 21 fär
191 990 66 27 väljas
281 991 95 26 emedan,
399 991 67 27 enligt
490 992 24 20 sä
529 991 88 26 mängas
632 991 148 28 öfvertygelse,
796 992 6 20 i
818 993 90 19 motsatt

78 1019 38 21 fall
133 1018 68 22 skulle
217 1019 155 22 Ständerhuset
387 1020 87 21 komma
490 1023 32 18 att
538 1020 79 26 byggas
632 1021 28 25 pä
675 1022 107 24 gvarteret
798 1019 109 27 Servalen,

79 1047 67 22 ehuru
159 1048 46 26 just
220 1048 69 21 denna
303 1048 120 22 allraminst
438 1048 41 21 har
494 1048 69 22 blifvit
578 1048 98 27 godkänd
692 1048 21 22 af
727 1048 101 22 Ständen.

147 1104 111 22 Professor
280 1105 166 27 Runeberg:
480 1106 36 21 Uti
540 1106 145 21 hufvudsaken
708 1106 39 21 har
766 1106 37 27 jag
819 1105 89 22 kommit

79 1133 33 21 till
135 1139 81 16 samma
240 1134 55 27 äsigt
317 1140 45 15 som
378 1134 110 26 professor
504 1134 68 22 Cleve.
604 1135 42 21 Det
660 1134 106 22 förefaller
782 1134 60 21 äfven
858 1134 48 27 mig,

79 1168 49 20 som,
140 1168 35 15 om
191 1162 83 27 platsen
289 1162 28 27 pä
333 1162 124 22 Skatudden
479 1170 51 14 vore
546 1163 92 27 omöjlig.
669 1163 46 21 Den
738 1165 24 19 är
783 1162 123 28 visserligen

78 1190 88 21 vackert
182 1190 96 27 belägen,
294 1198 48 14 men
359 1192 70 21 säsom
444 1195 139 18 reservanten
599 1194 68 25 säger,
683 1192 85 21 komme
778 1192 130 21 Ständerhu-

78 1221 33 19 set
126 1219 27 26 pä
176 1219 69 22 denna
267 1219 56 27 plats
347 1222 32 19 att
401 1220 33 21 stä
455 1220 105 21 isoleradt
582 1220 45 21 frän
646 1220 42 21 alla
703 1220 67 21 andra
786 1219 122 28 byggnader

78 1247 48 22 med
141 1247 105 22 likartadt
268 1249 99 20 ändamål
390 1249 39 21 och
444 1249 106 27 omgifvas
565 1249 28 26 pä
608 1255 25 15 en
649 1249 46 21 sida
711 1249 23 21 af
747 1249 63 26 ryska
825 1249 81 26 kyrkan

79 1276 39 21 och
134 1277 27 26 pä
177 1277 26 20 de
219 1277 66 26 öfriga
301 1277 22 21 af
335 1277 159 27 jernvägsspär,
512 1277 125 27 lyftkranar,
653 1277 120 27 magasiner
789 1277 39 21 och
843 1277 64 26 pack-

78 1305 45 21 hus.
154 1305 156 27 Kyrkoherden
331 1306 56 27 Lyra
410 1306 123 21 förklarade
549 1307 122 26 visserligen
686 1308 32 19 att
734 1307 59 20 detta
808 1305 99 27 yttrande

77 1335 24 20 är
124 1333 143 22 vilseledande
290 1334 40 21 och
353 1335 51 20 sade
427 1337 33 19 att
484 1341 55 18 man,
561 1341 34 15 om
614 1341 48 15 man
677 1335 73 21 kastar
767 1341 25 14 en
808 1334 56 21 blick
880 1335 27 26 pä

77 1362 83 26 kartan,
176 1369 35 15 ser
227 1365 32 19 att
272 1363 208 27 jernvägsskenorna
496 1364 86 21 komma
597 1366 33 19 att
639 1363 27 27 gä
677 1365 31 20 ett
718 1363 73 28 stycke
801 1363 105 21 nedanom

78 1391 216 27 Ständerhusplatsen
311 1392 39 21 och
366 1395 32 18 att
413 1391 97 28 packhus
527 1392 46 21 icke
589 1392 67 22 finnas
666 1392 28 27 pä
704 1394 52 19 nära
766 1391 80 28 nejder,
859 1397 47 16 men

78 1419 25 22 de
125 1419 86 22 komma
231 1422 34 19 att
279 1420 68 21 finnas
364 1421 37 21 der
416 1421 7 20 i
438 1427 27 15 en
482 1421 92 21 framtid.
605 1421 42 21 Det
661 1423 24 19 är
699 1421 47 21 icke
762 1421 36 21 det
814 1421 92 26 ringaste

77 1448 47 21 skäl
139 1450 32 19 att
186 1448 103 26 förmoda,
306 1449 36 21 det
357 1449 136 27 Helsingfors
508 1450 100 20 kommun
623 1449 69 21 skulle
703 1449 76 27 frängä
789 1450 37 20 sitt
836 1448 71 22 beslut

77 1478 32 20 att
124 1478 52 24 göra
191 1477 125 21 Skatudden
332 1477 33 22 till
381 1477 151 27 centralpunkt
548 1477 31 22 för
594 1478 99 26 handeln,
709 1478 27 21 dä
752 1478 59 21 detta
826 1478 81 25 närapä

76 1507 25 19 är
116 1505 40 21 den
173 1506 54 21 enda
243 1506 71 21 dertill
330 1506 101 27 lämpliga
445 1507 94 26 platsen,
556 1506 40 21 och
611 1506 84 21 hvilken
710 1506 89 27 aktning
814 1511 50 16 man
879 1508 27 19 än

77 1533 34 23 mä
133 1533 53 27 hysa
208 1533 34 22 för
264 1533 103 23 handelns
388 1535 112 26 intressen,
522 1537 24 19 är
565 1535 92 21 handeln
673 1535 54 22 dock
742 1541 26 15 en
785 1535 66 26 vigtig
867 1534 39 21 och
