1103 1811
316 135 163 18 Presteståndet
490 136 59 16 1882.
573 135 27 17 25
612 135 47 21 maj.
825 132 54 20 1545

75 205 76 21 hetens
166 205 91 21 intresse
274 204 69 22 skulle
357 204 37 28 jag
410 204 50 27 vilja
475 204 35 32 ha,
526 204 54 21 efter
595 204 68 21 första
678 210 63 15 mom.
759 204 6 20 i
776 204 10 27 $
800 206 20 24 9,
831 204 76 27 fogade

75 233 60 22 2:dra
159 234 39 21 och
221 233 54 27 3:dje
299 239 63 15 mom.
383 233 24 21 af
421 234 12 25 &
450 234 12 20 7
479 233 7 21 i
501 232 114 28 kejserliga
630 233 168 26 propositionen,
813 239 46 15 som
874 236 33 18 ut-

75 262 82 22 skottet
172 262 135 22 bortlemnat.

145 319 125 26 Vicepastor
293 319 82 20 Böök:
407 318 112 21 Utskottet
539 324 37 15 var
591 317 23 22 af
628 318 40 21 den
684 318 89 26 åsigten,
790 319 32 20 att
838 318 69 21 denna

75 348 103 26 paragraf
199 347 6 20 i
228 347 117 21 utskottets
368 347 136 21 betänkande
526 347 18 26 ej
567 346 69 21 skulle
652 347 72 20 kunna
738 347 28 26 på
782 347 64 25 något
862 349 45 19 sätt

76 376 132 21 missförstås
230 375 52 22 eller
304 376 48 21 leda
375 375 32 21 till
431 375 66 27 något
516 377 65 19 annat
596 375 91 21 resultat
702 377 28 18 än
746 375 42 26 det,
804 381 45 16 som
866 376 40 21 den

75 404 78 27 nådiga
176 404 159 27 propositionen
358 404 64 21 också
445 404 68 27 afsåg,
536 404 27 21 då
578 403 40 22 här
633 403 54 22 talas
703 409 34 15 om
753 406 33 19 att
801 405 106 20 rörelsens

76 433 139 22 bedrifvande
230 433 6 21 i
253 433 143 26 sedlighetens
412 433 90 21 intresse
518 432 54 21 skall
589 432 115 21 öfverlåtas
720 432 22 21 åt
753 432 69 27 bolag,
834 435 71 20 natur-

75 462 70 26 ligtvis
169 462 80 21 sådana
267 461 69 27 bolag,
352 467 45 16 som
414 461 116 26 ingalunda
546 461 133 26 organiseras
695 461 33 20 för
744 461 69 26 någon
829 461 76 26 påräk-

76 491 41 20 nad
133 491 61 20 vinst.
225 491 33 20 En
277 490 65 21 sådan
359 490 135 27 bestämning
509 489 67 22 finnes
593 489 17 27 ej
628 489 7 21 i
652 490 53 21 1873
723 489 34 22 års
772 489 134 28 författning,

75 519 40 21 och
137 519 54 21 dock
213 519 40 20 har
276 519 27 26 på
326 519 68 27 grund
417 519 22 21 af
459 519 70 21 denna
544 518 127 27 författning
686 518 221 27 utskänkningsbolag

75 548 98 26 uppstått
194 549 59 20 snart
276 548 62 26 sagdt
353 548 7 20 i
376 547 42 21 alla
439 547 104 22 Finlands
564 547 80 25 städer,
667 547 39 21 och
726 547 61 21 alltid
802 547 28 21 ha
846 547 60 22 kom-

76 583 104 14 munerna
203 576 40 21 fått
266 576 29 21 all
317 576 185 27 nettobehällning
525 576 22 21 af
566 575 258 27 utskänkningsrörelsen.
856 576 49 22 Man

76 604 59 28 afsåg
157 604 82 24 endast,
263 607 32 18 att
315 605 18 27 ej
350 605 155 21 kommunerna
520 604 69 21 skulle
604 604 67 21 blifva
687 604 73 21 alltför
775 604 84 27 mycket
875 604 31 21 in-

77 634 120 21 tresserade
219 633 22 21 af
255 634 88 20 vinsten.
374 634 32 20 En
423 634 34 20 del
474 634 126 20 kommuner
615 633 28 21 ha
660 632 41 22 fått
717 632 39 22 den
773 635 50 19 utan
840 633 66 27 några

77 662 22 21 af
120 662 253 27 utskänkningsbolagets
395 662 126 21 aktionärer
536 661 130 27 stipulerade
683 661 165 27 bestämningar,
866 662 39 21 och

77 690 62 22 hafva
162 692 44 20 satt
224 690 21 21 in
262 691 39 21 den
318 691 6 20 i
339 691 86 21 stadens
441 691 65 21 kassa
522 690 39 22 och
577 690 94 21 användt
687 690 122 21 densamma
825 690 34 21 för
874 693 33 19 att

77 719 70 21 lindra
163 719 86 21 stadens
266 719 156 27 oundgängliga
437 719 96 27 utgifter.
564 719 103 27 Vanligen
684 718 62 22 hafva
762 719 96 26 bolagets
874 720 32 20 in-

77 751 117 18 tressenter
209 748 74 26 själfva
299 748 99 26 bestämt,
415 748 73 21 hvilka
503 748 137 21 kommunala
653 747 65 21 behof
731 748 61 20 skola
807 747 23 21 af
844 748 62 21 dessa

77 776 127 21 vinstmedel
222 778 96 19 närmast
334 777 130 26 tillgodoses,
482 776 38 21 och
536 776 36 21 det
588 778 24 19 är
628 776 74 21 endast
718 776 69 21 denna
802 776 103 27 rättighet

77 811 49 15 man
149 805 131 21 fortfarande
300 805 36 21 vill
352 805 70 21 lemna
438 805 92 26 bolaget.
560 805 43 20 För
619 807 32 18 att
666 805 94 20 undvika
775 806 31 19 att
822 806 31 19 eit
870 805 35 20 bo-

78 833 41 27 lag,
141 833 81 21 hvilket
237 834 96 26 uppstått
350 834 33 20 för
398 835 38 25 att,
453 840 47 15 som
517 833 35 21 det
568 833 66 26 heter,
650 833 74 21 arbeta
740 833 6 20 i
762 833 143 26 sedlighetens

77 862 90 21 intresse
187 862 55 21 dock
257 863 69 20 skulle
341 863 44 20 afse
401 862 31 21 sin
449 869 55 20 egen
520 862 61 26 vinst,
597 862 39 21 har
652 868 47 15 man
716 862 92 21 bestämt
824 864 32 19 att
869 862 35 21 bo-

77 891 58 26 laget
158 890 54 21 först
230 891 53 20 skall
299 891 22 20 få
337 891 22 21 af
372 891 161 21 vederbörande
545 890 185 27 stadsmyndighet
745 890 103 26 tillstånd,
865 891 40 20 och

77 919 72 21 förrän
175 919 58 21 detta
255 919 73 26 gifves,
351 919 103 26 granskas
480 919 135 26 naturligtvis
641 919 96 27 bolagets
760 919 89 27 stadgar
865 919 39 21 och

78 947 174 27 myndigheterna
267 947 118 22 förbehålla
399 948 32 26 sig
447 948 29 21 all
492 948 73 26 möjlig
580 948 91 26 garanti,
687 948 24 20 så
722 950 31 18 att
764 948 36 20 det
812 948 34 20 väl
857 947 47 21 icke

77 978 25 18 är
117 976 102 21 tänkbart
234 979 33 18 att
283 978 30 20 ett
329 977 62 26 bolag
407 977 41 20 kan
465 976 84 28 uppstå,
566 982 44 16 som
626 976 67 21 skulle
709 982 51 15 vara
776 976 127 21 kommunen

77 1006 66 20 annat
157 1006 27 20 än
200 1005 31 21 till
248 1007 66 25 nytta.

144 1062 89 21 Prosten
258 1062 81 27 Hjelt:
369 1063 41 21 Det
433 1062 38 22 der
493 1062 55 21 låter
569 1062 39 21 allt
626 1062 38 20 bra
680 1062 6 20 i
703 1062 38 20 ord
757 1068 48 15 men
820 1062 7 21 i
844 1062 61 21 verk-

76 1090 95 27 ligheten
187 1090 41 21 kan
250 1090 143 22 förhållandet
409 1091 65 21 blifva
490 1091 45 21 helt
550 1093 71 19 annat.
653 1090 77 21 Derför
744 1097 63 15 anser
820 1091 37 26 jag
868 1092 37 20 det

76 1125 51 15 vara
151 1120 74 26 nödigt
248 1122 32 18 att
302 1120 7 20 i
332 1120 153 26 författningen
501 1119 60 27 ingår
577 1126 25 14 en
619 1120 65 20 sådan
701 1119 140 27 bestämning,
858 1125 45 16 som

75 1147 68 21 finnes
166 1148 5 20 i
193 1148 114 27 kejserliga
326 1149 167 26 propositionen.
525 1148 41 21 Det
584 1148 42 21 kan
646 1148 86 21 inträffa
752 1148 130 22 åtminstone
898 1148 6 21 i

75 1176 66 26 några
161 1177 72 21 städer
255 1180 32 18 att
309 1180 31 18 ett
362 1177 92 27 mäktigt
470 1177 57 27 parti
542 1176 43 22 slår
600 1177 68 21 under
683 1177 32 26 sig
731 1176 48 22 hela
794 1176 110 22 bränvins-

75 1204 91 21 handeln
183 1205 39 21 och
239 1206 38 20 bar
292 1206 65 26 derpå
373 1206 82 26 oskälig
472 1207 62 20 vinst.

145 1262 154 27 Kyrkoherden
322 1263 154 20 Hirvinen
500 1262 101 21 förenade
624 1263 32 26 sig
672 1263 47 20 med
735 1264 87 25 prosten
839 1262 65 27 Hjelt.

145 1319 209 27 Kontrahtiprovasti
377 1320 155 21 Stenbäck
555 1320 93 26 puolusti
671 1319 153 22 ehdottomasti
840 1319 63 21 valio-

74 1348 85 21 kunnan
176 1348 117 26 mietintöä,
309 1349 68 20 koska
397 1348 80 27 puhuja
494 1348 70 21 katsoi
580 1348 217 21 anniskelulaitoksen
813 1349 91 20 suuresti

75 1377 109 20 edistävän
206 1377 159 27 siveellisyyttä,
387 1377 79 21 vaikka
485 1377 67 21 kohta
570 1377 139 21 muutamissa
724 1377 180 27 yksityistapauk-

75 1405 53 21 sissa
143 1405 64 21 onkin
224 1405 53 22 ollut
293 1405 80 22 itsekäs
388 1406 73 21 voiton
478 1407 80 26 pyyntö
574 1405 74 22 asialle
663 1405 97 22 haitaksi.

143 1461 112 22 Professor
278 1463 135 21 Donner:
444 1463 35 21 Då
503 1463 39 21 här
558 1462 70 22 blifvit
644 1463 110 21 förordadt
770 1463 40 20 den
826 1462 80 26 nådiga

74 1490 171 26 propositionens
261 1491 124 26 stadgande,
395 1490 37 22 ber
438 1491 38 27 jag
488 1493 32 19 att
528 1491 21 20 få
557 1492 83 26 påpeka
649 1497 25 15 en
683 1491 165 26 omständighet,
859 1496 45 15 som

74 1518 143 22 förekommer
232 1519 7 20 i
255 1519 66 22 andra
338 1525 63 15 mom.
417 1519 22 22 af
454 1521 12 19 7
484 1520 34 25 S:n
534 1520 6 20 i
557 1519 40 22 den
613 1519 113 27 kejserliga
737 1519 166 27 propositionen.
