1103 1811
329 153 163 17 Presteständet
505 154 57 16 1882.
588 154 25 16 23
627 154 46 20 maj.
834 149 54 20 1477

89 222 55 25 dom,
161 224 21 24 ty
199 221 40 21 den
252 221 227 27 personalkännedom,
494 228 46 14 som
556 222 132 20 direktionen
705 222 101 20 behöfver
817 222 100 20 förskaffa

89 250 37 27 sig,
149 251 24 19 är
195 250 75 20 endast
293 250 119 20 kännedom
437 256 32 14 om
487 250 26 21 de
529 256 105 21 personer,
650 257 45 14 som
712 250 6 20 i
735 250 182 21 hufvudkontoret

89 280 94 25 uppgöra
199 278 79 21 affärer.
308 278 42 27 Jag
365 279 38 20 har
418 278 68 27 aldrig
502 281 51 24 sagt,
569 281 29 19 att
614 279 69 21 denna
695 278 221 27 personalkännedom

89 307 41 20 kan
154 307 75 20 vinnas
252 313 76 20 genom
353 307 113 20 teoretiska
489 307 86 26 studier,
599 310 49 17 utan
664 307 35 27 jag
715 307 37 20 har
768 309 46 24 sagt
829 309 30 18 att
876 307 39 21 den

89 335 40 21 kan
154 335 75 20 vinnas
251 335 21 20 af
295 341 26 15 en
345 335 91 21 medlem
452 335 21 21 af
488 335 133 21 direktionen
637 336 26 27 pä
678 342 80 14 samma
780 337 40 19 sätt
836 336 39 20 och
891 335 26 28 pä

89 371 81 14 samma
194 365 45 25 väg,
254 370 45 14 som
316 363 21 21 af
352 370 26 14 en
394 363 118 22 affärsman.
542 364 154 21 Erfarenheten
713 364 55 21 visar
783 364 22 27 ju
822 366 30 18 att
868 371 48 14 man

88 393 42 20 kan
156 392 94 21 undvika
273 392 99 21 förluster
395 393 37 20 och
454 393 61 20 sköta
536 399 27 14 en
579 393 56 20 bank
652 393 41 25 väl,
708 395 50 18 utan
775 395 29 18 att
820 393 96 20 använda

89 421 36 20 det
140 421 68 20 medel
225 427 46 14 som
287 427 28 14 nu
331 421 40 20 äri
384 421 65 27 fråga.
475 421 35 21 Uti
526 421 201 27 Föreningsbanken
740 421 59 20 sitter
810 427 25 14 en
848 421 69 21 direk-

89 449 51 27 tion,
158 449 59 21 hvari
231 450 64 26 ingen
312 449 111 21 affärsman
446 450 66 26 ingär.
542 449 41 22 Det
600 450 81 21 bevisas
697 450 123 26 derigenom
836 449 80 28 ganska

89 478 162 27 ovedersägligt,
275 480 29 19 att
327 478 70 21 denna
421 478 104 27 behöfliga
543 478 219 27 personalkännedom
780 478 38 20 kan
836 479 81 24 vinnas,

89 509 52 18 utan
157 509 30 18 att
202 513 48 14 man
267 507 101 20 behöfver
383 513 49 14 vara
448 507 116 20 affärsman.
595 508 45 19 len
659 507 80 25 vinnes,
760 507 68 20 såsom
846 507 70 20 affärs-

89 541 94 15 mannen
208 535 75 21 vinner
303 535 48 23 den,
374 535 45 21 dels
437 542 77 20 genom
531 538 29 18 att
575 535 134 28 personligen
726 537 50 25 göra
792 536 32 26 sig
839 535 77 21 under-

89 564 68 21 rättad
173 570 76 21 genom
266 570 147 15 sammanvaro
429 564 48 21 med
494 564 110 21 affärsmän
622 565 38 20 och
673 571 76 20 genom
761 566 30 18 att
805 564 7 20 i
828 564 88 21 allmän-

89 593 36 20 het
140 593 63 20 hafva
219 594 48 25 ögat
283 594 62 25 öppet
360 593 32 19 för
407 593 41 19 alla
464 593 190 24 affärsföreteelser,
669 599 46 14 som
726 593 136 20 förekomma.
884 593 31 20 En

89 620 66 21 sädan
179 621 64 27 insigt
266 621 29 21 uti
319 620 155 22 affärsrörelsen
497 621 101 21 behöfver
620 621 131 21 direktionen
769 621 18 27 ej
809 621 52 20 blott
882 621 33 20 vid

89 649 176 27 diskonteringar,
281 653 50 17 utan
347 650 63 20 äfven
427 650 33 20 vid
478 650 39 20 län.
549 650 39 20 Om
605 650 126 20 länsökaren
746 650 38 20 har
794 649 72 21 silfver
878 650 38 20 och

89 678 58 27 guld,
171 684 44 14 som
239 678 40 20 han
303 680 64 19 sätter
382 678 6 20 i
404 680 55 25 pant,
483 678 52 21 eller
557 685 33 14 om
613 679 41 19 han
675 678 38 21 har
731 680 130 25 statspapper
877 678 39 20 och

89 706 146 27 obligationer,
259 706 26 21 dä
307 708 23 19 är
350 706 34 21 det
403 707 133 27 naturligtvis
552 707 38 21 lätt
605 709 29 19 att
650 707 71 27 afgöra
737 707 52 20 hans
805 706 110 22 anhållan:

89 741 48 15 men
155 741 34 14 om
206 735 47 27 han,
269 735 68 21 säsom
355 736 42 20 ofta
413 737 22 19 är
450 735 66 27 fallet,
532 736 99 26 erbjuder
646 736 67 20 aktier
726 736 3 19 i
741 735 108 21 inhemska
862 735 54 21 före-

89 767 41 23 tag,
146 763 23 21 sä
184 764 82 20 fordras
281 766 30 18 att
327 764 196 23 bankdirektionen,
539 770 33 14 om
588 764 41 20 den
646 764 51 20 skall
713 764 89 27 fungera
814 764 38 25 väl,
862 764 53 20 skall

89 792 63 20 hafva
168 792 120 21 kännedom
311 799 34 14 om
371 792 25 21 de
420 792 56 21 olika
498 792 249 21 affärsverksamheterna
764 793 57 19 inom
838 792 77 25 landet,

89 821 39 20 och
152 827 26 14 en
202 821 64 20 sädan
291 821 118 20 kännedom
434 821 39 20 kan
498 821 131 20 direktionen
653 821 104 20 förvärfva
778 821 31 26 sig
825 821 42 20 lika
882 820 33 21 väl

89 855 46 14 som
151 849 70 20 denna
237 852 80 24 expert,
333 856 45 14 som
395 850 40 19 kan
451 850 63 20 hafva
530 849 119 21 erfarenhet
664 849 6 20 i
686 855 26 15 en
730 849 94 26 bransch,
836 855 48 14 men
896 849 18 27 ej

89 878 6 20 i
112 877 25 21 de
153 877 68 27 öfriga
236 878 38 20 och
291 877 82 22 säledes
389 878 65 21 mäste
471 878 51 21 söka
538 878 104 21 förvärfva
658 878 32 27 sig
705 878 123 20 densamma
843 877 26 27 pä
881 877 35 21 det

89 907 41 20 sätt
154 906 40 20 den
220 906 39 20 kan
281 906 106 21 inhemtas
410 906 21 20 af
453 907 61 20 hvem
539 913 44 14 som
604 906 59 21 helst.
682 917 21 4 —
722 906 193 27 Bankfullmäktige

90 934 62 21 hafva
176 934 35 21 det
234 935 120 26 äliggandet
369 937 30 19 att
420 935 50 27 följa
494 935 144 21 direktionens
660 935 137 26 verksamhet,
813 934 38 21 och
868 934 47 21 med

89 963 58 21 detta
167 963 111 27 äliggande
301 966 23 18 är
339 964 6 20 i
361 964 39 20 och
424 964 48 20 med
493 964 116 20 detsamma
625 963 87 21 förenad
728 963 40 21 den
786 962 84 28 pligten,
887 965 29 18 att

89 998 34 14 om
140 991 190 28 bankfullmäktige
346 992 83 26 engäng
444 993 36 19 äro
496 992 143 27 öfvertygade,
650 994 30 18 att
690 998 26 14 en
729 991 67 21 kredit
807 992 109 26 begynner

89 1020 118 20 utsträckas
229 1020 33 20 för
285 1020 65 27 långt,
373 1020 22 21 sä
419 1021 72 20 kunna
507 1021 25 20 de
548 1020 131 21 omedelbart
694 1020 60 21 ställa
770 1020 35 20 sitt
821 1022 47 18 veto
884 1020 32 20 för

91 1048 70 21 vidare
185 1049 146 27 utsträckning
347 1049 20 21 af
383 1049 129 21 densamma.
542 1049 49 21 Icke
614 1052 87 23 antager
725 1048 94 21 krediten
842 1051 74 24 genast

88 1077 61 21 dessa
172 1079 56 19 stora
250 1077 148 23 dimensioner,
421 1080 49 18 utan
494 1078 41 20 den
554 1080 80 24 stegras
652 1077 139 27 smäningom,
814 1077 39 21 och
873 1078 43 26 just

89 1105 68 21 under
178 1106 70 20 denna
271 1107 93 26 stegring
387 1108 36 18 äro
446 1106 191 27 bankfullmäktige
653 1106 6 20 i
675 1106 81 20 tillfälle
780 1108 35 23 att,
839 1112 34 14 om
889 1106 26 20 de

88 1134 63 20 hafva
167 1140 26 14 en
210 1141 69 14 annan
295 1134 53 27 äsigt
363 1136 26 19 än
406 1134 138 27 direktionen,
560 1137 50 24 göra
626 1134 69 21 denna
712 1134 53 27 äsigt
780 1134 103 27 gällande.

157 1162 42 21 Det
215 1164 22 19 är
253 1170 28 13 nu
297 1163 29 25 sä,
342 1166 29 18 att
387 1163 103 21 särskilda
506 1164 118 26 riktningar
636 1165 50 25 göra
697 1163 31 27 sig
740 1163 96 27 gällande
848 1162 68 21 under

88 1191 57 20 olika
161 1191 56 21 tider
231 1191 32 21 till
279 1192 51 26 följd
347 1192 21 20 af
383 1192 26 20 de
426 1192 102 20 särskilda
545 1192 69 25 kasus,
630 1198 44 14 som
688 1192 92 20 inträffa:
794 1198 49 13 man
854 1191 61 20 söker

88 1219 49 21 bota
160 1219 70 28 nägot,
253 1220 73 20 hvaraf
347 1227 49 13 man
412 1220 38 20 har
465 1220 118 27 olägenhet,
599 1226 49 14 man
665 1219 59 21 botar
739 1220 35 20 det
789 1219 26 28 pä
831 1222 29 18 ett
876 1221 40 19 sätt

88 1248 39 20 och
143 1248 158 21 ästadkommer
316 1249 80 26 ganska
411 1249 43 20 ofta
470 1255 26 14 en
513 1255 69 14 annan
599 1249 118 26 olägenhet,
732 1255 46 14 som
794 1255 48 13 man
859 1247 26 21 dä
895 1249 19 26 ej

88 1276 64 21 fäster
167 1276 24 21 sä
207 1277 84 26 mycket
313 1277 99 20 afseende
429 1277 40 25 vid,
486 1283 47 14 men
550 1284 45 14 som
612 1277 119 20 sedermera
747 1277 55 20 visar
817 1277 32 26 sig
864 1283 51 20 gan-

88 1305 37 20 ska
141 1307 49 18 stor.
220 1305 41 27 Jag
277 1308 43 18 tror
335 1308 30 18 att
380 1305 45 21 ifall
440 1305 58 22 detta
514 1306 78 27 förslag
603 1312 33 14 om
649 1305 128 21 tillsättande
790 1305 20 20 af
821 1305 94 20 diskont-

88 1333 139 21 komitterade
243 1333 38 28 gär
295 1334 91 27 igenom,
397 1334 96 21 kommer
504 1334 139 21 bankvinsten
656 1334 64 20 redan
733 1334 33 20 vid
779 1335 58 19 nästa
847 1333 68 21 landt-

88 1362 41 27 dag
145 1364 30 19 att
191 1363 43 20 visa
251 1363 32 26 sig
299 1369 49 14 vara
365 1363 48 20 vida
429 1363 83 20 mindre
528 1365 26 18 än
570 1363 62 25 förut,
648 1363 6 20 i
670 1363 51 26 följd
742 1362 59 21 deraf
816 1364 30 19 att
862 1362 53 20 kun-

88 1391 65 20 derna
169 1390 85 21 komma
270 1391 66 21 hellre
352 1393 29 19 att
397 1391 67 21 vända
481 1391 32 28 sig
528 1391 32 21 till
575 1391 80 28 privata
671 1391 86 26 banker,
774 1391 37 20 där
826 1390 26 21 de
865 1393 49 18 utan

88 1419 117 27 omgängar
220 1419 72 21 kunna
309 1419 20 21 fä
345 1420 46 20 sina
406 1420 90 21 ärender
511 1420 61 21 snabt
588 1419 146 28 expedierade.
764 1419 41 21 Det
820 1421 23 18 är
858 1419 57 20 detta

87 1453 46 15 som
149 1447 156 21 affärsmannen
322 1448 73 27 lägger
411 1449 43 26 vigt
470 1449 32 26 pä.

157 1503 82 21 Doktor
253 1504 160 21 Lindelöf:
443 1504 204 28 Hufvudsakligaste
663 1504 72 27 skälet,
751 1504 78 27 hvarpä
845 1504 70 21 rektor

88 1531 101 21 Kihlman
213 1532 94 27 grundar
329 1533 32 20 sin
383 1533 142 27 anmärkning
548 1536 44 18 mot
610 1533 68 21 denna
694 1533 97 27 paragraf
806 1534 23 19 är
844 1532 34 21 det
894 1532 21 21 af
