1103 1811
223 129 55 21 1744
436 134 162 18 Presteståndet
610 135 55 17 1882.
690 135 13 17 2
714 134 52 22 juni.

262 203 40 21 Till
325 203 88 22 Ståndet
434 203 53 22 hade
503 203 113 22 inkommit
632 204 39 20 och
687 203 113 22 bordlades
816 205 30 20 att
861 204 7 20 i
883 204 34 21 sin
933 203 90 28 ordning

194 232 32 21 till
242 232 132 28 behandling
388 232 142 21 förekomma:

264 289 170 21 bankutskottets
449 289 79 27 förslag
543 289 32 21 till
590 289 209 27 sammanjemkning
814 289 22 21 af
851 290 26 20 de
888 290 67 21 delvis
965 288 59 28 skilj-

193 317 73 28 aktiga
288 317 77 26 beslut,
387 317 59 22 hvari
470 317 94 22 Stånden
580 319 85 19 stannat
681 317 35 21 vid
733 317 159 28 behandlingen
907 318 22 21 af
943 317 81 22 utskot-

194 348 40 19 tets
259 346 133 21 betänkande
415 346 39 21 N:o
475 347 13 20 4
504 346 110 27 angående
630 345 79 28 förslag
724 346 32 21 till
772 346 149 28 förändringar
936 347 6 20 i
958 346 65 22 bank-

195 375 140 26 reglementet
350 375 39 21 och
405 375 32 20 till
453 381 27 22 ny
496 375 127 21 instruktion
639 375 32 20 för
687 374 197 28 bankfullmäktige.

267 518 43 21 Vid
333 518 51 21 derå
405 518 65 21 skedd
486 518 152 28 föredragning
652 518 125 27 godkändes
792 520 52 19 utan
860 518 121 21 diskussion
997 519 26 26 på

194 547 157 27 framställning
374 547 21 20 af
416 547 48 21 herr
485 547 185 21 Talmannen
697 547 167 21 statsutskottets
888 547 79 27 förslag
991 547 32 20 till

194 575 209 27 sammanjemkning
425 576 21 20 af
466 576 25 21 de
512 575 122 28 skiljaktiga
657 575 75 26 beslut,
754 575 60 21 hvari
830 575 93 22 Ständen
939 577 84 20 stannat

194 603 91 21 rörande
307 604 165 21 statsutskottets
492 604 133 21 betänkande
647 603 40 21 N:o
711 604 27 20 10
760 604 8 20 i
789 603 116 28 anledning
927 604 21 20 af
963 603 60 21 Hans

194 632 119 28 Kejserliga
334 632 108 28 Majestäts
457 632 76 28 nädiga
549 632 129 28 proposition
695 632 111 27 angäende
823 632 74 28 anslag
912 632 20 21 af
948 632 75 22 bevill-

195 660 134 28 ningsmedel
351 661 32 21 för
406 661 198 21 folkskollärarenas
626 661 8 20 i
654 660 72 22 landet
742 660 113 22 underhäll
870 663 55 19 samt
939 661 84 27 pensio-

195 690 76 27 nering
286 690 21 20 af
323 689 41 21 den
380 689 35 21 vid
431 690 60 21 dessa
507 690 71 20 skolor
593 689 96 21 anstälda
704 689 202 28 lärarepersonalen.

264 832 118 28 Föredrogs
398 833 164 21 statsutskottets
580 832 79 27 förslag
674 831 32 22 till
722 831 106 22 definitivt
843 831 144 22 fastställande
1003 832 20 20 af

194 861 96 28 anslaget
313 861 32 21 till
362 861 133 21 bestridande
511 861 21 21 af
548 861 142 21 kostnaderna
705 860 34 21 för
754 859 68 22 finska
838 861 115 25 militären;
970 860 52 21 hvil-

195 889 36 22 ket
247 889 133 22 betänkande
397 890 21 20 af
433 889 87 21 Ständet
537 891 49 19 utan
603 889 121 21 diskussion
740 889 130 27 godkändes.

264 1033 39 21 Till
326 1033 129 27 behandling
479 1035 90 26 upptogs
592 1033 107 21 allmänna
721 1032 200 22 besvärsutskottets
944 1032 78 28 förslag

194 1062 32 21 till
249 1062 208 27 sammanjemkning
476 1062 21 20 af
512 1062 26 20 de
554 1062 120 27 skiljaktiga
689 1062 77 24 beslut,
782 1061 60 21 hvari
858 1060 93 22 Ständen
966 1063 56 19 stan-

194 1092 37 20 nat
255 1090 35 21 vid
313 1090 157 28 behandlingen
492 1090 20 21 af
528 1090 49 22 dess
592 1090 135 22 betänkande
742 1090 41 22 N:o
800 1090 28 20 14
843 1089 48 22 med
907 1089 116 28 anledning

194 1119 21 21 af
230 1119 103 21 särskilda
356 1119 178 27 petitionsförslagx
556 1126 35 14 om
612 1119 119 21 inrättande
747 1119 22 21 af
783 1118 69 21 finska
868 1118 155 21 fruntimmers-

194 1148 72 20 skolor
281 1148 40 20 och
336 1148 83 26 yttrade
435 1148 32 27 sig
482 1148 48 21 med
546 1147 117 28 anledning
678 1148 71 20 häraf:

263 1205 111 20 Professor
416 1205 150 26 Runeberg:
598 1204 108 22 Utskottet
721 1206 39 20 har
774 1204 48 21 icke
836 1204 93 27 inbjudit
940 1203 83 21 Preste-

193 1233 86 21 ståndet
301 1235 30 19 att
353 1233 74 27 frångå
447 1233 63 28 något
530 1233 22 20 af
567 1233 48 21 dess
630 1233 7 20 i
653 1233 70 21 denna
738 1233 60 28 fråga
814 1232 79 21 fattade
910 1232 74 26 beslut,
1000 1232 23 21 så

193 1263 31 20 att
247 1261 70 28 någon
340 1261 73 28 åtgärd
435 1261 55 22 ifrån
514 1261 56 22 detta
594 1261 77 22 Stånds
693 1262 46 21 sida
761 1262 48 21 icke
825 1261 96 21 kommer
936 1261 7 20 i
959 1260 64 27 fråga.

193 1290 42 27 Jag
250 1291 49 20 ville
315 1290 76 21 endast
406 1291 100 20 anmärka
522 1292 30 19 att
568 1290 66 27 enligt
650 1291 43 20 min
709 1290 61 28 åsigt,
784 1290 103 21 utskottet
897 1289 46 21 icke
955 1289 68 21 öfver-

193 1318 38 21 allt
253 1319 48 27 följt
315 1319 76 26 riktiga
413 1319 106 27 principer
540 1319 34 20 vid
597 1319 139 21 utarbetande
762 1319 22 21 af
807 1319 37 20 sitt
859 1317 164 28 sammanjemk-

194 1343 149 36 ningsförslag.
414 1347 60 21 sidan
490 1348 12 20 2
519 1348 39 21 och
574 1348 12 20 3
602 1347 61 21 anför
678 1347 103 22 utskottet
796 1347 26 21 de
840 1346 75 26 beslut,
930 1347 6 20 i
953 1346 70 21 hvilka

193 1375 96 22 Stånden
304 1378 84 19 stannat
403 1376 130 21 beträffande
548 1382 64 15 mom.
628 1377 25 26 a),
664 1376 21 21 af
697 1376 81 21 hvilket
792 1375 93 27 framgår
896 1377 30 18 att
936 1375 88 21 Ståndet

193 1404 85 21 förenat
299 1405 31 26 sig
346 1411 34 14 om
396 1407 31 18 att
441 1411 26 14 en
484 1404 114 28 sjuklassig
612 1404 56 21 finsk
683 1403 208 22 fruntimmersskola
907 1403 38 21 bör
960 1403 65 21 inrät-

193 1435 32 18 tas
246 1433 8 20 i
275 1433 90 27 Kuopio.
395 1433 134 22 Beträffande
553 1433 40 21 den
616 1433 105 22 tilltänkta
744 1433 75 21 skolan
841 1433 7 20 i
864 1431 118 28 Jyväskylä
997 1432 27 20 ha

193 1461 84 21 Preste-
293 1462 39 20 och
350 1462 165 21 Bondestånden
531 1461 95 28 godkänt
641 1462 112 20 utskottets
769 1461 85 27 förslag,
870 1460 154 27 Ridderskapet

193 1490 39 20 har
254 1492 69 19 ansett
345 1490 74 21 skolan
436 1490 50 21 böra
498 1490 88 21 inrättas
602 1490 48 21 med
666 1490 76 21 endast
757 1490 48 27 fyra
820 1489 81 21 klasser
917 1489 38 21 och
971 1488 53 22 Bor-

193 1518 136 27 gareståndet
344 1519 39 20 har
398 1519 75 21 önskat
489 1518 86 21 skolans
590 1518 148 28 organisering
753 1518 50 21 med
819 1518 52 21 fem-
882 1517 53 22 eller
945 1517 79 28 sjuårig
