1103 1811
216 141 56 21 1564
454 145 162 18 Presteståndet
629 146 55 17 1882.
708 146 28 17 26
748 146 48 21 maj.

186 215 73 21 kunna
275 214 148 22 åstadkomma
438 220 24 16 en
480 214 47 22 med
543 214 99 27 billighet
657 214 39 22 och
707 215 91 21 rättvisa
809 215 132 27 någorlunda
953 214 66 22 öfver-

187 243 172 22 ensstämmande
375 249 81 20 cemsus,
472 243 40 21 och
528 244 60 20 detta
603 243 61 21 torde
680 243 47 21 icke
743 250 53 14 vara
811 244 23 21 så
850 244 87 21 alldeles
953 243 66 26 omöj-

186 272 47 26 ligt.
264 272 49 21 Men
329 271 55 22 ifrån
401 272 39 20 och
456 272 48 20 med
521 272 36 21 det
572 272 55 21 allra
642 272 67 21 första
724 272 108 21 skattöret
847 278 62 16 anser
917 273 37 26 jag
965 272 55 21 både

187 300 128 27 rättigheter
331 300 38 21 och
387 300 144 27 skyldigheter
546 300 54 21 böra
615 300 119 21 tillkomma
751 306 26 15 en
793 306 84 21 person.

257 357 84 21 Doktor
357 356 130 21 Geitlin:
518 357 111 21 Minunkin
646 357 119 21 mielestäni
782 363 26 15 on
824 357 114 27 professori
949 357 70 21 Rune-

188 386 53 25 berg
262 386 61 20 aivan
339 385 113 22 sattuvasti
469 385 122 27 nimittänyt
606 385 132 22 fiktiooniksi
754 391 37 16 sen
808 386 70 21 uuden
894 385 125 26 keksinnön,

188 414 51 21 ettei
255 414 152 21 ensimmäinen
423 414 96 26 veroäyri
536 413 84 22 velvota
635 414 124 21 mihinkään
775 421 65 14 veron
857 414 103 21 maksuun
972 414 47 21 eikä

188 443 117 26 myöskään
321 443 86 21 oikeuta
423 443 122 20 mihinkään
561 443 153 20 osallisuuteen
729 443 87 21 kunnan
833 443 94 21 asioiden
939 443 80 21 ratkai-

189 471 119 22 semisessa.
338 471 118 21 Professori
480 470 76 22 Cleven
580 471 19 21 ei
620 471 104 22 ainakaan
741 471 91 21 minulta
847 472 33 21 ole
896 471 124 22 onnistunut

188 500 67 21 saada
278 501 47 20 tätä
345 500 104 26 käsitystä
464 500 53 26 pois.
548 500 70 21 Mutta
634 499 88 22 samalla
738 500 43 21 kun
798 502 58 19 tämä
872 500 147 21 ensimmäisen

189 529 59 26 äyrin
265 530 217 19 verottamattomuus
494 534 26 15 on
537 528 87 27 tyhjänä
640 528 132 27 fiktioonina,
788 528 90 21 samalla
889 535 22 15 se
922 529 33 20 voi
967 528 52 21 tulla

188 557 184 21 vaaralliseksikin
396 557 135 21 fiktiooniksi.
562 557 134 22 Valiokunta
708 563 27 15 on
752 559 131 25 myöntänyt,
901 559 44 19 että
960 563 59 15 vero-

188 586 73 26 äyrien
286 585 88 21 korkein
398 587 73 19 määrä
494 592 36 14 saa
553 585 42 21 olla
612 586 40 20 500
666 586 110 20 markkaa.
808 585 53 22 Siitä
876 592 27 14 on
919 586 100 21 seurauk-

188 620 57 20 sena,
268 616 44 19 että
335 614 73 21 kaikki
431 620 26 14 ne
480 614 246 27 pikkukaupunkiemme
750 614 112 26 asukkaat,
877 614 70 26 joiden
965 614 55 21 tulot

190 642 57 22 eivät
263 648 65 16 nouse
343 644 86 25 täyteen
447 643 60 26 1,000
523 642 123 25 markkaan,
663 642 119 22 todellakin
793 643 71 21 voivat
873 642 64 27 jäädä
947 644 72 19 äänet-

189 671 88 21 tömiksi
291 671 95 21 kaikissa
401 671 85 21 kunnan
507 671 156 21 tärkeimmissä
678 671 167 27 kysymyksissä.
876 671 79 21 Tämän
973 672 47 20 sää-

189 700 86 20 dännön
290 700 76 21 kautta
381 700 58 21 tulisi
455 700 36 20 siis
509 699 117 21 todellakin
642 700 63 26 hyvin
722 700 58 20 suuri
796 706 37 15 osa
849 700 83 21 meidän
944 700 76 26 pikku-

189 728 179 27 kaupunkiemme
391 728 112 21 asukkaita
526 728 60 21 aivan
608 728 140 22 osattomaksi
765 728 86 21 kunnan
868 728 92 21 asioiden
977 732 42 17 rat-

189 757 155 21 kaisemisessa.
375 756 110 21 Tähänkin
509 756 88 22 katsoen
622 757 94 21 minusta
731 759 77 19 tuntuu
824 757 143 21 vaaralliselta
982 757 38 26 hy-

190 786 79 25 väksyä
294 785 141 21 valiokunnan
460 786 114 20 ehdotusta
596 786 23 26 ja
645 786 102 20 tahtoisin
774 786 36 20 siis
833 786 51 25 joko
907 786 112 20 kokonaan

189 814 74 27 hylätä
279 814 162 27 kysymyksessä
456 814 74 21 olevan
547 814 91 27 pykälän
655 814 28 21 tai
700 814 67 21 saada
783 820 36 15 sen
834 814 44 21 niin
889 814 130 21 muutetuksi

190 842 51 21 kuin
258 842 114 27 professori
387 843 114 26 Runcberg
516 848 26 15 on
559 842 134 21 ehdottanut.

261 899 153 27 Kyrkoherden
438 899 157 21 Hirvinen:
626 900 48 21 Man
699 899 39 21 har
762 899 39 21 här
816 899 84 27 mycket
916 899 53 21 talat
985 905 35 15 om

191 930 31 19 att
245 928 66 26 enligt
334 928 115 21 utskottets.
472 928 78 26 förslag
573 928 47 25 den,
642 934 45 15 som
713 928 70 21 blifvit
806 928 76 26 päförd
898 928 74 21 endast
988 929 31 19 ett

190 957 103 25 skattöre,
317 956 93 21 hvarken
433 957 68 20 skulle
525 956 63 22 hafva
611 956 69 28 någon
704 956 104 27 rättighet
825 956 51 21 eller
891 956 128 26 skyldighet.

190 986 41 26 Jag
248 986 49 20 ville
313 987 112 19 omnämna
441 987 31 19 att
488 985 30 21 uti
535 986 39 20 den
591 985 54 24 stad,
662 986 37 20 der
713 986 37 26 jag
766 985 65 21 ocksä
846 985 52 21 sutit
914 986 5 20 i
931 984 41 21 fem
984 984 36 21 ärs

191 1014 30 20 tid
245 1014 70 21 säsom
334 1014 180 26 stadsfullmäktig
531 1014 38 21 och
586 1014 61 20 äfven
663 1014 89 25 deltagit
769 1014 6 20 i
791 1014 178 25 rädhusstämma,
985 1014 35 20 vid

191 1042 72 21 hvilka
286 1043 137 20 kommunala
444 1042 34 21 val
500 1042 114 25 anstäldes,
630 1043 107 21 skattöret
754 1049 37 14 var
806 1042 109 22 faststäldt
931 1042 31 21 till
978 1042 42 20 200

191 1071 68 26 mark,
281 1071 39 21 och
343 1071 63 21 likväl
423 1071 36 26 säg
473 1071 36 27 jag
525 1071 68 26 aldrig
609 1071 76 27 nägon,
702 1077 46 15 som
765 1071 55 21 hade
837 1071 54 21 blott
907 1073 31 19 ett
953 1071 67 20 skatt-

191 1102 43 23 öre,
252 1100 85 26 deltaga
352 1100 6 20 i
374 1100 34 20 val
424 1100 38 20 och
479 1100 84 26 mycket
578 1100 68 20 sällan
663 1100 39 21 den
719 1106 47 14 som
785 1100 55 20 hade
852 1100 35 20 två
898 1100 121 22 skattören;

191 1128 38 21 och
255 1129 26 20 de
304 1128 97 26 utgjorde
425 1128 54 21 dock
498 1134 25 15 en
540 1132 44 17 stor
600 1129 34 20 del
650 1129 22 20 af
685 1129 89 20 stadens
789 1128 131 26 befolkning.
950 1128 71 26 Nägot

191 1157 69 21 oftare
283 1157 86 27 deltogo
393 1157 32 24 de,
448 1163 44 15 som
518 1156 55 22 hade
596 1159 32 19 tre
649 1157 112 21 skattören
782 1164 18 14 o.
817 1163 16 15 s.
850 1163 18 15 v.
884 1169 27 2 —
927 1156 28 22 Ju
969 1156 52 21 flera

191 1186 110 20 skattören
326 1192 25 14 en
373 1192 76 19 person
469 1185 61 25 hade,
546 1186 60 21 desto
622 1187 69 20 större
706 1192 39 14 var
761 1186 101 20 intresset
876 1185 33 21 för
924 1186 97 20 kommu-

191 1219 52 16 nens
267 1219 156 22 gemensamma
443 1213 185 28 angelägenheter,
644 1214 81 21 hvilket
741 1216 24 19 är
781 1214 45 21 helt
841 1213 109 27 naturligt.
980 1213 41 26 Jag

192 1249 63 14 anser
277 1242 90 26 således,
392 1245 31 18 att
444 1249 48 14 man
513 1249 28 14 nu
561 1245 39 24 gör
616 1245 30 18 ett
661 1243 89 26 onödigt
766 1242 69 21 buller
851 1243 23 20 af
888 1248 25 15 en
929 1241 91 22 smäsak.

192 1271 50 20 Man
259 1271 110 21 betraktar
385 1271 64 21 saken
468 1271 46 22 frän
531 1278 25 14 en
573 1271 118 21 idealistisk
707 1271 140 27 ständpunkt,
864 1277 45 15 som
925 1270 46 21 icke
982 1270 40 21 har

191 1299 87 22 fotfäste
301 1300 6 20 i
331 1300 151 26 verkligheten,
506 1300 39 21 och
570 1300 26 21 dä
612 1300 41 21 kan
669 1300 36 21 det
721 1306 63 21 synas
800 1299 64 22 härdt
880 1301 31 20 att
927 1299 32 26 de,
975 1305 46 14 som

192 1328 46 21 icke
261 1328 63 21 hafva
347 1335 45 14 mer
413 1330 26 19 än
455 1330 31 19 ett
501 1329 103 25 skattöre,
620 1329 69 20 skulle
705 1328 64 21 hafva
784 1328 95 21 hvarken
895 1327 127 27 rättigheter

192 1356 51 21 eller
267 1357 150 26 skyldigheter,
433 1363 46 15 men
495 1359 38 19 när
548 1363 49 15 man
614 1359 59 24 tager
689 1357 7 20 i
712 1357 144 21 betraktande
872 1359 31 18 att
919 1356 103 26 ifrägava-

192 1385 67 21 rande
275 1391 102 21 personer
392 1386 46 21 icke
454 1385 96 27 begagna
566 1386 61 21 dessa
642 1386 135 26 rättigheter,
793 1385 62 21 äfven
870 1385 43 21 fast
924 1385 25 21 de
961 1384 61 21 hafva

191 1414 89 24 sädana,
304 1414 23 21 sä
349 1415 102 25 gestaltar
467 1415 31 26 sig
514 1415 64 20 saken
595 1415 139 20 annorlunda.
765 1414 80 21 Vidare
860 1413 39 22 har
914 1419 49 16 man
980 1415 43 19 sett

191 1444 33 19 att
248 1445 38 18 när
309 1442 25 21 de
359 1442 70 22 betala
448 1443 46 21 sina
509 1443 137 21 kommunala
661 1443 118 26 utskylder,
795 1443 39 20 har
850 1443 36 20 det
901 1443 58 20 skett
973 1442 49 21 med

192 1470 53 22 knot
261 1470 40 22 och
316 1470 85 28 klagan.
431 1472 41 25 Jag
488 1471 35 21 vill
540 1471 38 21 allt
592 1471 131 21 fortfarande
740 1471 58 21 hälla
813 1471 51 25 före,
881 1472 32 20 att
929 1470 40 21 den
980 1470 42 21 lös-

192 1499 57 26 ning,
266 1506 45 14 som
327 1500 106 21 utskottet
448 1500 39 20 har
503 1500 70 21 funnit
588 1500 33 21 för
638 1500 68 21 denna
722 1500 66 25 fräga,
805 1501 24 19 är
845 1499 84 27 mycket
940 1498 83 27 lycklig.
