1103 1811
327 131 161 18 Presteståndet
501 132 56 16 1882.
582 132 9 16 1
603 132 51 20 juni.
823 126 55 22 1725

77 201 43 21 slås
135 200 115 26 9,373,890
265 200 61 22 mark
342 201 26 20 82
384 200 70 26 penni.
478 200 41 21 Vid
532 200 60 21 detta
602 199 132 22 förhållande
744 200 42 21 kan
797 206 49 14 man
857 200 49 22 med

78 230 141 21 öfverskottet
236 228 21 22 af
282 228 209 28 bevillningsmedlen
508 228 90 22 betäcka
614 228 47 22 icke
675 228 91 22 allenast
782 228 26 21 de
823 228 82 27 anslag,

78 264 46 16 som
147 257 100 22 behöfvas
270 258 31 20 till
323 257 145 21 folkskolorna
491 260 51 18 utan
564 257 62 21 äfven
648 257 258 26 landtdagskostnaderna

79 287 40 21 och
135 287 54 20 dock
212 286 92 21 återstär
319 286 7 20 i
342 285 203 26 bevillningsfonden
569 285 89 26 ungefär
683 286 90 24 112,000
796 285 61 21 mark
873 288 34 19 att

78 321 120 15 reserveras
217 314 31 21 till
265 315 61 20 nästa
348 314 109 27 landtdag.
487 314 167 21 Statsutskottet
674 313 54 22 hade
748 314 110 26 föreslagit
873 316 34 19 att

79 343 120 22 Ständerna
223 343 54 21 ifrån
303 343 139 20 bankvinsten
468 342 68 21 skulle
562 342 32 21 till
622 342 151 21 militiefonden
800 342 107 21 öfverföra

80 372 111 27 1,100,000
214 372 66 25 mark,
305 377 47 15 men
376 371 59 21 detta
456 371 148 22 öfverförande
620 371 102 21 behöfver
738 371 45 21 icke
799 371 85 21 komma
901 372 6 20 i

81 400 66 27 fräga.
177 400 86 22 Banken
280 400 32 21 fär
327 399 108 22 bibehälla
450 400 23 21 af
487 400 47 21 sina
550 399 153 28 odisponerade
720 399 67 22 medel
798 400 46 21 icke
855 400 52 21 alle-

79 432 48 18 nast
148 429 59 22 detta
230 429 82 26 belopp,
337 431 51 18 utan
409 428 62 21 äfven
488 429 25 21 de
528 429 93 25 250,000
636 428 67 27 mark,
720 434 45 15 som
781 428 54 21 varit
851 428 56 21 före-

80 458 74 26 slagna
177 460 32 19 att
232 457 22 21 af
275 457 140 22 bankvinsten
437 458 51 26 utgä
503 457 31 21 till
552 457 132 21 betäckande
695 456 24 22 af
732 457 177 26 landtdagskost-

81 487 100 20 naderna.
212 486 48 21 Men
283 486 55 21 hvad
359 486 161 21 statsutskottet
541 485 117 28 föreslagit,
673 488 32 19 att
722 485 68 22 skulle
804 485 32 22 för
852 486 55 21 mili-

81 517 47 19 tära
150 515 98 21 ändamäl
272 515 114 24 användas,
409 514 35 21 det
468 514 89 21 föreslär
580 514 159 22 statsutskottet
760 521 28 14 nu
804 516 32 19 att
852 514 55 22 skall

81 543 118 22 Ofverföras
214 543 32 21 till
261 543 279 22 kommunikationsfonden.

150 572 41 21 Vid
209 572 52 21 1882
273 572 34 21 ärs
317 571 81 28 utgäng
408 571 67 22 finnes
486 572 6 20 i
503 571 274 22 kommunikationsfonden
789 578 25 15 en
826 572 81 21 behäll-

82 601 50 26 ning
149 601 24 21 af
183 601 112 25 2,470,000
307 600 65 21 mark.
403 600 83 27 Lägges
502 600 70 21 dertill
588 601 26 20 de
629 601 115 25 4,000,000
759 600 60 21 mark
834 601 73 21 hvilka

83 631 36 19 äro
143 629 111 21 bestämda
276 631 32 19 att
330 628 55 22 ifrån
405 629 95 21 bankens
516 629 126 21 vinstmedel
658 628 117 22 öfverföras
791 628 31 22 till
838 629 69 21 denna

83 658 58 26 fond,
164 657 67 22 skulle
254 657 89 21 sälunda
362 658 68 21 under
444 658 74 26 loppet
533 657 23 21 af
572 658 140 21 1882—1883
729 657 66 21 finnas
810 657 34 21 för
859 657 50 21 full-

83 686 109 22 bordande
207 686 21 21 af
243 686 126 21 Vasabanan
391 686 113 25 6,470,000
520 686 60 22 mark
596 686 52 21 eller
663 686 75 21 endast
754 686 77 26 30,000
848 686 60 21 mark

83 716 82 20 mindre
188 716 27 20 än
239 715 34 21 det
296 715 83 27 belopp,
401 715 85 21 hvartill
505 721 49 15 man
570 717 71 19 ansett
656 715 27 21 de
698 714 134 22 äterstäende
849 715 60 21 kost-

83 744 95 21 naderna
200 743 32 21 för
254 743 126 22 Vasabanan
403 744 61 26 stiga.
495 744 10 20 I
528 743 36 21 fall
588 743 119 22 Ständerna
730 744 84 20 besluta
829 743 31 26 sig
876 744 32 20 för

84 772 142 21 fortsättande
242 772 21 21 af
278 778 40 21 nya
331 772 223 27 jernvägsbyggnader
574 772 67 21 finnes
656 772 35 21 vid
709 772 53 21 1883
778 772 35 21 års
828 772 81 27 utgång

83 801 7 21 i
106 800 271 22 kommunikationsfonden
398 800 32 21 för
450 801 60 20 detta
525 801 98 20 ändamål
640 801 47 20 hela
703 801 36 20 det
754 800 56 21 årets
826 800 84 21 inkom-

85 832 50 19 ster.
166 830 82 26 Lägger
263 836 48 14 man
328 829 71 21 dertill
415 829 26 21 de
458 829 113 26 1,300,000
586 829 67 26 mark,
668 835 45 16 som
730 835 28 15 nu
773 831 37 19 äro
826 829 6 20 i
849 829 62 26 fräga

85 860 32 19 att
132 857 31 22 till
179 857 274 22 kommunikationsfonden
470 857 124 26 öfverföras,
611 858 23 21 sä
648 858 39 21 har
697 864 47 15 man
756 864 26 15 en
794 857 116 27 tillräcklig

85 893 81 14 summa
181 887 34 20 för
229 886 166 27 päbegynnande
411 887 22 20 af
444 887 189 26 jernvägsarbeten
656 887 39 20 och
711 886 100 22 behöfver
826 886 83 21 säledes

85 915 46 21 icke
147 914 46 22 före
210 917 60 19 nästa
285 915 101 26 landtdag
402 917 94 25 upptaga
511 915 41 23 län,
568 921 35 15 om
619 921 37 15 ens
671 914 33 22 dä.
735 915 41 27 Jag
792 914 117 27 tillstyrker

85 946 32 19 att
133 944 160 21 Presteständet
309 943 104 22 vidhäller
428 944 38 20 sitt
481 944 58 20 förra
552 943 77 21 beslut.

155 1001 89 21 Prosten
281 1001 144 21 Johnsson:
456 1001 117 21 Professori
589 1001 108 21 Koskinen
714 1007 26 15 on
753 1001 23 27 jo
792 1003 119 23 osottanut,

86 1031 45 19 että
154 1030 61 21 uusia
237 1030 116 21 rautateitä
375 1032 73 19 varten
464 1030 58 21 tulisi
538 1029 96 22 olemaan
651 1029 260 22 kulkuneuvorahastossa

86 1059 83 26 enempi
192 1058 50 22 kuin
259 1060 11 20 6
287 1058 120 26 miljoonaa,
427 1058 36 21 siis
486 1058 116 22 vähintään
618 1058 12 22 3
648 1058 114 27 miljoonaa
784 1058 127 21 vuotuisesti

87 1086 151 28 käytettävinä.
270 1087 58 21 Minä
343 1087 119 27 puolestani
480 1094 25 14 en
516 1087 62 21 katso
589 1086 151 28 hyödylliseksi
751 1087 76 21 uhrata
838 1089 74 19 rauta-

87 1116 71 20 teiden
181 1116 159 21 rakennukseen
363 1116 127 21 vuotuisesti
513 1122 127 20 suurempaa
660 1122 94 15 summaa
771 1116 49 20 kuin
837 1116 13 20 3
867 1116 47 20 mil-

85 1144 84 26 joonaa,
186 1145 66 21 koska
268 1145 95 21 muutoin
379 1144 152 22 houkutellaan
547 1144 160 21 rautatietöihin
724 1144 48 21 liian
788 1144 57 27 paljo
863 1144 51 21 kan-

88 1179 43 18 saa,
153 1173 52 27 joka
226 1174 51 20 sitte
300 1176 99 18 muuttuu
422 1173 128 21 irtolaiseksi
564 1173 22 27 ja
603 1179 26 15 on
646 1173 148 21 maakunnalle
814 1172 100 22 suureksi

88 1202 144 21 rasitukseksi.
263 1201 33 22 On
318 1202 95 21 muutoin
437 1201 186 26 ajattelematonta
645 1202 125 20 raskauttaa
793 1204 70 18 maata
879 1207 33 15 ve-

88 1230 51 21 lalla
162 1231 42 20 kun
227 1232 58 25 työtä
309 1231 88 20 voidaan
419 1229 134 22 tavallisessa
571 1230 163 27 järjestyksessä
747 1230 75 27 jatkaa
838 1229 77 22 velkaa

89 1261 119 19 ottamatta.

159 1315 110 22 Professor
294 1316 134 21 Donner:
459 1316 138 21 Beträffande
622 1318 86 25 prosten
732 1316 120 22 Johnssons
874 1317 42 26 ytt-

90 1345 64 20 rande
171 1344 35 21 vill
219 1344 37 27 jag
271 1345 108 25 anmärka,
396 1346 32 20 att
443 1344 146 27 fördelningen
602 1345 22 20 af
638 1345 61 21 dessa
711 1346 12 19 6
735 1345 98 26 miljoner
849 1345 66 26 mark,

90 1379 45 15 som
152 1373 84 21 komma
252 1376 31 19 att
299 1373 67 21 finnas
383 1374 2 20 i
401 1373 281 25 kommunikationsfonden,
694 1373 47 22 icke
752 1373 164 27 nödvändigtvis

90 1401 39 22 bör
144 1401 37 22 ske
197 1402 27 26 pä
239 1403 77 20 tvänne
331 1403 30 24 är,
378 1405 28 24 ty,
423 1401 65 27 enligt
503 1402 38 21 allt
552 1402 55 21 hvad
619 1409 48 14 man
676 1402 86 25 känner,
775 1402 62 21 torde
849 1403 68 20 större

91 1430 60 21 delen
175 1430 20 22 at
218 1431 56 21 Vasa
293 1431 89 26 jernväg
405 1433 81 24 öppnas
502 1431 65 20 redan
582 1431 7 20 i
606 1431 48 21 höst
669 1431 39 21 och
725 1431 40 21 den
781 1430 136 22 äterstäende

91 1459 60 21 delen
175 1461 61 19 nästa
259 1459 24 21 är
303 1459 137 27 hvarigenom
460 1465 26 15 en
502 1462 45 18 stor
564 1459 32 21 del
612 1459 23 21 af
647 1459 200 27 jernvägsarbetens
864 1459 52 21 fort-

91 1488 94 26 sättning
209 1488 69 21 kunde
299 1488 96 26 vidtagas
416 1487 64 21 redan
504 1488 24 20 är
555 1488 59 21 1883.
647 1488 78 21 Dervid
748 1488 84 21 komme
852 1487 67 21 under

91 1515 50 21 åren
167 1516 139 21 1883—1885
329 1518 32 19 att
383 1516 108 21 användas
514 1517 67 20 under
604 1516 67 21 första
696 1516 45 27 1'/,
761 1515 73 28 miljon
852 1516 67 25 mark,
