1103 1811
213 133 54 21 1832
432 138 161 18 Presteståndet
605 139 58 17 1882.
689 140 12 16 5
710 139 54 21 juni.

182 206 159 22 löneförmåner
357 207 32 21 till
405 213 79 15 samma
500 206 76 28 belopp
593 214 45 15 som
652 207 169 27 öfverkassören,
833 207 106 27 nämligen
950 208 64 25 7,000

182 235 62 22 mark
260 235 6 21 i
283 236 52 26 årlig
351 236 36 21 lön
402 235 39 21 och
457 236 63 26 2,000
536 236 60 21 mark
612 236 6 21 i
634 236 140 27 hyresmedel,
786 236 26 27 på
823 238 43 19 sätt
877 237 61 21 äfven
947 236 66 22 bank-

183 264 134 27 fullmäktige
333 264 120 27 föreslagit;

253 323 32 20 att
308 321 91 22 Ståndet
421 323 51 19 utan
496 321 119 22 diskussion
633 321 95 27 godkänt
743 324 153 19 sammansatta
912 322 45 26 lag-
973 322 40 21 och

184 349 218 22 ekonomiutskottets
417 350 296 27 sammanjemkningsförslag
728 349 132 22 beträffande
875 350 77 27 nådiga
964 357 50 20 pro-

184 378 119 27 positionen
320 379 39 21 N:o
376 379 27 20 34
419 385 33 14 om
468 378 282 27 kommunalförvaltningen
765 379 7 20 i
788 380 58 25 stad;

254 437 33 20 att
302 435 91 22 Ständet
407 436 94 26 godkänt
516 438 154 19 sammansatta
686 436 44 27 lag-
746 436 39 21 och
799 436 216 21 ekonomiutskottets

184 464 137 21 betänkande
343 465 40 20 N:o
410 467 24 18 14
449 465 7 20 i
471 465 113 26 anledning
600 464 22 21 af
636 465 105 21 särskilda
757 465 32 20 till
805 464 160 21 Bondeständet
981 465 33 20 in-

184 493 99 21 lemnade
299 493 114 26 petitioner
429 493 131 22 beträffande
575 493 93 27 eftergift
684 493 32 21 för
731 493 57 22 vissa
803 493 119 22 landsorter
938 493 32 21 uti
983 493 32 21 la-

184 528 52 20 gens
251 521 119 27 stadgande
385 522 110 27 angäende
511 521 139 28 svedjebruk;

255 581 33 19 att
309 579 90 22 Ständet
421 579 94 27 godkänt
531 580 171 21 statsutskottets
718 579 296 26 sammanjemkningsförslag

185 607 132 22 beträffande
339 608 78 26 nädiga
439 608 158 27 propositionen
620 608 109 27 angäende
752 608 74 26 anslag
842 607 22 21 af
879 608 134 26 bevillnings-

185 636 70 21 medel
278 636 33 21 för
334 636 155 22 foikskolornas
512 637 7 20 i
541 636 73 21 landet
635 636 111 22 underhåll
762 639 56 19 samt
833 637 148 26 pensionering
994 635 23 22 af

186 665 40 21 den
242 665 35 21 vid
293 665 62 21 dessa
371 666 72 20 skolor
458 665 96 21 anstälda
570 665 180 27 lärarepersonal;

255 724 33 19 att
304 722 90 22 Ständet
411 722 32 21 för
459 722 31 21 sin
506 722 33 21 del
555 722 68 27 afböjt
639 722 172 21 Presteständets
833 722 5 20 i
861 722 153 26 protokollsut-

187 751 52 26 drag
254 751 127 21 meddelade
395 751 125 27 inbjudning
534 751 33 21 till
581 751 143 25 medständen,
741 753 32 19 att
789 750 73 22 förena
878 751 30 25 sig
918 756 34 15 om
963 750 52 21 Pre-

185 779 132 21 steständets
341 780 69 20 beslut
434 780 71 21 derom
530 781 31 19 att
584 780 22 20 åt
629 780 129 20 ordförande
776 778 32 22 för
824 779 192 25 bankfullmäktige

186 807 69 22 skulle
271 808 129 21 bestämmas
416 810 30 19 ett
461 808 63 26 årligt
539 807 164 28 tilläggsarvode
719 807 24 22 af
759 808 62 22 1,000
836 807 71 26 mark;

256 867 33 19 att
311 864 90 22 Ständet
424 865 32 20 vid
480 864 156 27 behandlingen
652 864 21 21 af
688 865 108 20 allmänna
812 864 204 21 besvärsutskottets

187 893 136 21 betänkande
339 893 39 21 N:o
397 894 24 20 17
437 893 108 27 angäende
560 894 57 20 inom
630 893 181 26 Borgareständet
822 893 62 20 väckt
894 893 78 25 förslag
983 895 32 19 att

187 921 75 27 älägga
279 921 215 21 landskommunerna
510 922 120 27 skyldighet
646 924 31 18 att
693 922 53 21 efter
762 921 162 26 befolkningens
935 921 81 21 storlek

186 950 81 22 inrätta
282 950 55 21 fasta
352 950 116 21 folkskolor
484 953 54 18 samt
554 956 34 15 om
604 950 110 21 införande
730 950 22 21 af
767 949 111 27 skoltväng
893 950 7 21 i
915 950 100 20 städerna

186 978 109 22 äfvensom
319 979 147 21 fastställande
489 979 23 21 af
532 985 40 21 nya
594 979 100 27 grunder,
717 979 67 26 enligt
806 978 71 21 hvilka
892 978 74 26 bidrag
982 978 32 21 till

187 1007 148 22 folkskolorna
350 1008 53 20 böra
418 1007 21 21 af
453 1008 106 20 allmänna
575 1008 68 20 medel
660 1008 60 26 utgå;

256 1064 88 22 beslutit
364 1064 95 22 förkasta
482 1065 65 26 sagda
570 1065 133 21 betänkande
726 1064 40 22 och
784 1064 113 27 godkänna
914 1064 102 21 herrarna

258 1110 4 4 .
287 1093 173 21 Johnssons
482 1094 37 21 och
535 1093 19 22 J.
571 1094 32 20 W.
620 1093 186 22 Calamnius
797 1088 6 36 '
822 1092 32 22 till
870 1092 145 22 betänkandet

186 1122 112 26 vidfogade
314 1122 138 25 reservation;

256 1181 33 19 att
305 1179 89 22 Ständet
409 1180 27 26 pä
452 1179 72 21 derom
540 1179 60 27 gjord
616 1179 156 26 framställning
788 1178 88 22 beslutit
889 1178 127 27 bemyndiga

183 1207 125 27 justerings-
325 1207 40 22 och
381 1207 240 27 expeditionsutskotten
637 1209 32 19 att
684 1207 102 21 förenade
802 1207 39 21 och
852 1208 6 19 i
870 1207 87 21 sålunda
972 1207 43 21 för-

185 1236 71 21 stärkt
272 1236 83 21 utskott
369 1238 58 19 rätta
441 1237 6 20 i
464 1236 128 21 Ständernas
608 1235 69 22 beslut
688 1235 142 28 tilläfventyrs
842 1235 174 22 förekommande

186 1265 66 26 språk
269 1265 39 21 och
324 1265 207 26 kommateringsfel
523 1261 12 35 ;

255 1324 33 19 att
310 1321 90 22 Ständet
423 1324 49 19 utan
496 1322 118 21 diskussion
636 1322 95 26 godkänt
746 1321 217 22 ekonomiutskottets
980 1321 36 22 be-

185 1350 110 21 tänkande
310 1351 39 20 N:o
368 1351 25 20 14
408 1351 7 20 i
431 1351 113 27 anledning
560 1350 22 21 af
596 1353 30 19 ett
640 1351 3 20 i
655 1351 158 26 Ridderskapet
831 1350 39 21 och
881 1350 62 21 adeln
952 1349 64 22 fram-

185 1379 68 21 stäldt
268 1379 181 27 petitionsförslag
464 1379 108 27 angäende
589 1379 108 22 ordnande
713 1379 23 21 af
750 1379 86 21 arbetet
851 1379 7 20 i
874 1379 82 21 landets
970 1378 46 21 fän-

187 1407 79 27 gelser;

255 1467 34 19 att
304 1465 91 21 Ständet
410 1465 102 21 likaledes
526 1465 96 32 godkänt
636 1467 154 19 sammansatta
802 1465 44 25 lag-
856 1464 39 21 och
909 1464 108 21 ekonomi-

184 1494 119 21 utskottets
319 1493 135 22 betänkande
469 1494 40 20 N:o
528 1495 23 19 13
568 1494 6 20 i
590 1493 113 26 anledning
719 1494 22 20 af
751 1499 26 14 en
789 1493 56 20 inom
858 1493 159 20 Bondeständet

185 1521 64 22 väckt
265 1521 92 28 petition
374 1522 72 21 derom
462 1524 32 19 att
510 1521 128 28 utbrytande
654 1521 22 22 af
691 1521 169 27 öfverloppsjord
877 1521 31 21 för
924 1521 93 22 kronans
