1103 1811
319 121 161 17 Presteståndet
493 122 58 17 1882.
576 123 12 15 5
598 122 54 20 juni.
821 116 53 37 1839

72 190 79 22 handla
175 190 47 21 med
245 190 64 26 insigt
332 190 38 20 och
391 190 104 22 omdöme.
526 190 46 21 Ifall
589 190 59 22 detta
664 190 18 27 ej
699 190 75 26 finnes,
789 190 73 21 kunna
877 190 26 21 de

72 219 54 21 allra
151 219 81 27 gröfsta
257 219 104 21 missbruk
385 219 112 25 bedrifvas,
520 219 72 21 hvilka
614 219 59 26 lagar
695 221 27 19 än
745 221 37 19 äro
798 218 105 27 gällande.

73 248 168 21 Medlemmarne
262 247 6 21 i
291 247 213 27 taxeringsnämnden
520 250 37 18 äro
574 248 139 21 kommunens
729 247 174 21 förtroendemän

74 276 39 22 och
136 283 49 15 man
209 276 38 21 bör
269 276 72 21 derför
363 276 38 21 lita
424 276 27 27 på
472 276 61 22 deras
554 277 103 20 omdöme.
690 276 41 22 Det
746 278 24 19 är
786 276 74 21 endast
876 276 27 26 på

75 305 70 20 denna
167 305 68 26 grund
251 304 82 27 möjligt
348 306 32 19 att
395 305 75 26 stadga
487 305 65 26 något
567 305 78 20 sådant
660 311 44 15 som
722 305 38 20 här
775 306 23 19 är
814 304 89 21 föresla-

75 336 42 24 get.
149 334 41 25 Jag
205 333 116 27 tillstyrker
337 333 129 27 antagandet
482 333 22 21 af
518 333 327 27 sammanjemkningsförslaget.

145 407 30 22 På
197 407 49 22 herr
289 407 177 22 Talmannens
484 408 72 21 derom
572 407 75 27 gjorda
662 407 156 27 framställning
834 407 70 21 beslöt

75 436 91 21 Ständet
189 436 51 21 härå
264 436 95 21 förkasta
382 436 41 21 den
448 438 43 19 6:te
517 436 6 21 i
547 436 120 32 ordningen
679 436 28 27 pä
722 442 48 21 pag.
788 437 12 20 5
816 436 88 26 intagna

77 465 107 21 klämmen
201 466 91 20 rörande
307 465 82 22 ändrad
404 465 80 26 lydelse
500 465 22 21 af
537 471 63 15 mom.
616 465 30 21 VI
661 465 7 20 i
685 465 12 27 $
713 466 35 21 55.

145 540 31 21 De
200 539 92 27 följande
313 539 132 22 klämmarne
460 539 6 21 i
484 539 145 21 betänkandet
644 539 124 27 godkändes
783 539 52 21 härä
851 539 52 20 hvar

77 569 54 20 efter
153 575 70 14 annan
247 568 147 27 oförändrade,
410 570 58 19 utom
486 568 39 21 den
542 568 52 21 sista
610 568 150 21 slutklämmen
776 568 27 26 pä
818 574 48 21 pag.
883 569 20 24 7,

75 597 111 27 angäende
202 596 83 22 hvilken
301 597 85 26 yttrade
402 597 44 27 sig:

146 671 109 21 Professor
272 671 86 26 Cleve,
373 678 45 15 som
435 672 95 21 önskade
546 674 32 19 att
594 672 31 21 till
642 672 25 20 de
680 671 36 21 tvä
726 671 38 21 här
776 670 127 22 omnämnda

75 702 153 26 paragraferna
253 700 68 21 skulle
344 700 59 26 fogas
426 700 12 27 &
461 701 35 25 54,
519 700 85 21 hvilken
619 700 82 22 talaren
718 700 53 21 hade
787 702 75 19 väntat
872 701 32 19 att

76 729 40 21 här
132 729 68 21 skulle
215 728 69 22 finnas
300 731 114 25 upptagen.

146 793 147 26 Öfverläraren
316 797 136 22 Kihlman
476 797 101 22 förenade
600 798 31 27 sig
648 797 46 22 med
710 797 108 28 professor
834 796 70 22 Cleve.

148 867 30 20 På
205 866 154 26 framställning
384 866 23 21 af
429 866 51 21 herr
502 866 189 22 Talmannen
714 866 43 21 blef
772 865 53 22 härä
840 865 62 22 äfven

79 895 70 21 denna
173 895 100 21 slutkläm
295 895 6 20 i
325 895 64 26 öfrigt
411 895 107 26 godkänd,
541 897 59 19 utom
624 897 32 19 att
674 895 6 21 i
696 896 122 20 densamma
834 895 68 20 skulle

79 923 64 21 bland
159 924 25 20 de
200 923 65 21 andra
281 924 92 20 citerade
388 923 160 27 paragraferna,
564 924 26 20 12
606 924 40 21 och
661 925 34 21 53,
710 924 98 27 tilläggas
824 923 13 26 $
853 924 32 20 54.

147 1107 118 26 Föredrogs
288 1106 38 22 och
349 1107 125 26 godkändes
498 1109 52 19 utan
572 1106 118 22 diskussion
705 1108 28 25 på
748 1105 157 27 framställning

77 1136 23 20 af
119 1136 48 21 herr
212 1136 158 21 Talmannen
393 1136 153 26 lagutskottets
562 1135 133 22 betänkande
710 1136 40 20 N:o
768 1135 26 21 13
810 1135 6 20 i
832 1134 71 22 anled-

77 1164 52 28 ning
151 1164 22 22 af
195 1164 151 27 prokuratorns
368 1164 6 21 i
397 1164 115 27 kejserliga
535 1166 87 20 senaten
642 1164 31 21 till
689 1164 121 22 Ständerna
825 1163 79 27 afgifna

78 1193 115 21 berättelse
216 1200 33 13 om
273 1193 160 26 lagskipningen
455 1193 41 21 och
511 1193 99 26 lagarnas
626 1192 161 22 handhafvande
802 1192 6 21 i
824 1192 79 20 landet.

145 1358 43 21 Vid
204 1359 66 20 skedd
285 1358 151 27 föredragning
451 1359 124 26 godkändes
591 1359 32 20 till
638 1358 43 21 alla
696 1358 58 21 delar
765 1357 139 22 statsutskot-

78 1389 41 20 tets
142 1387 6 21 i
171 1387 108 21 skrifvelse
303 1387 23 21 af
347 1387 40 21 den
411 1388 13 19 3
447 1387 143 22 innevarande
610 1387 47 26 juni
677 1387 31 28 (se
724 1387 70 26 bilaga
810 1386 40 21 N:o
866 1386 37 26 40)

77 1415 126 22 framstälda
219 1415 78 27 förslag
313 1417 90 20 rörande
420 1415 73 28 tillsyn
509 1416 59 21 öfver
583 1415 129 22 Ständernas
728 1416 90 21 ekonom
834 1415 6 20 i
851 1415 53 20 hans

77 1445 143 25 verksamhet,
245 1444 107 21 äfvensom
373 1444 134 21 beträffande
523 1445 119 21 ordnandet
657 1444 22 21 af
693 1444 67 26 öfriga
776 1445 6 20 i
798 1449 106 15 samman-

76 1472 56 27 hang
151 1473 48 21 med
215 1472 128 22 Ständernas
359 1473 174 21 sammanträden
556 1473 87 21 stående
663 1472 139 22 ekonomiska
820 1472 85 26 angelä-

73 1501 108 26 genheter.
