1103 1811
320 132 162 18 Presteståndet
494 133 59 17 1882.
577 134 29 16 30
618 133 47 20 maj.
826 128 54 20 1695

150 202 64 21 Mom.
239 203 17 25 1,
279 203 18 24 2,
321 203 11 19 3
352 201 39 21 och
409 202 10 20 7
436 201 46 28 af
473 197 15 36 &
498 202 28 21 55
542 203 96 25 antogos,
655 208 47 15 men
719 208 63 14 mom.
798 204 12 19 5
826 203 81 20 utmön-

81 230 83 22 strades
187 230 38 21 och
241 236 63 16 mom.
321 231 12 20 4
350 230 39 21 och
405 232 12 19 6
434 230 197 22 återremitterades
647 230 30 21 till
694 230 106 21 utskottet
815 230 33 21 för
864 236 44 15 om-

81 259 126 27 redigering,
229 265 63 15 mom.
307 260 14 20 4
344 259 6 20 i
371 259 36 21 det
431 259 53 27 syfte
508 261 32 19 att
555 258 75 27 afdrag
646 258 33 21 för
691 260 63 20 ränta
769 259 13 21 å
796 259 62 21 skuld
874 258 34 22 må

81 288 20 21 få
123 294 41 21 ega
186 294 46 14 rum
253 288 38 21 och
307 289 32 19 att
355 287 198 26 bolagsdividender
568 287 48 21 icke
631 287 34 21 må
681 289 76 24 utgöra
772 287 88 22 föremål
876 287 32 21 för

81 315 78 23 dubbel
175 315 142 27 beskattning,
332 318 55 19 samt
403 322 63 15 mom.
483 317 12 20 6
512 315 87 27 derhän,
615 319 31 18 att
661 315 97 27 grunden
769 315 33 22 för
812 315 96 27 taxering

80 345 23 21 af
124 344 26 21 de
173 345 6 20 i
201 344 58 21 detta
283 351 62 14 mom.
369 344 128 22 omnämnda
515 350 102 21 personer
633 344 53 21 skall
702 346 77 25 utgöra
795 345 61 21 deras
871 344 36 21 lef-

80 373 177 22 nadskostnader.

152 431 9 20 1
186 436 62 15 mom.
272 430 23 21 af
315 431 26 20 56
358 429 13 29 &
386 430 124 27 godkändes
526 429 21 22 af
562 429 97 27 Ständet,
675 430 110 21 hvaremot
800 430 26 21 de
841 430 67 27 begge

81 459 68 26 öfriga
169 465 62 15 mom.
248 458 5 21 i
269 459 12 27 &
296 459 148 21 remitterades
460 458 90 22 tillbaka
566 459 32 21 till
614 459 105 21 utskottet
734 465 46 15 som
795 459 52 26 egde
864 465 43 15 om-

81 488 100 26 redigera
202 493 62 15 mom.
287 487 12 20 2
323 487 6 20 i
345 487 36 21 det
397 487 56 27 syfte
469 490 32 19 att
517 487 77 22 besvär
609 487 59 22 öfver
683 488 225 27 pröfningsnämndens

81 517 71 26 utslag
177 517 6 19 i
206 515 177 27 taxeringsfrägor
407 516 34 21 mä
464 515 22 22 få
507 516 86 21 anföras
612 517 6 20 i
635 516 94 27 Hofrätt,
745 517 27 26 pä
788 518 42 20 sätt
846 516 39 21 och
901 516 6 20 i

82 545 40 21 den
148 545 91 26 ordning
263 545 52 20 sista
340 551 63 15 mom.
419 546 13 25 $
448 545 27 20 55
492 545 5 20 i
518 545 78 26 nädiga
610 545 160 27 propositionen
786 544 122 27 innehäller,

81 576 56 19 samt
158 574 31 21 till
212 579 62 16 mom.
299 574 13 19 3
335 573 50 26 foga
408 573 74 27 tillägg
506 574 79 25 derom,
606 575 32 19 att
656 573 35 22 vid
707 573 96 22 bemälde
819 573 89 22 nämnds

81 602 172 22 sammanträden
276 602 65 20 borde
363 602 56 21 föras
442 602 130 21 motiveradt
587 602 113 27 protokoll,
716 602 107 22 äfvensom
839 603 69 26 tryck-

79 631 51 21 felet
149 631 3 21 i
168 637 80 15 samma
263 636 62 16 mom.
342 631 40 23 ,53
398 631 23 27 $*
438 630 66 22 borde
520 632 68 20 rättas
603 630 33 22 till
653 632 39 23 ,,55
709 631 32 27 $*.

150 688 11 27 8
177 689 26 20 57
220 688 130 26 godkändes.

150 746 70 26 Begge
243 751 62 15 mom.
328 745 7 21 i
355 745 10 27 $
382 746 24 20 81
425 747 97 25 antogos,
538 745 48 21 med
602 745 137 22 förkastande
754 745 23 21 af
791 745 116 21 utskottets

81 774 78 27 förslag
180 774 31 21 till
234 775 5 19 2
255 780 62 15 mom.
333 774 80 20 sädana
429 774 25 21 de
471 776 37 19 äro
524 774 102 21 affattade
642 774 6 20 i
664 774 39 21 den
719 774 77 26 nädiga
811 774 95 26 proposi-

81 803 79 21 tionen.

150 859 111 27 Ingressen
277 859 32 21 till
325 859 239 27 författningsförslaget
580 859 39 22 och
638 859 40 21 den
698 859 85 27 slutliga
793 859 114 21 framställ-

82 889 77 25 ningen
183 895 34 14 om
241 895 27 20 ny
290 889 131 25 proposition
440 889 33 20 för
488 888 176 26 undanrödjande
679 888 24 21 af
716 888 71 21 vidare
802 887 105 22 förekom-

82 917 76 21 mande
181 916 80 22 brister
283 916 6 21 i
305 916 98 27 gällande
418 916 126 27 förordning
560 922 34 16 om
609 916 276 27 kommunalförfattningen
900 916 7 20 i

83 946 48 21 stad
147 946 129 26 godkändes;

151 1004 33 20 att
207 1002 89 22 Ständet
319 1004 52 20 utan
393 1002 121 22 diskussion
530 1002 95 28 godkänt
640 1002 214 22 ekonomiutskottets
870 1002 38 21 be-

81 1031 108 22 tänkande
211 1031 6 21 i
240 1031 113 26 anledning
375 1031 22 21 af
420 1031 78 27 nädiga
518 1031 159 27 propositionen
693 1031 39 21 N:o
750 1032 32 26 28,
798 1030 109 27 angäende

81 1060 128 26 indragning
231 1060 7 20 i
261 1060 40 21 den
325 1061 48 20 män
395 1059 162 22 förhällandena
572 1060 77 21 sädant
664 1060 104 26 medgifva
783 1060 23 21 af
819 1059 89 21 härads-

80 1088 199 28 postinrättningen.

152 1221 89 21 Plenum
257 1220 74 22 afslöts
348 1220 52 22 härä
415 1220 28 21 kl.
462 1222 24 19 11
504 1220 40 22 och
560 1221 27 21 45
603 1221 92 21 minuter
710 1220 27 27 pä
752 1222 80 20 natten.

664 1317 21 17 In
697 1317 61 18 fidem:

572 1363 52 22 Carl
640 1363 49 22 Joh.
705 1363 133 29 Lindegvist.
