1103 1811
323 134 163 18 Preeteståndet
497 134 59 18 1882.
580 135 29 17 26
620 135 48 20 maj.
832 129 54 22 1569

83 204 67 24 mark,
165 204 28 21 25
215 204 52 21 eller
291 203 36 21 det
345 204 77 26 högsta
437 203 109 27 medgifna
561 203 83 22 antalet
659 205 75 20 röster.
765 204 43 20 Det
822 203 92 22 hufvud-

82 232 116 28 sakligaste
220 232 125 27 inflytandet
367 232 155 21 koncentrerar
544 232 33 26 sig
595 232 90 22 sålunda
704 232 32 21 uti
753 232 41 22 den
810 238 68 22 grupp
895 232 22 21 af

83 262 145 25 medlemmar,
249 267 44 15 som
309 260 64 22 hafva
389 267 24 15 en
429 260 95 22 inkomst
539 260 25 21 af
577 261 65 25 4,000
658 260 66 24 mark,
740 261 68 21 under
824 261 36 21 det
876 262 38 25 att,

83 296 35 15 om
134 290 107 21 skattöret
255 289 73 21 ställes
343 290 66 25 nägot
424 289 73 27 högre,
514 289 59 21 detta
588 288 115 27 inflytande
719 289 153 22 koncentrerar
882 290 33 25 sig

82 318 187 26 hufvudsakligast
291 317 31 22 uti
345 324 25 15 en
393 324 75 21 grupp,
485 323 46 16 som
554 317 40 21 har
615 319 69 20 större
705 317 72 27 insigt,
794 317 39 22 och
856 318 59 21 detta

83 353 63 16 anser
166 347 36 26 jag
224 353 52 14 vara
298 352 26 15 en
347 345 75 22 fördel.
449 347 48 20 Den
521 345 140 22 obemedlade
684 346 39 21 bör
744 345 63 22 hafva
822 347 38 21 sitt
875 347 39 21 ord

83 375 48 22 med
147 375 7 21 i
170 375 63 27 laget,
250 381 47 16 men
313 381 48 15 man
372 375 39 20 bör
422 381 22 15 se
455 375 39 26 till,
504 376 32 19 att
544 375 60 20 detta
612 375 38 21 ord
659 375 46 21 icke
714 374 41 21 blir
765 375 39 21 allt
814 375 33 21 för
857 375 57 22 kraf-

83 404 50 27 tigt;
149 403 42 22 han
207 404 42 21 kan
265 404 63 21 hafva
343 403 38 22 sitt
396 403 98 26 intresse,
510 409 48 16 men
575 403 94 21 hvarken
685 403 53 21 hans
754 403 96 27 bildning
862 404 53 21 eller

83 433 32 20 tid
136 434 39 25 gör
191 433 36 20 det
242 432 84 27 möjligt
341 432 32 21 för
388 432 78 22 honom
484 433 32 20 att
532 438 54 27 egna
601 432 32 27 sig
648 433 23 20 ät
686 432 140 21 kommunens
842 432 71 27 tjenst,

84 461 40 21 och
139 461 42 21 han
197 461 42 20 kan
255 461 72 21 derför
342 461 46 20 icke
403 460 34 21 väl
452 460 100 27 begagna
567 460 37 21 sitt
619 460 121 27 inflytande.
766 460 61 22 Hvad
838 460 77 27 själfva

84 490 36 20 det
142 489 94 22 fixerade
256 485 104 41 förslaget
383 489 109 26 beträffar,
516 495 44 15 som
574 489 143 32 öfverläraren
734 489 101 21 Kihlman
850 489 64 22 fram-

84 518 75 27 stälde,
175 518 24 21 sä
214 520 24 19 är
251 518 38 27 jag
304 517 58 27 villig
377 519 32 20 att
425 518 74 21 derom
515 517 75 22 förena
605 517 49 27 mig.

153 575 69 22 Sedan
245 575 146 21 diskussionen
409 575 117 21 förklarats
542 574 102 27 afslutad,
660 574 113 27 uppstälde
788 575 50 21 herr
853 575 60 21 Tal-

85 610 118 14 mannen
221 603 34 21 för
271 603 104 21 vinnande
391 603 22 21 af
427 603 212 27 kontraproposition
656 606 44 18 mot
711 603 117 22 utskottets
839 604 74 21 betän-

83 632 70 21 kande
169 632 93 26 följande
279 632 288 27 omröstningsproposition
559 628 12 36 :

156 689 87 21 Önskar
263 689 36 21 det
320 688 132 28 högvördiga
474 688 94 22 Ständet
586 689 36 20 till
637 688 217 28 kontraproposition
868 690 47 19 mot

83 718 113 20 utskottets
220 717 134 21 betänkande
375 719 83 25 antaga
480 718 36 20 det
536 718 29 26 af
583 717 110 27 professor
712 717 115 27 Runeberg
842 717 71 27 fram-

83 746 73 21 stälda
178 746 39 21 och
238 746 29 27 af
284 746 151 27 öfverläraren
454 746 112 21 Kihlman
587 748 104 18 närmare
706 746 148 26 formulerade
868 745 45 28 för-

83 775 82 27 slaget?
181 775 41 20 den
237 775 36 20 det
286 777 45 25 gör,
346 781 79 14 svarar
434 774 42 27 ja;

153 837 80 21 vinner
247 837 43 27 nej,
305 837 42 21 har
363 837 92 21 Ständet
466 837 37 21 till
513 837 216 28 kontraproposition
740 837 86 27 antagit
838 837 76 27 kyrko-

83 866 81 21 herden
179 865 120 22 Järvinens
313 866 141 21 reservation.

153 928 71 21 Sedan
247 929 70 20 svaret
339 928 27 26 pä
389 928 69 21 denna
480 928 134 26 proposition
630 927 79 21 utfallit
726 927 48 21 med
793 928 24 21 19
830 928 23 26 ja
869 929 44 20 mot

86 958 21 19 11
127 957 34 26 nej
177 957 40 21 och
233 956 90 21 Ständet
338 956 90 22 sälunda
444 957 33 21 till
494 956 208 27 kontraproposition
714 956 82 25 antagit
807 956 107 26 professor

84 985 123 26 Runebergs
222 985 86 27 förslag,
325 985 113 27 uppstälde
454 985 51 21 herr
516 985 174 21 Talmannen
703 984 91 28 följande
806 984 107 22 definitiva

85 1014 275 26 omröstningsproposition
368 1021 5 13 :

157 1076 132 21 Godkänner
310 1076 35 21 det
365 1076 134 28 högvördiga
522 1076 93 21 Ständet
635 1078 14 25 $
666 1077 31 20 53
712 1076 28 27 af
752 1076 112 21 utskottets
880 1076 33 20 be-

85 1105 126 21 tänkande?
226 1105 42 21 den
284 1105 35 21 det
331 1107 46 25 gör,
393 1112 79 14 svarar
482 1105 40 27 ja;

153 1168 80 20 vinner
255 1168 43 27 nej,
315 1168 42 20 har
380 1168 93 20 Ständet
494 1167 90 21 beslutit
600 1167 148 27 paragrafens
764 1167 125 21 äterremiss
905 1167 9 21 i

84 1196 35 21 det
133 1196 30 27 af
173 1196 112 27 professor
298 1196 116 27 Runeberg
430 1196 98 27 angifna
542 1196 74 27 syftet.

151 1258 34 21 Då
200 1259 69 20 denna
285 1258 132 27 proposition
433 1265 77 20 genom
526 1258 83 21 anstäld
621 1257 96 28 votering
727 1257 127 22 besvarades
866 1258 48 21 med

85 1288 12 20 6
111 1287 22 27 ja
149 1289 44 19 mot
209 1287 26 21 23
252 1287 41 27 nej,
309 1287 55 22 hade
379 1287 91 22 Ständet
486 1287 83 21 säledes
585 1287 88 21 beslutit
689 1288 37 24 att,
743 1287 6 20 i
761 1285 94 27 enlighet
866 1287 48 20 med

84 1316 108 26 professor
215 1316 123 26 Runebergs
361 1316 85 26 förslag,
469 1315 158 22 äterremittera
642 1315 12 28 &
669 1316 27 20 53
713 1315 32 21 till
761 1314 105 22 utskottet
881 1314 33 22 för

85 1344 156 27 omredigering
257 1345 22 20 af
296 1346 8 19 1
321 1351 64 14 mom.
401 1345 7 20 i
425 1345 77 21 sädant
517 1344 62 27 syfte,
595 1346 32 19 att
643 1344 45 21 deri
703 1343 42 22 blir
755 1343 116 27 faststäldt,
882 1345 33 20 att

85 1373 40 21 den
149 1379 45 15 som
217 1373 84 26 päföres
324 1375 31 19 ett
378 1373 96 21 skattöre
498 1373 55 21 skall
573 1372 71 22 betala
660 1372 32 21 för
707 1372 27 27 !/,
749 1372 107 26 skattöre;
874 1372 40 21 den

84 1407 46 16 som
145 1401 86 27 päföres
247 1402 12 20 2
275 1402 111 21 skattören
402 1402 54 21 skall
473 1401 73 22 betala
562 1401 27 27 1/,
604 1401 34 22 för
653 1401 36 21 det
704 1400 68 22 första
788 1400 39 22 och
842 1401 28 26 2/;
881 1400 34 22 för

85 1431 36 20 det
136 1430 67 21 andra
219 1431 115 25 skattöret;
351 1431 40 20 den
408 1437 45 15 som
470 1430 86 27 päföres
572 1431 13 20 3
600 1430 110 21 skattören
727 1429 54 22 skall
797 1429 71 21 betala
887 1429 27 28 '/;

85 1459 32 20 för
140 1459 36 21 det
199 1459 73 27 första,
295 1460 26 26 ?/;
345 1459 33 21 för
401 1459 36 21 det
460 1459 69 21 andra
548 1459 40 21 och
610 1460 30 20 ett
659 1458 45 21 helt
719 1458 96 21 skattöre
830 1458 33 20 för
879 1458 36 21 det

85 1487 78 26 tredje;
187 1487 40 21 den
251 1488 47 20 äter
321 1494 45 14 som
390 1488 85 26 päföres
491 1489 13 19 4
521 1487 52 21 eller
593 1486 51 22 flere
660 1487 110 21 skattören
786 1486 81 27 äligger
882 1488 33 20 att

85 1515 72 22 betala
173 1515 48 22 fullt
237 1515 34 22 för
285 1515 73 28 hvarje
375 1516 101 21 skattöre.

824 1554 22 17 9
