1103 1811
226 136 56 21 1454
438 141 163 19 Presteständet
612 143 59 17 1882.
696 142 28 18 23
736 142 48 21 maj.

196 210 84 28 gängen
303 210 32 21 till
359 217 25 15 en
405 210 65 22 sädan
486 211 126 27 anordning,
627 210 137 28 hvarigenom
781 210 115 22 fondernas
912 210 56 22 antal
985 210 40 21 vis-

197 239 92 26 serligen
306 239 69 21 skulle
391 240 51 20 ökas
457 240 48 20 med
522 246 32 18 en,
564 252 28 2 —
603 239 26 21 de
645 241 35 19 äro
696 239 33 21 för
740 239 132 21 närvarande
883 239 27 21 36
921 251 28 3 —
960 238 66 22 borde

196 267 94 21 tabellen
306 268 25 27 pä
347 268 61 20 sidan
425 268 25 20 56
462 271 92 24 upptaga
564 268 69 20 finska
644 268 143 20 statsfondens
798 267 95 21 tillständ
905 268 40 20 den
958 268 67 20 31:sta

198 296 113 21 december
327 296 62 27 1879,
402 296 183 27 förfullständigad
598 296 78 21 derhän
690 298 30 19 att
731 298 58 18 utom
802 296 70 21 denna
883 296 142 24 totalsumma,

197 324 113 21 utvisande
325 325 115 20 fondernas
455 325 82 27 belopp,
552 324 64 21 ocksä
632 324 68 21 skulle
716 325 80 20 införas
812 324 99 27 beloppet
921 324 22 21 af
953 324 72 27 hvarje

197 353 50 20 fond
271 353 104 21 särskildt.
406 353 44 21 Der
472 353 64 21 borde
556 353 111 27 uppgifvas
683 353 73 20 hvilka
771 353 159 26 värdeföremäl,
946 353 79 27 obliga-

197 381 75 27 tioner,
288 381 34 21 län
339 388 26 14 m.
381 388 27 14 m.
424 388 44 14 som
485 382 61 21 dessa
562 382 139 20 slutsummor
716 384 150 24 representera.
896 381 128 26 Derigenom

198 409 70 22 skulle
284 417 49 14 man
349 410 64 21 bland
430 413 64 18 annat
508 411 66 20 vinna
590 410 40 21 den
648 410 73 25 fördel,
736 416 45 14 som
797 410 47 21 icke
860 417 30 13 nu
905 409 120 26 förefinnes,

198 440 29 19 att
243 445 49 14 man
309 439 71 20 kunde
396 439 62 20 hafva
474 445 25 15 en
516 439 100 26 öfversigt
632 439 39 20 och
683 438 22 21 fä
717 445 26 14 en
755 438 132 27 slutsumma,
898 445 45 14 som
957 438 70 21 skulle

198 467 70 20 utvisa
291 467 99 27 beloppet
412 467 21 21 af
454 467 68 21 finska
544 470 80 18 statens
643 467 111 20 inhemska
768 467 36 20 län
820 467 32 20 till
867 467 159 27 korporationer

199 495 39 21 och
261 495 102 26 enskilda,
385 496 86 21 hvilken
494 496 136 21 totalsumma
652 496 46 20 icke
720 495 32 21 lär
770 502 49 14 vara
836 495 61 21 känd.
926 495 41 27 Jag
983 497 43 19 tror

199 526 29 18 att
251 524 64 21 också
338 524 41 21 den
403 525 105 26 öfversigt,
531 531 44 14 som
592 524 6 21 i
615 524 39 21 litt.
677 523 20 22 K
713 526 23 19 är
751 524 103 27 uppgjord
871 526 24 19 är
910 524 116 27 någonting

199 552 88 21 alldeles
309 555 53 24 nytt,
386 559 43 14 som
454 560 28 13 nu
505 553 32 21 för
559 553 64 20 första
646 553 82 27 gängen
750 555 41 18 sett
806 553 75 26 dagen.
911 552 32 21 En
960 552 65 21 sädan

199 581 137 27 omställning
358 581 21 21 af
399 581 152 21 värdeföremäl
572 582 7 20 i
602 581 26 21 de
650 581 67 20 skilda
734 581 103 20 fonderna
854 581 71 20 kunde
940 580 86 27 mycket

198 609 38 21 lätt
252 609 27 27 gä
294 609 32 21 för
341 610 32 26 sig
389 610 52 20 efter
456 610 62 20 hand.
548 610 137 26 Exempelvis
701 609 72 21 kunde
788 612 29 18 ett
828 609 75 27 utbyte
913 609 37 21 ske
961 609 65 21 emel-

199 637 35 21 lan
251 638 161 25 militiefonden,
427 644 44 15 som
488 639 37 20 har
540 638 35 21 län
586 638 31 20 till
629 641 31 17 tre
671 638 105 27 miljoner,
786 638 39 20 och
837 638 189 20 amortissements-

199 666 86 25 fonden,
308 672 45 15 som
377 667 38 20 har
437 667 139 27 obligationer
599 666 31 21 till
652 666 35 21 två
711 666 103 27 miljoner.
844 666 38 21 Till
904 673 26 14 en
953 666 73 27 början

199 694 73 21 kunde
296 695 89 21 sälunda
409 695 33 21 tvä
466 696 108 26 miljoners
598 695 34 20 län
654 695 7 20 i
672 695 160 21 militiefonden
849 694 130 27 öfverflyttas
995 694 30 21 till

200 724 267 25 amortissementsfonden,
488 730 44 14 som
549 724 7 20 i
572 724 69 20 stället
663 724 22 20 ät
703 724 155 20 militiefonden
874 723 69 21 skulle
959 723 67 21 öfver-

199 751 61 27 flytta
283 754 29 18 ett
334 752 42 20 lika
398 752 75 28 belopp
495 752 144 27 obligationer.
669 752 50 20 Alla
735 752 67 27 öfriga
818 752 75 20 fonder
908 752 71 25 borde,
994 751 34 21 sä-

200 780 45 21 vidt
268 780 83 27 möjligt
365 782 29 24 är,
410 787 86 20 operera
512 781 47 20 med
576 781 138 26 obligationer
730 781 39 20 och
785 781 71 20 lemna
871 780 156 21 läneverksam-

199 808 64 21 heten
286 809 75 21 endast
383 809 21 20 ät
426 809 265 21 amortissementsfonden.
721 808 33 21 Dä
770 809 69 20 skulle
856 815 47 14 man
921 808 61 21 hafva
998 814 25 15 en

200 837 101 27 öfversigt
316 837 21 20 af
353 837 96 28 beloppet
466 838 20 20 af
500 838 68 20 finska
584 840 79 18 statens
679 837 98 28 utlåning
793 837 25 27 pä
833 837 96 20 enskilda
940 837 86 20 händer.

199 864 42 21 Det
258 865 71 21 kunde
352 865 95 22 befinnas
463 866 73 27 nödigt
552 873 24 14 ur
591 866 99 21 financiel
706 866 109 27 synpunkt
831 867 29 19 att
876 865 66 21 fixera
960 866 66 20 maxi-

200 894 130 26 mibeloppet
352 894 27 27 pä
401 901 79 14 samma
496 897 40 18 sätt
552 901 45 14 som
614 895 59 20 fallet
688 896 24 18 är
727 895 47 20 med
792 893 235 27 undsättningsfonden,

200 928 47 14 som
272 923 38 20 har
331 929 26 14 en
373 923 48 20 med
438 923 70 21 denna
524 923 107 27 beslägtad
648 922 154 21 bestämmelse.
832 922 55 21 Dess
903 922 124 20 maximibe-

200 950 50 28 lopp
267 952 22 19 är
304 950 91 22 fixeradt
410 951 31 21 till
456 955 31 17 tre
503 952 107 26 miljoner;
627 952 54 20 hvad
698 958 45 14 som
760 951 98 21 deröfver
872 950 69 21 finnes
956 951 5 19 i
974 950 54 20 und-

200 980 191 26 sättningsfonden,
409 980 35 20 bör
459 980 25 26 gä
500 980 29 20 till
546 980 141 21 statsmedlen.
718 979 42 21 Det
775 980 71 20 kunde
863 979 104 21 mähända
978 986 49 13 vara

201 1008 74 26 nödigt
291 1011 29 17 att
335 1010 67 18 staten
419 1008 68 21 skulle
504 1008 101 26 begränsa
622 1009 69 20 denna
707 1008 31 21 sin
756 1008 183 20 läneverksamhet
955 1008 30 20 till
999 1009 30 19 ett

201 1036 106 22 bestämdt
323 1036 81 28 belopp,
419 1037 89 21 sälunda
523 1040 30 18 att
568 1037 41 21 alla
624 1037 34 21 län
675 1037 99 20 hänföras
790 1036 31 21 till
837 1043 27 14 en
879 1036 56 26 fond,
951 1036 76 20 liksom

201 1065 41 20 alla
259 1067 79 19 statens
354 1065 86 21 skulder
455 1066 31 20 till
502 1072 25 14 en
544 1066 57 20 fond.
632 1066 40 26 Jag
688 1072 62 14 anser
760 1067 30 19 att
802 1065 57 21 detta
870 1065 77 26 förslag
959 1064 70 20 skulle

201 1094 6 20 i
224 1094 105 27 väsentlig
343 1094 51 26 grad
411 1094 86 27 bidraga
512 1094 32 20 till
560 1094 83 27 önsklig
659 1094 49 20 reda
724 1094 6 20 i
742 1093 236 27 räkenskapsböckerna
989 1093 40 20 och

201 1122 110 20 dessutom
335 1125 44 18 tror
401 1123 34 26 jag
458 1125 30 18 att
508 1123 25 21 de
549 1123 81 25 dubier,
646 1129 44 14 som
707 1122 47 21 frän
771 1122 112 21 utskottets
899 1122 45 20 sida
960 1121 69 21 blifvit

201 1151 84 25 yttrade
301 1153 44 19 mot
360 1151 70 21 denna
445 1151 242 22 amortissementsfonds
703 1151 185 21 läneverksamhet
903 1150 68 26 skulle
983 1150 46 20 här-

201 1179 86 27 igenom
303 1179 73 21 kunna
392 1180 78 20 häfvas.

272 1236 201 27 Kontraktsprosten
500 1236 162 27 Grönberg
685 1236 96 21 biträdde
804 1236 142 20 öfverläraren
969 1235 62 20 Kihl-

201 1271 62 14 mans
286 1265 129 20 reservation
438 1265 48 20 med
508 1265 40 20 den
569 1265 21 20 af
605 1267 83 25 prosten
705 1265 109 20 Johnsson
830 1264 73 27 gjorda
919 1263 111 21 inskränk-

201 1294 87 27 ningen.

272 1351 88 20 Prosten
384 1350 97 27 Hjelt:
512 1350 41 21 Vid
577 1351 128 20 inrättandet
728 1351 22 20 af
768 1349 260 22 amortissementsfonden

202 1379 22 20 är
241 1380 56 20 1859
315 1379 125 25 bestämdes,
456 1381 29 18 att
501 1379 69 20 denna
586 1379 62 20 fonds
664 1379 120 27 tillgängar,
800 1378 69 21 sävidt
884 1378 25 21 de
925 1378 19 27 ej
957 1377 72 21 behöf-

203 1414 36 14 vas
255 1407 32 21 till
303 1407 145 27 ligviderande
460 1407 22 21 af
492 1407 174 26 statsskulderna,
675 1407 57 27 finge
744 1407 84 21 utlänas
839 1407 68 20 under
918 1406 47 26 fyra
973 1405 56 21 olika

202 1436 125 27 kategorier,
344 1436 115 27 nämligen:
476 1436 31 21 till
522 1437 132 25 kommuner,
667 1436 76 25 städer,
755 1435 125 20 industriela
890 1435 140 26 inrättningar

202 1468 55 17 samt
281 1465 140 26 uppodlingar
442 1465 21 19 af
486 1470 80 15 mossor
588 1465 39 20 och
646 1465 146 26 torrläggning
808 1464 21 20 af
845 1464 47 19 kärr
908 1463 47 20 med
972 1468 58 14 mera

202 1493 75 26 dylikt.
308 1492 48 21 Men
380 1499 29 13 nu
431 1493 55 20 visar
508 1493 36 20 det
563 1493 33 26 sig
611 1495 29 18 att
656 1493 35 20 det
707 1492 68 21 finnes
791 1492 66 20 andra
873 1492 112 25 tillgängar
1000 1492 30 19 att

203 1521 66 20 anlita
285 1521 32 20 för
333 1521 46 20 dem
397 1527 45 14 som
458 1521 66 20 önska
539 1521 49 20 läna
604 1521 6 20 i
627 1521 60 20 dessa
704 1520 136 21 hänseenden
856 1520 39 21 och
911 1519 71 21 derför
992 1519 39 20 hör
