1103 1811
315 142 162 18 Presteståndet
488 143 59 17 1882.
571 143 27 17 25
611 143 47 21 maj.
818 138 53 21 1507

72 210 26 28 på
113 212 41 20 den
171 210 169 28 medborgerliga
356 211 159 27 lagstiftningen
532 212 69 20 under
613 211 88 21 fredstid
713 212 75 20 förstår
797 212 35 26 jag
842 212 57 25 icke;

72 240 19 26 ej
107 240 68 20 heller
189 238 76 22 förstår
279 240 36 26 jag
330 242 31 18 att
376 240 114 26 intagande
506 240 21 20 af
542 240 71 21 denna
623 240 98 28 paragraf
733 240 69 21 skulle
812 240 88 21 inverka

71 268 26 27 på
113 267 148 28 lagförslagets
276 268 67 27 öfriga
358 268 127 28 paragrafer.

141 324 89 21 Prosten
252 324 185 28 Rosengren:
468 325 49 21 Med
540 325 117 28 anledning
671 325 22 21 af
708 326 105 27 professor
828 325 71 22 Rune-

73 353 62 27 bergs
155 353 141 28 anmärkning
317 356 50 23 mot,
388 356 30 19 att
437 353 36 22 det
488 354 6 21 i
510 354 12 27 &
538 355 25 20 77
579 354 7 20 i
602 354 235 21 utskottsbetänkandet
856 354 44 21 står

74 382 81 20 »under
176 381 51 21 eller
249 381 54 22 efter
326 381 132 28 drabbning»
475 383 6 20 i
497 382 70 21 stället
588 383 33 20 för
636 383 64 21 orden
720 383 17 20 »i
754 383 58 26 fälts,
827 382 72 21 hvilka

72 410 131 21 förekomma
218 410 6 20 i
240 410 113 27 kejserliga
375 411 163 27 propositionen,
560 411 38 21 ber
618 412 36 27 jag
673 413 29 19 att
717 411 21 21 få
754 411 100 21 anmärka
870 413 30 19 att

72 439 107 26 uttrycket
202 439 19 20 »i
243 439 50 21 fält»
317 441 24 19 är
363 439 70 22 alltför
450 440 95 26 allmänt,
560 440 90 21 emedan
665 440 87 21 dermed
768 440 74 21 förstås
858 440 42 20 alla

73 470 61 23 orter,
156 473 46 15 som
224 469 36 19 äro
283 467 90 22 berörda
395 468 22 21 af
439 468 73 27 kriget.
542 468 46 21 Den
612 469 38 20 här
664 469 102 26 stadgade
782 468 116 21 straffarten

73 496 68 21 skulle
164 503 48 14 vara
232 496 105 28 olämplig,
361 503 33 14 om
418 497 41 21 den
483 497 69 21 skulle
574 497 105 27 tillämpas
701 497 24 21 så
747 497 87 21 allmänt
854 503 45 15 som

75 525 18 20 »i
109 525 58 20 fält».

141 582 83 21 Tohtori
241 581 115 22 Geitlin
373 582 37 27 piti
426 585 62 23 myös
503 583 170 27 sopimattomina
685 584 25 20 77
724 583 34 26 $:n
769 585 60 19 sanat
842 585 57 25 »tap-

74 610 83 28 pelussa
180 610 43 21 tahi
245 616 37 15 sen
304 610 95 27 jälkeen»
418 611 50 21 sekä
484 611 67 21 halusi
568 612 92 26 provasti
674 611 161 27 Rosengrenilta
850 611 49 21 seli-

74 641 61 25 tystä,
150 639 65 21 miten
234 639 169 25 menetettäisiin,
419 640 32 26 jos
468 640 51 27 joku
535 646 68 15 ennen
615 640 99 27 tappelua
724 640 89 27 ryhtyisi
824 640 75 20 maini-

73 671 58 17 tussa
146 667 112 28 pykälässä
273 667 126 27 kiellettyyn
415 668 149 21 anastukseen.

142 724 142 28 Domprosten
298 724 137 22 Renvall:
467 725 110 21 Professor
591 726 114 27 Runeberg
720 726 92 20 nämnde
823 728 29 19 att
863 732 36 14 en-

74 753 37 28 ligt
128 753 142 21 betänkandet
291 753 47 25 den,
354 760 46 14 som
416 754 98 21 beröfvar
529 754 69 27 nägon
613 755 32 21 till
660 754 41 22 den
716 754 111 28 fiendtliga
842 756 57 24 trup-

73 788 41 21 pen
130 782 93 20 hörande
238 788 76 21 person
330 782 53 21 hans
399 782 153 27 tillhörigheter
562 783 91 21 emellan
665 783 177 27 drabbningarne,
853 783 46 20 icke

74 810 68 21 skulle
165 810 64 21 blifva
249 810 92 21 straffad.
371 810 28 21 Sä
415 811 100 21 förhäller
530 811 36 21 det
580 812 33 27 sig
628 811 64 21 likväl
708 811 52 21 icke.
790 811 38 21 Att
842 811 56 20 frän-

74 843 47 23 taga
144 845 26 14 en
193 838 69 21 fiende
285 839 52 20 hans
357 839 154 28 tillhörigheter
533 840 69 21 under
617 840 52 21 eller
683 840 54 21 efter
752 839 147 28 drabbningen

73 874 62 15 anses
158 867 66 27 enligt
246 867 236 22 utskottsbetänkandet
496 869 33 20 för
544 869 115 27 plundring
678 869 38 20 och
733 868 81 21 straffas
830 868 69 21 säsom

73 896 66 20 sådan
163 895 66 28 enligt
252 896 26 26 $$
299 897 26 19 72
349 897 39 19 och
411 897 32 24 75,
460 897 39 21 och
514 897 19 27 ej
550 897 69 21 såsom
635 897 60 21 stöld.
726 897 39 21 Om
781 903 26 15 en
823 903 76 21 person

75 924 96 22 beröfvar
195 930 26 15 en
244 924 71 21 fiende
338 924 53 21 hans
414 925 100 27 egodelar
532 926 78 20 mellan
626 926 176 26 drabbningarne,
818 925 81 21 straffas

74 954 40 20 han
131 953 95 21 deremot
241 953 69 21 säsom
326 953 33 21 för
369 953 54 21 stöld
439 954 6 20 i
462 954 115 21 allmänhet
587 954 67 28 enligt
663 954 98 28 gällande
772 954 40 27 lag.
837 953 62 21 Hvad

74 982 44 20 åter
133 982 106 26 professor
254 981 75 21 Cleves
345 982 149 27 anmärkning,
509 985 30 19 att
555 984 26 19 72
598 984 12 26 $
625 983 7 20 i
648 983 113 27 kejserliga
776 982 123 28 propositio-

74 1016 41 15 nen
139 1012 23 18 är
184 1010 106 21 utesluten
313 1010 46 20 frän
380 1010 113 22 utskottets
508 1011 139 28 betänkande,
663 1011 103 27 beträffar,
782 1010 68 22 skulle
864 1011 35 27 jag

74 1039 32 21 för
121 1039 44 20 min
181 1038 34 21 del
230 1038 73 22 förena
319 1039 43 27 mig
378 1039 47 21 med
442 1040 106 26 professor
559 1040 64 21 Cleve
634 1040 39 21 och
683 1046 57 20 anse,
751 1042 31 19 att
794 1046 34 14 om
840 1045 59 21 para-

74 1067 73 27 grafen
167 1067 64 21 också
245 1067 48 21 icke
308 1069 23 19 är
346 1068 130 28 fullkomligt
495 1068 127 28 nödvändig,
638 1075 49 15 vore
703 1068 36 21 det
753 1068 65 21 likväl
833 1068 66 27 lämp-

73 1096 39 27 ligt
136 1096 40 20 och
198 1096 78 27 nyttigt
291 1098 30 18 att
336 1096 105 21 bibehålla
458 1096 124 22 densamma
597 1098 39 20 och
652 1098 45 20 deri
712 1098 88 20 hänvisa
815 1096 32 21 till
862 1096 37 21 all-

74 1126 49 19 män
138 1124 40 27 Jag.

143 1181 200 28 Kontraktsprosten
365 1181 61 22 Sten
439 1182 77 21 bäck:
540 1182 58 22 Minä
613 1183 101 26 yhdistyn
730 1183 67 21 siihen
813 1182 86 21 lausun-

74 1212 57 24 toon,
145 1210 64 27 jonka
224 1210 173 27 tuomioprovasti
413 1210 91 21 Renvall
519 1211 57 21 antoi
592 1218 50 14 arm.
652 1211 106 27 esityksen
773 1211 26 21 72
810 1211 33 28 8:n
854 1211 45 26 joh-

74 1239 65 20 dosta.
169 1238 133 21 Ehdottaisin
325 1239 44 25 siis,
391 1241 42 19 että
455 1240 141 27 päätettäisiin
620 1240 96 27 säilyttää
742 1241 56 20 tämä
823 1239 76 27 pykälä

74 1267 63 21 laissa
158 1267 22 27 ja
204 1267 120 27 jätettäisiin
348 1267 92 27 pykälän
463 1268 185 21 muodostaminen
671 1268 165 25 valiokunnalle,
850 1268 49 27 joka

74 1296 49 21 saisi
145 1295 110 21 asiakseen
278 1296 89 21 sovittaa
390 1298 56 19 tässä
465 1297 111 26 pykälässä
586 1299 104 25 määrätyt
700 1297 200 20 rankaistusmäärät

73 1324 195 27 yhdenmukaisiksi
293 1325 71 20 niiden
386 1325 215 22 rankaistusmäärien
624 1326 82 27 kanssa,
728 1326 58 27 jotka
798 1325 101 27 yleisessä

73 1353 63 21 laissa
152 1359 25 14 on
194 1353 95 27 säädetty
305 1353 93 27 puheina
413 1353 89 22 olevista
517 1354 118 21 rikoksista.

142 1409 109 22 Professor
267 1410 139 25 Forsman,
425 1411 31 20 J.:
489 1411 90 28 Näyttää
594 1411 48 21 siltä
653 1411 51 21 kuin
720 1411 96 22 edelliset
832 1411 67 21 arvoi-

73 1440 32 19 sat
124 1439 90 26 puhujat
235 1439 130 27 pelkäisivät,
388 1441 47 25 että,
458 1440 34 27 jos
514 1440 77 27 pykälä
613 1440 129 27 pyhittäisiin
765 1440 52 27 pois,
838 1441 62 19 nämä

73 1467 94 21 rikokset
187 1467 82 27 jäisivät
289 1467 66 21 sodan
372 1468 76 20 aikana
463 1468 112 21 kokonaan
592 1468 168 21 rankaisematta.
790 1468 40 27 Ne,
845 1468 55 20 niin-

73 1495 52 20 kuin
150 1497 61 18 muut
230 1495 99 28 rikokset,
345 1496 50 27 joita
411 1496 20 21 ei
446 1496 34 21 ole
496 1496 136 21 sotilaslaissa
647 1497 104 25 mainittu,
767 1497 81 20 tulevat
862 1496 37 21 tie-

73 1523 50 27 tysti
139 1523 166 22 rankaistavaksi
321 1524 81 27 yleisen
419 1525 41 20 lain
473 1525 91 21 mukaan
575 1525 21 27 ja
606 1525 37 21 siis
653 1525 122 21 kovemmin
787 1525 51 21 kuin
849 1531 50 14 arm.
