1103 1811
217 129 54 21 1492
428 134 161 18 Presteståndet
600 135 58 17 1882.
683 136 26 16 25
723 135 47 21 maj.

187 203 157 27 förvaltningen
360 203 21 21 af
396 203 100 21 Finlands
510 204 68 26 Bank,
590 204 109 20 äfvensom
711 206 31 18 tre
753 203 136 28 suppleanter
899 204 32 20 för
941 203 71 27 hvarje

187 232 66 20 Stånd
268 232 33 20 för
316 234 29 19 att
361 232 34 21 vid
411 232 125 21 inträffande
552 232 69 21 förfall
637 232 71 28 intaga
724 232 60 21 deras
800 232 70 25 ställe;

257 291 54 18 samt
333 291 30 18 att
385 289 106 21 arvodena
512 290 33 20 för
560 289 105 21 ordinarie
682 288 190 28 bankfullmäktige
888 289 68 20 skulle
971 288 42 21 för-

187 317 66 21 blifva
269 317 35 21 vid
319 318 95 20 härförut
430 317 107 22 bestämda
553 317 85 28 belopp;

254 374 11 21 I
281 374 62 27 öfrigt
358 375 36 27 gaf
409 374 125 22 berättelsen
550 375 18 27 ej
586 375 115 27 anledning
717 375 31 21 till
764 374 145 28 anmärkning.

255 431 42 22 Vid
313 432 115 27 detaljerad
444 432 129 27 granskning
588 432 22 21 af
625 432 112 21 utskottets
752 431 79 28 förslag
842 431 31 21 till
884 431 128 27 ändringar
1000 427 15 37 i

187 460 187 28 bankreglemente
397 461 38 20 och
450 460 32 21 till
497 461 129 20 instruktion
641 460 34 21 för
691 460 196 27 bankfullmäktige,
903 460 110 27 godkände

187 488 88 22 Ståndet
298 489 101 26 enhälligt
421 489 105 26 förslagen
550 489 129 21 beträffande
701 489 27 26 $$
750 489 19 25 6,
786 489 33 26 65,
835 489 33 25 72,
884 489 32 26 77,
933 489 32 26 79,
980 489 33 26 84,

185 517 35 26 86,
235 518 34 25 89,
285 518 32 25 90,
333 518 34 25 91,
383 518 32 25 94,
431 518 32 22 95,
480 519 32 24 99,
530 518 46 26 111,
591 518 102 27 sistsagde
709 519 13 25 &
738 517 68 28 enligt
826 517 36 21 det
876 517 7 20 i
899 517 114 22 betänkan-

186 546 36 21 det
244 546 105 27 ingående
372 547 55 20 förra
450 546 117 25 alternativ,
584 547 26 26 $$
628 547 40 20 114
683 547 41 20 och
740 547 40 20 135
797 546 6 20 i
819 546 195 27 bankreglementet

185 575 111 20 äfvensom
319 575 70 26 första,
411 575 70 25 andra,
496 575 68 27 tredje
585 575 39 21 och
640 575 67 27 fjerde
723 575 187 20 slutresolutionen
927 575 12 20 å
953 575 60 20 sidan

186 604 34 23 33,
235 606 54 18 samt
312 603 93 27 följande
428 610 62 14 mom.
506 604 6 20 i
530 603 41 21 den
594 604 111 20 förordade
729 603 158 21 instruktionen
901 603 33 21 för
949 603 65 20 bank-

186 632 139 27 fullmäktige,
342 632 104 27 nämligen
462 638 64 14 mom.
542 639 17 19 a,
576 632 19 26 b,
611 638 17 20 c,
644 632 19 25 d,
679 638 18 18 e,
714 632 13 26 f,
743 639 19 20 g,
785 632 7 20 h
808 632 38 20 och
857 632 13 20 i.
893 644 12 2 —
914 631 100 21 Deremot

186 660 43 21 blef
245 660 112 21 utskottets
372 660 78 27 förslag
464 660 32 21 till
511 660 115 28 ändringar
640 660 21 21 af
677 661 26 26 $$
716 661 26 20 58
754 660 39 21 och
809 661 27 20 88
852 660 53 21 efter
919 660 95 21 anstälda

187 689 120 27 voteringar
329 689 120 25 förkastadt,
470 690 39 20 och
530 689 69 21 skulle
615 689 60 21 dessa
692 689 122 27 paragrafer
829 688 115 22 bibehällas
959 688 54 21 oför-

188 717 93 21 ändrade
297 717 78 21 sädana
391 718 25 20 de
431 718 50 26 lyda
496 718 6 20 i
519 724 29 14 nu
563 718 98 27 gällande
677 718 136 26 reglemente.

255 774 64 21 Mom.
335 775 19 23 k,
369 775 7 20 i
392 775 99 26 förslaget
512 775 31 20 till
563 776 128 20 instruktion
707 775 33 20 för
755 775 190 26 bankfullmäktige
961 774 53 21 äter-

185 803 147 20 remitterades
351 803 87 21 tillbaka
453 803 31 21 till
499 804 102 20 utskottet
616 804 32 20 för
663 805 30 19 att
708 803 163 21 omformuleras
885 804 8 19 i
908 803 106 21 öfverens-

185 831 121 21 stämmelse
329 832 49 21 med
401 832 97 21 Ständets
520 833 139 20 förenämnda
682 832 70 21 beslut
775 831 110 28 angäende
908 831 106 21 bankfull-

185 860 104 27 mäktiges
313 861 92 20 arvoden
421 863 54 18 samt
489 861 49 20 med
553 860 136 28 iakttagande
705 861 21 20 af
742 861 56 20 hvad
813 860 102 21 utskottet
930 861 6 20 i
952 860 63 27 öfrigt

185 889 44 48 a,
239 889 57 20 detta
319 891 93 19 moment
427 889 107 27 föreslagit
549 889 39 21 och
604 890 46 20 icke
665 889 44 21 står
724 890 6 20 i
748 889 51 21 strid
816 891 44 18 mot
875 889 138 20 nästnämnde

199 919 60 18 eslut.

255 974 78 22 Vidare
357 975 167 21 öfverlemnades
547 974 21 22 ät
591 975 100 21 utskottet
714 977 31 19 att
768 974 53 21 efter
841 974 32 28 sig
893 974 121 21 företeende

184 1003 182 27 omständigheter
387 1003 113 21 formulera
519 1004 109 26 ingressen
644 1004 30 20 till
690 1004 141 26 reglementet
846 1005 54 19 samt
915 1003 99 21 slutreso-

184 1031 98 21 lutionen
299 1032 11 20 &
325 1032 60 20 sidan
401 1032 27 20 36
444 1032 39 21 och
505 1032 99 27 slutligen
629 1032 121 21 anmärktes
773 1032 31 21 till
828 1032 87 27 behörig
930 1031 83 21 rättelse

184 1060 94 27 följande
293 1061 192 27 öfversättningsfel
500 1061 7 20 i
523 1061 41 21 den
580 1060 68 22 finska
663 1063 79 23 texten,
759 1060 117 28 nämligen:

254 1118 53 20 efter
323 1118 59 21 ordet
399 1120 79 19 »tässä»
495 1118 26 28 pä
538 1118 26 21 16
576 1118 64 21 raden
655 1118 6 21 i
672 1118 10 27 $
695 1118 12 20 6
720 1118 21 21 af
756 1118 140 27 reglementet
911 1117 102 21 saknades

185 1146 60 21 ordet
263 1146 162 21 »katsannossa»
443 1147 39 21 och
498 1147 64 21 borde
579 1147 37 21 der
631 1146 97 28 tilläggas
744 1148 56 19 samt
814 1147 8 19 i
837 1153 63 14 mom.
916 1146 19 23 k,
950 1146 6 21 i
972 1146 41 20 för-

184 1174 69 28 slaget
276 1175 29 21 till
329 1176 127 20 instruktion
479 1175 26 28 pä
522 1176 26 20 18
564 1176 65 20 raden
653 1176 60 20 ordet
732 1175 221 28 »palveluspäivältä»,
969 1181 45 14 som

184 1203 70 21 skulle
270 1203 85 27 utbytas
372 1204 30 20 till
418 1204 60 21 ordet
494 1204 125 27 »päivältä»;

253 1262 30 19 att
307 1260 87 21 Ständet
415 1261 35 20 vid
473 1261 151 28 föredragning
646 1261 21 21 af
682 1263 30 20 ett
727 1261 48 21 frän
791 1260 178 28 Borgareständet
983 1260 32 20 in-

184 1289 95 21 kommet
300 1289 192 28 protokollsutdrag
513 1290 150 21 innehållande
683 1290 131 27 inbjudning
829 1289 31 21 till
876 1289 139 21 medständen

182 1319 32 19 att
235 1318 74 21 förena
333 1318 31 27 sig
387 1325 34 14 om
442 1318 188 27 Borgareständets
646 1319 70 20 beslut
731 1318 131 21 beträffande
878 1318 58 20 2:dra
952 1324 62 14 mom.

184 1346 51 21 1:sta
261 1347 4 26 $
285 1347 3 20 i
304 1349 150 18 sammansatta
476 1347 44 26 lag-
535 1347 40 21 och
598 1347 215 21 ekonomiutskottets
833 1347 78 27 förslag
927 1346 31 21 till
973 1347 42 20 tör-

182 1375 94 27 ordning
301 1375 108 27 angäende
433 1375 189 28 skjutshällningen
647 1376 39 21 och
709 1375 182 28 gästgifverierna,
913 1374 102 27 enhälligt

183 1403 87 21 beslutit
293 1405 30 19 att
345 1403 48 21 med
416 1403 129 28 frängäende
568 1405 22 20 af
610 1405 36 20 sitt
660 1405 7 20 i
683 1405 75 26 frågan
778 1404 58 21 förut
851 1403 78 22 fattade
945 1403 70 21 beslut

181 1434 79 25 antaga
275 1431 188 28 Borgareständets
478 1433 139 21 förevarande
632 1433 136 27 inbjudning.
