1103 1811
230 142 54 20 1846
456 147 162 18 Presteståndet
632 148 57 16 1882.
708 141 11 32 6
737 148 52 20 juni.

269 216 99 21 Provasti
395 216 140 22 Stenbäck
561 216 69 21 katsoi
657 216 206 22 välttämättömäksi
885 218 66 26 pysyä
974 217 53 21 siinä

200 244 158 28 mielipiteessä,
371 244 67 27 jonka
453 244 64 28 Sääty
534 245 27 21 oli
578 245 99 21 lausunut
693 244 109 22 Servaalin
818 248 106 18 asemasta
939 245 89 27 päätök-

200 275 95 24 sessään,
315 273 70 27 jott'ei
408 280 22 14 se
453 273 57 21 tulisi
533 274 124 21 ainoastaan
681 273 164 22 asianomaisten
868 274 90 21 tiedoksi
974 280 54 15 vaan

200 305 61 24 myös
276 302 77 21 heidän
369 302 225 21 noudatettavakseen.

270 359 111 21 Professor
404 359 147 27 Runeberg
572 359 111 27 päpekade
704 361 32 19 att
758 365 34 15 om
808 359 160 21 Presteständet
983 359 44 20 vid-

203 388 57 21 hölle
281 388 36 21 sitt
333 388 77 26 beslut,
425 388 35 21 tvä
476 387 66 22 Ständ
558 388 70 20 skulle
644 387 63 22 hafva
722 387 88 22 beslutit
826 389 32 20 att
874 387 55 27 gifva
945 387 84 27 delega-

201 417 75 20 tionen
299 416 38 21 full
360 416 64 21 frihet
446 415 39 22 och
500 417 36 20 tvä
556 416 66 21 Ständ
638 418 89 19 motsatt
743 416 31 27 sig
792 416 64 27 detta,
871 416 72 21 hvilka
959 416 70 21 beslut

202 445 37 21 det
260 445 69 21 blefve
350 445 59 20 svårt
427 447 31 19 att
474 445 79 26 förena,
570 447 54 19 samt
640 445 65 26 ansåg
722 447 32 19 att
770 445 90 21 Ständet
875 445 66 20 borde
957 445 72 20 kunna

201 479 53 16 vara
277 473 134 27 öfvertygadt
433 480 40 19 om,
494 475 32 20 att
549 474 48 21 dess
619 473 173 22 förtroendemän
815 473 19 27 ej
857 473 68 22 skulle
944 473 85 26 placera

202 502 152 21 ständerhuset
369 502 28 27 pä
413 502 39 21 den
468 502 56 27 plats
540 502 90 22 Ständet
645 509 62 15 anser
722 509 52 14 vara
789 502 141 27 olämpligast.

270 559 155 28 Kyrkoherden
451 559 73 27 Lyra
549 559 97 27 upplyste
669 566 34 15 om
726 561 32 20 att
783 560 25 20 de
832 559 68 22 skilda
923 559 105 22 Ständens

200 588 241 26 diskussionsprotokoll
464 589 5 19 i
494 588 203 26 ständerhusfrägan
720 588 66 25 enligt
801 590 31 19 ett
847 589 6 19 i
869 588 104 21 utskottet
988 587 40 21 fat-

200 617 48 20 tadt
271 616 71 22 beslut
365 616 40 21 bör
420 616 22 21 af
455 617 117 21 utskottets
593 616 127 22 ordförande
736 616 125 27 expedieras
877 616 31 21 till
925 616 39 22 den
981 616 47 21 blif-

199 646 70 20 vande
286 645 146 26 delegationen
448 652 75 19 genom
540 646 246 26 expeditionsutskottet,
803 645 24 21 sä
838 647 31 19 att
880 645 147 26 delegationen

200 680 42 21 nog
265 674 95 27 tydligen
384 674 32 20 får
432 680 21 15 se
469 674 55 21 hvad
540 674 161 22 Presteständet
716 674 63 21 tänkt
795 674 38 21 och
850 676 66 24 yttrat
932 674 38 21 och
986 674 42 20 kan

200 704 58 20 rätta
273 703 32 27 sig
321 702 100 22 derefter.

271 760 70 21 Sedan
365 760 147 21 diskussionen
535 760 115 21 förklarats
670 760 102 26 afslutad,
789 760 49 25 blef,
855 760 65 21 sedan
936 760 34 20 vid
986 760 40 20 den

200 789 27 26 pä
245 788 93 27 begäran
355 788 121 21 verkstälda
499 789 123 26 voteringen
639 789 127 20 röstantalet
782 788 79 21 utfallit
877 789 47 20 med
942 789 24 20 16
983 790 44 19 mot

201 817 33 25 16,
258 817 173 21 Presteständets
453 823 75 20 genom
553 817 40 21 den
616 817 83 26 aflagda
722 816 72 22 sedeln
814 817 80 20 fattade
911 817 69 20 beslut
995 819 32 18 att

200 845 32 21 till
257 845 42 21 alla
322 845 60 21 delar
405 845 112 26 godkänna
536 846 247 21 ständerhusutskottets
798 845 159 26 ifrägavarande
973 851 54 15 sam-

199 874 257 27 manjemkningsförslag,
481 874 39 21 och
543 875 54 20 hade
620 875 90 20 Ständet
732 875 31 20 till
780 873 52 28 följd
848 874 22 21 af
885 874 58 21 detta
959 874 69 21 beslut

199 902 64 21 äfven
279 903 34 21 för
335 903 32 21 sin
391 903 34 21 del
448 903 80 21 lemnat
548 903 277 25 ständerhusdelegationen
842 903 39 20 fria
897 903 80 21 händer
993 902 34 20 vid

200 931 58 21 valet
273 931 23 21 af
310 933 54 19 tomt
379 931 33 21 för
427 931 35 21 det
479 931 106 21 blifvande
600 931 158 21 ständerhuset.

270 1074 57 22 Frän
351 1074 107 21 allmänna
474 1075 193 21 besvärsutskottet
682 1075 61 26 hade,
760 1074 133 22 beträffande
908 1075 73 25 anslag
997 1074 31 21 till

199 1103 273 26 universitetsbiblioteket,
495 1104 32 20 till
549 1104 160 21 Presteständet
725 1104 119 21 ankommit
859 1109 25 15 en
899 1103 24 21 sä
939 1102 90 28 lydande

200 1131 93 28 skriftlig
309 1132 136 21 hemställan:

432 1217 40 21 Till
488 1217 137 27 Högvördiga
640 1217 167 22 Presteständet.

271 1274 69 22 Sedan
363 1275 157 26 Ridderskapet
542 1275 39 21 och
605 1275 60 21 adeln
689 1277 56 19 samt
768 1275 84 20 Preste-
871 1275 40 20 och
926 1275 103 26 Borgare-

199 1303 92 21 ständen
311 1309 89 15 numera
423 1303 137 21 oförändradt
576 1304 81 26 antagit
673 1310 61 14 mom.
751 1304 21 25 a)
789 1303 7 20 i
812 1303 107 21 allmänna
935 1303 94 21 besvärs-

200 1332 119 21 utskottets
342 1332 136 21 betänkande
500 1332 108 26 angående
624 1332 94 27 förhöjdt
734 1331 74 27 anslag
824 1332 33 20 för
872 1331 157 22 universitetets

199 1360 110 21 allmänna
333 1360 102 21 bibliotek
457 1361 40 21 och
520 1361 160 21 Presteståndet
702 1361 96 26 godkänt
812 1360 78 27 jemväl
906 1366 61 15 mom.
985 1360 21 27 b)
1023 1361 6 20 i

199 1389 68 26 sagda
290 1389 142 26 betänkande,
455 1395 47 15 men
528 1389 95 22 deremot
645 1389 159 26 Ridderskapet
826 1389 39 20 och
889 1389 60 20 adeln
963 1389 66 26 jemte

199 1417 184 27 Borgareståndet
406 1418 83 21 förenat
512 1418 31 27 sig
564 1425 33 14 om
614 1418 93 27 följande
723 1418 137 25 formulering
876 1417 23 21 af
913 1418 116 21 sistnämda

201 1448 103 19 moment:

271 1505 46 24 »att
342 1503 118 21 Ständerna
475 1503 6 20 i
498 1503 68 21 denna
586 1504 31 20 sin
634 1503 105 21 aflåtande
755 1503 211 26 petitionsskrifvelse
983 1504 47 20 der-

195 1531 69 26 jemte
288 1531 49 21 ville
353 1531 112 22 framhålla
482 1532 171 21 önskvärdheten
669 1531 20 22 af
704 1535 32 18 att
753 1531 132 27 biblioteket,
902 1531 67 22 sävidt
986 1534 45 19 sär-
