1103 1811
328 132 162 17 Presteståndet
502 132 58 17 1882.
586 132 28 17 30
626 132 48 20 maj.
832 126 54 21 1625

87 200 170 28 propositionens
278 201 79 25 förslag
379 202 32 20 att
427 201 44 21 låta
488 201 182 27 tvistepunkterne
687 201 27 25 gå
729 200 31 22 till
777 200 64 27 laglig
858 200 57 21 dom-

87 230 42 21 stol
145 229 105 27 nämligen
266 229 33 22 till
314 229 88 26 hofrätt,
422 229 46 21 icke
485 230 70 20 såsom
572 229 57 21 förut
645 229 32 21 till
693 229 113 26 kejserliga
821 231 94 19 senaten.

87 259 40 25 Jag
144 259 33 20 för
192 258 42 21 min
251 258 34 21 del
300 260 24 19 är
339 258 82 21 således
437 258 61 27 villig
513 260 33 19 att
561 258 108 21 bibehålla
685 258 37 20 det
737 258 117 26 stadgande
870 264 45 14 som

87 287 66 20 finnes
169 287 5 20 i
191 286 39 21 den
247 286 112 27 kejserliga
374 287 161 26 propositionen
551 287 6 20 i
574 287 59 20 detta
649 286 126 21 hänseende.

159 348 111 22 Professor
292 349 123 21 Donner
437 349 100 21 framhöll
561 349 27 21 de
604 349 71 26 motiv,
693 355 45 14 som
751 348 106 21 föranledt
873 349 43 20 för-

88 377 123 27 ändringen.
239 378 42 21 Det
296 378 61 26 gälde
373 378 38 21 här
423 378 137 26 taxeringens
571 378 84 26 belopp,
666 377 82 22 således
760 379 31 19 ett
801 377 115 27 afgörande

89 406 23 21 af
126 406 45 21 helt
187 406 38 21 och
242 406 65 21 hållet
323 407 137 20 ekonomiska
477 407 77 26 frågor,
571 406 72 21 hvilka
658 406 46 21 icke
720 405 113 28 lämpligen
844 406 72 21 kunna

87 437 106 24 upptagas
213 435 21 20 af
253 435 114 21 hofrätten.
397 435 77 21 Dertill
490 435 50 21 kom
556 437 63 23 ännu,
636 437 31 18 att
684 441 33 14 om
734 435 72 26 dylika
822 434 94 21 beskatt-

88 463 136 28 ningstvister
247 463 68 22 skulle
331 463 84 26 afgöras
432 464 26 27 på
474 465 33 20 tre
524 464 57 21 olika
597 463 50 27 håll,
664 463 23 21 så
703 463 68 21 skulle
786 463 62 26 ingen
864 463 51 26 möj-

87 491 67 27 lighet
175 491 114 22 förefinnas
310 495 32 18 att
358 493 131 26 konseqvent
504 492 74 27 afgöra
596 492 46 21 dem
658 492 49 21 alla.
739 492 31 21 Ur
785 492 67 21 denna
868 498 47 20 syn-

88 521 69 26 punkt
172 527 50 15 vore
238 521 35 21 det
289 521 99 26 önskligt,
403 523 32 19 att
451 527 26 15 en
494 527 121 21 gemensam
632 520 122 27 myndighet
770 521 6 20 i
791 521 53 20 sista
859 520 56 21 hand

88 549 69 22 skulle
173 549 21 22 få
209 549 74 28 afgöra
298 550 61 21 dessa
376 550 77 26 frågor.

157 612 144 27 Proposition:

162 674 132 22 Godkänner
316 674 130 28 högvördiga
472 674 94 22 Ständet
586 675 174 32 ifrågavarande
776 674 139 21 resolutions-

87 704 84 27 förslag
185 704 31 27 pä
230 704 41 20 sid.
290 704 41 20 10?
347 704 42 20 den
404 704 35 20 det
452 706 46 24 gör,
514 710 80 14 svarar
603 704 41 27 ja;

158 766 80 21 vinner
259 766 43 27 nej,
325 766 42 21 har
391 766 94 21 Ständet
508 766 94 32 antagit,
617 766 9 20 i
642 766 96 27 enlighet
758 766 48 20 med
825 768 90 25 prosten

89 795 71 27 Hjelts
175 795 84 27 förslag
274 795 153 20 motsvarande
442 795 124 27 stadgande
580 795 10 20 i
605 795 83 27 nädiga
701 794 174 28 propositionen.

157 857 33 22 Dä
207 858 68 21 denna
290 858 131 27 proposition
437 864 76 20 genom
527 857 82 22 anstäld
623 858 96 27 votering
730 857 127 22 besvarades
868 857 48 21 med

90 887 26 20 18
131 887 22 25 ja
169 887 39 20 och
226 888 24 19 13
268 887 39 25 nej,
323 887 55 21 hade
394 887 91 21 Ständet
500 887 90 21 sälunda
606 887 86 20 beslutit
708 890 77 22 antaga
800 886 116 21 utskottets

89 915 186 25 omformulerade,
291 916 27 26 pä
333 915 38 21 sid.
391 916 24 20 10
426 916 6 20 i
444 915 146 21 betänkandet
600 917 93 25 antagna
703 914 212 27 resolutionsförslag.

159 978 68 21 Sedan
244 978 89 22 Ständet
348 978 27 27 pä
391 978 156 27 framställning
567 978 23 21 af
611 978 49 21 herr
683 978 174 21 Talmannen
881 978 35 20 be-

89 1006 60 22 slutit
166 1007 114 26 uppskjuta
295 1007 154 26 behandlingen
467 1007 23 21 af
503 1007 115 26 ingressen,
635 1007 31 21 till
683 1007 47 21 dess
746 1006 90 22 Ständet
852 1006 64 21 fattat

89 1036 37 20 sitt
141 1035 70 21 beslut
226 1036 91 20 rörande
333 1036 68 26 öfriga
423 1036 59 21 delar
499 1035 22 22 af
536 1035 143 27 lagförslaget,
699 1035 117 27 öfvergicks
832 1035 32 21 till
881 1035 34 21 de-

89 1064 90 26 taljerad
195 1064 130 27 granskning
341 1064 23 21 af
379 1064 240 27 författningsförslaget
634 1064 89 21 hvarvid

159 1127 25 26 $$
201 1128 54 20 1—3
271 1127 128 27 godkändes.

159 1189 134 21 Beträffande
306 1190 12 26 &
333 1191 13 19 4
361 1190 85 26 yttrade
462 1190 42 26 sig:

159 1252 117 21 Professori
297 1252 147 26 Forsman,
469 1253 24 21 G.
515 1253 23 20 Z.
560 1253 50 26 joka
632 1253 67 20 katsoi
723 1253 128 24 suotavaksi,
872 1254 44 20 että

89 1281 224 21 toimitusvaliokunta
329 1281 86 26 korjaisi
432 1281 92 27 pykälän
541 1282 138 21 suomalaista
694 1281 85 26 tekstiä,
788 1281 51 27 joka
850 1281 66 26 puhu-

86 1309 37 26 jan
140 1309 96 21 mielestä
252 1309 28 21 oli
296 1309 91 22 vähäsen
403 1311 107 26 epäselvä.
542 1310 116 26 Korjausta
672 1310 83 21 tarvitsi
772 1311 22 25 b)
810 1309 106 22 kohdassa

89 1338 143 21 kolmannella
253 1338 68 21 rivillä
336 1341 61 18 sanat
414 1345 50 18 ,sen
481 1339 29 26 yli
527 1339 49 20 siitä
592 1341 112 24 määrästä,
720 1339 70 26 joka",
805 1339 23 26 ja
843 1344 73 15 saman

89 1367 86 20 kohdan
196 1367 129 21 viidenneltä
341 1367 72 21 riviltä
429 1367 42 21 hän
489 1367 68 22 tahtoi
573 1367 161 27 poistettavaksi
750 1374 66 15 sanan
833 1367 83 25 ,siinä*.

157 1429 30 21 Pä
210 1429 155 27 framställning
380 1430 22 21 af
416 1429 50 22 herr
482 1429 176 22 Talmannen
675 1429 69 22 beslöt
760 1429 89 22 Ständet
864 1429 52 22 härä

88 1457 114 27 godkänna
218 1459 11 24 $
245 1459 19 25 4,
279 1458 40 20 och
335 1458 68 21 skulle
424 1459 108 20 utskottet
551 1458 70 21 tillika
635 1461 62 24 göras
714 1459 160 26 uppmärksamt
889 1459 27 25 pä

88 1486 184 26 nödvändigheten
296 1488 32 19 att
351 1486 115 27 förtydliga
490 1486 40 21 den
553 1486 69 22 finska
644 1489 79 24 texten,
746 1486 100 22 särskildt
862 1486 54 22 hvad

87 1514 133 21 vidkommer
235 1520 29 15 nu
279 1514 160 27 ifrägavarande
456 1515 108 26 paragraf.
