1103 1811
219 125 55 21 1742
435 130 163 18 Presteståndet
608 131 59 17 1882.
691 131 13 17 2
714 131 53 20 juni.

193 200 53 27 ning
267 200 55 21 hade
345 199 70 22 blifvit
436 199 78 28 gifven,
534 199 70 22 denna
618 200 55 21 hade
689 199 63 22 bordt
766 200 84 21 sträcka
865 200 32 28 sig
912 200 61 20 äfven
989 200 33 20 till

193 228 122 22 skollärare.
346 228 168 22 Presteständets
529 228 140 27 formulering
684 228 21 21 af
718 229 37 21 sitt
771 228 70 22 beslut
855 228 39 22 har
908 228 54 21 dock
975 228 47 21 blif-

192 257 31 21 vit
247 256 120 28 uppfattadt
389 256 61 22 olika.
480 256 42 28 Jag
544 256 123 28 uppfattade
689 257 65 21 saken
776 256 29 27 sä,
820 260 30 18 att
865 256 158 22 Presteständet

192 285 51 21 ville
259 285 84 21 besluta
357 288 31 18 att
403 285 46 21 icke
469 285 75 21 förena
558 286 33 27 sig
606 285 48 21 med
669 286 162 25 statsutskottet,
846 286 6 19 i
869 286 84 21 hvilken
969 285 54 26 äsigt

192 314 36 27 jag
245 313 92 28 styrktes
353 314 65 26 deraf,
433 316 30 19 att
478 313 88 22 Ständet
581 314 56 27 gjort
652 313 35 22 det
702 314 75 27 tillägg
792 316 30 19 att
834 314 115 21 skollärare
959 313 62 22 äfven

193 342 66 21 borde
283 342 80 22 erhälla
385 349 81 14 samma
485 342 172 28 löneförhöjning
671 349 46 14 som
734 343 67 27 öfrige
817 342 140 26 embetsmän;
973 349 49 14 men

193 371 26 21 de
243 371 67 28 öfrige
333 371 166 21 medlemmarne
522 371 21 21 af
565 371 159 22 Presteständet
742 371 7 21 i
768 371 155 21 statsutskottet
937 371 86 27 ansägo,

192 401 30 20 att
238 399 27 22 dä
281 399 89 22 Ständet
391 399 101 22 förklarat
507 400 33 27 sig
554 399 47 22 icke
617 400 50 27 vilja
683 400 66 21 uttala
764 400 33 27 sig
812 400 7 20 i
834 399 72 26 saken,
922 399 49 22 ville
987 400 36 21 det

193 428 88 21 dermed
297 428 42 21 läta
355 429 165 21 statsutskottets
535 428 109 21 uttalande
656 428 62 28 gälla.
746 428 97 21 Emedan
854 428 169 21 Presteständets

193 457 56 26 äsigt
271 457 47 21 icke
341 457 55 21 klart
411 457 101 27 framgick
528 463 26 14 ur
569 457 41 21 den
626 457 118 26 skrifvelse,
760 463 45 15 som
821 457 55 20 ifrän
892 457 131 21 Prestestän-

193 485 36 22 det
252 485 55 22 hade
333 485 69 22 blifvit
426 485 77 22 afläten
519 485 31 22 till
566 485 159 26 statsutskottet,
741 486 91 27 uppstod
848 485 72 28 frägan
937 492 40 19 om,
993 488 30 19 att

193 520 28 15 en
236 514 111 21 skrifvelse
371 514 64 21 borde
456 514 74 21 aflätas
549 514 33 21 till
597 514 158 21 Presteständet
770 515 33 20 för
818 516 30 19 att
863 514 21 21 fä
900 517 47 18 veta
962 513 61 22 Stän-

193 543 47 21 dets
263 543 94 27 mening,
377 549 48 15 men
441 549 76 22 genom
534 543 131 27 omröstning
681 543 43 21 blef
740 543 36 21 det
790 543 98 27 afgjordt,
903 545 30 19 att
948 549 25 15 en
989 543 33 20 sä-

195 571 41 21 dan
261 571 110 21 skrifvelse
394 571 47 22 icke
464 571 68 22 skulle
554 571 21 21 få
597 571 53 28 afgä
681 571 33 21 Då
732 571 38 22 det
785 571 117 21 emellertid
919 578 29 14 nu
963 573 23 19 är
1001 571 21 20 af

195 601 44 26 vigt
255 602 31 19 att
298 600 36 21 det
350 600 41 20 blir
405 600 60 27 klart,
475 600 86 21 hvilken
575 600 169 21 Presteständets
756 600 94 27 verkliga
863 599 53 28 äsigt
927 602 28 23 är,
966 606 56 14 eme-

194 628 41 21 dan
260 628 65 28 derpä
347 628 63 22 beror
431 628 105 22 huruvida
558 628 74 27 frägan
648 628 97 22 kommer
760 630 30 19 att
805 628 83 21 förfalla
904 628 51 21 eller
970 628 52 27 icke,

193 657 70 21 skulle
285 658 36 26 jag
343 664 30 14 nu
395 657 66 21 önska
484 659 30 19 att
536 657 88 21 Ständet
639 659 58 19 ännu
714 657 51 21 ville
783 657 66 21 uttala
864 658 33 26 sig
913 656 110 27 bestämdt,

193 686 108 21 huruvida
323 686 36 20 det
381 686 38 20 har
441 686 54 20 varit
517 685 99 22 Ständets
632 686 88 27 mening
734 688 30 18 att
780 686 73 20 förena
869 686 32 27 sig
916 686 30 20 uti
961 687 63 19 stats-

194 714 114 22 utskottets
323 714 90 22 klander
427 717 57 18 emot
498 714 132 28 regeringen.

265 771 88 21 Prosten
369 771 95 28 Hjelt:
495 771 42 28 Jag
552 772 38 20 har
605 771 47 21 icke
668 772 106 27 uppfattat
790 771 100 21 Ständets
907 770 68 21 beslut
989 771 33 20 sä-

193 806 45 15 som
256 799 142 22 öfverläraren
414 799 102 22 Kihlman
533 800 105 27 uppfattat
653 799 134 27 densamma;
803 799 33 21 för
851 800 43 20 min
911 799 33 21 del
957 799 66 27 ansäg

194 829 36 26 jag
253 831 31 18 att
306 829 155 27 propositionen
479 828 62 28 gälde
557 828 105 21 huruvida
677 828 65 27 nägot
758 828 101 21 afseende
874 828 68 21 skulle
958 828 65 20 fästas

196 857 34 20 vid
253 857 142 21 öfverläraren
417 857 112 21 Kihlmans
553 857 93 21 uttalade
661 857 55 28 äsigt
731 857 53 21 eller
799 857 53 20 icke.
882 856 88 21 Ständet
984 857 39 20 har

193 885 47 22 icke
257 887 65 20 röstat
337 892 34 15 om
387 885 117 27 nägonting
518 888 66 19 annat
599 887 25 19 än
642 886 105 20 huruvida
762 885 66 27 nägot
838 887 65 19 annat
913 885 108 21 uttalande

193 914 7 20 i
217 914 117 27 anledning
349 914 21 20 af
385 914 142 21 öfverläraren
544 914 111 21 Kihlmans
670 914 142 27 anmärkning
828 914 69 20 skulle
912 915 66 25 göras,
993 915 27 19 än

194 942 36 21 det
251 945 31 18 att
297 942 114 22 skollärare
427 942 65 22 borde
507 942 21 21 fä
543 942 177 28 löneförhöjning.
750 942 76 28 Nägon
842 942 129 28 proposition
986 948 34 14 om

193 971 167 21 statsutskottets
373 971 97 27 yttrande
481 971 48 21 kom
540 971 47 21 icke
602 971 7 21 i
624 971 65 27 fräga,
705 973 51 19 utan
773 971 158 27 propositionen
945 970 75 28 angick

194 1000 77 21 endast
286 1000 40 21 den
342 1000 140 27 anmärkning
497 1000 87 21 hvilken
600 1000 141 21 öfverläraren
757 999 102 21 Kihlman
875 999 78 27 gjorde.

261 1056 207 28 Kontrahtiprovasti
492 1056 157 22 Stenbäck
671 1057 70 21 lausui
765 1056 57 22 ett'ei
845 1056 64 28 sopisi
924 1056 96 21 kuluttaa

192 1086 87 26 Säädyn
303 1086 126 21 muutenkin
451 1085 94 22 niukkaa
567 1086 60 20 aikaa
651 1086 58 20 asian
726 1085 118 21 uudestaan
861 1084 160 22 keskustelemi-

191 1121 59 19 seen,
267 1121 53 14 vaan
337 1116 42 20 että
394 1114 46 21 olisi
456 1117 84 25 parasta
555 1116 123 19 suorastaan
694 1114 111 27 hyväksyä
820 1114 165 26 yhteensovitus.

260 1171 155 27 Kyrkoherden
431 1170 79 28 Lyra
526 1171 100 21 förenade
642 1171 32 27 sig
689 1171 49 21 med
754 1170 143 22 öfverläraren
914 1170 106 21 Kihlman.

262 1225 147 24 Öfverläraren
433 1228 155 21 Kihlman:
620 1227 40 22 Om
682 1227 170 22 Presteständets
874 1227 87 27 mening
983 1227 39 21 har

192 1257 55 21 varit
270 1257 41 21 den
335 1263 45 15 som
398 1257 36 28 jag
449 1257 39 21 och
503 1257 149 27 kyrkoherden
667 1256 56 28 Lyra
738 1258 70 19 ansett
824 1257 41 20 den
881 1263 56 18 vara,
952 1255 69 22 skulle

195 1287 80 20 tvänne
299 1285 65 22 Stånd
387 1285 32 21 stä
440 1288 57 18 emot
512 1285 41 27 två,
568 1286 39 21 och
623 1285 27 21 dä
665 1285 69 22 skulle
749 1285 49 21 hela
814 1285 98 21 klandret
926 1284 94 26 förfalla;

195 1321 51 14 men
271 1321 34 14 om
328 1314 162 26 Presteständet,
504 1314 70 21 säsom
590 1314 154 21 statsutskottet
760 1314 106 27 uppfattat
880 1313 72 26 saken,
966 1313 54 20 före-

192 1343 57 20 nade
273 1343 32 26 sig
326 1343 8 20 i
355 1342 164 28 Ridderskapets
540 1343 40 20 och
602 1341 172 23 Bondeständets
795 1342 124 21 uttalanden
936 1348 33 14 om
986 1341 35 21 det

192 1371 91 21 klander
305 1377 44 15 som
373 1371 22 21 af
417 1371 154 22 statsutskottet
593 1371 38 21 har
653 1371 92 26 uttalats,
767 1371 86 21 komme
875 1370 98 21 klandret
991 1372 29 18 att

192 1399 92 28 gvarstä.
313 1399 43 22 Det
377 1401 23 20 är
423 1400 70 21 derför
514 1400 22 21 af
559 1400 43 27 vigt
624 1402 30 19 att
676 1399 36 22 det
735 1400 41 21 blir
795 1399 55 22 klart
865 1398 86 22 hvilken
967 1398 54 27 äsigt

190 1428 160 21 Presteständet
364 1428 73 27 hyllat.

260 1485 111 21 Professor
411 1485 138 28 Runeberg
564 1485 66 28 ansäg
645 1485 166 21 statsutskottets
826 1484 98 27 tolkning
939 1484 21 21 af
971 1484 49 21 Pre-

189 1514 130 21 steständets
334 1514 70 21 beslut
420 1521 49 14 vara
485 1514 42 21 den
542 1513 80 28 riktiga.
