1103 1811
318 126 163 17 Presteståndet
493 126 59 17 1882.
577 127 13 16 5
602 126 50 20 juni.

816 120 53 21 1837

72 196 79 26 tuksia,
174 198 69 18 mutta
265 195 77 21 älköön
365 195 131 27 pyydettäkö
513 195 63 27 lupaa
592 195 99 21 ihmisten
708 194 193 22 välttämättömien

74 224 82 22 elämän
172 224 155 21 kustannusten
343 224 172 20 verottamiseen.
544 224 140 26 Kaupunkien
701 224 107 20 kouluissa
824 222 79 27 käyvät

73 252 163 28 koulupojatkin
259 252 95 21 tulisivat
369 252 145 21 valiokunnan
531 252 131 21 chdotuksen
679 252 92 21 mukaan
787 253 116 19 verotetta-

72 281 63 25 viksi,
148 281 182 26 puhumattakaan
345 280 152 27 ylioppilaista.

143 351 148 25 Öfverläraren
313 355 147 20 Kihlman:
485 355 45 20 Här
545 355 33 20 stä
594 357 77 18 tvänne
686 355 79 26 äsigter
781 356 45 19 mot
841 354 64 21 hvar-

73 384 68 21 andra
157 384 39 21 och
212 383 89 21 orsaken
318 383 69 21 dertill
403 385 30 23 är,
450 385 32 19 att
499 383 40 21 den
554 390 40 14 ena
610 383 92 27 äsigtens
721 383 119 21 försvarare
856 385 47 18 tän-

75 414 39 20 ker
129 413 28 26 pä
171 413 73 26 fattigt
259 412 44 21 folk
319 412 39 21 och
374 412 40 21 den
431 412 67 21 andra
514 412 93 26 äsigtens
623 412 118 21 försvarare
757 412 27 26 pä
799 412 43 21 rikt
851 411 52 21 folk.

76 442 41 21 Det
140 443 23 19 är
185 441 136 26 naturligtvis
336 440 88 21 alldeles
440 441 90 26 obilligt,
547 443 32 18 att
595 447 33 14 om
644 441 72 26 fattigt
732 440 44 21 folk
792 440 111 27 tillfälligt-

76 471 31 20 vis
129 470 124 27 uppehäller
268 470 31 25 sig
315 470 5 20 i
337 475 25 15 en
379 470 53 25 stad,
450 470 37 20 der
504 470 25 20 de
545 469 45 21 icke
607 471 36 19 äro
660 469 107 25 inskrifna,
784 469 38 21 här
837 471 66 24 ytter-

76 499 65 26 ligare
165 499 97 20 beskatta
285 499 61 21 dem;
371 504 47 15 men
442 498 12 20 å
470 498 68 21 andra
554 498 59 21 sidan
630 498 61 21 torde
706 499 33 20 väl
756 498 64 21 också
835 497 70 22 måsta

77 528 113 25 erkännas,
215 529 32 18 att
270 527 35 20 det
321 527 46 20 icke
383 529 23 18 är
422 526 85 25 obilligt
522 529 32 18 att
570 527 42 20 rikt
628 527 49 26 folk,
695 533 44 14 som
756 527 65 21 vistas
836 526 69 21 under

76 556 66 27 nägra
165 555 100 22 mänader
288 555 5 21 i
309 556 82 25 staden,
407 556 98 26 erlägger
521 555 32 21 till
570 555 75 21 staden
661 555 68 27 nägon
746 555 66 27 afgift.
851 554 53 21 Man

76 585 41 21 kan
143 584 123 26 visserligen
289 586 50 24 säga
356 586 31 19 att
403 584 36 21 det
455 585 46 20 icke
516 584 80 26 precist
611 584 66 26 ligger
692 585 6 20 i
714 584 86 21 stadens
815 584 90 21 intresse

77 616 32 18 att
131 613 68 21 införa
222 619 25 14 en
270 612 66 21 sådan
360 612 144 26 beskattning,
527 612 89 21 emedan
635 619 33 20 om
685 612 42 21 rikt
744 612 44 21 folk
803 612 7 22 i
826 612 78 26 mängd

76 641 84 28 inflytta
175 642 32 20 till
223 641 74 21 staden
313 641 39 21 och
369 642 36 20 der
421 641 55 21 lefva
493 641 27 26 pä
536 644 44 18 stor
595 641 37 26 fot,
646 641 38 21 har
695 641 74 21 staden
783 641 121 27 derigenom

77 671 66 21 redan
159 677 25 14 en
201 670 98 25 inkomst,
316 676 47 15 men
379 670 27 21 dä
423 670 35 20 det
474 671 24 20 är
514 670 61 27 fräga
592 676 33 14 om
642 670 142 26 beskattning,
802 670 38 20 bör
857 675 48 15 man

79 699 82 21 sträfva
183 698 32 22 till
239 699 39 21 den
294 700 80 20 största
389 698 88 27 möjliga
493 699 101 25 rättvisa;
612 698 39 22 och
667 699 36 20 det
719 704 61 21 synes
796 699 42 26 mig
855 704 51 14 vara

78 728 85 21 rättvist
179 730 32 18 att
226 727 47 26 den,
289 733 45 15 som
350 728 67 20 under
433 728 69 26 nägon
520 728 29 20 tid
566 728 70 26 njuter
652 727 23 21 af
687 727 130 21 stadslifvets
828 726 77 22 förmä-

79 763 44 19 ner,
139 756 82 21 betalar
237 762 25 14 en
279 756 40 21 viss
335 756 58 21 skatt
408 756 33 20 till
457 756 82 21 staden.
556 756 40 26 Jag
612 756 67 21 skulle
696 756 71 20 derför
779 756 73 20 förena
864 755 43 26 mig

79 791 34 14 om
131 785 59 20 detta
205 784 301 27 sammanjemkningsförslag,
523 785 55 20 helst
587 785 36 26 jag
634 791 36 14 ren
682 785 57 20 förra
748 784 83 27 gängen
842 784 66 21 fram-

80 813 43 21 höll
139 815 32 19 att
186 813 39 21 den
241 813 38 21 här
295 813 120 26 föreslagna
430 813 96 26 grunden
542 813 33 20 för
591 813 135 26 beskattning
736 815 24 18 är
772 812 84 27 lämplig
868 812 39 21 och

80 843 62 20 äfven
165 842 6 20 i
195 842 66 20 andra
284 841 73 22 länder
373 844 99 24 antagen.
503 842 40 26 Jag
559 842 37 20 ber
612 844 32 18 att
660 842 20 21 fä
696 841 54 21 fästa
766 842 36 20 det
817 842 92 25 högvör-

81 871 48 26 diga
152 870 170 21 Presteständets
345 870 191 27 uppmärksamhet
558 871 26 26 pä
600 870 93 27 lydelsen
709 870 22 21 af
745 870 163 26 ifrägavarande

80 899 106 27 paragraf.
203 899 45 21 Den
264 899 72 26 lyder:
354 899 81 24 ,finnes
451 899 69 26 någon
537 899 81 21 boende
636 899 5 20 i
659 899 72 20 staden
748 902 50 17 utan
815 901 32 18 att
858 905 50 14 vara

82 927 89 21 medlem
195 927 23 21 af
239 928 134 25 kommunen,
389 934 50 20 eger
455 928 215 26 taxeringsnämnden
684 928 78 26 jemväl
779 928 74 25 pröfva
869 927 39 21 och

82 956 124 25 bestämma,
229 956 103 20 huruvida
355 956 96 21 skattöre
474 956 55 21 skall
550 956 64 21 sådan
632 962 74 20 person
723 956 86 26 påföras
825 956 32 20 för
873 956 36 20 det

82 985 83 26 belopp,
189 990 44 15 som
258 986 39 19 kan
320 991 61 15 anses
404 987 108 18 motsvara
533 985 52 20 hans
601 985 39 21 och
656 984 52 22 hans
724 984 77 27 familjs
816 984 93 21 lefnads-

82 1014 116 20 kostnader
213 1014 6 19 i
235 1014 95 20 staden."
359 1014 41 20 Det
416 1015 24 19 är
456 1012 84 22 således
556 1014 18 26 ej
590 1013 68 27 någon
675 1014 53 26 pligt
743 1013 32 21 för
791 1012 119 27 taxerings-

81 1042 105 21 nämnden
209 1044 32 19 att
256 1042 75 26 älägga
348 1042 39 20 den
403 1042 77 26 fattiga
498 1043 68 25 nägon
582 1043 63 25 skatt,
661 1046 50 17 utan
728 1048 49 20 eger
792 1042 118 26 taxerings-

82 1070 104 22 nämnden
208 1071 79 26 pröfva,
305 1071 102 21 huruvida
424 1077 24 14 en
466 1071 58 20 skatt
540 1071 38 20 bör
595 1071 39 21 den
650 1071 6 20 i
672 1071 74 20 staden
762 1070 31 27 sig
808 1070 103 26 uppehäl-

82 1100 62 20 lande
166 1105 103 21 personen
292 1099 107 27 päläggas.
431 1099 50 21 Man
498 1099 60 27 tycks
574 1099 82 21 säledes
672 1100 38 20 här
725 1099 69 27 äsyfta
810 1101 32 18 att
858 1100 53 24 göra

82 1128 109 21 skilnaden
208 1128 89 20 emellan
314 1128 39 20 den
370 1128 47 21 rika
432 1128 40 21 och
489 1128 39 21 den
545 1128 81 26 fattiga,
644 1128 38 21 och
699 1128 71 20 derför
786 1134 62 20 synes
868 1127 43 26 mig

82 1160 32 17 att
137 1157 58 20 detta
218 1156 77 26 förslag
319 1158 23 19 är
365 1156 23 21 sä
409 1157 34 20 väl
459 1156 101 22 afkattadt
575 1163 45 14 som
636 1163 47 14 man
699 1163 65 20 gerna
781 1156 41 21 kan
838 1156 73 20 önska.

153 1225 152 26 Kyrkoherden
329 1225 92 26 Lyra:
445 1225 31 21 Då
500 1225 81 21 antalet
600 1225 22 21 af
637 1225 52 27 dem,
705 1231 45 15 som
765 1224 61 27 flytta
842 1224 21 21 ia
880 1223 32 22 till

83 1253 75 22 staden
174 1254 32 20 för
222 1256 31 18 att
268 1260 38 14 roa
321 1254 38 26 sig,
373 1253 155 27 jemförelsevis
545 1256 23 18 är
584 1254 66 26 ringa,
667 1260 46 15 men
729 1253 81 22 antalet
826 1253 24 20 af
864 1253 47 20 dem

83 1289 46 14 som
145 1281 132 26 tillfälligtvis
293 1283 65 20 vistas
374 1283 6 20 i
396 1283 82 24 staden,
495 1282 33 21 för
544 1285 32 18 att
592 1283 126 26 exempelvis
729 1281 126 22 underhälla
866 1281 46 20 sina

84 1311 52 20 barn
159 1311 34 20 vid
216 1310 96 21 läroverk
333 1311 40 21 och
389 1311 62 21 sköta
468 1317 34 15 om
519 1311 53 26 dem,
589 1313 23 18 är
628 1311 83 26 mycket
726 1313 76 23 större,
819 1311 41 20 kan
875 1309 38 27 jag

83 1339 46 22 icke
152 1339 112 26 godkänna
287 1339 68 22 denna
377 1339 102 28 paragraf
494 1339 6 21 i
516 1339 323 27 sammanjemkningsförslaget.
871 1339 42 20 Det

83 1368 39 21 har
138 1368 121 27 visserligen
275 1368 126 22 framhällits
417 1371 33 18 att
466 1369 66 26 enligt
548 1369 59 20 detta
618 1367 295 28 sammanjemkningsförslag

84 1397 212 26 taxeringsnämnden
322 1397 54 21 skall
392 1397 76 26 pröfva
484 1398 39 20 och
540 1397 125 23 bestämma,
682 1397 104 21 huruvida
802 1397 111 20 skattören

84 1425 60 21 skola
167 1425 84 27 päföras
274 1426 26 20 de
319 1432 108 20 personer,
444 1432 46 15 som
506 1425 138 27 tillfälligtvis
660 1425 25 21 bo
701 1426 6 20 i
724 1426 82 22 staden,
822 1431 46 14 men
886 1424 27 21 dä

85 1454 169 20 bestämmandet
273 1453 63 22 häraf
356 1456 24 18 är
401 1455 95 20 lemnadt
512 1455 22 20 ät
550 1455 226 26 taxeringsnämnden,;
792 1455 35 19 vet
840 1453 38 26 jag
893 1453 19 26 ej

85 1482 85 21 hvarför
186 1482 44 21 icke
247 1482 214 27 taxeringsnämnden
478 1482 70 21 skulle
563 1483 117 21 bestämma
696 1482 23 22 sä
735 1483 43 26 hög
793 1482 59 21 skatt
867 1487 45 15 som

85 1510 72 27 möjlig
173 1511 32 20 för
220 1513 32 18 att
268 1511 56 20 rikta
339 1511 86 21 stadens
442 1512 71 20 kassa.
