1103 1811
313 130 163 18 Presteståndet
488 131 57 18 1882.
569 132 27 16 30
608 132 48 20 maj.
820 126 53 20 1667

71 201 52 27 ning
138 206 29 16 nu
182 200 47 21 icke
244 199 91 27 bifalles,
350 201 24 19 är
390 200 37 20 det
442 199 78 28 tydligt
535 202 33 19 att
583 200 129 21 åtminstone
725 200 67 26 några
802 200 101 26 åtgärder

71 229 98 27 vidtagas
184 228 33 22 för
231 228 148 27 protokollens
393 228 113 27 tryckning
521 228 35 22 vid
572 230 63 20 nästa
650 228 110 27 landtdag.

141 286 70 21 Sedan
234 285 148 22 diskussionen
403 285 93 21 rörande
518 285 173 21 statsutskottets
706 285 144 27 föreliggande
867 286 36 21 be-

71 314 109 21 tänkande
196 313 87 22 härmed
299 313 115 22 förklarats
429 313 99 25 afslutad,
545 313 115 27 uppstälde
670 313 50 22 herr
730 313 171 22 Talmannen

70 343 93 27 följande
180 342 287 27 omröstningsproposition:

144 399 130 22 Godkänner
295 399 36 21 det
353 399 134 35 högvördiga
509 398 93 22 Ständet
619 399 174 32 statsutskottets
812 399 87 29 ifråga-

71 429 99 21 varande
186 428 151 21 betänkande?
353 428 42 20 den
410 427 35 21 det
458 430 46 25 gör,
519 435 79 13 svarar
608 427 41 28 ja;

141 485 80 21 vinner
236 485 42 28 nej,
295 485 43 20 har
353 484 94 22 Ständet
461 485 97 21 anslutit
572 485 34 27 sig
622 485 35 21 till
671 487 171 20 reservanterne.

141 543 34 21 Dä
197 543 70 21 denna
289 542 277 27 omröstningsproposition
592 548 77 20 genom
694 542 84 22 anstäld
803 543 98 28 votering

72 571 127 22 besvarades
222 571 48 21 med
288 572 23 19 12
326 571 22 26 ja
364 575 45 17 mot
425 571 28 21 20
468 571 42 26 nej,
526 571 55 21 hade
597 571 90 21 Ständet
709 571 89 22 sälunda
813 571 88 22 beslutit

72 603 40 23 att,
133 600 49 22 med
205 599 137 22 förkastande
365 599 21 21 af
409 600 172 20 statsutskottets
597 599 144 27 föreliggande
757 600 142 26 betänkande,

71 631 80 25 antaga
166 629 40 21 den
222 628 33 22 till
271 628 119 21 detsamma
405 628 101 27 bifogade
522 628 164 22 reservationen.

141 685 47 22 Mot
210 686 60 20 detta
292 685 101 21 Ständets
416 685 71 21 beslut
509 676 137 30 reserverade
666 686 31 26 sig
718 686 77 21 doktor
810 686 91 21 Nord-

71 716 102 20 ström.

142 857 119 27 Föredrogs
284 857 39 22 och
346 857 115 22 bordlades
484 859 32 20 att
531 857 7 21 i
554 857 32 21 sin
609 857 90 27 ordning
722 857 31 22 till
774 857 127 27 behandling

72 885 142 22 förekomma:

142 944 154 20 sammansatta
317 943 40 27 lag-
377 943 38 21 och
433 942 218 22 ekonomiutskottets
666 943 134 22 betänkande
816 950 34 15 n:o
866 943 12 21 8
894 944 6 20 i

73 971 114 27 anledning
203 971 21 21 af
238 971 59 21 Hans
313 972 119 26 Kejserliga
454 971 112 27 Majestäts
582 972 78 26 nädiga
676 972 131 27 proposition
823 978 34 16 n:o
874 973 27 20 26

72 1000 110 27 angäende
197 1000 111 21 införande
323 1000 22 22 af
359 1000 228 27 länsrepresentation
578 996 12 36 ;

143 1056 242 27 bevillningsutskottets
406 1056 81 28 förslag
506 1057 32 21 till
557 1057 205 28 sammanjämkning
777 1057 22 21 af
814 1057 25 21 de
855 1057 46 21 del-

72 1086 32 20 vis
127 1086 122 26 skiljaktiga
273 1086 76 26 beslut,
365 1086 6 20 i
387 1086 73 21 hvilka
483 1086 95 22 Ständen
596 1088 87 20 stannat
697 1086 35 22 vid
747 1086 153 26 behandlingen

73 1114 23 21 af
117 1114 116 22 utskottets
257 1114 134 22 betänkande
412 1121 34 15 n:o
462 1116 14 19 4
492 1115 6 21 i
514 1114 114 27 anledning
644 1115 23 21 af
681 1115 77 27 nädiga
773 1114 128 28 propositio-

74 1149 40 15 nen
130 1149 34 15 n:o
181 1144 27 20 38
223 1143 109 27 angående
348 1143 337 27 stämpelpappersbevillningen;

141 1202 154 19 sammansatta
316 1200 45 27 lag-
383 1200 39 21 och
439 1200 218 21 ekonomiutskottets
671 1201 135 21 betänkande
822 1207 34 15 n:o
875 1203 25 19 10

72 1228 7 21 i
95 1228 114 27 anledning
230 1228 23 21 af
273 1231 31 19 ett
320 1229 57 21 inom
392 1228 183 27 Borgareständet
590 1229 64 21 väckt
668 1229 180 27 petitionsförslag
864 1235 37 15 an-

72 1257 82 27 gäende
170 1257 147 27 upphäfvande
333 1257 22 21 af
371 1259 53 19 1:sta
446 1257 5 28 $
467 1258 13 20 6
496 1258 49 25 kap.
562 1257 26 22 H.
604 1258 24 21 B.
645 1261 54 18 samt
714 1259 90 26 ändring
819 1258 23 21 af
855 1257 46 28 gäl-

72 1285 63 22 lande
151 1286 121 27 näringslag
287 1286 87 26 derhän,
391 1288 32 19 att
438 1286 174 26 gärdfarihandel
628 1287 67 21 blefve
711 1287 67 21 under
792 1287 56 21 vissa
860 1286 40 22 vil-

72 1314 40 22 kor
127 1315 90 21 tilläten.

141 1463 40 21 Till
204 1463 129 27 behandling
354 1463 93 28 företogs
463 1470 27 15 en
506 1465 47 20 frän
568 1464 160 22 Bondeständet
743 1470 75 21 genom
835 1465 66 26 depu-

71 1492 69 21 tation
163 1494 56 18 samt
239 1492 6 20 i
268 1492 197 26 protokollsutdrag
488 1493 23 20 af
533 1494 40 19 den
597 1493 27 20 26
647 1493 141 21 innevarande
810 1493 42 26 maj
868 1492 32 21 till

71 1519 161 22 Presteständet
255 1519 109 23 framstäld
387 1521 133 27 inbjudning,
544 1521 36 21 det
601 1521 47 21 ville
669 1521 166 25 Presteständet,
852 1521 48 22 med
