1103 1811
213 136 55 21 1810
435 140 161 18 Presteståndet
608 140 59 17 1882.
691 141 12 16 3
716 140 50 21 juni.

252 209 119 28 Föredrogs
386 211 150 19 sammansatta
548 209 43 27 lag-
602 209 40 21 och
653 209 215 21 ekonomiutskottets
878 209 134 21 betänkande

182 239 40 21 N:o
240 239 27 20 14
282 238 7 21 i
305 238 116 28 anledning
435 238 21 21 af
471 238 102 20 särskilda
589 238 31 20 till
637 237 160 21 Bondeståndet
820 237 121 21 inlemnade
959 237 53 28 peti-

182 268 75 23 tioner,
273 267 130 21 beträffande
419 266 92 28 eftergift
526 266 32 21 för
575 266 54 21 vissa
645 266 119 21 landsorter
780 266 30 21 uti
826 266 73 27 lagens
913 266 100 28 stadgan-

183 296 40 21 den
241 296 110 27 angående
367 295 133 27 svedjebruk.

252 352 70 21 Sedan
347 351 127 22 beträffande
498 351 132 22 förestående
654 352 78 21 ärende
749 352 106 27 professor
870 351 94 22 Cleve
980 358 32 15 er-

182 381 56 20 inrat
261 387 33 14 om
317 381 39 20 och
379 381 92 20 förordat
494 387 25 14 en
536 381 20 20 af
571 381 78 20 honom
669 381 65 26 jemte
751 381 106 27 ätskilliga
873 381 66 20 andra
954 381 59 20 med-

181 409 91 22 lemmar
288 409 21 21 af
324 409 103 22 utskottet
441 409 31 21 till
489 409 143 21 betänkandet
648 409 99 27 vidfogad
758 409 129 21 reservation
899 410 40 20 och
951 410 62 20 äfven

182 439 73 20 herrar
285 437 166 28 Dahlberg,
481 437 179 28 Rosengren
691 438 39 21 och
760 438 98 27 Hjelt,
888 438 125 21 understödt

183 467 93 20 nämnde
299 467 136 25 reservation,
456 466 121 21 framstälde
592 467 50 20 herr
665 466 179 21 Talmannen
860 467 27 20 dä
901 467 63 26 ingen
982 466 30 20 vi-

183 495 50 21 dare
250 495 72 21 anhöll
338 501 34 15 om
389 495 64 26 ordet,
468 495 93 27 följande
577 495 286 27 omröstningsproposition
854 491 12 36 :

257 551 132 22 Godkänner
407 552 90 21 Ständet
511 553 163 20 sammansatta
690 552 45 27 lag-
748 552 40 21 och
798 552 214 21 ekonomiutskottets

182 581 175 27 ifrågavarande
373 581 148 20 betänkande?
538 581 40 20 den
594 581 35 20 det
642 583 45 24 gör,
703 587 81 14 svarar
793 581 42 27 ja;

253 638 80 20 vinner
355 638 42 27 nej,
421 638 41 20 har
486 637 90 21 Ständet
598 638 96 20 anslutit
711 638 33 27 sig
761 638 36 20 till
812 638 41 20 den
869 637 144 21 betänkandet

183 666 117 28 vidfogade
315 666 169 21 reservationen.

252 723 33 21 Dä
309 724 34 20 vid
367 730 33 14 om
425 724 69 20 denna
509 724 128 26 proposition
654 724 82 20 anstäld
753 724 97 26 votering
865 725 69 19 svaret
949 723 62 21 utföll

184 752 48 21 med
257 753 27 19 14
305 752 22 27 ja
349 755 44 18 mot
418 753 24 20 16
463 752 32 27 nej
520 752 53 20 hade
595 751 87 22 Ständet
701 752 91 20 sälunda
808 752 87 20 beslutit
909 754 36 23 att,
962 752 48 20 med

184 780 136 21 förkastande
336 781 21 20 af
373 781 146 24 betänkandet,
536 781 86 20 omfatta
634 780 40 21 den
686 781 32 20 till
729 781 117 20 detsamma
858 780 75 27 fogade
944 786 67 15 reser-

185 809 106 26 vationen,
315 809 67 27 enligt
399 809 84 21 hvilken
499 809 138 20 förevarande
653 809 211 27 petitionsmemorial
880 809 45 21 icke
941 809 70 20 skulle

184 837 32 21 till
231 837 70 28 nägon
318 837 72 28 ätgärd
407 838 112 21 föranleda.

252 980 118 28 Föredrogs
386 981 38 20 och
438 980 123 28 godkändes
584 980 101 28 enhälligt
701 981 39 20 och
757 983 51 18 utan
824 980 120 21 diskussion
961 980 49 21 eko-

182 1009 172 21 nomiutskottets
377 1009 131 21 betänkande
530 1009 39 21 N:o
593 1010 32 26 14,
647 1010 7 20 i
677 1009 117 27 anledning
814 1010 20 20 af
855 1011 28 19 ett
898 1009 7 20 i
920 1009 89 21 Ridder-

181 1037 76 27 skapet
273 1038 39 20 och
328 1038 61 20 adeln
406 1038 118 21 framstäldt
546 1038 178 27 petitionsförslag
739 1038 111 27 angäende
864 1037 107 21 ordnande
987 1038 22 20 af

181 1066 82 21 arbetet
278 1066 7 20 i
300 1066 83 21 landets
399 1066 109 28 fängelser.

249 1208 118 28 Föredrogs
389 1209 211 22 ekonomiutskottets
620 1209 132 22 betänkande
769 1209 39 21 N:o
828 1210 25 19 12
869 1209 7 20 i
891 1209 118 27 anledning

180 1237 21 20 af
217 1239 30 19 ett
262 1238 7 19 i
285 1237 177 28 Borgareständet
481 1238 118 21 framstäldt
621 1238 179 27 petitionsförslag
822 1245 34 13 om
880 1237 127 28 vidtagande

179 1265 22 21 af
216 1265 97 28 ätgärder
328 1267 7 19 i
353 1266 74 21 sädant
449 1267 61 26 syfte,
532 1269 30 18 att
586 1267 26 20 de
632 1267 80 26 hinder,
728 1273 47 14 som
792 1267 73 20 hittills
880 1266 57 21 ställt
952 1267 32 26 sig
999 1267 6 19 i

179 1296 68 25 vägen
269 1295 33 20 för
323 1295 169 27 förverkligande
515 1295 21 21 af
558 1295 34 21 det
612 1295 6 20 i
640 1295 141 27 kungörelsen
806 1295 40 20 den
871 1295 25 21 15
913 1295 91 20 februari

179 1323 56 20 1864
255 1323 99 27 inrymda
375 1324 115 27 stadgande
512 1331 34 14 om
562 1324 128 27 upplåtande
706 1324 21 20 ät
742 1323 102 21 Finlands
860 1323 145 28 innebyggare

178 1351 21 20 af
215 1353 30 19 ett
261 1352 86 21 omräde
363 1352 34 21 vid
413 1353 141 20 ishafskusten
578 1355 55 18 öster
652 1359 33 14 om
700 1353 82 20 Jakobs
799 1352 29 21 elf
843 1352 48 21 med
907 1352 35 21 det
957 1359 48 13 sna-

177 1382 56 19 raste
252 1381 65 20 varda
333 1381 164 27 undanrödjade.

249 1437 8 21 I
274 1437 69 21 denna
359 1437 58 28 fräga
433 1438 81 27 yttrade
530 1439 32 26 sig
578 1439 91 26 följande
685 1439 75 20 talare:

246 1494 111 21 Professor
378 1494 133 21 Donner:
542 1495 41 27 Jag
599 1496 37 19 har
652 1495 52 20 varit
720 1495 86 26 mycket
823 1495 100 25 tveksam,
938 1495 65 20 huru-

176 1522 48 21 vida
249 1523 35 20 det
308 1523 53 20 varit
383 1523 95 27 lämpligt
500 1526 29 18 att
552 1523 138 21 framkomma
714 1523 48 21 med
780 1523 68 21 denna
865 1524 86 27 petition
967 1530 36 19 nu,
