1103 1811
311 133 163 18 Presteständet
485 134 59 17 1882.
569 134 24 16 16
606 134 47 20 maj.
812 128 55 21 1279

67 203 96 27 dattajia.
194 204 26 21 Ja
243 202 68 22 koska
335 202 145 27 ehdoteltujen
496 202 76 22 uusien
588 202 139 26 tarkastajien
743 202 79 26 palkka
838 202 57 22 tulisi

67 232 128 21 otettavaksi
219 231 160 22 valtiovaroista
403 231 48 21 eikä
474 231 212 25 suostuntavaroista,
709 230 44 21 niin
769 231 92 21 minusta
876 232 19 20 ei

67 260 65 27 sopisi
147 261 96 27 säätyjen
259 262 58 19 tässä
333 260 80 21 asiassa
421 260 110 21 siinäkään
542 259 112 21 suhteessa
663 259 65 21 tehdä
739 259 156 26 muistutuksia,

67 291 44 19 että
133 289 50 21 lijan
200 288 74 21 suuria
289 288 72 27 varoja
377 290 38 25 nyt
429 288 106 21 uhrataan
552 288 80 21 tuohon
648 288 99 21 toimeen.
777 288 32 20 Ne
825 288 70 23 rahat,

64 317 62 27 jotka
136 317 223 22 kansakoululaitosta
369 318 73 19 varten
453 316 113 26 uhrataan,
580 316 81 21 tulevat
673 315 117 22 todellakin
802 316 92 22 Suomen

68 346 81 21 kansan
171 346 83 21 omaksi
277 345 112 28 hyödyksi;
413 345 51 21 liika
486 345 156 26 säästäväisyys
665 345 55 21 siinä
740 345 85 21 kohden
841 345 55 21 ehkä

68 374 48 21 toisi
139 373 283 23 kansakoulutoimellemme
445 374 73 21 suuria
542 373 96 27 haittoja.
670 373 32 21 On
718 373 56 21 tosin
790 376 58 19 tässä
863 380 32 15 sa-

68 405 67 24 nottu,
152 405 45 19 että
212 403 43 20 kun
271 404 38 25 nyt
324 402 124 21 ainoastaan
465 403 58 20 tulisi
538 402 47 27 yksi
602 401 118 27 tarkastaja
735 401 96 22 olemaan
847 403 49 20 kus-

68 432 60 21 sakin
151 431 93 21 läänissä
257 431 23 27 ja
296 431 91 21 läänissä
402 431 53 21 voisi
471 431 43 21 olla
530 431 127 21 sadottaisin
673 431 161 26 kansakouluja,
851 431 45 20 niin

68 461 19 20 ei
103 460 79 21 sekään
206 459 53 22 voisi
282 459 109 22 tarkastaa
413 459 87 28 kouluja
523 461 74 20 muuta
619 459 52 21 kuin
687 459 50 21 noin
752 459 77 22 kerran
845 465 50 15 vuo-

69 489 72 26 dessa;
167 491 69 19 mutta
259 489 34 26 jos
314 489 58 21 näitä
391 489 145 20 tarkastuksia
552 488 108 27 pitäisivät
676 488 120 27 kykenevät
811 488 84 25 miehet,

66 517 60 26 joilla
149 519 58 19 tämä
230 517 109 21 tarkastus
354 517 47 21 olisi
416 517 172 27 yksinomaisena
604 517 93 20 toimena
710 517 23 26 ja
746 517 62 26 jotka
823 517 72 20 kaikin

69 546 72 26 puolin
158 548 50 19 ovat
223 546 118 21 toimeensa
355 545 87 27 sopivia,
459 546 43 21 niin
519 545 77 26 luulen,
612 547 45 19 että
667 545 114 22 kerrankin
792 546 104 21 vuodessa

69 574 83 27 pidetty
177 574 108 21 tarkastus
311 575 58 26 tuopi
396 574 163 21 kansakoululle
584 580 130 20 suurempaa
736 574 84 27 hyötyä,
844 574 51 21 kuin

69 603 116 21 useammin
201 603 82 26 pidetty
298 603 160 27 pintapuolinen
471 603 115 21 tarkastus.
617 603 279 26 Kansakoulunopettajalle

69 631 84 21 olisivat
176 632 70 20 varsin
270 631 134 21 tervetulleet
423 638 25 14 ne
463 631 133 27 ystävälliset
611 633 84 22 neuvot,
712 631 61 27 jotka
788 631 42 21 hän
846 630 50 22 saisi

69 660 57 21 asiaa
141 659 158 28 ymmärtäviltä
313 660 100 26 miehiltä,
427 660 61 27 jotka
504 660 148 21 kansakoulun
662 659 63 22 alalla
738 660 84 20 olisivat
833 659 62 27 hyvin

69 688 144 27 perehtyneet,
236 688 59 27 jotka
317 688 116 22 tietäisivät
445 688 23 27 ja
484 688 118 25 tuntisivat,
619 689 52 20 mitä
687 688 60 21 nuori
763 688 133 21 kansakoulu

69 717 109 32 tarvitsisi,
202 717 111 21 tuntisivat
334 717 22 26 ja
378 717 116 21 tietäisivät
517 723 26 15 ne
566 717 120 28 vaikeudet,
706 717 52 21 mitä
773 716 123 27 opettajalla

69 749 128 18 toimessaan
213 752 32 14 on.

137 803 153 26 Kyrkoherden
311 803 82 26 Lyra:
414 803 81 21 Genom
512 802 143 21 öfverläraren
670 802 112 21 Kihlmans
797 802 99 27 yttrande

70 831 38 21 har
122 831 36 26 jag
174 837 88 15 numera
278 831 68 21 blifvit
361 831 120 22 stadfästad
497 832 6 20 i
520 831 40 22 den
572 831 23 20 af
606 831 43 26 mig
660 831 95 21 uttalade
766 831 88 26 äsigten,
866 833 31 18 att

69 860 35 21 det
119 860 81 21 kanske
216 866 49 15 vore
281 859 48 22 bäst
344 860 33 21 för
393 860 89 21 Ständet
498 862 32 19 att
545 860 70 21 lemna
630 859 210 28 skolöfverstyrelsen
856 859 41 21 fria

69 889 86 24 händer,
177 895 46 14 men
243 895 66 20 gerna
325 888 76 27 bevilja
418 889 59 21 detta
492 889 34 20 för
542 889 69 20 denna
626 888 57 26 höga
698 888 39 21 och
753 888 79 26 vigtiga
847 888 48 20 sak-

69 917 60 27 ringa
152 916 73 28 anslag
241 916 21 21 af
277 917 76 25 32,000
369 917 61 21 mark
445 917 91 25 likvisst,
553 918 67 20 säsom
638 917 142 21 öfverläraren
794 916 101 21 Kihlman

69 944 148 27 formulerade,
233 946 48 20 med
297 945 148 21 bibehällande
461 946 23 20 af
499 946 40 20 den
555 946 69 27 grund
640 946 33 20 för
685 946 154 26 inspektionen,
850 951 45 15 som

69 973 32 21 för
116 974 132 21 närvarande
264 974 119 26 förefinnes,
400 974 35 21 det
450 974 36 21 vill
502 976 58 24 säga,
578 976 32 19 att
627 974 64 21 skildt
702 974 98 21 aflönade
810 974 86 26 tjenste-

69 1004 54 24 män,
149 1008 25 16 en
198 1002 34 22 för
253 1002 72 27 hvarje
344 1003 41 25 län,
405 1002 45 21 icke
466 1002 70 22 skulle
551 1002 108 22 anställas.
691 1002 42 22 Det
748 1003 39 20 har
802 1002 94 27 tydligen

68 1030 131 27 ädagalagts,
222 1033 33 19 att
277 1038 26 14 en
322 1031 109 27 inspektor
453 1031 32 21 för
506 1031 74 27 hvarje
596 1031 35 21 län
647 1031 46 21 icke
709 1031 41 21 kan
767 1031 27 27 pä
809 1033 31 19 ett
856 1030 40 22 till-

67 1059 165 21 fredsställande
255 1061 44 19 sätt
321 1060 120 21 handhafva
456 1060 157 27 inspektionen,
629 1060 61 21 äfven
706 1066 34 15 om
756 1062 68 19 större
840 1059 56 21 ford-

67 1088 73 26 ringar
160 1088 46 21 icke
225 1088 74 21 ställas
320 1089 27 26 pä
365 1088 85 27 honom,
467 1090 26 19 än
510 1090 32 20 att
558 1089 41 21 han
615 1090 38 25 gör
669 1088 31 21 sin
717 1088 179 27 inspektionsresa

67 1116 40 22 och
121 1116 67 27 gifver
203 1119 118 24 rapporter.
340 1111 19 27 Ä
374 1117 67 21 andra
456 1118 61 20 sidan
534 1120 22 18 är
573 1117 35 21 det
624 1117 160 27 ovedersägligt,
796 1118 32 20 att
838 1122 58 20 pres-

67 1145 115 27 terskapet,
206 1151 46 15 som
275 1146 66 20 delvis
364 1146 48 21 med
434 1146 84 27 mycket
541 1146 31 20 nit
588 1146 40 21 och
643 1146 90 21 intresse
748 1148 63 24 egnat
826 1145 32 26 sig
874 1145 22 21 ät

68 1173 145 22 folkskolorna
236 1174 39 21 och
298 1174 63 21 bland
378 1174 72 21 hvilka
465 1174 269 27 folkskoleinspektorerna
750 1174 145 21 hufvudsakli-

65 1208 40 20 gen
129 1202 138 26 rekryterats,
289 1203 18 26 ej
331 1203 40 20 har
391 1203 31 20 tid
438 1205 32 19 att
485 1203 23 21 &t
523 1203 147 21 folkskolorna
686 1209 54 20 egna
755 1203 39 20 den
811 1208 84 20 omsorg

67 1230 38 21 och
131 1231 91 26 uppsigt,
243 1237 44 15 som
309 1231 68 21 skulle
397 1231 89 22 fordras.
518 1231 154 28 Kyrkoherden
688 1231 101 21 Hirvinen
805 1231 90 20 nämnde

66 1261 31 19 att
117 1259 70 26 nägon
207 1259 69 22 skulle
290 1261 68 25 yttrat
373 1260 108 27 farhägor,
496 1262 33 19 att
545 1266 48 15 man
609 1260 68 21 skulle
693 1259 53 22 offra
761 1259 33 22 för
809 1259 86 26 mycket

65 1287 34 21 för
114 1287 131 22 folkskolans
260 1288 45 21 sak.
327 1288 41 27 Jag
383 1290 36 19 vet
434 1289 25 26 ej,
476 1289 61 20 hvem
554 1295 44 14 som
615 1289 68 20 skulle
698 1290 68 25 yttrat
782 1289 64 25 nägot
862 1287 32 21 sä-

66 1316 51 21 dant
140 1316 39 21 och
202 1316 35 21 vill
261 1317 47 21 med
329 1317 114 27 anledning
466 1317 60 22 deraf
544 1319 83 24 nämna,
644 1319 31 19 att
690 1317 46 21 icke
752 1323 41 20 nog
809 1315 84 28 mycket

65 1345 42 20 kan
123 1344 70 22 offras.

136 1373 61 21 Hvad
213 1374 124 31 tolkningen
354 1374 22 21 af
391 1375 40 20 den
448 1375 40 20 119
505 1375 13 26 &
535 1375 6 20 i
557 1374 229 27 folkskole-stadgarne
799 1373 96 21 vidkom-

65 1408 51 19 mer,
135 1402 68 21 mäste
222 1402 38 27 jag
275 1402 130 21 fortfarande
421 1405 57 18 sätta
494 1403 6 20 i
516 1403 66 26 fräga,
598 1403 103 21 huruvida
717 1403 39 21 den
773 1402 22 21 af
807 1403 86 25 prosten

65 1429 109 22 Johnsson
197 1431 75 26 gjorda
291 1431 127 34 tolkningen
434 1433 24 19 är
474 1432 40 21 den
531 1431 84 26 riktiga.
646 1432 11 20 I
672 1431 70 21 denna
757 1431 13 28 &
786 1432 62 25 säges
863 1432 32 19 att

65 1465 33 14 om
125 1459 128 21 kommunen
276 1461 77 25 vägrar
375 1462 32 18 att
427 1461 80 20 inrätta
526 1460 114 25 folkskola,
657 1460 75 21 stände
748 1460 35 20 det
798 1459 97 21 enskilda

65 1486 77 27 byalag
160 1487 57 24 eller
237 1494 102 20 personer
361 1488 45 21 fritt
421 1490 33 20 att
470 1488 48 21 med
535 1488 132 26 fullgörande
683 1488 22 21 af
720 1488 90 21 nämnde
827 1486 68 22 vilkor

65 1515 20 21 få
108 1509 75 33 anslag
203 1515 31 22 till
251 1515 112 22 folkskola.
393 1516 57 21 Vore
466 1519 87 25 prosten
569 1517 117 21 Johnssons
702 1516 136 27 uppfattning
853 1515 41 21 den
