1103 1811
220 144 54 21 1478
435 148 162 18 Presteståndet
608 150 59 17 1882.
680 150 27 17 23
719 150 49 20 maj.

190 219 77 21 honom
292 218 37 21 sist
351 218 98 22 anförda:
474 218 133 28 svårigheten
626 218 33 21 för
674 219 112 21 kunderna
802 220 30 19 att
847 218 21 21 få
882 218 47 21 sina
945 217 72 21 vexlar

189 247 62 21 snabt
271 247 155 21 diskonterade.
456 247 49 21 Men
530 248 70 20 denna
622 248 141 26 anmärkning
783 249 23 19 är
821 247 64 21 redan
902 246 79 22 bemött
997 246 20 20 af

189 276 26 20 de
231 276 129 26 föregående
376 276 100 20 talarene.
500 275 42 21 Det
557 278 23 18 är
594 276 111 27 påpekadt,
721 278 29 19 att
766 275 111 21 kunderna
893 276 18 26 ej
928 274 89 22 behöfva

189 305 64 19 vänta
275 304 62 27 länge
360 304 33 20 för
415 306 30 19 att
467 304 21 20 få
511 304 46 21 sina
580 304 89 21 ärender
691 303 148 28 expedierade,
861 304 26 20 då
910 303 106 26 nämligen

189 332 227 21 diskontkomitterade
438 332 26 27 på
483 333 89 20 förhand
589 333 72 20 kunna
677 334 95 25 uppgöra
788 332 128 21 kreditlistor
931 331 40 21 och
986 331 31 20 för

189 361 64 27 öfrigt
276 361 61 20 deras
360 361 159 27 handläggning
535 361 45 21 utaf
596 361 153 21 vexelärender
771 361 58 20 bestå
845 361 74 20 endast
935 360 30 21 uti
981 366 36 15 an-

189 389 108 26 teckning,
314 389 105 21 huruvida
434 390 25 20 de
476 389 49 28 gilla
541 389 52 21 eller
608 389 63 27 ogilla
688 390 84 21 vexeln.
793 389 41 27 Jag
850 389 37 21 har
897 388 63 22 också
971 389 46 20 hört

189 418 22 21 af
226 418 171 21 bankutskottets
420 418 126 21 ordförande
568 419 127 20 framställas
714 425 26 14 en
757 425 58 14 mera
831 417 114 28 detaljerad
963 417 54 28 plan,

189 447 56 20 huru
269 447 57 20 detta
347 447 71 20 arbete
433 447 69 20 skulle
518 447 72 20 kunna
607 447 123 20 verkställas
746 447 72 26 hvarje
835 446 41 27 dag
891 446 26 27 på
933 446 84 26 mycket

190 475 47 20 kort
260 475 37 27 tid,
319 475 23 20 så
361 477 30 19 att
407 475 109 21 kunderna
532 476 19 27 ej
568 482 38 14 ens
621 475 69 21 skulle
707 475 91 21 behöfva
813 475 93 27 aflägsna
922 475 32 26 sig
971 474 45 21 från

190 503 92 26 banken,
298 504 75 20 medan
391 504 60 20 deras
467 503 71 22 vexel-
557 504 52 21 eller
623 504 101 21 låneaffär
739 504 89 26 afgöres.
857 504 38 20 Att
911 503 37 20 här
963 503 51 20 före-

189 532 68 27 ligger
274 534 29 19 ett
320 532 90 27 verkligt
425 532 63 21 behof
503 533 21 20 af
539 533 69 26 nägon
624 533 123 26 förändring
762 532 99 21 framstär
876 532 54 21 klart
940 538 76 21 genom

190 567 25 14 en
237 561 77 26 flyktig
338 561 54 20 blick
416 561 26 27 pä
465 561 115 28 tabellerna
605 561 25 20 16
654 561 39 20 och
710 562 32 24 17,
758 567 46 14 som
820 562 36 19 äro
872 560 98 27 bifogade
986 559 31 22 till

190 589 202 27 bankfullmäktiges
408 589 116 21 berättelse.
553 590 58 20 Åren
630 590 53 20 1878
699 590 40 20 och
756 590 54 20 1879
827 589 90 27 uppgick
933 589 26 20 de
970 595 47 20 pro-

190 617 105 21 testerade
314 618 79 20 utrikes
409 618 37 20 och
463 618 79 20 inrikes
558 618 112 20 vexlarnas
685 618 77 27 belopp
778 618 31 20 till
824 617 36 21 tvä
876 617 97 27 miljoner
985 616 32 21 för

190 646 104 21 hvardera
311 646 49 20 äret.
383 646 66 21 Dessa
466 646 141 27 protesterade
630 646 84 22 vexlars
730 647 40 20 öde
786 648 23 19 är
824 646 79 27 ganska
919 645 97 27 sorgligt;

190 674 76 21 endast
290 674 63 26 409/,
377 675 21 20 af
420 675 47 20 dem
491 677 35 18 äro
545 675 96 22 infriade,
657 676 26 20 de
699 675 67 27 öfriga
782 675 62 20 hafva
860 676 74 26 genast
950 674 67 20 blifvit

190 703 101 27 antingen
314 703 59 21 förda
397 706 56 18 utom
476 704 115 20 kolumnen
614 704 51 20 eller
686 704 64 20 också
766 703 31 21 till
812 703 116 21 kolumnen
944 702 33 21 för
991 703 26 19 de

190 731 75 21 osäkra
290 732 151 26 fordringarna.
471 732 43 20 När
536 732 61 20 dessa
618 732 120 27 fordringar
753 732 69 20 blifvit
838 732 80 26 osäkra,
933 730 85 27 inflyter

190 760 47 20 icke
252 766 60 14 mera
327 760 6 20 i
349 760 98 21 medeltal
464 760 21 21 af
500 760 47 21 dem
564 762 26 19 än
608 762 46 25 1'!/,;
669 761 34 26 %.
726 760 46 21 Den
790 762 22 19 är
827 760 82 21 således
925 766 26 14 en
967 766 50 20 gan-

190 788 37 20 ska
248 789 66 26 vigtig
333 795 52 20 gren
405 789 21 20 af
441 789 95 20 bankens
551 789 129 27 förvaltning
695 789 71 21 denna
781 788 77 21 handel
876 788 46 21 med
939 788 78 21 vexlar.

190 816 41 21 Det
247 819 24 18 är
287 817 68 26 också,
371 817 68 20 såsom
453 817 56 20 förut
521 817 131 23 framhållits,
663 817 79 21 bekant
752 819 31 19 att
795 817 71 21 denna
877 816 140 21 vexelrörelse

191 845 33 20 vid
249 845 182 21 hufvudkontoret
454 846 124 26 tillskyndat
600 846 83 21 banken
706 846 48 21 dess
776 845 31 22 till
827 845 110 26 2,400,000
959 844 58 21 mark

191 873 127 28 uppgående
341 874 76 21 förlust
432 874 67 21 under
514 877 83 18 senaste
613 875 158 26 femårsperiod.
801 873 45 22 Vid
862 873 155 22 filialkontoren

190 903 38 19 har
251 903 94 20 rörelsen
369 903 97 26 gestaltat
488 903 33 27 sig
542 903 26 27 på
590 905 30 19 ett
643 903 89 21 erkändt
753 903 48 20 vida
820 903 84 20 säkrare
919 904 46 23 sätt,
981 901 37 21 allt

190 930 65 21 sedan
274 930 224 22 diskontkomitterade
514 931 36 21 der
566 931 100 21 anställts.
696 931 42 21 För
753 931 131 21 närvarande
895 931 123 26 disponerar

191 959 178 21 diskontkomitén
390 960 7 19 i
416 960 31 20 sin
471 960 128 26 förvaltning
620 966 26 15 en
668 960 126 20 arbetskraft
817 960 21 20 af
859 962 30 18 tre
912 964 105 22 personer.

192 987 74 21 Skulle
290 988 57 20 detta
369 988 78 26 förslag
462 988 89 27 förfalla,
566 988 70 21 skulle
651 988 157 21 filialkontoren
824 988 129 20 fortfarande
969 993 49 15 vara

190 1016 43 20 lika
257 1016 120 21 manstarka
400 1023 44 13 som
468 1016 180 22 hufvudkontoret
665 1017 39 21 och
719 1017 91 21 sålunda
825 1016 62 21 hafva
903 1016 78 21 hälften
998 1015 21 21 af

191 1045 26 20 de
240 1044 141 28 disponerade
404 1045 106 21 krafterna
533 1052 33 14 om
588 1046 62 20 hand.
680 1045 64 21 Detta
759 1045 132 21 förhållande
906 1047 23 18 är
944 1047 29 18 ett
988 1047 30 17 ta-

190 1073 63 21 lande
278 1073 44 21 skäl
346 1074 33 20 för
402 1076 29 18 att
454 1074 63 26 något
533 1074 37 20 bör
585 1074 94 27 tillgöras
694 1074 7 20 i
716 1074 41 21 den
775 1074 93 26 riktning
883 1080 45 14 som
943 1073 38 21 här
996 1074 23 19 är

191 1102 120 27 föreslaget.
341 1102 80 20 Rektor
442 1102 99 21 Kihlman
563 1103 38 20 har
623 1103 19 27 ej
665 1103 89 27 specielt
770 1102 80 21 kunnat
866 1102 73 20 anföra
955 1101 63 27 något

190 1130 89 21 särkildt
297 1130 162 21 beaktansvärdt
474 1131 44 20 skäl
534 1134 57 18 emot
606 1132 113 20 utskottets
730 1131 229 27 detaljbestämningar,
967 1133 50 17 utan

191 1158 36 21 vill
253 1159 53 21 blott
328 1162 30 18 att
381 1159 18 27 ej
423 1160 63 26 något
509 1160 80 20 biträde
604 1160 21 20 åt
641 1160 189 21 bankdirektionen
848 1159 53 21 skall
915 1159 102 24 tillsättas,

191 1187 40 21 och
247 1187 72 21 derför
334 1194 61 14 anser
411 1188 34 27 jag
460 1190 30 18 att
505 1188 88 21 Ståndet
608 1189 18 26 ej
644 1188 37 21 bör
694 1188 34 21 vid
745 1188 53 20 hans
813 1188 135 27 andragande
964 1188 53 20 fästa

191 1215 65 27 något
272 1216 105 21 afseende.

261 1273 110 21 Professor
387 1273 105 21 Cleve:
523 1270 146 25 Öfverläraren
685 1273 102 22 Kihlman
804 1273 38 21 har
853 1273 50 21 visst
913 1275 105 25 noggrant

192 1301 113 27 nagelfarit
320 1301 112 22 utskottets
447 1302 139 21 betänkande.
615 1303 41 26 Jag
673 1303 35 20 vill
724 1302 55 21 dock
795 1302 46 21 icke
852 1302 111 27 uppehålla
975 1301 42 27 mig

190 1330 83 25 härvid,
294 1333 50 18 utan
367 1330 75 21 endast
464 1331 100 20 anmärka
579 1333 29 18 att
625 1333 73 25 nyttan
714 1331 22 20 af
752 1331 160 27 ifrågavarande
934 1330 83 21 institu-

191 1359 43 20 tion
252 1359 89 20 likasom
357 1359 62 20 äfven
436 1359 48 21 dess
500 1359 156 27 nödvändighet
671 1360 47 20 icke
734 1359 42 21 kan
788 1359 49 21 bero
849 1359 25 27 på
885 1359 56 20 huru
952 1358 64 21 saken

190 1389 23 19 är
228 1387 125 26 motiverad,
370 1390 49 18 utan
437 1388 55 21 detta
509 1388 61 21 beror
585 1388 26 27 på
626 1388 88 21 alldeles
729 1392 47 17 rent
787 1387 106 28 praktiska
904 1386 113 22 förhållan-

190 1416 48 20 den.
269 1415 42 21 Det
331 1416 42 20 kan
389 1417 18 26 ej
425 1417 70 25 nekas,
511 1419 30 18 att
555 1417 55 20 hvad
626 1423 45 14 som
687 1417 101 26 förelupit
803 1418 23 19 är
841 1416 21 21 af
877 1416 40 21 den
933 1419 39 21 art,
988 1417 30 19 att

191 1444 64 26 något
272 1444 47 21 med
337 1444 99 21 afseende
451 1445 13 20 å
478 1445 156 27 förvaltningen
650 1445 21 21 af
681 1445 180 21 centralkontoret
874 1445 65 20 måste
951 1446 66 25 göras,

190 1472 38 21 och
253 1472 28 21 då
303 1472 36 21 det
361 1473 147 27 egendomliga
527 1473 140 21 förhållandet
687 1473 93 21 inträffat
798 1475 36 24 att,
849 1473 55 20 hvad
921 1472 97 22 beträffar

189 1501 127 20 säkerheten
340 1501 30 20 uti
394 1502 138 26 operationer,
548 1502 156 20 filialkontoren
720 1502 64 20 hafva
797 1504 96 25 opererat
908 1501 67 21 bättre
991 1502 26 19 än

189 1529 188 26 centralkontoret,
394 1530 38 20 och
452 1530 26 21 då
494 1530 57 21 detta
566 1531 18 26 ej
602 1530 41 21 kan
659 1530 103 21 förklaras
779 1529 133 22 annorlunda
927 1531 28 19 än
971 1529 47 21 der-
