1103 1811
323 143 161 17 Presteståndet
496 144 56 17 1882.
578 144 22 16 13
613 144 47 20 maj.
816 138 54 21 1345

140 212 60 21 Härå
221 212 123 22 framstälde
369 212 49 21 herr
440 212 174 21 Talmannen
638 212 92 27 följande
746 212 153 27 omröstnings-

70 241 142 26 proposition:

147 303 132 22 Godkänner
299 303 35 20 det
349 303 132 27 högvördiga
498 303 92 21 Ständet
605 304 56 19 1:sta
677 309 65 15 mom.
758 302 56 27 af
816 304 28 19 5:te
860 303 15 26 $
889 303 10 19 i

70 332 117 21 utskottets
202 331 150 22 betänkande?
369 332 41 20 den
425 332 35 21 det
472 334 46 25 gör,
533 338 79 14 svarar
622 331 39 28 ja;

140 389 82 21 vinner
243 389 42 26 nej,
307 388 171 21 äterremitteras
500 390 118 19 momentet
640 390 33 19 att
688 388 145 27 omredigeras
848 388 10 21 i
873 388 29 27 af

67 419 79 26 pastor
163 417 91 21 Eklund
268 417 100 28 angifvet
381 417 63 28 syfte.

141 474 33 21 Dä
189 475 70 20 denna
273 474 131 27 proposition
420 474 127 21 besvarades
563 474 47 21 med
627 473 155 27 öfvervägande
793 474 39 27 nej,
842 474 56 21 hade

71 503 90 21 Ständet
185 503 82 21 således
290 503 86 20 beslutit
397 505 32 18 att
451 503 157 21 återremittera
626 504 53 19 t:sta
695 509 61 14 mom.
774 502 22 21 af
808 503 12 26 $
836 503 12 21 5
865 502 32 21 till

70 532 107 21 utskottet
201 531 33 21 för
255 533 32 19 att
311 531 161 22 omformuleras
494 533 6 19 i
524 531 36 22 det
580 532 23 20 af
621 533 73 25 pastor
710 531 83 21 Eklund
809 531 88 27 angifna

71 559 70 28 syftet,
158 562 33 19 att
206 560 104 26 nämligen
328 560 59 21 detta
402 563 93 18 moment
511 560 66 21 borde
593 560 86 26 bringas
695 560 5 21 i
717 562 96 19 närmare
830 559 67 22 öfver-

71 589 159 21 ensstämmelse
247 589 46 21 med
309 589 11 26 $
337 590 18 20 3.

141 652 59 21 2:dra
217 651 38 21 och
272 651 54 27 3:dje
337 658 85 14 momm.
433 651 43 27 af
467 646 9 36 $
488 652 12 20 5
510 652 124 26 godkändes
645 651 93 21 härefter
749 650 147 22 oförändrade.

466 750 10 24 S
492 749 12 20 6

69 805 125 27 godkändes
210 805 103 21 likaledes
329 807 51 19 utan
396 805 90 27 ändring
502 805 66 26 enligt
584 805 115 21 utskottets
715 805 139 21 betänkande.

388 903 11 25 $
416 904 11 18 7
446 904 53 18 1:sta
514 908 63 15 mom.

140 966 114 26 Angäende
271 965 59 21 detta
346 967 93 19 moment
454 965 86 26 yttrade
556 965 39 27 sig:

139 1028 52 21 Vice
211 1028 76 21 Pastor
307 1028 116 25 Eklund,
445 1034 44 15 som
512 1028 80 27 yrkade
613 1028 27 26 pä
660 1030 33 18 att
709 1028 65 20 orden
789 1044 5 9 ,
797 1027 38 27 till
852 1027 44 21 för-

69 1056 106 28 säljning'*
192 1056 28 27 pä
234 1057 67 21 andra
317 1057 65 21 raden
399 1057 69 21 såsom
484 1057 92 25 onödiga
592 1057 65 21 måtte
672 1057 58 26 utgå.

138 1119 111 21 Professor
271 1120 140 25 Forsman,
435 1119 25 23 G.
482 1119 29 21 Z.:
535 1118 93 22 Samalla
651 1119 42 21 kun
718 1118 55 22 minä
795 1118 99 28 yhdistyn

69 1148 83 26 pastori
168 1148 108 20 Eklundin
292 1148 176 25 muistutukseen,
484 1148 81 21 tahdon
582 1147 145 26 huomauttaa,
738 1149 44 19 että
792 1148 104 20 kummin-

69 1176 37 21 kin
123 1176 201 22 suomenkielisessä
339 1176 139 27 kappaleessa
494 1177 152 21 ensimmäinen
662 1176 68 21 lause:
752 1176 144 25 ,Semmoisen

67 1204 162 27 juomatehtaan
257 1205 99 26 omistaja
382 1204 44 21 tahi
449 1205 82 26 haltija,
552 1205 60 26 jossa
634 1206 86 20 aiotaan
743 1204 153 27 mallasjuomia

69 1233 127 27 myytäviksi
211 1233 126 22 valmistaa'*
355 1235 75 19 tuntuu
441 1233 68 21 vähän
520 1233 174 26 kummalliselta;
711 1233 81 20 kuuluu
804 1232 91 21 melkein

69 1262 56 25 siltä,
141 1261 43 22 kun
201 1262 84 27 löytyisi
299 1262 171 27 juomatehtaita,
484 1262 69 27 joissa
569 1263 18 20 ei
603 1262 58 21 aiota
675 1262 81 28 juomia
771 1261 124 27 myytäviksi

69 1290 120 21 valmistaa.
220 1291 27 21 Ja
262 1291 124 20 muutenkin
402 1297 27 14 on
445 1292 58 19 tämä
519 1290 58 22 lause
592 1290 100 22 huonosti
707 1290 85 27 sepitty.

138 1353 145 27 Proposition:

141 1410 134 21 Godkänner
297 1411 35 20 det
354 1410 132 27 högvördiga
509 1409 92 22 Ständet
617 1411 56 20 1:sta
687 1417 65 14 mom.
770 1410 29 27 af
810 1409 15 28 $
844 1410 12 20 7
871 1409 28 28 af

68 1439 115 20 utskottets
199 1439 134 20 betänkande
348 1439 162 27 oförändradt?
526 1439 42 20 den
583 1439 35 21 det
631 1441 44 25 gör,
691 1445 79 14 svarar
778 1439 40 27 ja;

137 1495 82 21 vinner
232 1496 43 27 nej,
291 1496 42 20 har
349 1495 92 21 Ständet
453 1496 97 27 godkänt
566 1497 118 19 momentet
698 1496 49 20 med
756 1495 139 21 uteslutande

67 1523 30 28 af
108 1524 67 21 orden
193 1524 48 21 »till
255 1524 152 27 försäljning».

804 1563 22 18 85
