1103 1811
201 136 53 20 1366
420 140 160 18 Presteståndet
593 142 56 16 1882.
675 143 22 16 19
710 142 48 21 maj.

169 210 44 21 slöt
224 212 33 19 att
268 210 94 27 fängelse
373 210 34 21 vid
418 212 73 20 vatten
502 210 39 22 och
558 210 52 21 bröd
626 210 68 22 skulle
705 210 106 22 beräknas
822 210 89 22 sålunda
922 212 32 20 att
965 212 35 21 det

171 239 134 21 motsvarade
321 239 28 27 !/;
365 238 22 21 af
401 238 26 22 de
442 238 76 27 älagda
529 238 104 22 böterna
626 234 9 36 i
644 239 220 21 öfverensstämmelse
874 239 47 21 med
929 239 70 22 hvad
988 234 14 36 i

170 267 106 21 likartade
292 267 37 21 fall
345 269 23 19 är
383 268 107 25 stadgadt,
506 267 39 21 och
560 268 6 20 i
583 268 60 20 detta
658 268 100 21 afseende
774 274 62 20 synes
852 268 35 21 det
901 268 43 26 mig
954 274 45 16 som

172 302 35 14 om
222 296 161 21 Presteståndet
398 296 54 21 hade
468 296 46 21 skäl
530 298 32 19 att
578 295 93 22 vidhålla
685 296 38 21 sitt
734 297 76 20 beslut.
840 296 159 22 Bondeståndet

170 323 40 22 har
233 324 108 21 dessutom
357 324 6 21 i
379 324 98 21 afseende
493 324 13 21 å
520 324 11 27 $
550 325 24 20 18
591 323 94 24 beslutit,
701 327 33 18 att
757 325 89 20 böterna
869 325 68 21 skulle
955 326 44 19 tve-

171 352 76 21 skiftas
263 353 77 21 mellan
356 353 89 20 häradet
460 353 40 21 och
516 353 86 21 kronan.
630 353 107 21 Måhända
752 354 37 21 det
804 353 6 21 i
827 353 58 22 detta
901 353 98 22 afseende

171 387 50 15 vore
236 381 47 21 skäl
299 383 32 19 att
346 383 79 24 antaga
440 381 169 22 Bondeståndets
625 382 86 26 förslag.

240 409 74 22 Skulle
334 410 36 21 det
391 410 18 27 ej
431 411 26 26 gå
480 417 26 14 an
528 412 32 19 att
576 410 89 21 sålunda
680 411 101 26 punktvis
797 413 78 24 antaga
891 411 51 20 eller
957 410 42 21 för-

171 438 63 21 kasta
249 438 158 27 inbjudningen,
424 441 50 18 utan
490 440 32 19 att
538 440 31 19 ett
584 439 64 20 totalt
664 439 122 26 antagande
801 439 52 20 eller
864 439 135 21 förkastande

171 466 24 21 af
209 467 123 21 densamma
347 467 38 21 här
401 467 84 21 komme
500 468 6 20 i
522 467 66 27 fråga,
603 468 23 20 så
642 467 41 21 kan
697 467 37 27 jag
750 468 46 21 icke
812 470 64 19 annat
892 469 26 20 än
929 468 70 27 afböja

171 495 130 22 densamma.

242 559 56 20 Herr
320 558 164 21 Talmannen
507 559 141 26 tillkännagaf
671 559 47 20 med
742 559 114 26 anledning
879 559 67 26 häraf,
969 562 31 18 att

171 587 42 21 han
236 593 51 15 vore
311 587 80 22 sinnad,
413 589 31 19 att
468 587 47 21 med
537 587 137 26 förbigående
695 587 23 20 af
738 587 42 21 alla
796 587 26 21 de
837 587 91 27 punkter
943 588 5 20 i
965 587 36 21 det

171 615 164 27 ifrågavarande
355 615 245 27 författningsförslaget,
620 616 91 20 rörande
727 616 73 20 hvilka
816 615 162 26 enstämmighet
994 616 4 20 i

172 644 86 20 Preste-
275 644 38 21 och
330 644 175 21 Bondeståndens
517 644 69 20 beslut
597 644 118 23 förefinnes,
728 644 31 21 till
773 644 100 21 Ståndets
885 644 115 26 afgörande

173 672 131 21 öfverlemna
327 672 52 21 hvar
401 672 34 21 för
456 672 31 26 sig
507 672 21 21 af
543 673 25 21 de
584 672 123 27 paragrafer
722 673 6 20 i
744 672 110 28 förslaget,
870 672 130 22 beträffande

173 700 73 22 hvilka
263 701 26 21 de
312 701 55 21 båda
383 701 93 21 Stånden
492 703 86 19 stannat
594 701 5 20 i
616 702 57 20 olika
688 701 77 26 beslut,
783 701 39 21 och
838 701 99 26 föredrog
952 701 49 21 herr

172 729 167 21 Talmannen
357 730 46 20 med
420 729 111 27 anledning
547 730 62 21 häraf
623 730 54 20 först
692 730 172 21 Bondeståndets
878 730 123 26 inbjudning

173 758 132 21 beträffande
320 758 11 27 $
347 758 19 20 2.

242 820 31 21 På
295 821 155 26 framställning
472 821 22 20 af
516 821 48 20 herr
579 821 176 21 Talmannen
778 821 70 21 beslöt
863 821 90 21 Ständet
969 823 31 18 att

173 848 97 22 förkasta
287 849 149 26 inbjudningen
452 850 6 20 i
475 849 67 21 denna
558 850 40 20 del.

242 911 113 22 Likaledes
371 912 132 20 förkastades
518 912 151 26 inbjudningen
687 911 133 21 beträffande
835 911 26 28 $$
878 912 18 24 3,
907 912 12 20 4
931 911 38 21 och
981 912 19 20 5.

242 975 49 21 Med
315 974 114 27 anledning
451 974 23 22 af
491 974 124 27 inbjudning
630 974 109 26 angående
756 974 12 26 $
786 976 11 18 6
814 973 131 21 beträftande
961 974 39 20 den

173 1003 140 27 bestämning,
329 1006 32 18 att
376 1004 138 25 landsvägens
531 1003 75 26 högsta
623 1002 65 22 bredd
704 1002 91 22 emellan
812 1002 76 21 dikena
905 1002 44 21 icke
966 1002 35 22 be-

173 1031 64 22 höfde
254 1032 115 26 öfverstiga
387 1033 26 20 10
428 1032 66 24 alnar,
510 1032 83 26 yttrade
609 1032 31 26 sig
656 1031 92 27 följande
764 1031 79 21 talare:

243 1094 52 22 Vice
318 1097 73 25 pastor
414 1094 102 21 Lilius:
547 1094 39 21 Om
610 1094 30 21 uti
663 1093 127 27 paragrafen
815 1093 33 21 fär
866 1094 85 26 gvarstä
967 1094 34 20 be-

172 1124 143 26 stämningen,
331 1127 32 17 att
379 1123 127 26 landsvägen
522 1122 55 22 skall
594 1123 79 26 byggas
689 1123 55 20 ända
760 1122 33 21 till
810 1124 23 18 12
848 1122 70 21 alnars
930 1122 71 24 bredd,

173 1152 24 20 sä
213 1153 23 19 är
253 1152 36 21 det
305 1152 42 20 min
364 1152 144 26 öfvertygelse,
525 1154 33 18 att
573 1151 41 21 alla
630 1158 40 20 nya
686 1153 64 25 vägar
766 1151 86 21 komma
868 1153 31 19 att
913 1151 89 21 bestäm-

174 1186 46 15 mas
244 1180 31 21 till
301 1181 25 20 12
349 1181 70 20 alnars
443 1180 72 21 bredd.
545 1180 41 26 Jag
608 1180 39 20 har
670 1180 58 20 bevis
749 1180 35 26 pä,
800 1181 32 19 att
848 1180 24 20 sä
887 1179 38 21 har
940 1180 62 20 skett.

174 1208 51 21 Helt
248 1215 49 21 nyss
321 1209 93 26 byggdes
436 1215 26 14 en
484 1215 27 20 ny
532 1208 101 27 landsväg
650 1209 25 25 pä
691 1215 25 14 en
732 1208 92 25 sträcka,
840 1208 38 21 der
893 1207 75 22 hittills
984 1208 17 25 ej

175 1243 44 14 mer
242 1239 27 19 än
285 1239 14 19 4
315 1237 141 26 skjutshästar
480 1243 33 15 om
536 1237 46 20 året
603 1240 102 23 passerat,
722 1237 105 24 nemligen
844 1238 66 25 vägen
927 1236 76 21 mellan

175 1265 81 21 Muldia
269 1266 38 21 och
319 1266 68 25 Urais,
404 1265 38 22 och
458 1265 88 22 oaktadt
557 1265 215 27 församlingsboarne
783 1265 18 26 ej
811 1265 47 21 ville
867 1267 50 24 göra
927 1267 77 24 vägens

175 1294 66 21 bredd
265 1297 68 18 större
357 1297 25 18 än
406 1297 12 18 8
435 1294 65 25 alnar,
522 1295 24 20 så
570 1294 120 21 bestämdes
712 1295 39 19 den
770 1294 32 20 till
823 1295 29 24 10,
870 1293 39 21 den
926 1295 78 20 största

175 1322 66 21 bredd
257 1329 46 15 som
320 1323 60 26 lagen
397 1323 75 20 hittills
487 1323 79 20 tillåtit.
597 1323 42 20 Det
655 1323 139 20 resonerades
810 1323 26 26 på
848 1322 91 26 följande
951 1324 52 19 sätt:

175 1357 34 14 om
233 1352 92 21 trafiken
348 1351 65 22 också
434 1351 32 21 till
482 1357 25 15 en
524 1351 73 26 början
614 1353 24 19 är
653 1351 58 25 liten,
728 1351 24 21 så
769 1351 41 20 blir
827 1351 39 20 den
882 1351 48 20 med
947 1351 57 20 tiden

175 1382 76 24 större,
274 1381 39 20 och
337 1380 69 21 derför
429 1380 66 21 måste
518 1380 129 26 landsvägen
670 1382 62 24 göras
756 1380 94 24 bredare,
874 1379 23 21 så
917 1381 30 19 att
963 1379 41 21 den

175 1410 120 19 motsvarar
311 1409 64 20 också
390 1409 127 20 kommande
533 1409 67 20 tiders
616 1409 69 20 behof.
716 1408 50 21 Men
784 1415 33 14 om
834 1408 64 21 också
914 1407 90 22 trafiken

174 1437 70 21 skulle
264 1437 64 21 blifva
345 1437 54 20 huru
414 1440 44 18 stor
474 1443 44 14 som
535 1437 61 25 helst,
613 1437 41 20 kan
670 1443 49 14 man
735 1437 86 21 komma
838 1437 31 20 till
885 1438 55 19 rätta
958 1436 47 21 med

175 1471 26 14 en
220 1466 24 20 10
261 1466 61 20 alnar
337 1465 51 21 bred
405 1467 45 25 väg.
480 1465 41 21 Det
537 1467 24 19 är
576 1465 34 21 väl
626 1468 47 18 sant
688 1467 33 19 att
737 1465 28 26 på
781 1471 25 15 en
823 1465 34 21 del
872 1464 75 21 ställen
963 1464 42 21 kan

175 1495 68 25 vägen
268 1500 50 14 vara
340 1494 55 26 bygd
411 1494 53 21 ända
482 1494 31 19 till
531 1494 25 20 12
573 1494 60 20 alnar
649 1493 58 26 bred,
724 1500 48 14 men
789 1494 36 20 det
840 1495 24 18 är
879 1493 127 26 fullkomligt

175 1522 98 27 onödigt,
290 1522 39 21 och
353 1522 35 21 det
404 1524 24 19 är
442 1529 26 14 en
482 1521 89 27 ofantlig
587 1525 44 18 stor
647 1521 83 22 skilnad
746 1522 7 21 i
770 1521 237 28 vägbyggnadskostna-
