1103 1811
211 135 55 20 1630
429 140 162 18 Presteståndet
604 141 56 17 1882.
684 141 28 17 30
725 141 48 21 maj.

181 209 66 26 gifver
263 209 39 21 och
319 215 45 15 som
379 209 65 21 sedan
460 209 65 27 säljes
540 209 39 21 har
595 209 83 21 banken
695 212 31 18 ett
741 210 48 26 plus
805 209 6 21 i
827 209 33 21 sin
875 210 70 21 kassa.
971 209 37 22 Sä-

181 238 58 21 ledes
255 238 40 20 bör
310 244 48 15 man
374 238 40 21 här
429 244 55 20 noga
499 238 62 27 skilja
579 238 77 21 mellan
671 238 76 26 sjelfva
760 238 150 21 bankrörelsen
927 238 39 21 och
982 238 26 21 de

181 266 114 26 förmåner,
320 273 44 15 som
381 273 25 15 en
420 266 57 21 bank
492 266 45 27 har,
552 272 76 21 genom
649 266 106 22 särskilda
770 267 131 25 stadganden
918 266 39 22 och
973 267 35 21 be-

181 296 141 26 stämningar.
352 294 108 22 Nordiska
475 295 142 21 aktiebanken
633 295 94 26 begärde
743 295 65 21 också
824 295 101 26 rättighet
940 298 32 18 att
988 295 20 21 få

181 323 80 26 utgifva
284 323 77 24 sedlar,
381 330 47 15 men
445 323 41 22 fick
502 323 75 22 endast
593 323 30 21 lof
636 326 31 19 att
683 323 82 28 utgifva
781 323 69 21 sedlar
865 323 32 22 till
913 324 23 21 så
952 324 55 26 höga

181 352 84 21 valörer
287 354 32 19 att
341 352 41 21 den
401 352 45 21 icke
462 352 71 21 kunde
548 352 97 27 begagna
660 352 31 27 sig
707 352 22 21 af
744 353 68 20 denna
828 352 107 27 rättighet.
966 353 42 20 Det

181 383 22 18 är
226 381 83 21 således
325 387 25 15 en
367 383 45 19 stor
427 381 82 21 förmån
525 387 45 15 som
591 381 204 27 Föreningsbanken
812 380 44 26 har,
873 381 32 21 för
921 381 84 21 hvilken

181 409 40 21 den
245 409 71 21 derför
338 409 67 22 borde
421 409 115 22 beskattas.
567 410 45 21 Den
629 410 40 20 bör
684 409 71 22 betala
771 409 114 27 bevillning
901 410 54 21 efter
970 410 37 21 det

181 438 76 27 högsta
276 438 83 27 belopp,
376 438 33 21 till
425 438 79 21 hvilket
519 438 47 21 dess
582 438 71 21 sedlar
668 439 68 20 under
752 438 47 21 året
814 438 55 21 varit
884 439 123 26 utlöpande.

250 501 111 21 Professor
385 501 102 21 Cleve:
518 501 41 21 Det
581 501 101 21 förhåller
705 501 32 26 sig
760 503 52 19 utan
834 501 79 25 tvifvel,
937 501 69 21 såsom

182 529 143 22 öfverläraren
348 529 100 22 Kihlman
473 530 38 20 och
534 529 110 28 professor
666 530 88 21 Donner
776 530 61 25 visat,
853 532 32 19 att
901 529 39 21 den
956 536 51 14 rena

181 559 81 20 vinsten
289 558 26 27 på
338 558 190 26 sedelutgifningen
554 558 109 21 beskattas
686 559 6 20 i
716 558 217 21 öfverensstämmelse
959 559 48 20 med

181 587 95 21 bankens
299 587 55 20 vinst
377 587 144 25 öfverhufvud,
545 587 39 21 och
607 589 31 19 att
661 593 34 15 om
712 587 84 20 banken
813 587 68 21 skulle
896 586 69 21 betala
981 593 26 13 en

181 615 55 21 skild
258 616 59 20 skatt
340 614 33 22 för
395 615 256 27 sedelutgifningsrätten,
673 616 23 20 så
720 616 84 20 komme
828 616 39 20 den
889 617 31 19 att
936 615 71 20 betala

181 644 78 21 dubbel
276 644 64 21 skatt.
365 644 32 21 En
413 644 67 21 fördel
496 644 38 21 har
550 644 82 21 banken
650 650 74 20 genom
742 644 129 26 rättigheten
884 646 31 18 att
926 643 82 26 utgifva

181 673 78 23 sedlar,
275 672 69 22 såsom
361 676 86 23 prosten
463 672 59 27 Hjelt
538 672 122 26 framhållit,
676 672 106 27 nämligen
800 673 39 21 den
855 674 32 20 att
903 673 24 20 de
938 672 70 21 sedlar

181 708 44 14 som
250 701 98 26 försäljas
369 701 66 21 blifva
450 701 32 21 till
498 702 38 20 sitt
551 702 149 21 motsvarande
717 702 77 25 belopp
811 708 23 14 en
852 708 36 14 ren
905 701 54 20 vinst
975 700 32 21 för

181 730 91 20 banken.
303 730 50 20 Men
377 736 34 14 om
437 730 35 21 det
487 730 41 20 blir
545 730 59 27 fråga
620 737 33 14 om
671 730 115 26 bevillning
800 730 24 21 så
840 730 64 20 borde
921 730 35 20 det
972 729 34 21 be-

181 758 105 22 beräknas
309 759 27 26 på
359 759 65 25 något
446 760 48 24 sätt,
518 759 55 21 huru
596 761 45 19 stor
656 759 27 27 */,
699 759 24 20 af
736 758 98 22 sedlarne
856 758 45 21 icke
922 758 85 21 komma

180 787 98 26 tillbaka,
295 793 46 14 men
355 787 36 26 jag
407 790 45 17 tror
467 789 32 19 att
514 793 25 15 en
556 788 66 20 sådan
638 787 118 26 beräkning
772 787 40 20 blir
827 786 48 21 svår
891 786 38 21 och
941 787 66 26 omöj-

181 815 34 27 lig.
247 815 44 22 För
307 815 42 21 min
367 815 33 21 del
416 815 67 22 skulle
499 816 35 27 jag
549 816 70 21 derför
634 816 85 21 ansluta
734 816 44 26 mig
794 815 31 21 till
837 816 53 25 dem,
902 821 44 15 som
957 821 50 14 anse

180 847 33 18 att
229 851 25 14 en
271 844 56 21 skild
350 844 115 27 bevillning
488 844 46 21 icke
550 845 66 20 borde
632 845 85 20 komma
732 844 76 26 ifråga,
826 844 26 21 dä
868 844 138 21 bankvinsten

180 873 69 20 säsom
266 873 66 21 sädan
348 873 116 20 beskattas.

250 941 113 21 Professor
386 941 134 21 Donner:
551 941 45 21 Den
620 940 23 22 af
664 943 87 24 prosten
768 941 59 27 Hjelt
842 940 118 27 föreslagna
975 942 31 20 åt-

179 970 80 26 gärden
283 970 38 20 bör
345 970 118 26 egentligen
487 969 45 21 icke
555 976 28 14 nu
606 970 85 20 komma
706 970 6 20 i
729 970 67 26 fråga,
820 970 87 20 emedan
929 970 38 20 här
983 972 24 18 är

179 999 60 26 fråga
262 1005 33 15 om
319 998 116 27 bevillning
457 998 21 21 af
500 998 93 21 inkomst
615 998 40 21 och
677 1001 87 23 prosten
780 998 70 26 Hjelts
865 998 79 26 förslag
960 998 46 21 icke

179 1027 77 21 hänför
280 1028 31 25 sig
332 1027 31 21 till
380 1027 68 26 nägon
464 1026 54 28 ärlig
534 1028 99 20 inkomst.
664 1026 59 22 Skall
740 1027 60 21 detta
817 1026 78 28 förslag
911 1027 95 21 förverk-

179 1056 60 26 ligas,
261 1056 24 21 sä
305 1056 38 20 bör
365 1056 34 20 väl
415 1058 31 18 ett
462 1056 117 26 stadgande
602 1055 81 21 införas
698 1056 6 20 i
721 1056 120 26 banklagen
858 1062 32 14 om
907 1062 25 14 en
949 1056 55 20 skild

179 1084 65 27 afgift
259 1084 34 22 för
308 1084 178 27 privatbankerna
502 1084 32 21 för
550 1084 104 27 rättighet
669 1087 32 18 att
717 1084 81 27 utgifva
814 1084 69 21 sedlar
895 1084 38 21 och
949 1084 7 20 i
972 1085 33 20 sä-

179 1114 52 20 dant
247 1113 38 21 fall
301 1113 36 21 vill
353 1114 33 26 jag
403 1113 32 21 för
451 1113 43 21 min
510 1113 34 21 del
559 1113 46 21 icke
622 1115 102 19 motsätta
739 1114 43 25 mig
798 1112 107 27 förslaget,
922 1119 33 14 om
970 1113 36 21 det

179 1148 61 15 anses
264 1142 78 26 nödigt.
374 1142 8 20 I
400 1143 58 19 detta
482 1142 97 21 afseende
598 1142 112 26 föreligger
727 1148 25 14 en
769 1141 97 27 petition,
883 1147 44 15 som
943 1141 62 21 Stän-

179 1170 36 21 det
229 1173 61 19 snart
306 1170 60 22 torde
382 1170 86 21 komma
483 1173 31 18 att
531 1170 111 24 behandla,
658 1170 39 21 och
714 1177 33 14 om
765 1170 89 22 Ständet
871 1170 34 20 vill
917 1170 88 21 omfatta

178 1199 109 26 förslaget,
309 1200 23 20 sä
353 1200 60 20 torde
438 1200 35 19 det
496 1206 49 14 vara
568 1199 124 26 lämpligare
715 1201 33 18 att
764 1200 5 19 i
786 1198 152 27 sammanhang
959 1199 47 20 med

180 1227 69 21 denna
266 1230 93 25 upptaga
376 1227 124 22 detsamma.

248 1292 148 26 Öfverläraren
413 1296 148 21 Kihlman:
588 1296 103 21 Fördelen
708 1298 32 19 att
755 1295 81 27 utgifva
851 1296 70 21 sedlar
931 1297 24 19 är
966 1295 39 21 och

178 1325 41 21 kan
243 1332 51 14 vara
317 1325 80 27 ganska
421 1327 51 24 stor,
494 1331 47 15 men
562 1325 39 20 allt
616 1325 62 20 beror
695 1325 65 26 derpä
777 1325 71 20 hvilka
864 1324 141 21 sedelvalörer

178 1354 83 21 banken
277 1356 23 19 är
316 1354 119 25 berättigad
458 1356 32 18 att
512 1353 86 26 utgifva
630 1353 41 21 Får
687 1360 26 14 en
730 1353 56 21 bank
803 1353 80 26 utgifva
898 1353 71 20 sedlar
985 1353 22 21 af

179 1383 80 20 mindre
276 1383 88 24 valörer,
381 1383 26 20 dä
423 1383 39 20 blir
479 1382 93 21 fördelen
588 1384 68 19 större
672 1382 39 21 och
728 1382 41 21 kan
786 1381 64 22 blifva
860 1381 80 26 ganska
952 1383 53 24 stor,

178 1417 46 15 men
241 1417 42 19 om,
299 1412 69 20 säsom
385 1417 27 14 nu
429 1413 22 19 är
467 1411 65 25 fallet,
548 1411 86 20 valören
650 1413 24 18 är
690 1411 44 21 dels
749 1411 83 20 mindre
843 1410 106 27 lämpliga,
959 1410 46 21 dels

178 1440 62 26 höga,
257 1440 23 21 sä
296 1440 85 20 komma
397 1440 60 21 dessa
476 1440 70 20 sedlar
562 1439 49 26 föga
627 1439 5 20 i
649 1439 60 21 bruk.
740 1439 40 21 Om
797 1439 83 20 banken
896 1439 109 26 utsläpper

177 1468 55 24 dem,
257 1468 24 21 sä
303 1468 114 26 ätergifvas
439 1468 25 21 de
488 1468 56 20 inom
566 1469 66 25 några
648 1468 72 26 dagar.
750 1468 11 20 I
778 1468 36 20 det
830 1467 59 21 fallet
905 1467 100 21 behöfver

174 1496 37 26 jag
227 1497 57 20 blott
299 1496 94 26 äberopa
408 1497 38 20 den
464 1496 120 21 erfarenhet
608 1502 44 15 som
669 1496 80 21 enhvar
765 1496 40 21 har
820 1496 52 26 haft,
889 1496 55 20 huru
960 1496 45 21 ofta

177 1525 46 20 äter
246 1531 35 15 ser
301 1531 47 14 man
365 1532 26 14 en
414 1525 186 26 Föreningsbanks
615 1525 57 21 sedel
688 1525 28 26 pä
733 1525 41 20 100
790 1524 75 21 mark?
882 1525 38 20 och
937 1524 68 21 likasä
