1103 1811
224 133 56 27 1520
439 138 163 18 Presteståndet
616 139 55 17 1882.
696 140 26 16 25
735 139 47 21 maj.

264 207 125 28 Vicepastor
403 207 124 21 Eklund:
544 207 42 27 Jag
601 207 91 27 begärde
708 207 62 21 ordet
784 208 32 20 för
832 209 30 19 att
876 208 6 20 i
898 207 66 21 likhet
977 207 48 21 med

195 236 133 28 vicepastorn
351 236 129 21 Schroderus
502 236 39 20 och
557 236 75 20 doktor
647 236 125 21 Nordström
789 238 98 18 motsätta
901 236 44 27 mig
960 242 26 14 en
1003 236 22 20 sä

194 265 128 21 summarisk
345 264 129 27 behandling
496 265 21 20 af
540 264 57 21 detta
620 264 83 26 ärende,
724 271 45 14 som
786 264 21 21 af
819 264 64 27 nägra
899 264 126 28 föregäende

195 293 66 21 talare
284 293 70 21 blifvit
375 293 124 27 föreslagen.
529 293 169 20 Reservanterne
720 295 49 25 säga
786 295 29 18 att
831 293 26 20 de
873 293 57 26 hylla
945 299 81 14 samma

196 321 85 28 åsigter,
303 328 45 14 som
372 321 92 22 komitén
488 321 75 21 uttalat
579 321 26 27 på
620 321 77 27 pagina
714 321 84 22 13—24
813 321 7 20 i
836 321 36 21 sitt
887 321 138 21 betänkande.

195 350 30 21 På
248 350 77 27 pagina
342 351 26 20 13
384 350 39 21 och
440 351 26 20 14
482 350 21 21 af
519 350 105 21 komiténs
639 349 135 22 betänkande
790 349 68 22 finnes
874 349 79 22 uttalad
969 350 56 27 prin-

195 379 68 26 cipen,
279 381 30 18 att
324 379 26 27 på
365 379 118 20 landsorter
498 379 70 20 skulle
583 378 21 21 få
620 379 87 20 inrättas
723 379 124 20 brännerier
862 381 50 18 utan
925 378 100 21 afseende

195 407 12 21 å
223 407 142 21 kommunens
381 407 148 28 medgifvande
546 407 39 21 och
601 407 98 21 särskildt
715 407 26 27 på
751 413 46 21 pag.
810 408 26 19 14
847 407 7 20 i
866 407 159 27 motiveringen,

194 438 30 19 att
248 436 41 21 den
313 436 163 27 utskänknings-
492 436 39 21 och
555 436 222 27 utminuteringsskatt
792 437 12 19 ä
819 436 27 20 40
863 442 18 21 p.
897 441 37 22 per
950 436 75 24 kanna,

196 464 87 21 hvilken
307 466 23 19 är
352 464 124 28 föreslagen,
498 464 68 21 skulle
586 464 82 21 tillfalla
683 464 196 21 stadskommunen.
909 464 8 21 I
934 464 91 21 hufvud-

195 493 68 27 saklig
286 493 218 21 öfverensstämmelse
527 493 86 20 dermed
637 495 23 18 är
675 493 63 20 också
754 493 39 20 den
811 493 76 27 nådiga
902 493 124 26 propositio-

195 528 41 15 nen
261 521 110 22 utarbetad
395 521 47 22 med
466 521 64 28 några
546 523 80 19 smärre
642 521 152 27 förändringar.
824 522 38 20 Att
878 527 29 15 nu
923 521 102 27 Borgare-

195 550 90 26 ståndet,
307 550 27 20 då
349 551 60 20 dessa
426 551 104 26 principer
545 550 21 21 af
583 550 100 21 utskottet
699 550 70 21 blifvit
784 550 125 25 förkastade,
926 550 37 20 har
978 550 47 20 fun-

195 579 31 20 nit
243 579 36 20 det
295 585 50 14 vara
359 579 46 20 skäl
421 581 29 19 att
464 579 94 20 förkasta
573 579 47 20 hela
636 579 152 26 författningen
804 580 23 19 är
842 579 19 26 ej
878 578 23 21 så
913 578 112 26 underligt,

195 607 91 21 emedan
308 607 98 21 städerna
422 607 65 27 enligt
503 607 112 21 utskottets
631 607 78 27 förslag
725 606 65 22 borde
806 606 54 21 afstå
875 613 26 14 en
917 606 106 28 påräknad

195 637 44 19 stor
262 635 61 25 vinst,
346 642 48 14 men
417 642 80 14 samma
520 636 46 20 skäl
586 636 38 20 har
645 636 32 20 för
692 636 64 26 ingen
773 635 34 21 del
823 635 157 21 Presteståndet
995 637 30 19 att

195 664 94 20 förkasta
311 664 36 22 det
369 664 122 21 utarbetade
514 664 39 21 och
578 664 108 27 förelagda
709 664 242 27 författningsförslaget.
980 663 45 28 Mig

195 699 65 20 synes
283 699 44 14 som
350 699 34 15 om
407 693 156 21 Presteständet
586 692 64 21 borde
671 692 22 21 af
712 693 88 26 aktning
820 693 33 20 för
868 692 31 27 sig
914 692 48 27 själf
977 694 48 25 taga

195 721 58 21 detta
276 721 78 21 ärende
377 722 67 20 under
468 721 129 27 behandling
620 725 28 23 ty,
670 721 69 21 såsom
762 721 118 27 vicepastor
895 720 130 22 Schroderus

195 750 66 20 redan
284 750 120 26 framhållit,
426 752 23 18 är
470 750 31 21 till
522 756 25 15 en
564 750 35 21 del
614 750 158 20 Presteståndet
786 750 65 26 jemte
866 749 159 21 Bondeständet

196 778 91 21 orsaken
309 778 38 26 till,
369 781 30 18 att
422 779 40 20 den
481 786 29 13 nu
526 778 98 27 gällande
641 778 299 27 bränvinsförfattningslagen
957 778 68 20 blifvit

196 806 144 21 underkastad
363 813 26 14 en
413 807 22 20 sä
457 807 37 21 här
516 807 101 27 grundlig
632 807 98 26 revision,
746 807 66 20 innan
828 806 41 21 den
885 806 54 27 änyo
956 806 69 21 blifvit

195 835 96 28 förelagd
314 835 122 21 Ständerna.
466 835 42 21 Det
530 837 23 19 är
575 836 53 20 visst
650 838 52 22 sant,
724 838 30 18 att
776 835 57 21 tiden
850 837 23 18 är
888 835 59 27 längt
962 835 63 20 fram-

196 863 86 22 skriden
303 864 39 21 och
358 866 30 19 att
403 864 34 21 det
452 864 71 21 arbete
538 871 46 14 som
601 864 37 21 här
653 864 69 21 skulle
738 863 116 28 rfedläggas
869 863 26 27 pä
910 863 115 27 granskan-

196 892 36 20 det
255 893 22 19 af
298 893 159 26 ifrägavarande
481 893 133 20 betänkande
629 893 38 26 gär
681 892 109 25 förloradt,
804 898 50 14 men
868 893 36 26 jag
919 898 62 14 anser
996 894 30 18 att

196 920 58 21 tiden
278 921 65 21 likväl
358 921 18 27 ej
393 922 23 19 är
431 921 23 21 sä
469 921 57 27 längt
548 921 148 25 framskriden,
712 923 29 19 att
756 920 47 21 icke
824 920 157 21 Presteständet
996 920 29 21 ät-

196 949 107 21 minstone
319 950 72 20 kunde
405 950 84 20 försöka
504 952 51 24 göra
570 950 56 20 hvad
642 950 34 20 det
692 950 47 26 kan,
751 949 39 21 och
802 949 35 21 det
848 955 49 15 vore
907 948 24 21 sä
941 948 85 28 mycket

197 984 45 14 mer
258 978 93 26 önskligt
365 984 45 14 som
426 981 160 18 reservanterne
601 978 67 21 önska
683 980 31 18 att
724 978 155 26 framställning
889 977 65 21 mätte
964 979 61 25 göras

196 1006 39 21 hos
250 1006 62 22 Hans
327 1006 98 28 Majestät
440 1013 35 15 om
491 1013 34 19 ny,
540 1006 27 28 pä
582 1006 122 28 ytterligare
720 1006 121 21 erfarenhet
851 1001 95 38 grundad,
961 1001 65 38 nädig

196 1036 131 26 proposition
343 1036 7 20 i
365 1037 72 19 ämnet
450 1036 34 20 för
498 1038 30 18 att
543 1035 175 21 nästkommande
735 1035 91 21 Ständer
840 1034 123 28 föreläggas.
985 1034 42 27 Jag

197 1070 63 14 anser
282 1066 30 19 att
334 1064 23 21 sä
379 1064 85 26 mycket
486 1066 66 19 större
574 1064 45 20 skäl
634 1064 115 20 förefinnes
765 1064 33 20 för
812 1063 89 21 Ständet
916 1065 29 19 att
960 1063 67 21 uttala

197 1092 38 27 sig,
251 1093 7 20 i
281 1093 80 21 hvilket
384 1093 120 21 hänseende
526 1092 101 28 antingen
651 1092 40 21 den
708 1092 78 27 nädiga
801 1092 157 27 propositionen
975 1091 52 21 eller

197 1121 114 21 utskottets
327 1121 133 21 betänkande
476 1121 40 21 kan
533 1121 57 27 gifva
606 1121 115 27 anledning
736 1121 32 21 till
784 1120 171 26 anmärkningar.
985 1120 42 27 Jag

197 1149 70 21 skulle
290 1150 71 21 derför
385 1150 77 20 föreslä
485 1152 29 19 att
537 1150 157 21 Presteständet
716 1150 12 20 ä
751 1150 33 20 sin
807 1149 47 21 sida
876 1148 69 21 skulle
968 1148 59 27 börja

196 1178 161 27 granskningen
372 1178 23 21 af
409 1178 57 21 detta
482 1178 77 27 förslag
575 1178 39 21 och
630 1178 105 28 genomgä
750 1178 118 21 detsamma
883 1177 97 27 paragraf
995 1178 32 20 för

196 1207 105 26 paragraf,
323 1207 106 20 hvarefter
452 1207 87 20 Ständet
557 1213 50 14 vore
630 1207 97 26 obetaget
742 1209 30 18 att
788 1209 55 23 yttra
859 1206 32 26 sig
906 1212 40 19 om,
962 1206 65 20 huru-

197 1235 50 20 vida
267 1235 88 21 Ständet
375 1237 87 26 antager
477 1235 112 21 utskottets
605 1235 133 21 betänkande
754 1235 49 20 med
819 1235 26 20 de
861 1234 68 21 under
944 1233 83 22 diskus-

197 1263 75 22 sionen
289 1264 73 27 gjorda
377 1264 175 27 förändringarna
567 1263 53 22 eller
634 1264 52 21 icke.

268 1321 88 21 Prosten
384 1321 179 27 Rosengren
594 1321 100 20 förenade
722 1321 32 26 sig
782 1319 48 22 med
858 1319 168 28 vicepastorerne

197 1349 132 22 Schroderus
352 1350 39 21 och
413 1349 86 22 Eklund
520 1352 54 18 samt
592 1349 115 28 päpekade,
722 1352 30 18 att
768 1349 32 20 till
816 1348 156 21 Presteständet
988 1348 38 20 och

196 1378 162 21 Bondeständet
379 1378 34 21 vid
433 1380 83 19 senaste
532 1378 102 27 landtdag
648 1378 110 21 inkommit
774 1378 26 20 13
817 1377 56 20 olika
888 1377 117 27 petitioner,
1020 1377 6 19 i

197 1407 72 20 hvilka
286 1407 126 27 beklagades
428 1407 36 21 det
480 1407 91 27 sorgliga
587 1406 100 25 tillstånd,
702 1413 45 14 som
763 1405 208 22 förefanns
876 1401 14 38 i
899 1405 67 22 landet
986 1405 41 20 till-

197 1435 52 28 följd
266 1435 22 21 af
303 1435 97 28 gällande
416 1435 109 21 bränvins-
541 1435 39 21 och
596 1435 150 26 ölförfattning.

267 1492 154 26 Kyrkoherden
441 1492 153 21 Järvinen:
617 1492 129 20 Valiokunta
762 1492 165 20 mietinnössään
944 1496 83 15 suoras-

197 1523 49 18 taan
263 1523 115 18 tunnustaa
389 1521 121 20 väkiviinan
522 1520 152 27 tarpeelliseksi
685 1519 192 22 nautintoaineeksi
887 1525 140 14 maassamme
