1103 1811
212 132 56 21 1720
434 137 162 18 Presteståndet
607 138 60 17 1882.
690 138 11 17 1
710 138 54 20 juni.

180 207 24 27 ja
219 207 44 21 kun
279 206 64 28 pidän
360 206 199 22 velvollisuutenani
575 206 76 22 valvoa
665 206 147 27 Pohjanmaan
824 205 114 23 asukasten
949 206 64 27 etuja,

183 236 44 21 niin
243 235 81 22 tahdon
339 235 101 28 yhdistyä
454 235 178 22 vastalauseesen.

253 298 152 21 Öfverläraren
428 298 156 21 Kihlman:
614 298 42 25 Jag
678 303 63 16 anser
759 296 44 28 mig
824 296 52 22 böra
891 297 56 21 fästa
962 303 53 21 upp-

185 326 174 22 märksamheten
375 325 73 23 dervid
462 328 34 19 att
510 325 144 22 resolutionen
669 325 104 22 omfattar
788 325 75 22 endast
878 331 25 16 en
919 325 34 22 del
969 325 47 22 utaf

183 355 110 22 klämmen
309 356 28 27 på
353 361 46 21 pag.
415 355 62 21 8—9.
508 355 47 21 Den
577 354 91 22 handlar
691 355 76 21 endast
788 360 34 15 om
843 355 171 26 presterskapets

185 383 94 28 aflöning
297 384 7 21 i
320 383 138 22 Österbotten
481 383 40 22 och
544 383 28 27 på
614 383 57 25 Åland,
694 389 46 16 men
763 382 166 27 petitionärerne
952 382 63 23 hafva

185 412 109 22 dessutom
318 412 97 26 anhällit,
434 413 32 20 att
482 411 127 22 industriela
624 411 58 25 verk,
698 411 65 28 bolag
778 411 40 22 och
834 411 182 22 landthandlande

185 441 68 21 borde
277 441 85 27 deltaga
378 441 6 21 i
400 441 169 26 presterskapets
590 439 100 27 aflöning.
721 440 67 22 Detta
810 441 24 20 är
852 442 78 19 tvänne
945 440 70 22 skilda

185 469 70 22 saker.
285 469 40 22 Om
349 469 143 22 resolutionen
514 469 72 27 lägges
609 469 33 21 till
664 469 69 26 grund
759 468 33 22 för
815 469 40 21 den
878 469 79 21 äskade
973 469 41 21 för-

185 498 127 27 ändringen,
335 497 68 22 skulle
419 497 82 22 säledes
517 497 90 22 Ständet
622 497 46 22 icke
683 498 87 21 komma
785 499 33 20 att
832 497 84 22 besluta
928 497 64 27 nägot
1008 498 7 21 i

185 527 108 21 anseende
316 526 33 22 till
373 526 35 21 det
431 526 73 27 öfriga,
528 532 45 15 som
590 526 6 21 i
612 526 118 27 petitionen
753 525 135 27 framhållits,
908 526 106 27 nämligen

185 555 128 21 industriela
336 555 62 22 verks
421 555 39 22 och
480 555 193 22 landthandlandes
687 554 133 28 förpligtelse
836 557 32 19 att
883 555 84 21 biträda
983 555 32 21 till

185 584 173 28 presterskapets
381 583 97 27 aflöning.
512 584 42 21 Det
578 589 61 21 synes
662 583 42 27 mig
729 583 79 26 derför,
832 589 44 15 som
899 583 66 22 borde
989 584 26 21 de

186 614 79 19 tvänne
286 612 91 22 sakerna
399 612 95 27 ätskiljas
517 612 29 25 sä,
570 614 32 19 att
625 612 89 22 Ständet
736 611 56 27 finge
815 612 66 21 skildt
898 614 58 19 rösta
973 618 41 19 om,

185 640 107 22 huruvida
315 641 36 21 det
374 640 77 22 önskar
472 647 26 15 en
521 640 64 27 nädig
606 640 132 28 proposition
758 640 34 22 till
814 642 62 19 nästa
890 640 125 27 landtdag
1003 636 15 36 i

186 669 57 27 syfte
258 671 33 20 att
307 669 125 22 industriela
447 669 57 25 verk,
520 669 64 27 bolag
600 669 39 21 och
655 669 163 21 landthandlare
839 668 68 22 skulle
923 669 90 27 skyldig-

186 698 83 22 kännas
284 700 32 20 att
329 698 79 27 jemväl
423 698 85 26 deltaga
519 698 5 20 i
536 698 171 26 presterskapets
726 697 99 27 aflöning,
842 697 39 22 och
896 698 120 21 sedermera

186 726 35 22 för
245 726 36 22 det
304 727 67 21 andra
395 726 79 25 derom,
496 726 104 22 huruvida
616 733 26 15 en
658 726 133 27 proposition
814 726 68 21 skulle
896 726 120 28 föreläggas

186 757 63 19 nästa
273 755 104 27 landtdag
398 754 108 28 angående
522 754 135 28 reglerandet
672 754 23 22 af
705 757 123 25 presternas
844 754 59 22 löner
918 756 6 20 i
941 755 74 21 Öster-

187 784 82 25 botten,
286 783 121 22 oberoende
425 784 61 21 deraf
500 789 34 16 om
550 789 26 15 en
592 784 79 20 allmän
688 784 106 26 reglering
809 783 23 21 af
845 784 171 26 presterskapets

187 811 94 28 aflöning
295 812 98 22 kommer
407 812 8 21 i
431 812 57 27 fräga
504 812 52 21 eller
571 811 51 22 icke.

256 875 155 27 Kyrkoherden
436 875 148 22 Järvinen
614 874 101 22 förenade
740 875 33 26 sig
799 875 48 20 med
872 874 143 22 öfverläraren

186 904 109 21 Kihlman.

257 966 90 22 Prosten
370 966 97 27 Hjelt:
498 966 47 21 Ifall
568 966 252 22 utskottsbetänkandets
844 966 56 21 kläm
921 968 96 25 antages,

186 994 100 28 upphöra
307 995 23 27 ju
353 995 26 21 de
402 994 151 28 författningar
570 997 32 19 att
616 995 65 26 gälla,
697 1001 44 15 som
758 996 161 20 reservanterne
942 995 74 26 önska,

187 1025 22 26 ty
224 1024 6 21 i
247 1024 40 21 och
304 1023 47 22 med
367 1023 117 22 detsamma
499 1030 45 14 som
560 1024 171 26 presterskapets
746 1023 95 27 aflöning
856 1023 41 21 blir
912 1024 104 27 reglerad,

186 1052 121 27 upphäfvas
330 1052 43 21 alla
395 1052 66 21 andra
482 1052 151 28 författningar
648 1052 7 21 i
671 1054 71 20 ämnet
758 1052 40 21 och
815 1052 35 21 det
866 1052 41 21 blir
923 1052 92 21 derefter

186 1087 83 15 samma
293 1080 132 22 förhällande
448 1081 47 21 med
520 1081 138 21 Österbotten
673 1080 40 22 och
729 1075 77 31 Äland,
823 1087 45 15 som
884 1081 47 21 med
948 1081 68 27 öfriga

187 1110 60 20 delar
263 1109 23 21 af
300 1110 78 21 landet.

257 1178 112 22 Professor
384 1178 149 26 Forsman,
549 1178 24 22 G.
590 1178 31 21 Z.:
653 1178 58 21 Minä
726 1177 119 27 esittelisin,
861 1179 45 20 että
918 1177 97 27 jätettäi-

187 1207 41 20 siin
253 1206 121 22 vastalause
393 1207 91 22 sillensä,
500 1209 68 18 mutta
583 1206 142 21 valiokunnan
742 1206 153 21 ehdotuksesta
911 1206 104 27 suljettai-

186 1235 40 22 siin
249 1235 48 27 pois
320 1237 61 19 sanat
403 1235 98 27 ,samalla
523 1235 52 21 kuin
591 1241 26 15 ne
633 1235 89 21 laativat
736 1234 122 22 armollista
872 1235 89 26 esitystä
976 1241 39 20 pa-

185 1264 73 27 piston
274 1263 160 28 palkkaamisen
449 1263 99 28 yleisestä
561 1263 176 27 järjestämisestä
750 1269 64 16 maan
826 1263 189 22 evankelis-luteri-

186 1293 86 21 laisissa
295 1293 171 26 seurakuonissa,
488 1292 66 27 jonka
576 1292 107 27 esityksen
707 1292 81 27 Säädyt
804 1291 101 28 piakkoin
921 1291 94 22 toivovat

185 1321 116 22 saavansa*
323 1321 22 26 ja
367 1323 46 19 että
435 1327 36 15 sen
494 1321 76 21 ohessa
588 1323 89 25 tarpeen
699 1321 93 21 mukaan
808 1321 153 21 muutettaisiin
978 1323 37 18 tuo

185 1349 61 22 lause
262 1351 121 25 ,ottamaan
398 1349 139 22 huomioonsa
549 1349 15 27 j.
581 1356 20 14 n.
618 1353 32 17 e.*
681 1349 95 22 Minusta
792 1349 48 21 olisi
857 1351 70 20 tämän
940 1349 74 27 loppu-

185 1378 89 21 lauseen
290 1378 63 21 viime
369 1384 37 15 osa
421 1378 37 21 siis
473 1381 132 18 muutettava
624 1378 96 27 jotenkin
736 1378 52 21 näin
804 1378 135 21 kuuluvaksi:
957 1379 58 23 ,että

186 1406 150 22 Keisarillinen
360 1407 128 26 Majesteetti
508 1407 106 21 suvaitsisi
631 1407 44 21 ensi
691 1406 152 27 valtiopäiville
858 1408 64 19 antaa
937 1405 77 22 urmol-

185 1435 53 21 lisen
263 1435 107 27 esityksen
393 1435 51 22 sekä
465 1435 178 26 teollislaitosten,
658 1435 109 28 yhtiöiden
786 1435 24 27 ja
824 1435 190 26 maakauppiasten

185 1464 186 21 velvottamisesta
393 1466 107 19 ottamaan
525 1470 49 15 osaa
598 1464 128 20 mainittuun
742 1465 99 25 papiston
858 1463 156 27 palkaamiseen

185 1494 47 19 että
258 1492 98 27 myöskin
382 1493 98 26 papiston
505 1492 160 27 palkkaamisen
693 1492 120 21 uudestaan
838 1492 177 27 järjestämisestä

185 1520 164 27 Pohjanmaalla
363 1520 22 27 ja
400 1520 197 22 Ahvenanmaalla*.
624 1520 52 22 Silla
691 1520 81 21 tavalla
788 1520 105 21 voitaisiin
907 1520 108 27 hyväksyä
