1103 1811
323 128 162 18 Presteståndet
497 129 59 17 1882.
581 130 28 16 30
622 129 47 21 maj.
828 125 53 20 1657

82 200 31 19 att
130 197 84 27 öfvergå
230 198 33 21 till
279 200 75 19 ämnen
371 198 39 21 och
426 197 220 27 utvecklingsstadier,
658 203 44 15 som
715 197 55 21 varit
780 197 131 22 fremmande

82 226 33 22 för
131 227 61 21 deras
209 226 126 27 föregående
352 226 212 22 lärareverksamhet.

151 284 33 20 2:0
201 284 47 20 med
271 283 147 22 bibehållande
441 283 24 21 af
486 283 121 21 dåvarande
629 283 69 26 lägsta
713 282 119 28 aflöningen
848 284 63 25 4,000

82 312 60 21 mark
158 312 69 21 såsom
244 312 66 21 första
325 311 35 22 lön
377 311 33 21 för
426 311 94 22 lektorer
536 313 31 20 ett
582 311 90 22 arvodes
688 311 74 27 tillägg
774 311 61 22 hvart
846 311 65 22 femte

81 341 25 20 år
121 340 22 21 af
158 341 41 20 750
216 341 65 26 mark,
297 340 31 21 till
345 341 47 20 dess
409 340 119 27 aflöningen
544 340 54 21 efter
614 340 58 27 tjugo
683 340 35 21 års
730 340 105 26 oförvitlig
846 340 65 27 tjenst

82 369 60 26 stigit
157 368 32 22 till
205 369 63 26 7,000
283 369 66 21 mark.

152 426 74 21 Denna
249 426 119 27 förhöjning
390 426 21 21 af
433 426 169 21 lektorslönerna
624 427 24 20 är
669 426 100 26 betingad
786 426 23 21 af
823 426 39 21 den
879 426 32 21 för

82 454 199 27 lektorstjensterna
296 455 138 26 erforderliga
450 457 70 19 större
535 455 160 26 vetenskapliga
705 455 155 26 skickligheten
872 455 39 21 och

83 483 66 26 högre
170 483 144 27 lärdomsprof
328 485 55 19 samt
399 483 61 21 deraf
475 483 106 22 beroende
597 483 72 27 längre
685 483 128 25 studiekurs,
829 489 45 16 som
890 483 23 22 af

83 512 36 21 det
141 512 52 25 skäl,
210 514 31 19 att
257 513 62 20 dessa
334 512 88 27 tjenster
437 512 34 21 för
486 513 36 20 det
538 514 58 19 stora
612 512 92 21 flertalet
720 513 22 20 af
756 512 155 27 vetenskapligt

83 540 84 22 bildade
183 543 55 23 män,
254 541 69 20 hvilka
339 547 53 20 egna
407 541 32 26 sig
454 542 24 20 åt
493 541 86 21 skolans
595 541 79 24 arbete,
690 543 37 18 äro
744 541 26 21 de
785 541 75 27 högsta
872 541 39 21 och

83 569 82 22 således
190 569 49 22 bäst
261 569 96 21 aflönade
380 569 151 26 befattningar,
555 569 71 21 hvilka
649 570 27 26 på
698 569 117 22 skolbanan
840 570 72 21 kunna

84 598 67 21 ernäs.
183 598 99 21 Komitén
299 597 123 27 behjertade
437 598 69 20 tillika
522 598 183 24 ,,önskvärdheten
722 598 65 25 deraf,
798 600 32 19 att
840 601 71 18 veten-

83 626 145 27 skapsidkare,
244 626 71 21 hvilka
330 626 23 21 af
367 626 52 22 brist
435 627 27 26 på
478 626 70 27 lediga
558 626 151 27 lärareplatser
719 626 34 21 vid
764 627 147 21 universitetet

84 655 37 21 der
143 655 46 21 icke
213 656 71 20 kunna
302 655 63 21 vinna
381 655 134 27 anställning,
532 656 6 20 i
555 655 71 21 stället
642 655 32 21 för
690 657 32 19 att
737 655 114 27 hembjuda
866 656 46 20 sina

83 683 89 27 insigter
195 684 22 20 åt
240 684 67 20 andra
329 684 72 26 yrken,
423 684 66 21 måtte
511 684 57 21 finna
583 684 33 21 sin
632 684 114 26 uträkning
761 684 35 21 vid
811 686 32 19 att
858 690 54 20 egna

84 712 32 26 sig
139 713 22 20 åt
184 712 306 27 elementarundervisningens
513 712 85 27 tjenst*,
620 712 92 22 hvarhos
734 712 93 22 komitén
851 712 61 22 äfven

84 743 37 24 tog
136 742 6 20 i
159 740 140 22 betraktande
323 744 43 22 ,att
388 741 108 21 fästandet
512 741 23 21 af
549 741 132 26 intelligenta
697 747 101 21 personer
814 741 33 21 vid
864 741 48 21 sko-

84 770 34 20 lan
141 770 68 20 skulle
224 770 7 20 i
248 770 206 21 landsortsstäderna
470 770 88 26 bidraga
573 770 32 20 till
622 770 36 21 det
672 770 155 21 intellektuella
842 769 70 22 lifvets

84 797 91 27 höjande
199 798 38 21 och
260 798 61 21 dessa
345 798 68 21 lärare
435 798 64 21 alltså
514 799 7 20 i
537 797 89 22 dubbelt
648 799 54 20 mått
722 804 67 21 gagna
805 798 106 21 fädernes-

83 826 91 21 landet".

154 883 33 21 3:o
203 885 32 19 att
257 883 58 21 såväl
338 883 95 27 kolleger
456 889 45 16 som
517 883 95 22 lektorer
627 884 33 20 vid
677 883 97 22 läroverk
790 884 6 21 i
812 883 100 22 städerna

83 911 89 27 Wiborg
193 911 38 21 och
252 912 138 26 Helsingfors,
406 912 37 20 der
459 912 226 21 lefnadskostnaderna
700 914 37 19 äro
753 914 75 23 större,
844 912 68 21 skulle

83 940 33 21 till
138 940 131 26 grundlönen
293 940 80 21 erhålla
394 943 31 19 ett
448 941 90 21 arvodes
560 940 98 26 tillskott,
673 941 107 21 äfvensom
797 943 31 19 ett
844 940 68 27 dylikt

84 968 82 21 mindre
190 968 92 21 tillskott
297 969 32 21 till
345 969 132 26 grundlönen
493 969 33 21 för
541 969 94 21 lektorer
650 969 39 21 och
705 970 94 26 kolleger
814 969 34 21 vid
865 975 47 15 nor-

84 997 125 27 mallyceum
224 998 6 20 i
247 997 136 21 Tavastehus.
754 1022 3 6 N

153 1055 34 20 4:o
205 1054 118 27 förhöjning
338 1054 22 21 af
374 1054 88 22 lönerna
478 1054 33 21 för
527 1054 143 22 öfverlärarne
686 1055 35 21 vid
732 1054 180 28 normallyceerna

84 1083 32 21 till
141 1083 63 25 5,500
219 1084 61 20 mark
296 1084 47 20 med
367 1083 73 27 tillägg
457 1084 6 19 i
480 1083 78 21 arvode
573 1083 32 21 för
621 1083 155 21 öfverlärarene
791 1084 6 20 i
814 1084 98 27 Helsing-

84 1111 44 21 fors
153 1112 62 24 1,500
230 1112 60 20 mark
313 1112 38 21 och
375 1112 6 20 i
401 1112 133 21 Tavastehus
558 1112 42 21 800
621 1112 60 21 mark
704 1112 108 22 äfvensom
835 1114 76 20 tvenne

83 1140 146 27 älderstillägg
251 1140 22 21 af
288 1141 41 20 750
345 1140 60 21 mark
427 1140 56 22 efter
504 1140 39 21 fem
566 1140 40 22 och
622 1141 29 20 tio
667 1142 34 20 års
718 1140 107 28 oförvitlig
840 1141 71 26 tjenst,

84 1168 135 27 hvarigenom
243 1168 118 28 aflöningen
377 1169 54 21 efter
446 1169 31 21 tio
494 1169 23 21 är
532 1169 84 21 komme
633 1171 31 19 att
679 1170 71 26 uppgä
765 1170 33 20 för
813 1170 25 21 de
855 1170 57 21 förra

84 1198 33 20 till
133 1198 63 25 8,500
213 1198 60 20 mark
289 1198 39 20 och
343 1197 33 22 för
392 1198 25 20 de
433 1204 75 15 senare
524 1198 32 20 till
572 1198 64 23 7,800
651 1198 67 21 mark.

154 1254 33 21 Då
210 1254 179 27 normallyceerna
411 1256 37 19 äro
465 1255 47 20 icke
528 1254 55 21 blott
598 1255 266 27 undervisningsanstalter
880 1255 31 21 sä-

84 1289 46 15 som
153 1283 69 27 öfriga
245 1283 110 21 enahanda
377 1283 99 21 läroverk
496 1285 50 19 utan
562 1283 70 21 tillika
647 1283 109 26 praktiska
772 1283 139 27 utbildnings-

86 1311 103 22 anstalter
205 1311 34 22 för
255 1312 25 20 de
296 1311 46 22 från
359 1312 147 21 universitetet
521 1312 107 26 utgångne
642 1312 133 26 graduerade
790 1318 55 21 unge
855 1314 56 24 män,

85 1346 45 15 som
147 1340 48 27 vilja
211 1340 111 21 förbereda
339 1341 32 26 sig
386 1341 31 20 till
434 1341 144 25 lärarekallet,
594 1343 72 23 syntes
682 1341 36 20 det
732 1341 93 21 komitén
842 1340 69 22 såsom

85 1375 26 14 en
131 1368 155 28 angelägenhet
307 1368 22 21 af
343 1371 78 19 största
437 1369 50 26 vigt,
504 1371 31 19 att
551 1369 184 22 löneförmånerna
750 1370 32 21 för
798 1369 113 22 öfverlära-

84 1403 56 20 rene,
165 1397 71 22 hvilka
258 1397 46 22 icke
323 1397 90 22 allenast
429 1397 52 22 böra
497 1398 73 27 intaga
586 1404 25 15 en
626 1398 6 21 i
649 1398 35 21 det
699 1400 107 19 närmaste
822 1398 47 21 med
885 1405 26 14 en

84 1426 107 26 professor
211 1426 135 27 jemnbördig
367 1426 148 28 vetenskaplig
534 1426 132 27 ståndpunkt
682 1427 40 21 och
738 1427 107 21 dessutom
861 1433 51 15 vara

85 1460 25 14 en
133 1454 90 21 förebild
246 1455 39 20 och
309 1457 30 18 ett
362 1456 94 20 mönster
472 1455 7 20 i
494 1455 288 27 undervisningsskicklighet
797 1455 33 21 för
846 1455 65 26 öfrige

84 1482 69 22 lärare
176 1482 39 22 och
237 1483 204 24 lärarekandidater,
465 1487 50 17 utan
540 1484 101 26 derjämte
664 1484 64 20 hafva
742 1484 33 27 sig
790 1484 122 21 ombetrodt

85 1511 36 21 det
143 1511 140 22 ansvarsfulla
306 1511 121 26 åliggandet
450 1513 33 20 att
499 1511 74 27 pröfva
589 1511 39 22 och
644 1511 112 22 bedömma
772 1512 43 21 alla
830 1511 33 22 för
878 1518 33 15 er-
