1103 1811
220 140 54 20 1872
554 144 105 21 Regisetr.

357 214 40 20 ock
421 214 89 20 rörande
532 214 91 25 ändring
642 213 21 20 af
678 214 150 25 förordningen
844 220 34 13 om
894 214 127 25 näringarna

358 244 23 18 af
395 243 40 19 den
450 242 27 20 31
494 242 56 20 Mars
568 242 61 20 1879.
660 242 27 20 Se
703 248 56 20 prop.
776 242 40 20 N:o
836 242 29 20 16.

274 272 40 20 N:o
330 272 14 19 4
359 272 6 19 i
382 272 41 19 anl.
440 272 23 18 af
476 271 26 19 N.
518 277 57 20 prop.
599 277 48 19 ang.
671 271 135 26 tillämpning
828 272 23 18 af
871 271 149 25 förordningen

359 300 40 19 den
415 300 27 19 20
458 300 42 25 Maj
515 300 53 19 1878
583 305 35 14 om
634 300 116 25 utgörande
766 300 22 19 af
802 300 60 19 skatt
876 300 37 19 för
927 299 93 20 hundar.

359 329 27 19 Se
402 335 56 19 prop.
474 328 39 19 N:o
529 327 33 20 30.

291 373 11 8 »
333 357 13 20 5
385 357 41 20 anl
443 357 23 19 af
479 357 24 18 N.
519 363 57 19 prop.
592 363 50 19 ang.
664 357 96 19 vilkoren
783 357 32 20 för
830 357 19 25 ej
873 357 82 19 mindre
977 356 43 19 till-

359 386 103 25 verkning
481 385 40 20 och
537 385 132 26 destillering
685 386 27 19 än
727 385 133 26 försäljning,
876 385 89 26 forsling
980 385 40 20 och

359 415 78 25 upplag
453 415 23 18 af
488 414 109 19 brännvin
613 415 56 18 samt
684 414 66 19 andra
765 414 79 20 brända
860 414 51 19 eller
926 413 94 20 destille-

360 443 49 20 rade
425 443 149 26 spritdrycker.
604 442 28 20 Se
648 449 55 19 prop.
720 443 39 19 N:o
776 443 32 20 25.

291 487 11 8 »
334 471 12 20 6
362 473 7 18 i
385 471 40 20 anl
441 472 23 19 af
477 471 24 20 N.
519 477 56 20 prop.
596 477 34 14 om
650 471 120 26 antagande
790 472 23 19 af
826 477 26 14 en
872 471 148 26 inmutnings-

359 500 39 19 och
413 500 168 26 grufvestadga.
612 499 27 20 Se
654 506 56 20 prop.
728 500 39 19 N:o
784 500 33 20 15.

291 544 11 8 »
335 529 10 19 7
363 529 6 19 i
385 529 42 19 anl.
443 529 22 18 af
478 529 26 19 N.
520 535 56 19 prop.
592 535 49 19 ang.
664 529 129 26 indragning
815 529 23 19 af
858 529 163 25 häradspostin-

359 557 135 26 rättningen.
526 557 26 19 Se
568 563 57 20 prop.
641 557 39 20 N:o
696 557 34 20 28.

293 601 10 8 »
335 586 35 19 8i
387 586 41 19 anl.
447 586 23 19 af
482 586 25 19 N.
523 592 57 19 prop.
596 592 34 13 om
646 586 90 25 ändring
752 586 5 19 i
773 585 100 26 gällande
888 585 132 26 stadganden

360 615 40 19 rör.
417 614 127 26 förvaltning
560 615 23 18 af
596 614 176 20 kronohemman.
804 614 27 19 Se
847 620 56 20 prop.
919 614 40 20 N:o
976 614 32 19 12.

293 658 10 8 »
335 643 12 19 9
363 649 35 13 om
414 643 113 26 byggande
542 644 23 18 af
578 650 26 12 en
620 644 41 18 fast
676 644 39 18 bro
730 643 63 19 öfver
808 642 68 20 Kumo
891 642 37 20 elf.
947 644 22 18 D.
985 642 35 19 III.

362 671 61 20 1612.
453 672 24 18 D.
508 671 33 19 HI.
573 672 147 19 1731—1732.
750 672 25 18 A.
806 671 35 20 HII.
873 671 60 20 17832.

293 716 10 8 »
322 700 25 19 10
363 706 34 14 om
420 700 168 26 lagstadganden
604 702 44 18 mot
663 700 123 26 hingstföls
800 700 138 26 utsläppande
954 698 13 21 ä
982 700 39 19 all-

360 730 50 18 män
426 729 125 19 betesmark.
575 729 22 19 B.
620 729 35 19 III.
680 729 61 19 1553.
764 730 25 18 A.
814 729 33 19 III.
874 728 146 20 1647—1648.

322 758 24 18 11
363 764 35 12 om
421 756 114 21 ansläende
558 758 22 18 af
601 758 124 19 statsmedel
747 758 33 18 till
801 758 138 19 kommunala
960 757 61 19 läne-

360 786 79 19 fonder
460 786 31 19 för
513 786 144 25 befrämjande
680 787 23 18 af
724 786 19 25 ej
761 786 81 19 mindre
856 786 122 25 kärrodling
994 787 27 18 än

361 815 39 18 den
412 814 46 19 lösa
471 814 161 26 befolkningens
648 815 96 19 fästande
760 815 35 18 vid
808 815 76 25 jorden
900 814 121 20 förmedelst

358 843 172 26 jordstyckning.
561 843 23 19 B.
615 843 34 19 III.
681 843 62 20 1647.
767 843 25 19 D.
815 843 35 20 III.
875 843 145 20 1734—1736.

360 872 27 18 A.
417 871 35 20 II.
484 871 60 20 1736.

293 915 11 8 »
322 900 25 19 12
364 906 35 13 om
414 901 128 25 vidtagande
557 901 23 18 af
593 899 97 26 ätgärder
705 901 7 18 i
728 901 56 25 syfte
800 902 30 17 att
846 901 26 18 de
887 900 74 19 hinder
974 906 47 13 som

360 928 77 20 hittills
458 929 50 19 stält
530 929 33 25 sig
578 929 6 19 i
600 930 68 24 vägen
688 929 32 19 för
735 928 178 26 förverkligandet
929 929 22 18 af
965 929 33 19 det
1016 929 4 18 i

361 957 141 26 kungörelsen
526 958 22 18 af
562 958 40 19 den
620 958 25 19 15
661 958 99 19 Februari
778 957 55 20 1864
849 957 97 26 inrymda
962 958 58 18 stad-

357 986 70 25 gande
448 992 34 14 om
498 985 127 27 upplätande
640 986 21 20 ät
677 986 102 19 Finlands
794 986 145 26 innebyggare
956 986 22 19 af
992 988 29 17 ett

361 1013 85 21 omräde
468 1015 34 19 vid
518 1015 66 25 ryska
599 1014 153 20 Ishafskusten
768 1016 58 18 öster
841 1021 34 13 om
891 1014 79 20 Jaboks
986 1015 35 22 elf,

361 1044 48 18 med
437 1045 95 18 snaraste
557 1044 65 19 varda
649 1044 138 24 undanröjda.
818 1043 22 19 B.
871 1043 34 19 III.
938 1043 81 20 1738—

364 1071 59 20 17839.
455 1072 24 20 D.
509 1072 34 20 III.
576 1072 146 20 1810—1816.
754 1073 26 18 A.
811 1072 34 19 III.
878 1072 59 20 1816.

293 1115 10 7 »
322 1100 25 20 13
363 1106 36 14 om
407 1100 133 26 anläggande
548 1102 22 18 af
576 1101 70 25 fyrar
652 1102 34 18 vid
695 1101 83 19 landets
787 1100 78 20 kuster.
876 1102 25 18 A.
913 1100 34 20 III.
961 1100 60 20 1816.

293 1144 10 7 »
323 1129 25 19 14
364 1135 49 20 ang.
431 1130 116 19 ordnandet
569 1130 23 18 af
612 1130 84 19 arbetet
711 1130 9 19 i
737 1130 87 19 landets
846 1130 121 25 fängelser.
999 1129 22 20 B.

360 1158 35 19 III.
428 1158 60 20 1739.
519 1159 25 19 A.
575 1158 34 20 III.
641 1158 60 20 1810.

193 1184 97 28 Eneberg,
307 1186 31 23 H.,
354 1186 103 23 Direktor,
480 1186 47 20 vald
551 1187 32 19 till
602 1187 110 26 suppleant
728 1187 6 19 i
750 1186 94 20 komitén
866 1186 31 20 för
920 1186 101 25 Kejsaren

277 1214 132 20 Alexanders
425 1215 39 19 den
481 1215 38 19 II:s
535 1217 64 24 staty.
632 1215 33 20 III,
697 1215 61 20 1787.

193 1241 94 24 Enskilda
303 1241 190 24 besvärsutskottet:

277 1278 49 19 ang.
343 1272 50 19 dess
408 1272 137 20 tillsättande.
576 1274 15 18 I.
622 1273 34 19 44.

277 1300 34 19 val
327 1301 22 18 af
363 1301 137 19 medlemmar
515 1301 50 19 deri.
596 1301 15 19 I.
641 1301 34 23 32,
691 1301 33 23 51,
742 1301 61 20 1391.

192 1346 69 2 —
278 1329 49 20 dess
343 1329 157 20 betänkanden:

277 1358 40 19 N:o
334 1357 10 20 1
361 1358 7 19 i
384 1358 41 19 anl.
440 1359 23 18 af
476 1358 108 20 Professor
600 1358 24 20 G.
636 1358 22 19 Z.
669 1358 115 20 Forsmans
799 1358 86 26 petition
902 1364 34 13 om
952 1358 70 19 finska

360 1387 88 19 skolors
472 1387 118 19 inrättande
612 1385 46 21 från
683 1387 76 20 hösten
784 1387 61 20 1882.
876 1387 22 19 B.
929 1387 14 19 I.
975 1386 48 22 307,

361 1415 120 20 363—364.
515 1415 24 20 D.
570 1415 14 20 I
618 1415 120 21 406—423.
772 1417 26 18 A.
830 1415 14 20 I.
875 1415 48 20 423.
954 1415 23 19 B.
1008 1415 14 18 1.

362 1443 48 20 586.
441 1444 24 19 II
497 1444 47 19 671.
575 1445 26 18 A.
632 1444 24 19 II.
687 1443 121 22 680—681,
825 1443 47 24 749,
890 1443 47 20 753.

293 1488 11 8 »
335 1472 12 19 2
364 1478 49 20 ang.
435 1472 159 20 bestämmande
616 1473 22 18 af
656 1472 65 26 högre
744 1472 280 26 landtdagsmannaarvode

361 1500 22 20 ät
399 1503 195 23 representanterna
612 1500 46 20 frän
673 1501 82 25 Kuopio
771 1501 51 19 stift.
854 1501 21 19 B.
905 1500 25 19 II.
963 1500 60 20 1040.

362 1529 24 20 D.
418 1529 23 20 II.
474 1529 146 20 1088—1091.
651 1530 26 19 A.
708 1529 24 19 IL
765 1529 61 20 1091.
