1103 1811
221 120 54 21 1826
435 126 161 17 Presteståndet
609 126 56 16 1882.
689 126 12 16 5
713 126 51 20 juni.

259 196 30 20 att
312 194 88 22 Ståndet
423 194 33 21 vid
480 195 159 27 handläggning
658 195 21 20 af
694 194 150 28 lagutskottets
860 194 133 21 betänkande
1009 193 8 21 i

189 222 118 28 anledning
323 223 20 21 af
359 223 101 21 särskilda
476 223 185 27 petitionsförslag,
676 223 112 27 åsyftande
805 222 45 22 dels
865 223 90 27 ändring
971 222 46 21 dels

189 254 98 18 närmare
311 252 116 27 förklaring
450 252 21 20 af
494 253 32 22 12,
550 253 26 20 13
599 252 39 20 och
661 252 26 20 47
704 252 28 27 $$
748 252 21 20 af
784 251 230 27 landtdagsordningen

189 280 60 27 gillat
271 280 113 21 utskottets
403 281 30 20 uti
449 287 62 15 mom.
528 281 10 20 1
556 281 39 20 och
612 281 11 19 2
640 280 12 21 å
667 287 45 20 pag.
731 281 25 20 18
772 280 74 27 gjorda
861 280 158 26 framställning

189 308 130 21 beträffande
335 309 12 26 $
365 309 32 26 12,
413 309 109 21 hvaremot
544 309 154 26 Ridderskapet
721 309 39 20 och
776 309 62 20 adeln
862 308 33 21 vid
919 315 61 14 mom.
998 309 20 24 3,

189 343 44 15 som
249 337 63 21 rörde
328 337 225 28 landtdagsmannaval
568 338 7 19 i
586 337 160 21 Bondeståndet
756 337 115 21 omfattade
882 337 40 21 den
937 337 21 20 af
968 337 49 20 herr

188 365 67 21 Adolf
277 365 119 22 Grotenfelt
410 367 7 20 i
433 366 48 21 dess
496 366 129 21 reservation
642 366 94 21 uttalade
752 365 61 27 äsigt,
829 366 109 20 äfvensom
954 365 63 21 Stän-

189 394 41 23 det,
246 394 49 21 med
317 395 107 26 ogillande
439 395 21 20 af
476 395 111 20 utskottets
602 395 99 26 yttrande
717 394 110 26 angäende
843 394 174 27 petitionsförsla-

189 429 41 21 gen
245 423 70 20 sävidt
330 423 26 21 de
372 423 61 21 rörde
448 424 13 26 $
476 424 27 20 47
520 424 21 20 af
555 423 239 27 landtdagsordningen,
812 423 68 20 anslöt
896 423 32 26 sig
939 423 31 20 till
981 423 36 20 det

189 451 21 21 af
233 451 48 21 herr
304 451 154 28 Montgomery,
478 453 6 20 i
505 453 52 20 hans
579 451 142 22 betänkandet
744 451 113 28 vidfogade
881 451 137 24 reservation,

189 480 123 21 framstälda
327 480 102 27 yrkande,
445 481 31 20 till
492 481 52 27 följd
560 481 73 20 hvaraf
648 481 78 26 jemväl
743 480 12 27 $
771 481 26 20 47
814 480 69 21 skulle
895 481 29 20 uti
936 481 81 26 ingres-

189 515 35 14 sen
242 508 64 21 bland
323 509 37 20 der
376 509 135 28 uppräknade
527 509 81 28 lagrum
625 509 87 26 införas;

259 566 46 21 från:
321 566 179 27 Borgareständet
516 567 48 20 med
580 566 151 21 meddelande:

258 625 31 18 att
311 622 88 22 Ständet
422 623 34 21 vid
479 623 157 26 behandlingen
658 622 21 21 af
694 622 107 21 allmänna
817 622 198 21 besvärsutskottets

189 651 134 21 betänkande
346 652 108 26 angående
478 652 165 27 reorganisation
663 651 21 21 af
699 651 83 21 landets
798 651 139 21 skolväsende
953 650 20 21 af
989 650 28 21 de

189 680 26 28 pä
230 680 53 20 sidd.
307 680 84 20 48-50
413 680 104 27 ingående
533 683 121 18 momenten
671 680 102 21 förkastat
789 686 61 14 mom.
869 680 20 27 1)
905 686 49 14 men
969 679 49 21 der-

190 711 57 19 emot
263 708 94 28 godkänt
373 715 62 15 mom.
451 710 21 25 2)
488 709 38 20 och
543 709 21 27 3)
580 708 153 26 oförändrade
722 704 13 37 ;

261 768 30 18 att
313 765 87 21 Ständet
423 766 33 20 vid
480 766 149 27 föredragning
651 766 20 20 af
687 768 150 18 sammansatta
853 766 43 26 lag-
912 765 39 21 och
967 765 50 21 eko-

189 794 172 21 nomiutskottets
384 793 133 22 betänkande
541 794 39 21 N:o
604 795 27 19 14
654 794 6 20 i
683 794 117 27 anledning
822 794 21 20 af
866 781 102 33 särskilda
984 793 32 21 till

189 822 160 21 Bondeständet
371 823 121 20 inlemnade
515 823 111 27 petitioner
648 822 129 21 beträffande
800 822 93 27 eftergift
911 822 33 20 för
960 822 55 20 vissa

188 851 120 21 landsorter
323 851 84 21 hvaruti
423 851 72 27 lagens
511 851 131 27 stadganden
658 851 112 26 angäende
782 851 135 27 svedjebruk,
929 850 86 21 beslutit

189 881 30 20 att
234 880 139 20 förevarande
397 880 111 27 petitioner
522 880 46 21 icke
584 879 70 22 skulle
669 880 31 20 till
717 879 69 28 nägon
802 879 73 28 ätgärd
891 879 47 20 frän
953 879 63 20 Stän-

189 908 76 21 dernas
281 908 45 20 sida
341 908 121 26 föranleda;

257 967 30 19 att
309 964 87 22 Ständet
417 965 30 20 till
471 965 41 21 alla
533 965 59 21 delar
612 965 94 27 godkänt
722 965 170 21 bankutskottets
907 971 105 14 samman-

187 993 202 27 jemkningsförslag
405 994 127 21 beträffande
549 994 112 20 utskottets
677 994 134 20 betänkande
828 993 39 21 N:o
878 995 13 19 4
902 993 110 27 angäende

187 1022 79 27 förslag
289 1022 31 20 till
341 1022 146 28 förändringar
502 1023 7 19 i
525 1022 196 27 bankreglementet
736 1022 40 21 och
792 1022 30 20 till
839 1028 29 20 ny
883 1022 128 20 instruktion

187 1051 33 20 för
236 1050 201 28 bankfullmäktige
429 1046 12 36 ;

255 1111 30 17 att
308 1107 88 21 Ständet
416 1108 33 20 vid
466 1108 76 21 anstält
557 1109 33 20 val
606 1108 22 21 af
644 1108 25 20 11
686 1108 117 21 ledamöter
818 1108 39 20 och
873 1108 13 20 4
901 1108 113 26 supplean-

186 1139 32 19 ter
241 1136 31 21 till
295 1136 36 21 det
353 1136 111 22 förstärkta
488 1137 108 25 utskottet,
611 1144 45 14 som
673 1137 53 26 egde
742 1136 32 21 till
790 1136 115 27 afgörande
922 1140 91 23 upptaga

185 1166 74 26 frägan
283 1172 34 14 om
336 1165 153 27 godkännande
505 1166 52 20 eller
571 1166 135 20 förkastande
723 1166 21 20 af
759 1165 165 21 statsutskottets
940 1165 74 20 betän-

185 1194 70 20 kande
271 1194 40 20 N:o
327 1194 12 20 8
356 1194 109 27 angäende
482 1194 133 21 bestridande
631 1194 21 20 af
668 1194 25 20 de
709 1194 101 26 arvoden,
824 1200 45 13 som
880 1194 53 20 efter
944 1193 69 20 landt-

186 1222 80 27 dagens
289 1221 120 22 afslutande
431 1222 117 21 tillkomma
564 1222 142 27 expeditions-
722 1222 40 21 och
776 1221 237 28 justeringsutskottens

185 1251 122 24 ledamöter,
324 1251 47 20 med
388 1251 106 21 allmänna
510 1251 69 21 medel
596 1251 32 20 till
644 1251 116 28 ledamöter
776 1253 66 18 utsett
857 1251 72 20 herrar
945 1250 68 21 Grön-

186 1279 40 26 vik,
250 1279 119 27 Björkstén,
390 1279 122 26 Rönnbäck,
534 1279 92 28 Hoving,
642 1276 91 31 Öhberg,
751 1279 117 27 Molander,
883 1279 131 26 Borgström,

185 1307 100 28 Krogius,
301 1307 119 26 Lindholm,
436 1308 94 21 Neovius
546 1309 38 20 och
600 1308 123 25 Snellman
712 1303 15 36 ;

253 1368 54 17 samt
323 1365 30 20 till
370 1365 135 28 suppleanter
520 1366 72 21 herrar
604 1361 89 30 Öhman,
710 1365 116 28 Wallgren,
844 1365 118 20 Sannmark
973 1365 39 20 och

183 1393 136 24 Nummelin
311 1389 11 33 ;

252 1453 31 18 att
298 1450 89 21 Ständet
403 1451 34 20 vid
453 1451 151 27 föredragning
615 1451 21 21 af
648 1451 242 27 bevillningsutskottets
901 1450 111 21 skrifvelse

183 1479 44 21 deri
251 1479 108 26 utskottet,
383 1479 32 21 för
436 1480 106 20 vinnande
566 1480 20 20 af
602 1480 101 26 lagenligt
719 1479 157 21 ständerbeslut
891 1480 6 19 i
914 1479 99 27 stämpel-

181 1507 172 27 pappersfrägan,
377 1514 117 21 uppmanar
516 1508 179 27 Borgareständet
718 1510 30 19 att
770 1508 31 20 till
817 1510 29 19 ett
862 1507 98 21 förstärkt
977 1508 35 20 be-
