1103 1811
224 125 56 21 1764
438 130 162 18 Presteständet
612 131 58 17 1892.
689 123 15 33 2
723 131 52 21 juni.

193 200 136 27 pyyntöihin,
353 200 77 21 vaikka
451 206 27 15 ne
499 200 81 21 kuinka
601 200 89 21 hartaita
712 200 91 21 olisivat.
835 199 27 21 Ja
885 200 92 26 toiseksi,
993 200 32 27 jos

193 228 182 26 ruotsinmieliset,
389 228 57 28 jotka
462 228 110 21 äänellään
588 228 138 22 kannattavat
740 228 105 22 Mikkelin
858 228 167 22 ruotsinkielistä

194 256 86 26 koulua,
295 257 142 21 huomaisivat
451 256 146 22 Savonlinnan
610 257 81 21 koulun
706 257 88 21 tulevan
810 256 47 22 sille
873 256 95 27 hallaksi,
978 256 45 22 niin

194 285 27 21 he
244 285 159 26 yksimielisesti
425 286 155 21 vastustaisivat
602 286 40 20 sitä
664 286 86 20 koulua.
781 285 34 21 On
839 285 82 27 kuultu,
943 285 80 22 kuinka

192 313 109 28 Säädyssä
316 316 119 19 muutamat
444 314 182 21 suomenmieliset
635 316 131 19 vastustavat
779 313 63 22 samaa
854 313 79 22 koulua
944 315 79 26 syystä,

192 343 46 20 että
253 348 23 15 se
292 342 99 27 näyttäisi
407 342 104 21 vahinkoa
526 345 110 19 tuottavan
652 343 92 20 entisille
760 342 152 21 suomalaisille
920 342 103 21 kouluille

194 370 121 28 Viipurissa
338 371 22 27 ja
383 371 137 22 Joensuussa.
550 371 92 27 Näyttää
664 371 37 21 siis
716 371 49 21 siltä
785 371 52 21 kuin
853 371 83 21 olisivat
952 371 71 21 kaikki

194 399 147 22 korkeammat
364 400 78 21 voimat
462 400 103 27 yhtyneet
588 401 157 20 vastustamaan
762 400 78 21 näiden
856 400 167 27 paikkakuntien

193 427 128 28 hartaimpia
336 428 146 21 toivomuksia.
512 428 73 21 Näistä
600 428 65 27 syistä
680 428 52 21 sekä
746 429 69 24 niistä,
825 428 52 27 joita
887 428 137 21 kirkkoherra

195 455 56 28 Lyra
274 458 56 19 tässä
349 457 54 21 esiin
419 457 34 27 toi,
469 457 107 21 kannatan
592 457 138 27 täydellisesti
746 457 180 21 suomenkielisen
943 457 80 21 koulun

192 485 133 21 asettamista
347 485 163 27 Savonlinnaan,
526 485 76 22 vaikka
618 486 74 21 minun
708 485 89 22 samalla
813 487 74 26 täytyy
903 487 121 23 tunnustaa,

193 515 45 20 että
253 514 60 21 asian
328 514 49 21 näin
393 514 55 21 ollen
464 515 19 20 ei
499 514 89 21 minulla
604 516 73 19 suurta
692 515 72 20 toivoa
779 514 49 21 siitä
842 514 39 26 ole,
896 515 43 21 että
946 514 77 21 ääneni

194 542 59 21 tulee
269 542 137 21 kuulumaan.

265 599 124 27 Vicepastor
427 600 184 20 Schroderus:
628 599 80 27 Pyysin
724 606 150 14 sananvuoroa
885 599 138 21 kannattaak-

193 627 49 21 seni
257 628 62 20 herra
335 627 101 22 Geitlinin
452 628 156 26 vastalausetta,
623 628 50 21 mitä
688 628 108 21 Heinolan
813 628 162 21 reaalikouluun
991 632 33 17 tu-

195 656 39 21 lee.
265 656 52 22 Mitä
338 658 45 19 taas
400 656 77 22 koskee
492 657 68 21 siihen
577 657 128 25 väitökseen,
721 658 43 20 että
780 656 47 22 olisi
843 656 180 22 välttämättömän

195 685 130 27 tarpeellista
347 685 65 21 saada
427 684 157 22 Savonlinnaan
601 685 65 27 lyseo,
681 686 45 20 niin
742 687 50 19 ovat
807 686 21 26 jo
844 685 96 21 edelliset
955 686 69 26 puhu-

192 713 34 27 jat
248 715 124 25 osottaneet,
395 714 49 21 ettei
466 720 22 15 se
511 714 44 20 niin
580 714 180 21 välttämättömän
777 714 128 27 tarpeellista
921 714 39 26 ole,
975 714 48 21 sitte

195 742 45 20 kun
257 741 63 28 Sääty
335 748 27 15 on
379 742 134 28 hyväksynyt
529 742 144 22 valiokunnan
689 742 131 22 ehdottamat
836 742 80 22 koulut.

265 799 90 21 Prosten
377 799 202 22 Fredrikson:
602 799 71 22 Jemte
695 799 37 22 det
753 800 36 27 jag
813 799 84 22 förenar
916 799 43 28 mig
975 799 48 21 med

194 827 58 28 dem,
273 834 46 15 som
341 827 93 22 önskade
453 828 21 21 fä
488 831 30 18 ett
533 828 133 28 fullständigt
681 828 124 27 sjuklassigt
820 828 95 21 läroverk
931 828 32 21 till
979 828 45 27 Ny-

194 856 57 27 slott,
266 856 67 21 mäste
348 857 35 26 jag
399 857 65 21 uttala
485 857 47 21 mitt
548 857 131 26 beklagande
695 857 104 26 deröfver,
815 859 29 19 att
860 857 101 21 utskottet
976 857 47 20 icke

195 885 73 21 funnit
290 885 46 21 skäl
351 887 29 19 att
395 885 33 21 för
442 886 36 21 det
492 885 91 22 svenska
598 885 119 22 läroverket
732 886 7 20 i
755 885 85 27 Kuopio
855 885 77 21 föreslä
947 885 76 22 ätmin-

193 916 64 18 stone
280 919 27 15 en
323 913 126 21 subvention
470 914 44 21 utaf
529 914 111 26 styrelsen.
669 914 30 21 Pä
715 920 82 14 samma
812 916 41 18 sätt
867 914 35 26 jag
917 920 62 15 anser
994 916 30 19 att

193 942 29 20 de
238 941 69 21 finska
323 942 198 27 privatläroverken,
536 949 47 14 som
598 942 69 22 under
681 942 26 21 de
724 945 84 19 senaste
824 942 50 21 ären
883 942 93 27 uppstätt
983 942 40 21 och

195 970 102 28 möjligen
319 970 85 21 komma
423 973 29 19 att
467 971 81 27 uppstä,
562 971 51 21 böra
628 971 45 21 utaf
688 971 106 27 styrelsen
810 970 175 22 subventioneras
1000 971 23 21 sä

195 999 87 26 mycket
303 999 36 21 det
361 999 41 21 kan
425 1006 48 14 vara
494 1000 81 27 skäligt,
590 1000 24 20 sä
628 1006 63 14 anser
705 1000 36 27 jag
756 999 64 21 ocksä
836 1001 30 19 att
881 999 37 21 der
933 1006 48 14 man
997 1000 26 27 pä

193 1033 28 15 en
245 1028 52 20 eller
320 1034 71 14 annan
414 1030 32 18 ort
466 1028 140 21 underkastar
628 1028 32 28 sig
681 1028 145 28 uppoffringar
848 1028 33 20 för
896 1030 30 19 att
941 1028 20 21 få
977 1028 46 21 sina

196 1055 51 22 barn
264 1056 141 22 undervisade
420 1056 26 28 pä
461 1056 97 26 svenska,
572 1059 69 19 staten
658 1056 37 22 bör
705 1057 86 21 komma
802 1056 113 28 hjelpande
925 1056 97 22 emellan.

194 1084 64 22 Hvad
280 1084 99 22 särskildt
402 1085 35 21 det
456 1086 90 20 svenska
562 1086 120 21 läroverket
696 1086 7 20 i
719 1085 85 28 Kuopio
821 1085 98 21 beträffar
934 1085 89 21 besökes

193 1113 127 26 detsamma,
342 1113 67 28 enligt
424 1114 54 21 hvad
494 1114 35 27 jag
545 1116 40 24 vet,
602 1114 21 21 af
638 1120 25 15 en
680 1114 104 28 tredjedel
800 1114 46 21 utaf
861 1114 40 20 den
917 1120 106 14 samman-

195 1141 63 27 lagda
278 1148 98 15 summan
399 1142 71 22 elever
492 1143 31 21 uti
544 1142 36 22 det
595 1142 67 22 finska
677 1143 41 21 och
734 1143 36 21 det
785 1142 92 22 svenska
892 1142 70 27 lyceet
977 1142 46 21 der-

193 1170 79 22 städes.

264 1227 82 22 Doktor
388 1227 155 22 Nordström:
567 1228 45 21 Allt
632 1228 130 21 fortfarande
778 1227 64 27 yrkar
857 1228 35 27 jag
906 1227 33 28 pä,
953 1229 31 20 att
996 1234 31 21 en,

195 1256 65 27 högre
281 1256 124 21 läroanstalt
419 1257 7 20 i
441 1256 85 27 Nyslott
548 1257 65 20 mätte
637 1257 145 27 grundläggas
805 1257 39 20 och
860 1258 23 19 är
898 1256 125 28 öfvertygad

193 1291 35 14 om
245 1287 31 19 att
291 1285 70 21 denna
377 1285 76 21 anstalt
468 1285 68 22 skulle
552 1285 22 21 få
589 1285 76 21 elever.
695 1285 113 21 Likaledes
824 1285 63 26 yrkar
901 1285 36 27 jag
952 1285 27 27 pä
993 1287 30 19 att

194 1313 121 22 realskolan
330 1314 8 20 i
353 1313 90 22 Heinola
466 1314 65 21 måtte
553 1314 169 27 omorganiseras
744 1313 33 22 till
796 1315 30 20 ett
842 1313 134 28 fyraklassigt
991 1313 32 27 ly-

192 1347 71 15 ceum.
293 1342 92 21 Heinola
400 1342 60 21 skola
475 1343 53 20 hade
543 1343 64 24 förut,
622 1342 86 21 oaktadt
724 1342 251 27 undervisningsspräket
986 1342 38 21 der

195 1377 38 14 var
255 1371 98 26 svenska,
368 1373 30 18 ett
414 1371 102 27 betydligt
532 1371 57 21 antal
605 1371 77 27 elever,
698 1371 40 21 och
753 1371 37 27 jag
804 1370 71 22 tviflar
889 1370 47 22 icke
951 1370 27 28 pä
993 1373 31 19 att

193 1405 29 14 en
238 1399 176 22 elementarskola
430 1399 37 21 här
482 1399 68 22 skulle
567 1399 65 22 blifva
648 1399 71 22 talrikt
734 1399 83 22 besökt.

264 1455 155 28 Kyrkoherden
441 1453 85 25 Öller
548 1457 96 21 biträdde
664 1456 131 21 beträffande
810 1456 93 21 Heinola
918 1455 105 22 realskola

192 1485 126 27 fältprosten
342 1484 111 22 Petterson
474 1485 76 21 liksom
566 1485 64 21 ocksä
645 1487 137 19 reservanten
798 1484 76 22 doktor
889 1484 86 27 Geitlin,
997 1484 27 28 pä

193 1513 28 20 de
237 1513 52 25 skäl,
305 1519 46 15 som
367 1513 21 21 af
402 1512 62 23 dessa
480 1513 68 21 blifvit
564 1513 131 22 framhällna.
