1103 1811
341 142 162 17 Presteståndet
516 142 56 17 1882.
597 143 8 15 1
617 142 52 21 juni.
836 137 55 21 1717

92 210 55 22 hade
170 210 65 28 något
257 210 40 25 val,
321 213 51 19 utan
393 211 68 21 måste
476 210 131 27 nödvändigt
622 210 114 27 godkänna
751 210 117 22 utskottets
883 211 37 21 be-

93 239 114 22 tänkande.
238 238 171 22 Petitionärerna
435 239 55 22 hade
515 238 125 22 formulerat
664 241 78 19 tvänne
767 238 105 22 klämmar
896 239 24 21 så

93 268 129 26 beskaffade,
247 269 33 19 att
302 267 90 22 Ståndet
413 268 84 26 mycket
520 267 34 21 väl
576 268 70 21 kunde
669 267 73 22 förena
764 267 32 27 sig
814 273 34 15 om
865 267 54 27 dem,

93 296 70 21 såsom
187 298 31 19 ett
241 296 84 27 uttryck
349 296 23 21 af
394 296 37 21 sitt
446 296 71 21 beslut
532 296 40 21 och
588 296 88 21 sålunda
692 296 96 21 förkasta
803 296 118 22 utskottets

92 324 142 22 betänkande.
548 334 6 8 s

163 381 69 22 Sedan
249 381 145 22 diskussiouen
410 381 94 22 härefter
514 381 116 22 förklarats
640 381 100 24 afslutad,
751 381 69 22 beslöt
830 381 91 22 Ständet

93 410 28 27 pä
137 410 72 21 derom
224 410 24 21 af
257 410 49 21 herr
319 410 155 22 Talmannen
484 410 61 27 gjord
557 410 157 27 framställning
725 413 32 18 att
768 410 31 21 till
810 409 41 22 alla
862 411 60 21 delar

94 438 113 27 godkänna
230 441 152 19 sammansatta
402 439 42 27 lag-
461 439 40 22 och
517 439 215 21 ekonomiutskottets
747 439 6 21 i
768 439 154 27 frägavarande

95 467 133 22 betänkande
245 467 40 22 N:o
301 468 19 21 9.

163 610 40 22 Till
225 610 91 22 Ständet
331 610 55 22 hade
409 611 75 26 ingätt,
509 611 111 26 föredrogs
636 610 39 22 och
690 610 114 22 bordlades
819 613 32 19 att
866 611 6 21 i
888 611 33 21 sin

94 639 91 27 ordning
201 639 32 21 till
248 639 128 27 behandling
393 639 140 22 förekomma:

163 696 108 22 allmänna
294 696 203 22 besvärsutskottets
520 696 78 28 förslag
620 696 32 22 till
675 695 203 28 sammanjemkning
899 695 25 22 af

95 725 26 21 de
145 724 122 28 skiljaktiga
289 725 76 27 beslut,
389 725 60 21 hvari
465 725 95 22 Ständen
578 726 86 20 stannat
680 724 34 22 vid
730 724 153 27 behandlingen
899 724 24 21 af

96 754 48 21 dess
167 753 134 22 betänkande
323 754 41 22 N:o
389 755 26 20 14
437 754 49 22 med
509 754 113 26 anledning
645 753 22 21 af
689 753 103 21 särskilda
807 753 114 27 petitions-

95 782 80 27 förslag
191 788 33 15 om
241 782 120 22 inrättande
376 782 23 21 af
413 782 69 21 finska
498 782 222 22 fruntimmersskolor.

165 924 40 22 Till
220 925 129 27 behandling
365 925 93 27 företogs
475 925 52 21 härä
543 927 153 19 sammansatta
708 925 44 27 lag-
763 924 39 22 och
813 924 109 22 ekonomi-

94 953 117 22 utskottets
228 953 135 22 betänkande
379 954 40 21 N:o
438 954 24 21 12
479 954 6 20 i
501 953 115 29 anledning
630 954 23 21 af
666 953 106 22 särskilda
787 952 32 22 till
834 952 87 22 Preste-

95 982 39 21 och
159 982 165 22 Bondeständen
347 982 120 22 inlämnade
494 983 114 26 petitioner
638 981 130 23 beträffande
795 981 127 22 industriela

95 1011 152 26 inrättningars
270 1011 39 21 och
332 1011 192 21 landthandlandes
546 1011 120 27 skyldighet
683 1013 32 19 att
732 1010 83 27 deltaga
830 1010 6 21 i
852 1012 70 25 prest-

94 1038 94 27 aflöning
211 1042 56 19 samt
288 1040 111 27 byggande
421 1040 39 21 och
484 1040 112 21 underhäll
615 1040 22 21 af
651 1039 67 27 kyrka
734 1038 38 22 och
788 1039 110 27 prestgärd
915 1038 6 22 i

95 1068 54 26 stad,
171 1068 108 28 äfvensom
303 1068 108 27 angäende
431 1068 123 27 förändring
569 1068 22 22 af
605 1071 64 19 sättet
685 1068 33 21 för
732 1066 191 29 prestaflöningens

95 1096 118 26 utgörande
228 1097 7 21 i
252 1092 137 26 Österbotten
406 1097 39 21 och
461 1097 29 27 pä
506 1092 76 26 Äland.

164 1153 64 22 Först
250 1154 122 27 godkändes
396 1154 116 22 utskottets
534 1154 12 21 ä
560 1160 48 21 pag.
626 1155 12 20 7
653 1154 6 21 i
676 1153 143 22 betänkandet
834 1152 88 28 intagna

95 1182 208 27 resolutionsförslag
319 1184 26 25 pä
361 1183 156 26 framställning
532 1182 22 22 af
568 1183 50 21 herr
634 1182 168 22 Talmannen
818 1184 50 19 utan
880 1182 43 21 dis-

94 1211 93 21 kussion.

164 1268 135 22 Beträffande
321 1269 26 21 de
366 1268 53 22 härä
434 1269 128 26 föredragna
578 1268 28 27 pä
622 1268 37 21 sid.
676 1269 55 20 8&—9
747 1267 177 22 förekommande

95 1296 243 28 resolutionsförslagen,
354 1297 85 28 yttrade
454 1297 32 27 sig
501 1297 93 27 följande
611 1297 76 21 talare:

164 1354 111 22 Professor
300 1355 139 26 Forsman,
464 1354 25 22 G.
515 1355 28 20 Z.:
574 1353 88 22 Tahdon
681 1353 117 27 puolestani
823 1352 100 27 yhdistyä

94 1382 68 22 siihen
180 1383 176 27 vastalauseesen,
369 1383 68 27 jonka
452 1383 74 22 herrat
541 1383 117 24 Meurman,
674 1382 100 22 Törnudd
789 1382 23 27 ja
821 1381 100 22 Järvinen

94 1414 51 19 ovat
160 1412 105 21 liittäneet
281 1412 64 21 tähän
361 1412 143 21 valiokunnan
520 1412 133 21 mietintöön.
682 1411 48 21 Kun
746 1411 114 24 tiedetään,
877 1411 44 20 että

94 1446 52 15 arm.
163 1441 64 26 esitys
244 1441 97 27 papiston
357 1441 181 27 palkkaamisesta
553 1440 61 21 viime
630 1439 152 27 valtiopäivillä
797 1439 124 21 oikeastaan

94 1468 28 21 oli
139 1468 91 22 melkein
247 1469 94 21 kaikissa
355 1469 81 21 kohdin
452 1470 77 20 saanut
545 1468 99 28 Säätyjen
660 1467 142 28 yksimielisen
818 1467 104 27 hyväksy-

93 1497 67 21 misen
177 1498 47 20 eikä
241 1498 129 21 kuitenkaan
386 1498 72 27 syistä,
473 1498 54 26 joita
543 1498 57 20 minä
616 1503 25 15 en
657 1496 127 21 tarkemmin
801 1498 71 21 tunne,
889 1495 32 21 ole

93 1525 63 22 laiksi
179 1527 92 26 päässyt,
287 1526 42 21 niin
347 1527 102 20 kokemus
465 1528 91 24 osottaa,
573 1527 45 19 että
634 1527 63 24 tässä,
714 1524 95 21 niinkuin
825 1529 98 16 monessa
