1103 1811
221 140 58 22 1614
447 144 162 19 Presteståndet
620 146 59 17 1882.
703 146 29 17 30
741 146 49 20 maj.

263 215 40 26 1:0)
327 222 34 15 om
377 214 109 22 ordnande
501 214 21 22 af
537 214 236 27 försäkringsväsendet
788 215 7 21 i
811 214 78 26 landet,
905 215 23 21 af
941 215 82 21 Landt-

193 244 144 27 dagsmannen
353 243 91 23 Mauritz
460 243 113 27 Hallberg;

262 307 45 25 2:0)
330 313 34 15 om
380 305 148 28 upphäfvande
544 306 23 21 af
581 305 77 28 Kongl.
674 306 153 27 förordningen
844 306 22 21 af
880 307 40 21 den
937 307 26 20 12
979 307 43 21 Ok-

192 335 62 21 tober
278 335 55 22 1743
349 335 40 21 och
405 335 110 21 införande
530 335 22 21 af
566 335 191 26 röstbegränsning
772 335 34 21 vid
822 335 33 21 val
872 335 22 21 af
909 335 113 27 stadstjen-

191 365 90 25 stemän,
297 363 22 22 af
333 363 216 27 Landtdagsmännen
565 363 86 22 Edvard
667 363 113 22 Molander
795 363 41 22 och
852 363 23 22 L.
891 365 19 20 J.
921 364 102 21 Hamma-

192 393 45 25 rén,
253 395 144 24 gemensamt;

262 455 20 26 d)
297 455 47 21 från
360 455 159 22 Bondeståndet
534 455 112 21 inkomna:

263 518 42 27 1:0)
321 517 109 26 angående
445 517 123 27 förändring
583 517 23 22 af
620 517 13 28 &
649 518 27 21 44
692 518 7 21 i
712 517 99 28 gällande
824 517 73 28 sjölag,
907 517 22 22 af
941 518 82 21 Landt-

192 547 144 26 dagsmannen
352 546 16 21 1.
385 547 24 20 E.
425 547 136 26 Rosenberg
551 542 14 37 ;

263 604 41 26 2:0)
327 609 35 15 om
385 603 65 21 sädan
471 603 165 27 lagförändring,
652 604 32 20 att
699 603 149 21 besvärstiden
864 603 46 21 frän
925 603 97 21 Härads-

192 634 97 19 rätterna
311 632 57 21 inom
391 626 80 27 Älands
494 633 101 25 domsaga
618 631 68 22 blefve
706 631 99 28 förlängd
821 632 32 20 till
868 632 26 20 45
911 632 73 26 dagar,
1000 632 24 20 af

192 661 133 25 densamme;

263 719 40 23 3:0)
327 724 34 15 om
377 718 66 21 sådan
458 718 124 26 förändring
598 718 22 20 af
634 717 13 29 &
663 718 12 20 6
692 718 5 20 i
714 717 100 27 gällande
829 718 74 26 sjölag,
919 719 32 19 att
965 718 56 21 före-

191 746 94 22 skrifven
307 747 147 26 påmönstring
476 746 21 22 af
518 747 102 26 manskap
644 746 13 21 å
679 747 89 25 mindre,
792 746 34 22 till
845 746 31 22 S:t
890 746 131 27 Petersburg

191 775 103 26 afgående
320 775 107 21 farkoster
449 775 113 21 framdeles
584 775 48 21 icke
647 775 93 21 behöfde
756 775 134 25 verkställas,
906 774 22 21 af
942 775 79 21 Landt-

192 803 144 28 dagsmännen
352 803 29 22 M.
397 804 91 21 Junnola
504 803 39 22 och
559 803 22 21 T.
597 803 108 26 Jaatinen,
721 805 147 26 gemensamt
856 799 15 37 ;

261 861 42 27 4:0)
327 867 34 15 om
385 859 148 28 berättigande
556 860 32 21 för
610 861 155 21 kommunerna
789 863 32 19 att
836 861 113 21 framdeles
964 861 57 27 välja

191 890 148 25 nämndemän,
355 889 23 21 af
392 889 213 27 Landtdagsmannen
620 889 57 21 Juho
693 889 140 26 Isomöttölä;

261 947 42 26 5:0)
323 953 34 15 om
373 947 67 21 sådan
455 946 123 28 förändring
593 946 24 21 af
630 947 24 21 B.
669 947 24 21 B.
712 948 32 20 11:
762 948 19 24 2,
798 948 32 20 att
845 946 138 21 användande
999 946 23 21 af

189 981 76 21 gossar
280 976 69 20 såsom
366 975 92 27 vallhjon
475 975 67 21 blefve
557 975 6 21 i
579 975 35 28 lag
629 975 122 27 medgifvet,
769 975 23 21 af
805 975 214 27 Landtdagsmannen

189 1004 81 21 Kaarlo
287 1004 82 26 Wärri;

260 1061 43 27 6:0)
325 1062 74 20 derom
422 1063 32 19 att
475 1061 126 21 ordförande
623 1060 59 22 säväl
703 1060 7 21 i
732 1060 204 22 kommunalnämnd
951 1060 68 21 som
1003 1056 18 36 i

190 1090 215 21 kommunalstämma
433 1090 67 21 —blefve
522 1089 122 27 berättigad
665 1091 40 24 att,
727 1089 36 21 vid
786 1088 138 22 förefallande
948 1088 70 26 behof,

189 1124 77 21 genom
289 1118 127 22 utfärdande
439 1118 21 22 af
481 1118 113 21 budkafvel
610 1118 155 22 sammankalla
781 1118 51 23 folk,
849 1117 23 21 af
885 1117 134 27 Landtdags-

190 1153 91 15 mannen
297 1147 24 21 P.
337 1147 127 21 Päivärinta.

259 1204 95 21 Hvarom
377 1206 56 19 samt
455 1206 31 19 att
509 1205 25 20 de
557 1205 46 20 frän
618 1204 95 21 Ständen
729 1204 32 21 hit
777 1204 101 20 inkomna
893 1202 126 27 handlingar

189 1233 92 21 rörande
297 1233 155 21 ofvannämnda
468 1233 179 26 petitionsförslag
658 1232 111 22 förvaras
765 1224 10 40 i
780 1228 161 31 Lagutskottets
952 1231 67 26 arkiv,

189 1261 112 22 Utskottet
316 1261 39 22 har
366 1263 53 20 äran
429 1262 137 27 Högvördiga
576 1261 162 22 Presteständet
751 1261 125 26 härigenom
887 1260 131 21 underrätta.

446 1319 30 21 På
491 1319 161 27 Lagutskottets
667 1320 95 25 vägnar:

482 1381 79 22 Robert
575 1382 159 27 Montgomery.

765 1484 25 20 E.
807 1484 24 21 A.
848 1482 100 23 Forssell.
