1103 1811
303 140 161 18 Presteståndet
476 141 59 17 1882.
560 141 24 17 19
596 141 48 20 maj.
820 136 52 20 1341

74 209 46 22 Sitä
142 209 88 26 vastoin,
250 209 93 21 niinkuin
359 211 62 19 useat
436 209 97 21 edelliset
548 209 90 27 puhujat
654 210 84 21 muiden
755 216 84 15 muassa
854 216 50 21 pro-

74 238 76 21 fessori
173 238 118 26 Runeberg,
311 237 23 27 jo
351 240 49 18 ovat
416 238 117 26 lausuneet,
549 244 26 15 on
592 238 61 21 aivan
670 239 172 26 epäilemätöntä,
858 240 46 20 että

74 266 148 22 vastalauseen
239 266 86 27 tekijäin
342 266 177 22 muutosehdotus
535 273 27 15 on
578 267 104 26 epäselvä.
709 267 37 21 Jos
763 267 141 27 edellytettäi-

75 295 48 25 siin,
146 297 45 19 että
213 294 153 27 kotitarpeeksi
389 295 74 26 tehtyä
486 294 168 27 mallasjuomaa,
676 295 77 21 vaikka
769 297 84 19 verosta
869 302 35 14 va-

75 329 76 21 paana,
176 323 111 21 kuitenkin
311 329 37 15 saa
371 323 83 27 myydä,
477 324 19 20 ei
519 324 123 21 oikeastaan
665 323 151 22 kumminkaan
839 323 64 25 tiedä,

77 352 64 21 missä
157 352 81 21 määrin
254 352 42 21 sitä
311 358 37 15 saa
363 352 82 27 myydä.
471 352 38 21 Jos
525 354 47 19 taas
587 358 27 15 on
630 352 162 21 tarkoituksena
807 354 98 19 verottaa

76 381 82 21 kotona
177 380 73 27 tehtyä
268 380 165 26 mallasjuomaa,
446 381 48 26 jota
509 387 99 15 suuressa
624 381 81 20 määrin
720 381 103 26 kaupaksi
840 381 64 26 tarjo-

76 411 58 24 taan,
150 415 27 14 on
192 409 105 26 kysymys,
314 409 57 20 millä
387 409 78 21 tavalla
481 415 22 15 se
520 415 26 15 on
562 411 140 24 verotettava,
719 409 48 21 sillä
777 409 56 22 koko
847 411 58 19 tämä

76 439 237 19 suostuntaveroasetus
336 437 162 27 mallasjuoman
520 437 185 22 valmistamisesta
728 438 79 21 koskee
828 438 76 27 tykkä-

78 468 55 19 nään
157 472 53 15 vaan
234 466 166 21 tehdasliikettä.
432 466 78 21 Lienee
534 466 90 21 melkein
643 467 115 20 mahdoton
775 468 81 19 asettaa
874 468 31 19 tä-

78 496 49 19 män
150 494 113 21 asetuksen
283 495 89 21 mukaan
392 495 81 21 mitään
490 497 108 19 verotusta
614 495 142 21 kotitekoisen
772 495 74 21 sahdin
862 495 43 21 val-

78 523 158 25 mistamisesta,
251 523 46 26 jota
313 529 26 15 on
355 523 113 22 luvallinen
485 524 76 26 myydä
576 523 21 27 ja
612 523 68 22 siihen
695 524 93 21 sovittaa
803 524 58 21 esim.
873 525 32 20 tä-

79 553 49 20 män
151 552 112 21 asetuksen
280 552 64 21 toista
359 552 97 27 pykälää,
470 552 66 27 jonka
552 553 92 20 mukaan
660 559 49 14 vero
726 552 70 27 pitäisi
812 553 42 21 olla
870 554 37 19 vä-

78 580 89 21 hintään
189 581 48 25 800,
253 587 51 14 arm.
321 581 106 26 esityksen
444 581 91 21 mukaan
553 581 62 25 1,690
630 581 108 21 markkaa.
770 581 49 21 Niin
835 581 71 21 suuria

79 608 320 22 kotosahtivalmistuslaitoksia
421 610 71 20 tuskin
513 611 88 19 sentään
625 611 108 25 syntynee,
757 611 45 19 että
816 616 26 14 ne
852 609 55 21 mis-

80 639 52 19 sään
158 638 137 26 tapauksessa
311 638 89 20 voisivat
415 637 95 22 tällaista
525 644 63 15 veroa
604 638 85 21 kantaa.
722 638 92 21 Minusta
830 640 77 19 tuntuu

80 666 56 26 siltä,
153 666 50 20 kuin
219 666 153 26 vastalausujat
387 666 84 22 olisivat
487 666 139 22 rakentaneet
642 666 170 22 vastalauseensa
826 666 80 27 jonkun

80 694 152 21 olemattoman
257 695 197 21 verotusasetuksen
478 695 84 27 nojaan,
584 695 22 26 ja
626 695 34 26 jos
682 695 74 21 katsoo
779 695 57 21 asiaa
858 695 49 21 siltä

80 723 103 21 kannalta
205 723 51 21 kuin
276 724 31 24 he,
324 724 43 20 niin
384 724 47 21 olisi
446 724 124 21 oikeastaan
586 724 65 20 tähän
667 724 125 21 asetukseen
809 724 99 20 lisättävä

82 751 69 21 useita
166 752 92 26 pykäliä,
271 752 67 27 joissa
353 752 127 21 tarkemmin
497 752 153 22 määrättäisiin
667 756 51 17 tuon
733 752 127 22 verotuksen
877 752 30 21 eri

81 780 88 21 kohdat.

151 837 205 27 Kontraktsprosten
374 837 164 21 Helander:
569 837 111 22 Professor
695 837 102 22 Forsman
814 837 38 21 har
865 843 42 15 me-

82 867 37 19 nat
142 867 33 19 att
190 865 34 21 väl
247 865 68 27 nägon
339 865 82 22 skilnad
444 866 42 21 kan
506 868 62 24 göras
584 866 90 21 emellan
689 866 127 27 hembrygdt
832 866 19 21 öl
868 866 39 21 och

82 894 132 26 svagdricka,
236 901 47 14 men
307 894 39 21 den
370 896 78 24 expert,
471 901 45 14 som
540 901 36 14 var
596 895 132 20 närvarande
743 895 35 20 vid
793 895 116 21 utskottets

83 922 190 27 Ofverläggningar,
293 923 50 21 sade
359 925 32 19 att
406 923 35 21 det
457 925 24 19 är
497 923 87 21 alldeles
600 922 103 28 omöjligt,
720 925 31 19 att
767 923 62 27 skilja
844 923 64 21 emel-

83 951 36 20 lan
142 951 67 26 begge
231 952 61 20 dessa
314 951 47 26 slag
382 951 22 21 af
419 951 150 27 maltdrycker.
600 952 47 21 Han
664 952 66 26 ansåg
745 954 33 18 att
793 952 116 21 utskottets

83 979 81 26 förslag
183 980 68 20 skulle
273 979 56 27 gifva
352 980 114 27 anledning
482 980 32 21 till
530 980 114 24 missbruk,
660 986 43 14 som
720 980 18 26 ej
754 980 72 21 kunna
842 980 67 21 öfver-

84 1008 71 26 vakas,
178 1008 39 21 och
237 1008 75 21 trodde
333 1011 32 19 att
381 1009 112 26 kejserliga
508 1009 169 26 propositionens
693 1009 133 25 bestämning
841 1008 68 22 skulle

82 1042 51 15 vara
149 1036 40 21 den
205 1036 68 22 bästa.
304 1037 47 21 Man
369 1037 38 21 har
423 1042 72 16 menat
511 1039 32 19 att
558 1038 36 20 det
610 1037 67 21 skulle
694 1044 50 14 vara
759 1038 41 20 lätt
812 1038 32 19 att
856 1039 52 24 göra

80 1065 85 21 skilnad
193 1065 89 21 cmellan
309 1065 115 27 hembrygd
451 1066 39 21 och
514 1066 161 26 fabriksmässig
698 1066 140 26 tillverkning,
861 1072 47 15 men

81 1096 102 24 experten
206 1094 50 21 sade
275 1096 32 18 att
323 1094 35 21 det
374 1096 23 19 är
412 1096 78 25 ytterst
505 1095 57 20 svärt
578 1097 32 18 att
626 1096 51 25 göra
694 1094 68 21 denna
778 1094 89 21 skilnad.
898 1094 10 21 I

81 1123 28 20 25
125 1123 13 25 8
154 1122 21 20 af
191 1122 39 21 den
247 1122 120 27 föreslagna
382 1122 152 27 författningen
551 1129 34 15 om
599 1122 124 27 försäljning
734 1123 23 21 af
767 1122 142 27 maltdrycker

81 1151 46 21 stär
141 1151 41 25 väl,
199 1153 31 19 att
246 1152 47 20 med
309 1151 131 27 hembrygda
455 1152 144 26 maltdrycker
615 1152 78 20 förstäs
705 1151 26 21 de
744 1158 44 14 som
799 1151 109 21 tillverkas

82 1179 84 21 hemma
189 1180 47 20 med
261 1180 90 26 tillhjelp
367 1180 22 21 af
403 1182 47 24 eget
466 1180 130 26 tjenstefolk,
613 1187 46 14 men
677 1186 48 15 man
742 1180 42 21 kan
797 1180 24 26 ju
837 1182 49 24 taga
901 1180 7 20 i

81 1207 38 21 sitt
132 1207 39 21 hus
183 1207 54 22 huru
249 1209 82 25 mycket
342 1208 128 27 tjenstehjon
481 1215 45 14 som
538 1209 54 20 helst
604 1209 39 20 och
654 1208 162 27 tillverkningen
826 1208 83 21 hemma

81 1236 97 21 kommer
200 1237 119 26 derigenom
343 1239 32 19 att
394 1240 108 18 motsvara
523 1237 163 26 tillverkningen
709 1237 35 21 vid
760 1240 31 18 ett
806 1237 52 26 högt
873 1237 36 20 be-

81 1265 97 20 skattadt
200 1265 102 26 bryggeri.
333 1266 181 21 Reservanternes
536 1266 84 27 mening
640 1272 37 14 var
693 1265 19 27 ej
728 1267 32 20 att
776 1271 48 15 man
840 1265 69 21 skulle

83 1293 71 21 betala
174 1293 114 27 bevillning
310 1293 33 22 för
364 1294 128 27 hembrygdt
509 1294 133 27 svagdricka,
658 1296 51 19 utan
725 1296 32 19 att
772 1294 42 21 alla
829 1293 80 21 sådana

82 1321 95 27 drycker,
200 1328 45 15 som
268 1322 109 22 tillverkas
392 1323 84 21 hemma
492 1322 32 22 till
540 1323 105 21 husbehof
660 1323 68 21 skulle
745 1329 49 15 vara
810 1322 46 21 från
873 1321 36 22 be-

82 1350 89 26 villning
186 1350 46 21 fria.
264 1351 47 21 Men
327 1351 24 22 sä
365 1354 60 19 snart
440 1352 144 26 maltdrycker
599 1351 61 22 skola
675 1351 68 22 hällas
758 1351 33 21 till
807 1351 52 25 salu,
870 1351 38 21 bör

81 1379 34 21 för
138 1379 47 21 dem
207 1379 82 22 betalas
309 1380 116 27 bevillning
440 1380 40 21 och
496 1380 122 21 tillverkare
634 1380 22 21 af
669 1380 81 21 sädana
766 1379 143 27 maltdrycker

82 1407 53 21 böra
150 1407 56 22 förse
222 1408 32 26 sig
270 1409 46 20 med
333 1409 140 24 maltometer,
490 1409 89 21 medelst
594 1409 84 20 hvilken
695 1409 159 26 maltätgängen
867 1408 42 21 kan

81 1435 136 22 bestämmas.

151 1493 112 21 Professor
285 1494 148 26 Forsman,
456 1494 27 21 J.:
515 1494 68 21 Herra
604 1494 84 21 Eklund
712 1500 26 15 on
757 1496 77 19 tuonut
850 1494 59 27 esiin,

81 1523 46 19 että
143 1521 58 22 minä
216 1522 48 21 olen
280 1522 105 27 väittänyt
400 1524 72 19 tämän
488 1522 92 27 pykälän
596 1522 75 22 olevan
687 1522 137 22 ristiriidassa
835 1522 27 21 25
874 1522 35 28 &:n
