1103 1811
219 139 52 21 1722
440 144 159 18 Presteståndet
612 146 55 16 1882.
693 146 8 16 1
713 145 51 21 juni.

187 213 217 27 resolutionsförslag,
420 220 37 14 var
472 214 146 27 föreliggande
632 216 155 19 sammansatta
802 213 43 27 lag-
860 213 38 21 och
911 213 106 21 ekonomi-

188 243 119 21 utskottets
323 242 135 22 betänkande
474 242 39 22 N:o
531 244 25 20 12
573 242 23 22 af
609 242 90 22 Ståndet
714 241 182 23 slutbehandladt.

258 396 41 21 Till
315 396 90 21 Ståndet
421 397 53 20 hade
490 397 68 26 ingått
578 396 38 22 och
632 396 114 22 bordlades
763 399 33 19 att
810 397 7 20 i
833 397 31 21 sin
881 397 89 27 ordning
985 396 32 21 till

189 425 131 27 behandling
335 425 140 22 förekomma:

258 487 172 22 statsutskottets
450 487 79 28 förslag
548 488 32 21 till
596 488 206 27 sammanjemkning
816 488 23 21 af
853 489 25 20 de
894 487 122 28 skiljaktiga

188 516 77 25 beslut,
290 516 59 21 hvari
373 516 92 21 Stånden
488 519 86 18 stannat
590 517 89 21 rörande
696 517 172 21 statsutskottets
883 516 134 22 betänkande

188 545 39 21 N:o
247 547 25 18 10
288 545 7 20 i
311 545 115 27 anledning
447 545 23 20 af
492 545 58 21 Hans
566 545 118 27 Kejserliga
700 545 112 28 Majestäts
828 545 77 27 nådiga
920 545 97 28 proposi-

187 573 45 21 tion
249 573 110 28 angående
375 573 73 27 anslag
463 574 22 21 af
499 573 194 27 bevillningsmedel
709 574 33 21 för
757 574 158 22 folkskolornas
927 574 6 21 i
944 573 73 22 landet

187 602 113 20 underhåll
325 604 55 19 samt
403 603 148 25 pensionering
573 602 23 21 af
617 603 40 21 den
681 602 34 22 vid
738 603 64 21 dessa
824 603 72 21 skolor
920 602 97 21 anstälda

187 630 182 27 lärarepersonal;

258 694 172 21 statsutskottets
453 694 79 26 förslag
547 694 33 21 till
596 694 206 26 sammanjemkning
817 693 21 21 af
854 694 25 21 de
894 693 123 27 skiljaktiga

189 722 76 26 beslut,
289 722 60 22 hvari
373 722 92 21 Stånden
486 724 85 20 stannat
586 723 90 21 rörande
693 722 173 22 statsutskottets
882 722 134 21 betänkande

189 750 40 21 N:o
247 752 12 19 9
275 751 7 21 i
297 751 115 27 anledning
427 751 20 21 af
462 751 239 27 Finansexpeditionens
716 751 7 21 i
739 750 114 28 kejserliga
874 752 87 20 senaten
983 750 32 21 till

189 779 121 22 Ständerna
327 779 80 27 afgifna
422 780 90 21 relation
525 786 35 15 om
576 780 139 21 statsverkets
730 780 106 25 tillstånd;

259 842 171 21 statsutskottets
450 842 79 27 förslag
544 843 33 20 till
593 842 106 22 definitivt
721 842 148 21 fastställande
884 842 22 21 af
920 842 96 27 anslaget

188 870 33 21 till
237 870 136 22 bestridande
390 871 23 20 af
426 871 142 21 kostnaderna
585 871 33 21 för
633 871 68 21 finska
717 871 114 21 militären.

258 1031 41 21 Till
322 1030 127 28 behandling
472 1031 92 27 företogs
580 1038 25 14 en
622 1031 45 21 från
683 1032 162 20 statsutskottet
865 1031 66 21 under
948 1031 68 21 denna

189 1059 40 27 dag
253 1060 122 21 inkommen
398 1060 108 21 skrifvelse
529 1060 23 21 af
572 1060 40 21 den
628 1060 26 21 31
671 1060 98 21 sistlidne
786 1060 48 26 maj,
851 1060 44 21 deri
910 1060 105 21 utskottet

188 1088 111 26 föreslagit
319 1091 38 23 att,
379 1090 50 19 enär
444 1088 160 22 Presteståndet
619 1088 34 22 vid
669 1088 159 27 handläggning
844 1088 22 22 af
879 1088 137 22 statsutskot-

188 1119 42 18 tets
252 1116 135 22 betänkande
409 1117 40 21 N:o
466 1119 12 19 3
493 1118 7 20 i
515 1118 114 26 anledning
652 1117 21 22 af
695 1117 79 27 nådiga
797 1117 159 27 propositionen
979 1123 36 15 an-

187 1145 84 26 gående
287 1146 72 20 vidare
368 1145 227 27 jernvägsbyggnader,
607 1146 105 21 förkastat
722 1146 67 26 sagde
800 1146 135 21 betänkande
945 1145 71 21 äfven-

189 1180 45 15 som
251 1174 36 21 vid
302 1174 154 26 behandlingen
472 1174 22 22 af
508 1174 97 22 bemälde
627 1174 232 22 utskottsbetänkande
881 1174 39 21 N:o
938 1175 25 20 14
979 1180 38 15 an-

189 1202 83 27 gående
297 1203 98 26 samtlige
417 1203 25 20 de
464 1203 33 20 vid
514 1204 127 25 landtdagen
658 1204 54 21 1882
728 1203 82 21 äskade
825 1203 72 26 anslag
913 1202 32 21 till
959 1203 56 26 jern-

190 1231 177 27 vägsbyggnader
383 1231 82 21 anvisat
478 1231 284 22 kommunikationsfondens
774 1231 119 26 disponibla
903 1231 113 26 tillgångar

189 1259 56 21 intill
267 1260 108 27 utgången
391 1260 22 20 af
427 1260 23 21 år
468 1261 60 24 1585,
544 1260 161 21 Presteståndet
721 1260 50 21 ville
788 1260 48 21 med
851 1259 128 27 frångående
996 1259 21 21 af

189 1288 38 21 sitt
243 1288 155 21 ofvanberörda
414 1288 68 21 beslut
498 1289 6 20 i
520 1289 67 21 likhet
603 1289 47 21 med
666 1289 156 26 Ridderskapet
838 1289 39 20 och
889 1288 61 21 adeln
961 1291 56 18 samt

189 1316 182 27 Borgareståndet
393 1317 112 26 godkänna
523 1317 172 22 statsutskottets
710 1317 149 22 förstnämnda
874 1316 142 22 betänkande.

259 1379 136 22 Beträffande
417 1380 68 21 denna
500 1381 171 20 statsutskottets
686 1380 130 21 hemställan
830 1380 85 27 yttrade
931 1380 32 25 sig
978 1379 39 22 föl-

187 1407 65 27 jande
268 1409 77 20 talare:

259 1470 90 22 Prosten
387 1470 144 22 Johnsson:
558 1471 43 21 Min
617 1471 99 21 anhållan
732 1477 57 21 vore,
806 1474 30 18 att
853 1471 88 21 Ständet
956 1472 61 25 tager

189 1499 40 20 den
246 1498 99 27 upplästa
360 1498 124 22 skrifvelsen
500 1499 66 21 under
582 1500 135 25 ompröfning
732 1503 78 24 genast
826 1500 50 20 eller
888 1500 128 20 åtminstone

189 1527 46 21 före
259 1528 178 21 sammanträdets
460 1528 48 21 slut.
539 1527 129 28 Uppskjutes
691 1529 90 20 ärendet
803 1528 31 21 till
851 1528 165 27 morgondagen,
