1103 1811
233 142 55 20 1360
438 146 161 18 Presteståndet
611 148 58 16 1882.
694 148 24 16 19
732 148 48 20 maj.

203 215 33 21 för
255 215 189 21 folkskolelärares
459 215 39 21 och
513 216 141 21 -lärarinnors
669 216 7 20 i
692 216 103 21 städerna
809 215 154 27 pensionering.
995 216 38 21 Att

203 244 37 21 det
255 246 24 19 är
295 244 113 27 meningen
424 246 31 19 att
470 246 70 19 staten
556 244 39 22 och
612 245 102 21 städerna
729 244 62 21 skola
800 246 132 24 gemensamt
945 244 88 26 bidraga

203 272 31 21 till
251 273 70 21 denna
336 272 153 28 pensionering,
506 275 44 19 tror
563 273 38 27 jag
616 273 43 27 mig
675 273 73 21 kunna
764 275 78 25 antaga
858 273 33 21 för
900 272 71 27 gifvet,
984 280 48 14 men

203 301 60 21 detta
285 303 24 18 är
325 301 55 21 dock
396 301 23 20 så
435 301 89 27 otydligt
539 302 101 26 uttryckt,
656 304 32 18 att
706 307 48 15 man
770 302 47 20 icke
832 302 43 20 kan
890 307 51 15 vara
957 301 75 21 förvis-

203 329 38 22 sad
265 336 33 14 om
321 329 57 21 hvad
401 329 110 27 meningen
526 330 120 27 egentligen
663 331 30 20 är.
724 330 34 21 Då
774 330 102 27 styrelsen
893 329 139 22 öfverlemnat

203 359 22 20 åt
249 358 120 21 Ständerna
392 360 32 19 att
446 358 121 27 öfverlägga
590 359 81 25 härom,
689 365 62 20 synes
774 359 36 20 det
833 359 43 26 mig
899 359 63 20 också
982 364 50 15 vara

203 386 130 22 Ständernas
356 386 54 27 pligt
432 389 32 19 att
486 387 108 27 verkligen
616 387 87 26 vidtaga
726 387 69 26 någon
818 387 82 27 åtgärd.
930 387 48 21 Men
1001 389 30 18 att

203 415 172 22 statsutskottets
397 415 143 28 föreliggande
563 415 134 22 betänkande
720 416 47 20 icke
788 415 42 21 kan
846 421 61 16 anses
923 422 51 14 vara
989 415 43 21 till-

203 443 167 28 fyllestgörande
393 444 69 21 såsom
483 444 102 26 underlag
602 444 33 21 för
650 445 41 20 den
707 444 81 21 äskade
804 444 227 21 öfverenskommelsen

203 472 39 21 och
263 473 193 26 öfverläggningen,
472 474 24 19 är
511 472 88 21 alldeles
615 472 111 27 påtagligt.
759 473 31 20 På
805 473 67 26 grund
889 472 62 21 deraf
965 472 67 21 måste

200 501 37 26 jag
253 501 32 21 för
301 501 42 20 min
361 501 33 21 del
410 507 49 15 anse
470 501 36 21 det
521 507 50 15 vara
588 501 87 21 alldeles
691 501 132 26 nödvändigt
838 504 32 18 att
883 501 85 21 biträda
978 501 54 21 Bor-

202 529 149 26 gareståndets
367 529 125 27 inbjudning
507 529 5 21 i
530 530 58 21 detta
604 530 105 23 afseende,
726 530 20 20 d.
762 536 18 14 v.
797 536 15 15 s.
829 532 32 19 att
876 530 156 21 återremittera

203 559 89 20 ärendet
307 559 33 20 till
356 559 166 20 statsutskottet.
547 558 81 27 Tyvärr
642 558 49 21 sker
707 559 36 20 det
759 565 88 14 numera
862 559 46 20 med
925 559 59 26 ringa
1000 561 31 18 ut-

203 587 42 25 sigt
267 589 32 19 att
322 587 86 20 komma
431 587 30 20 till
485 587 64 26 något
572 587 96 21 resultat.
700 586 50 22 Men
774 589 31 18 ett
827 586 72 21 försök
921 593 62 14 anser
997 587 36 26 jag

203 615 55 21 dock
277 615 53 21 böra
345 617 62 25 göras
424 616 68 20 såsom
508 622 25 14 en
550 615 70 21 direkt
635 615 131 27 uppmaning
782 617 32 19 att
829 618 50 23 taga
893 615 65 21 saken
973 615 6 21 i
996 615 35 21 be-

203 644 114 21 traktande
341 644 39 21 och
404 644 71 21 derom
498 643 126 27 öfverlägga,
639 644 27 26 pä
682 644 36 20 det
734 650 50 14 man
800 643 87 21 sålunda
903 644 46 20 icke
965 643 66 21 måtte

203 672 96 22 förklara
315 673 36 20 det
366 678 51 15 vara
433 679 40 19 nog
488 672 72 26 gjordt
575 672 32 21 till
624 672 71 27 saken,
710 674 32 19 att
758 672 76 21 endast
849 672 73 27 förnya
936 678 25 14 en
977 672 54 27 peti-

203 701 52 27 tion,
271 707 45 15 som
333 702 65 20 redan
413 701 85 27 gjordes
514 701 33 21 vid
563 701 53 21 sista
632 701 108 26 landtdag.

273 758 83 21 Doktor
398 758 168 21 Nordström:
598 758 62 20 Efter
675 758 40 20 den
727 758 114 26 utredning
851 757 106 27 professor
968 757 63 22 Cleve

203 786 82 27 afgifvit
307 787 38 20 har
365 787 38 25 jag
425 786 48 26 föga
496 788 31 19 att
550 786 95 27 tillägga,
662 793 47 14 men
727 786 38 27 jag
780 786 69 21 skulle
865 786 53 21 dock
933 792 50 14 anse
999 788 32 19 att

203 817 70 19 staten
297 821 72 15 ensam
393 815 38 20 bör
446 815 63 26 åtaga
524 815 31 26 sig
571 815 176 26 pensioneringen
764 814 24 21 af
802 815 174 20 folkskolelärare
991 815 39 20 och

202 843 132 21 -lärarinnor
349 843 7 21 i
371 843 101 21 städerna
488 843 38 21 och
542 845 32 19 att
590 850 26 14 en
632 843 55 21 skild
701 843 164 26 pensionskassa
876 843 33 20 för
919 843 112 21 aflönande

203 871 24 21 af
249 872 70 21 denna
341 872 99 26 personal
460 871 39 21 bör
514 872 149 27 grundläggas.
694 872 46 20 Den
756 871 170 27 pensionskassa,
942 877 45 16 som
1003 877 28 15 nu

203 901 104 20 existerar
328 901 34 20 för
381 900 111 21 aflönande
508 900 22 20 af
543 900 304 27 folkskolelärarepersonalen
863 901 27 25 på
906 900 71 20 landet
993 900 38 20 har

203 929 135 26 uppkommit
360 935 76 20 genom
460 928 106 22 enskildas
590 928 39 22 och
646 931 81 19 statens
742 928 82 26 bidrag.
855 928 41 21 Det
911 930 24 19 är
950 928 81 21 kanske

203 958 138 26 nödvändigt,
357 960 32 18 att
413 964 25 14 en
460 957 88 21 alldeles
572 958 55 20 skild
643 957 63 21 kassa
722 957 142 27 grundlägges
881 956 32 22 för
928 956 102 28 ifrågava-

203 986 66 21 rande
286 986 70 25 behof,
372 986 39 20 och
425 986 37 26 jag
477 986 72 27 tycker
565 988 33 19 att
614 986 36 20 det
664 986 47 20 icke
727 992 50 14 vore
794 986 32 20 för
842 986 83 26 mycket
937 987 31 19 att
977 985 54 27 yrka

203 1014 27 26 på
253 1016 32 20 ett
307 1014 64 27 årligt
394 1014 73 27 anslag
492 1014 22 21 af
528 1014 125 22 statsmedel
668 1014 124 27 förslagsvis
809 1015 90 24 160,000
916 1014 66 26 mark,
999 1014 32 20 till

203 1044 48 20 dess
273 1043 77 21 kassan
370 1044 82 20 kunnat
467 1044 62 20 vinna
545 1043 39 21 den
602 1044 79 26 styrka,
697 1045 33 19 att
745 1043 41 21 den
802 1042 70 22 kunde
887 1049 39 20 ega
941 1042 90 22 bestånd

203 1071 32 21 för
251 1072 121 21 framtiden.
402 1071 139 27 Naturligtvis
557 1072 51 21 böra
625 1072 68 21 lärare
709 1071 39 22 och
765 1072 118 20 lärarinnor
893 1071 138 21 kontribuera

202 1106 77 20 genom
294 1101 54 26 årlig
364 1100 131 27 inbetalning
510 1100 32 21 för
558 1100 88 22 kassans
661 1100 118 21 underhåll.
812 1100 110 21 Huruvida
943 1100 36 21 det
992 1100 39 20 här

203 1128 121 28 föreslagna
346 1128 100 28 beloppet
470 1129 22 21 af
514 1129 25 21 de
562 1128 109 22 blifvande
693 1129 148 26 pensionerna,
856 1128 120 22 sexhundra
991 1128 40 21 och

203 1157 132 27 fyrahundra
351 1158 68 24 mark,
434 1158 41 20 kan
492 1164 61 14 anses
568 1158 115 25 tillräcklig
698 1158 33 20 för
746 1157 74 21 trettio
836 1158 35 20 års
887 1157 144 21 välvitsordad

202 1186 142 26 tjenstgöring
367 1186 41 21 kan
432 1186 66 21 blifva
518 1186 87 21 föremål
629 1186 32 21 för
681 1186 99 21 framtida
796 1186 163 26 öfverläggning.
990 1186 41 25 Jag

202 1214 69 21 skulle
295 1215 70 20 derför
387 1215 53 26 yrka
462 1215 33 26 på,
511 1216 31 19 att
566 1215 35 20 det
624 1215 129 26 högvördiga
769 1214 90 21 Ståndet
874 1214 69 21 skulle
957 1213 74 21 bifalla

202 1243 193 26 Borgareståndets
418 1243 124 26 inbjudning
559 1243 24 21 så
606 1243 32 21 till
657 1243 55 25 vida,
729 1245 32 19 att
781 1243 91 21 Ståndet
886 1243 95 20 anhåller
997 1248 34 15 om

202 1273 32 19 ett
249 1272 64 27 årligt
329 1272 76 26 bidrag
420 1272 5 20 i
442 1271 39 22 och
496 1272 32 20 för
543 1271 173 28 grundläggande
732 1271 22 22 af
766 1278 26 14 en
804 1271 63 21 kassa
878 1271 33 21 för
920 1270 111 22 aflönande

202 1300 23 21 af
245 1300 196 27 lärarepersonalen
464 1301 35 20 vid
522 1300 110 21 städernas
648 1300 57 21 såväl
722 1300 66 27 högre
804 1306 44 15 som
864 1300 58 25 lägre
937 1299 94 21 folksko-

202 1328 38 21 lor.
273 1329 63 22 Såväl
352 1329 6 21 i
374 1329 100 21 städerna
486 1335 48 14 som
551 1329 27 26 på
593 1329 79 25 landet,
688 1329 68 20 finnes
773 1329 37 20 det
824 1329 122 25 visserligen
961 1328 70 21 lärare

202 1357 6 20 i
224 1357 52 21 flere
291 1358 81 21 sådana
388 1357 148 22 läroanstalter
552 1364 45 15 som
613 1357 135 27 uppkommit
758 1363 77 20 genom
846 1357 100 26 frivilliga
956 1356 75 26 bidrag

202 1385 41 22 och
267 1386 94 21 enskildt
384 1386 98 24 initiativ,
498 1385 107 22 äfvensom
630 1392 24 15 en
678 1386 77 26 mängd
772 1385 167 21 ambulatoriska
955 1385 76 21 barna-

202 1414 77 27 lärare,
296 1415 71 20 hvilka
383 1414 64 21 också
462 1414 66 21 sakna
544 1415 94 26 pension,
655 1421 47 14 men
719 1415 62 20 dessa
796 1414 53 21 höra
864 1414 47 21 icke
926 1413 38 26 hit,
980 1415 51 19 enär

202 1443 26 20 de
244 1443 53 21 böra
314 1443 24 21 af
352 1443 39 22 den
408 1443 96 27 kyrkliga
519 1443 127 21 kommunen
663 1443 106 21 bekostas.

272 1500 144 26 Domprosten
432 1500 144 21 Renvall:
597 1500 49 20 Med
662 1500 115 26 anledning
792 1499 24 21 af
830 1499 40 21 den
885 1498 146 27 anmärkning,

202 1535 45 14 som
271 1529 108 26 professor
402 1528 108 22 Koskinen
533 1528 27 27 på
583 1528 146 27 förmiddagen
753 1528 73 27 gjorde
847 1529 56 20 emot
918 1527 111 27 yrkandet,
