<?xml version="1.0" encoding="UTF-8"?>
<alto xmlns="http://www.loc.gov/standards/alto/ns-v3#" xmlns:xlink="http://www.w3.org/1999/xlink" xmlns:xsi="http://www.w3.org/2001/XMLSchema-instance" xsi:schemaLocation="http://www.loc.gov/standards/alto/ns-v3# http://www.loc.gov/alto/v3/alto-3-0.xsd">
	<Description>
		<MeasurementUnit>pixel</MeasurementUnit>
		<sourceImageInformation>
			<fileName>/tmp/tess_osov7p_l_input.PNG</fileName>
		</sourceImageInformation>
		<OCRProcessing ID="OCR_0">
			<ocrProcessingStep>
				<processingSoftware>
					<softwareName>tesseract 5.3.4</softwareName>
				</processingSoftware>
			</ocrProcessingStep>
		</OCRProcessing>
	</Description>
	<Layout>
		<Page WIDTH="1103" HEIGHT="1811" PHYSICAL_IMG_NR="0" ID="page_0">
			<PrintSpace HPOS="0" VPOS="0" WIDTH="1103" HEIGHT="1811">
				<ComposedBlock ID="cblock_0" HPOS="313" VPOS="138" WIDTH="568" HEIGHT="28">
					<TextBlock ID="block_0" HPOS="313" VPOS="138" WIDTH="568" HEIGHT="28">
						<TextLine ID="line_0" HPOS="313" VPOS="138" WIDTH="568" HEIGHT="28">
							<String ID="string_0" HPOS="313" VPOS="145" WIDTH="161" HEIGHT="18" WC="0.91" CONTENT="Presteståndet"/><SP WIDTH="13" VPOS="145" HPOS="474"/>
							<String ID="string_1" HPOS="487" VPOS="146" WIDTH="59" HEIGHT="16" WC="0.96" CONTENT="1882."/><SP WIDTH="24" VPOS="146" HPOS="546"/>
							<String ID="string_2" HPOS="570" VPOS="144" WIDTH="26" HEIGHT="18" WC="0.96" CONTENT="27"/><SP WIDTH="12" VPOS="144" HPOS="596"/>
							<String ID="string_3" HPOS="608" VPOS="144" WIDTH="47" HEIGHT="22" WC="0.96" CONTENT="maj."/><SP WIDTH="173" VPOS="144" HPOS="655"/>
							<String ID="string_4" HPOS="828" VPOS="138" WIDTH="53" HEIGHT="21" WC="0.95" CONTENT="1589"/>
						</TextLine>
					</TextBlock>
				</ComposedBlock>
				<GraphicalElement ID="cblock_1" HPOS="95" VPOS="173" WIDTH="770" HEIGHT="4"></GraphicalElement >
				<ComposedBlock ID="cblock_2" HPOS="91" VPOS="280" WIDTH="807" HEIGHT="36">
					<TextBlock ID="block_1" HPOS="91" VPOS="280" WIDTH="807" HEIGHT="36">
						<TextLine ID="line_1" HPOS="91" VPOS="280" WIDTH="807" HEIGHT="36">
							<String ID="string_5" HPOS="91" VPOS="282" WIDTH="150" HEIGHT="34" WC="0.96" CONTENT="Lördagen"/><SP WIDTH="20" VPOS="282" HPOS="241"/>
							<String ID="string_6" HPOS="261" VPOS="282" WIDTH="56" HEIGHT="27" WC="0.96" CONTENT="den"/><SP WIDTH="19" VPOS="282" HPOS="317"/>
							<String ID="string_7" HPOS="336" VPOS="281" WIDTH="35" HEIGHT="26" WC="0.96" CONTENT="27"/><SP WIDTH="19" VPOS="281" HPOS="371"/>
							<String ID="string_8" HPOS="390" VPOS="281" WIDTH="57" HEIGHT="34" WC="0.96" CONTENT="maj"/><SP WIDTH="22" VPOS="281" HPOS="447"/>
							<String ID="string_9" HPOS="469" VPOS="281" WIDTH="124" HEIGHT="27" WC="0.96" CONTENT="klockan"/><SP WIDTH="19" VPOS="281" HPOS="593"/>
							<String ID="string_10" HPOS="612" VPOS="281" WIDTH="26" HEIGHT="26" WC="0.96" CONTENT="11"/><SP WIDTH="19" VPOS="281" HPOS="638"/>
							<String ID="string_11" HPOS="657" VPOS="281" WIDTH="60" HEIGHT="26" WC="0.96" CONTENT="före"/><SP WIDTH="18" VPOS="281" HPOS="717"/>
							<String ID="string_12" HPOS="735" VPOS="280" WIDTH="163" HEIGHT="34" WC="0.96" CONTENT="middagen."/>
						</TextLine>
					</TextBlock>
				</ComposedBlock>
				<ComposedBlock ID="cblock_3" HPOS="79" VPOS="366" WIDTH="831" HEIGHT="57">
					<TextBlock ID="block_2" HPOS="79" VPOS="366" WIDTH="831" HEIGHT="57">
						<TextLine ID="line_2" HPOS="149" VPOS="366" WIDTH="761" HEIGHT="27">
							<String ID="string_13" HPOS="149" VPOS="367" WIDTH="172" HEIGHT="22" WC="0.94" CONTENT="Sammanträdet"/><SP WIDTH="11" VPOS="367" HPOS="321"/>
							<String ID="string_14" HPOS="332" VPOS="367" WIDTH="108" HEIGHT="26" WC="0.96" CONTENT="öppnades"/><SP WIDTH="10" VPOS="367" HPOS="440"/>
							<String ID="string_15" HPOS="450" VPOS="367" WIDTH="50" HEIGHT="20" WC="0.96" CONTENT="med"/><SP WIDTH="11" VPOS="367" HPOS="500"/>
							<String ID="string_16" HPOS="511" VPOS="366" WIDTH="24" HEIGHT="21" WC="0.96" CONTENT="af"/><SP WIDTH="9" VPOS="366" HPOS="535"/>
							<String ID="string_17" HPOS="544" VPOS="366" WIDTH="202" HEIGHT="27" WC="0.96" CONTENT="kontraktsprosten"/><SP WIDTH="40" VPOS="366" HPOS="746"/>
							<String ID="string_18" HPOS="786" VPOS="366" WIDTH="124" HEIGHT="27" WC="0.95" CONTENT="Dahlberg"/>
						</TextLine>
						<TextLine ID="line_3" HPOS="79" VPOS="395" WIDTH="365" HEIGHT="28">
							<String ID="string_19" HPOS="79" VPOS="397" WIDTH="29" HEIGHT="26" WC="0.95" CONTENT="på"/><SP WIDTH="15" VPOS="397" HPOS="108"/>
							<String ID="string_20" HPOS="123" VPOS="396" WIDTH="68" HEIGHT="21" WC="0.96" CONTENT="finska"/><SP WIDTH="16" VPOS="396" HPOS="191"/>
							<String ID="string_21" HPOS="207" VPOS="396" WIDTH="87" HEIGHT="27" WC="0.96" CONTENT="språket"/><SP WIDTH="16" VPOS="396" HPOS="294"/>
							<String ID="string_22" HPOS="310" VPOS="395" WIDTH="71" HEIGHT="22" WC="0.96" CONTENT="hållen"/><SP WIDTH="16" VPOS="395" HPOS="381"/>
							<String ID="string_23" HPOS="397" VPOS="396" WIDTH="47" HEIGHT="20" WC="0.96" CONTENT="bön."/>
						</TextLine>
					</TextBlock>
				</ComposedBlock>
				<ComposedBlock ID="cblock_4" HPOS="79" VPOS="549" WIDTH="831" HEIGHT="199">
					<TextBlock ID="block_3" HPOS="79" VPOS="549" WIDTH="831" HEIGHT="199">
						<TextLine ID="line_4" HPOS="149" VPOS="549" WIDTH="760" HEIGHT="28">
							<String ID="string_24" HPOS="149" VPOS="550" WIDTH="40" HEIGHT="21" WC="0.93" CONTENT="Vid"/><SP WIDTH="23" VPOS="550" HPOS="189"/>
							<String ID="string_25" HPOS="212" VPOS="550" WIDTH="51" HEIGHT="21" WC="0.90" CONTENT="derå"/><SP WIDTH="23" VPOS="550" HPOS="263"/>
							<String ID="string_26" HPOS="286" VPOS="549" WIDTH="126" HEIGHT="22" WC="0.91" CONTENT="verkställdt"/><SP WIDTH="23" VPOS="549" HPOS="412"/>
							<String ID="string_27" HPOS="435" VPOS="555" WIDTH="85" HEIGHT="21" WC="0.93" CONTENT="upprop"/><SP WIDTH="17" VPOS="555" HPOS="520"/>
							<String ID="string_28" HPOS="537" VPOS="549" WIDTH="105" HEIGHT="22" WC="0.92" CONTENT="befunnos"/><SP WIDTH="16" VPOS="549" HPOS="642"/>
							<String ID="string_29" HPOS="658" VPOS="549" WIDTH="98" HEIGHT="26" WC="0.93" CONTENT="samtliga"/><SP WIDTH="16" VPOS="549" HPOS="756"/>
							<String ID="string_30" HPOS="772" VPOS="549" WIDTH="137" HEIGHT="28" WC="0.91" CONTENT="Ståndsmed-"/>
						</TextLine>
						<TextLine ID="line_5" HPOS="80" VPOS="577" WIDTH="830" HEIGHT="28">
							<String ID="string_31" HPOS="80" VPOS="579" WIDTH="88" HEIGHT="22" WC="0.96" CONTENT="lemmar"/><SP WIDTH="24" VPOS="579" HPOS="168"/>
							<String ID="string_32" HPOS="192" VPOS="579" WIDTH="131" HEIGHT="21" WC="0.95" CONTENT="närvarande"/><SP WIDTH="24" VPOS="579" HPOS="323"/>
							<String ID="string_33" HPOS="347" VPOS="579" WIDTH="48" HEIGHT="20" WC="0.96" CONTENT="med"/><SP WIDTH="22" VPOS="579" HPOS="395"/>
							<String ID="string_34" HPOS="417" VPOS="579" WIDTH="111" HEIGHT="26" WC="0.96" CONTENT="undantag"/><SP WIDTH="24" VPOS="579" HPOS="528"/>
							<String ID="string_35" HPOS="552" VPOS="578" WIDTH="23" HEIGHT="21" WC="0.96" CONTENT="af"/><SP WIDTH="21" VPOS="578" HPOS="575"/>
							<String ID="string_36" HPOS="596" VPOS="577" WIDTH="149" HEIGHT="28" WC="0.93" CONTENT="kyrkoherden"/><SP WIDTH="23" VPOS="577" HPOS="745"/>
							<String ID="string_37" HPOS="768" VPOS="578" WIDTH="83" HEIGHT="22" WC="0.91" CONTENT="Öller"/><SP WIDTH="19" VPOS="578" HPOS="851"/>
							<String ID="string_38" HPOS="870" VPOS="579" WIDTH="40" HEIGHT="21" WC="0.96" CONTENT="och"/>
						</TextLine>
						<TextLine ID="line_6" HPOS="79" VPOS="606" WIDTH="830" HEIGHT="28">
							<String ID="string_39" HPOS="79" VPOS="607" WIDTH="110" HEIGHT="27" WC="0.96" CONTENT="professor"/><SP WIDTH="47" VPOS="607" HPOS="189"/>
							<String ID="string_40" HPOS="236" VPOS="613" WIDTH="126" HEIGHT="21" WC="0.95" CONTENT="Forsman,"/><SP WIDTH="22" VPOS="613" HPOS="362"/>
							<String ID="string_41" HPOS="384" VPOS="606" WIDTH="25" HEIGHT="22" WC="0.93" CONTENT="G."/><SP WIDTH="22" VPOS="606" HPOS="409"/>
							<String ID="string_42" HPOS="431" VPOS="606" WIDTH="28" HEIGHT="27" WC="0.88" CONTENT="Z.,"/><SP WIDTH="16" VPOS="606" HPOS="459"/>
							<String ID="string_43" HPOS="475" VPOS="606" WIDTH="73" HEIGHT="21" WC="0.96" CONTENT="hvilka"/><SP WIDTH="16" VPOS="606" HPOS="548"/>
							<String ID="string_44" HPOS="564" VPOS="606" WIDTH="48" HEIGHT="22" WC="0.93" CONTENT="med"/><SP WIDTH="16" VPOS="606" HPOS="612"/>
							<String ID="string_45" HPOS="628" VPOS="606" WIDTH="101" HEIGHT="22" WC="0.92" CONTENT="Ständets"/><SP WIDTH="16" VPOS="606" HPOS="729"/>
							<String ID="string_46" HPOS="745" VPOS="606" WIDTH="96" HEIGHT="22" WC="0.95" CONTENT="tillstånd"/><SP WIDTH="16" VPOS="606" HPOS="841"/>
							<String ID="string_47" HPOS="857" VPOS="613" WIDTH="52" HEIGHT="15" WC="0.96" CONTENT="voro"/>
						</TextLine>
						<TextLine ID="line_7" HPOS="79" VPOS="635" WIDTH="831" HEIGHT="27">
							<String ID="string_48" HPOS="79" VPOS="636" WIDTH="149" HEIGHT="26" WC="0.93" CONTENT="frånvarande,"/><SP WIDTH="25" VPOS="636" HPOS="228"/>
							<String ID="string_49" HPOS="253" VPOS="636" WIDTH="132" HEIGHT="26" WC="0.91" CONTENT="vicepastorn"/><SP WIDTH="22" VPOS="636" HPOS="385"/>
							<String ID="string_50" HPOS="407" VPOS="635" WIDTH="208" HEIGHT="26" WC="0.95" CONTENT="Westerlund,"/><SP WIDTH="17" VPOS="635" HPOS="615"/>
							<String ID="string_51" HPOS="632" VPOS="635" WIDTH="85" HEIGHT="21" WC="0.96" CONTENT="hvilken"/><SP WIDTH="16" VPOS="635" HPOS="717"/>
							<String ID="string_52" HPOS="733" VPOS="636" WIDTH="111" HEIGHT="21" WC="0.96" CONTENT="anmäldes"/><SP WIDTH="15" VPOS="636" HPOS="844"/>
							<String ID="string_53" HPOS="859" VPOS="642" WIDTH="51" HEIGHT="14" WC="0.96" CONTENT="vara"/>
						</TextLine>
						<TextLine ID="line_8" HPOS="80" VPOS="663" WIDTH="829" HEIGHT="29">
							<String ID="string_54" HPOS="80" VPOS="665" WIDTH="24" HEIGHT="21" WC="0.96" CONTENT="af"/><SP WIDTH="21" VPOS="665" HPOS="104"/>
							<String ID="string_55" HPOS="125" VPOS="665" WIDTH="98" HEIGHT="27" WC="0.96" CONTENT="sjukdom"/><SP WIDTH="24" VPOS="665" HPOS="223"/>
							<String ID="string_56" HPOS="247" VPOS="664" WIDTH="122" HEIGHT="22" WC="0.95" CONTENT="förhindrad"/><SP WIDTH="22" VPOS="664" HPOS="369"/>
							<String ID="string_57" HPOS="391" VPOS="666" WIDTH="32" HEIGHT="19" WC="0.96" CONTENT="att"/><SP WIDTH="21" VPOS="666" HPOS="423"/>
							<String ID="string_58" HPOS="444" VPOS="663" WIDTH="82" HEIGHT="22" WC="0.96" CONTENT="infinna"/><SP WIDTH="15" VPOS="663" HPOS="526"/>
							<String ID="string_59" HPOS="541" VPOS="664" WIDTH="38" HEIGHT="26" WC="0.96" CONTENT="sig,"/><SP WIDTH="17" VPOS="664" HPOS="579"/>
							<String ID="string_60" HPOS="596" VPOS="664" WIDTH="108" HEIGHT="21" WC="0.96" CONTENT="äfvensom"/><SP WIDTH="18" VPOS="664" HPOS="704"/>
							<String ID="string_61" HPOS="722" VPOS="664" WIDTH="77" HEIGHT="21" WC="0.93" CONTENT="doktor"/><SP WIDTH="15" VPOS="664" HPOS="799"/>
							<String ID="string_62" HPOS="814" VPOS="664" WIDTH="95" HEIGHT="21" WC="0.89" CONTENT="Nord-"/>
						</TextLine>
						<TextLine ID="line_9" HPOS="80" VPOS="692" WIDTH="829" HEIGHT="28">
							<String ID="string_63" HPOS="80" VPOS="695" WIDTH="102" HEIGHT="24" WC="0.95" CONTENT="ström,"/><SP WIDTH="23" VPOS="695" HPOS="182"/>
							<String ID="string_64" HPOS="205" VPOS="692" WIDTH="107" HEIGHT="28" WC="0.91" CONTENT="professor"/><SP WIDTH="22" VPOS="692" HPOS="312"/>
							<String ID="string_65" HPOS="334" VPOS="692" WIDTH="172" HEIGHT="22" WC="0.90" CONTENT="Estlander"/><SP WIDTH="23" VPOS="692" HPOS="506"/>
							<String ID="string_66" HPOS="529" VPOS="693" WIDTH="39" HEIGHT="21" WC="0.96" CONTENT="och"/><SP WIDTH="24" VPOS="693" HPOS="568"/>
							<String ID="string_67" HPOS="592" VPOS="692" WIDTH="77" HEIGHT="22" WC="0.93" CONTENT="doktor"/><SP WIDTH="22" VPOS="692" HPOS="669"/>
							<String ID="string_68" HPOS="691" VPOS="692" WIDTH="123" HEIGHT="22" WC="0.91" CONTENT="Geitlin"/><SP WIDTH="23" VPOS="692" HPOS="814"/>
							<String ID="string_69" HPOS="837" VPOS="692" WIDTH="72" HEIGHT="22" WC="0.95" CONTENT="hvilka"/>
						</TextLine>
						<TextLine ID="line_10" HPOS="81" VPOS="721" WIDTH="543" HEIGHT="27">
							<String ID="string_70" HPOS="81" VPOS="724" WIDTH="51" HEIGHT="19" WC="0.93" CONTENT="utan"/><SP WIDTH="17" VPOS="724" HPOS="132"/>
							<String ID="string_71" HPOS="149" VPOS="722" WIDTH="95" HEIGHT="21" WC="0.92" CONTENT="anmäldt"/><SP WIDTH="16" VPOS="722" HPOS="244"/>
							<String ID="string_72" HPOS="260" VPOS="722" WIDTH="46" HEIGHT="26" WC="0.96" CONTENT="laga"/><SP WIDTH="16" VPOS="722" HPOS="306"/>
							<String ID="string_73" HPOS="322" VPOS="721" WIDTH="69" HEIGHT="21" WC="0.96" CONTENT="förfall"/><SP WIDTH="16" VPOS="721" HPOS="391"/>
							<String ID="string_74" HPOS="407" VPOS="727" WIDTH="51" HEIGHT="15" WC="0.92" CONTENT="voro"/><SP WIDTH="17" VPOS="727" HPOS="458"/>
							<String ID="string_75" HPOS="475" VPOS="721" WIDTH="149" HEIGHT="21" WC="0.93" CONTENT="frånvarande."/>
						</TextLine>
					</TextBlock>
				</ComposedBlock>
				<ComposedBlock ID="cblock_5" HPOS="80" VPOS="870" WIDTH="829" HEIGHT="56">
					<TextBlock ID="block_4" HPOS="80" VPOS="870" WIDTH="829" HEIGHT="56">
						<TextLine ID="line_11" HPOS="150" VPOS="870" WIDTH="759" HEIGHT="27">
							<String ID="string_76" HPOS="150" VPOS="871" WIDTH="116" HEIGHT="26" WC="0.91" CONTENT="Upplästes"/><SP WIDTH="23" VPOS="871" HPOS="266"/>
							<String ID="string_77" HPOS="289" VPOS="870" WIDTH="32" HEIGHT="21" WC="0.96" CONTENT="till"/><SP WIDTH="21" VPOS="870" HPOS="321"/>
							<String ID="string_78" HPOS="342" VPOS="871" WIDTH="104" HEIGHT="26" WC="0.96" CONTENT="justering"/><SP WIDTH="26" VPOS="871" HPOS="446"/>
							<String ID="string_79" HPOS="472" VPOS="870" WIDTH="40" HEIGHT="21" WC="0.94" CONTENT="och"/><SP WIDTH="26" VPOS="870" HPOS="512"/>
							<String ID="string_80" HPOS="538" VPOS="871" WIDTH="124" HEIGHT="26" WC="0.94" CONTENT="godkändes"/><SP WIDTH="23" VPOS="871" HPOS="662"/>
							<String ID="string_81" HPOS="685" VPOS="872" WIDTH="77" HEIGHT="19" WC="0.96" CONTENT="tvenne"/><SP WIDTH="23" VPOS="872" HPOS="762"/>
							<String ID="string_82" HPOS="785" VPOS="870" WIDTH="76" HEIGHT="26" WC="0.94" CONTENT="utdrag"/><SP WIDTH="23" VPOS="870" HPOS="861"/>
							<String ID="string_83" HPOS="884" VPOS="876" WIDTH="25" HEIGHT="15" WC="0.94" CONTENT="ur"/>
						</TextLine>
						<TextLine ID="line_12" HPOS="80" VPOS="899" WIDTH="508" HEIGHT="27">
							<String ID="string_84" HPOS="80" VPOS="899" WIDTH="174" HEIGHT="21" WC="0.91" CONTENT="Presteståndets"/><SP WIDTH="15" VPOS="899" HPOS="254"/>
							<String ID="string_85" HPOS="269" VPOS="899" WIDTH="107" HEIGHT="27" WC="0.96" CONTENT="protokoll"/><SP WIDTH="16" VPOS="899" HPOS="376"/>
							<String ID="string_86" HPOS="392" VPOS="899" WIDTH="31" HEIGHT="21" WC="0.96" CONTENT="för"/><SP WIDTH="17" VPOS="899" HPOS="423"/>
							<String ID="string_87" HPOS="440" VPOS="899" WIDTH="40" HEIGHT="21" WC="0.96" CONTENT="den"/><SP WIDTH="17" VPOS="899" HPOS="480"/>
							<String ID="string_88" HPOS="497" VPOS="899" WIDTH="27" HEIGHT="21" WC="0.95" CONTENT="26"/><SP WIDTH="16" VPOS="899" HPOS="524"/>
							<String ID="string_89" HPOS="540" VPOS="899" WIDTH="48" HEIGHT="26" WC="0.96" CONTENT="maj."/>
						</TextLine>
					</TextBlock>
				</ComposedBlock>
				<ComposedBlock ID="cblock_6" HPOS="79" VPOS="1053" WIDTH="830" HEIGHT="85">
					<TextBlock ID="block_5" HPOS="79" VPOS="1053" WIDTH="830" HEIGHT="85">
						<TextLine ID="line_13" HPOS="149" VPOS="1053" WIDTH="760" HEIGHT="31">
							<String ID="string_90" HPOS="149" VPOS="1053" WIDTH="56" HEIGHT="21" WC="0.96" CONTENT="Herr"/><SP WIDTH="15" VPOS="1053" HPOS="205"/>
							<String ID="string_91" HPOS="220" VPOS="1053" WIDTH="177" HEIGHT="21" WC="0.93" CONTENT="Talmannen"/><SP WIDTH="16" VPOS="1053" HPOS="397"/>
							<String ID="string_92" HPOS="413" VPOS="1054" WIDTH="128" HEIGHT="21" WC="0.96" CONTENT="meddelade"/><SP WIDTH="16" VPOS="1054" HPOS="541"/>
							<String ID="string_93" HPOS="557" VPOS="1056" WIDTH="33" HEIGHT="18" WC="0.93" CONTENT="att"/><SP WIDTH="16" VPOS="1056" HPOS="590"/>
							<String ID="string_94" HPOS="606" VPOS="1053" WIDTH="89" HEIGHT="22" WC="0.92" CONTENT="Ståndet"/><SP WIDTH="13" VPOS="1053" HPOS="695"/>
							<String ID="string_95" HPOS="708" VPOS="1054" WIDTH="6" HEIGHT="20" WC="0.96" CONTENT="i"/><SP WIDTH="17" VPOS="1054" HPOS="714"/>
							<String ID="string_96" HPOS="731" VPOS="1053" WIDTH="40" HEIGHT="26" WC="0.96" CONTENT="dag"/><SP WIDTH="11" VPOS="1053" HPOS="771"/>
							<String ID="string_97" HPOS="782" VPOS="1053" WIDTH="84" HEIGHT="31" WC="0.96" CONTENT="komme"/><SP WIDTH="12" VPOS="1053" HPOS="866"/>
							<String ID="string_98" HPOS="878" VPOS="1054" WIDTH="31" HEIGHT="19" WC="0.96" CONTENT="att"/>
						</TextLine>
						<TextLine ID="line_14" HPOS="80" VPOS="1080" WIDTH="829" HEIGHT="29">
							<String ID="string_99" HPOS="80" VPOS="1084" WIDTH="109" HEIGHT="25" WC="0.92" CONTENT="emottaga"/><SP WIDTH="22" VPOS="1084" HPOS="189"/>
							<String ID="string_100" HPOS="211" VPOS="1082" WIDTH="154" HEIGHT="22" WC="0.96" CONTENT="underrättelse"/><SP WIDTH="15" VPOS="1082" HPOS="365"/>
							<String ID="string_101" HPOS="380" VPOS="1082" WIDTH="24" HEIGHT="22" WC="0.95" CONTENT="af"/><SP WIDTH="13" VPOS="1082" HPOS="404"/>
							<String ID="string_102" HPOS="417" VPOS="1082" WIDTH="105" HEIGHT="27" WC="0.96" CONTENT="styrelsen"/><SP WIDTH="16" VPOS="1082" HPOS="522"/>
							<String ID="string_103" HPOS="538" VPOS="1088" WIDTH="35" HEIGHT="16" WC="0.93" CONTENT="om"/><SP WIDTH="16" VPOS="1088" HPOS="573"/>
							<String ID="string_104" HPOS="589" VPOS="1082" WIDTH="141" HEIGHT="27" WC="0.89" CONTENT="landtdagens"/><SP WIDTH="15" VPOS="1082" HPOS="730"/>
							<String ID="string_105" HPOS="745" VPOS="1080" WIDTH="117" HEIGHT="28" WC="0.93" CONTENT="högtidliga"/><SP WIDTH="16" VPOS="1080" HPOS="862"/>
							<String ID="string_106" HPOS="878" VPOS="1080" WIDTH="31" HEIGHT="22" WC="0.92" CONTENT="af-"/>
						</TextLine>
						<TextLine ID="line_15" HPOS="79" VPOS="1110" WIDTH="250" HEIGHT="28">
							<String ID="string_107" HPOS="79" VPOS="1110" WIDTH="100" HEIGHT="22" WC="0.96" CONTENT="slutande"/><SP WIDTH="16" VPOS="1110" HPOS="179"/>
							<String ID="string_108" HPOS="195" VPOS="1110" WIDTH="40" HEIGHT="22" WC="0.96" CONTENT="den"/><SP WIDTH="17" VPOS="1110" HPOS="235"/>
							<String ID="string_109" HPOS="252" VPOS="1112" WIDTH="11" HEIGHT="20" WC="0.96" CONTENT="6"/><SP WIDTH="14" VPOS="1112" HPOS="263"/>
							<String ID="string_110" HPOS="277" VPOS="1111" WIDTH="52" HEIGHT="27" WC="0.95" CONTENT="juni."/>
						</TextLine>
					</TextBlock>
				</ComposedBlock>
				<ComposedBlock ID="cblock_7" HPOS="79" VPOS="1258" WIDTH="830" HEIGHT="227">
					<TextBlock ID="block_6" HPOS="79" VPOS="1258" WIDTH="830" HEIGHT="227">
						<TextLine ID="line_16" HPOS="148" VPOS="1258" WIDTH="761" HEIGHT="27">
							<String ID="string_111" HPOS="148" VPOS="1258" WIDTH="57" HEIGHT="21" WC="0.95" CONTENT="Herr"/><SP WIDTH="23" VPOS="1258" HPOS="205"/>
							<String ID="string_112" HPOS="228" VPOS="1258" WIDTH="181" HEIGHT="21" WC="0.92" CONTENT="Talmännen"/><SP WIDTH="25" VPOS="1258" HPOS="409"/>
							<String ID="string_113" HPOS="434" VPOS="1258" WIDTH="143" HEIGHT="27" WC="0.92" CONTENT="tillkännagaf"/><SP WIDTH="14" VPOS="1258" HPOS="577"/>
							<String ID="string_114" HPOS="591" VPOS="1258" WIDTH="71" HEIGHT="21" WC="0.96" CONTENT="vidare"/><SP WIDTH="17" VPOS="1258" HPOS="662"/>
							<String ID="string_115" HPOS="679" VPOS="1260" WIDTH="32" HEIGHT="19" WC="0.96" CONTENT="att"/><SP WIDTH="16" VPOS="1260" HPOS="711"/>
							<String ID="string_116" HPOS="727" VPOS="1258" WIDTH="65" HEIGHT="26" WC="0.93" CONTENT="enligt"/><SP WIDTH="16" VPOS="1258" HPOS="792"/>
							<String ID="string_117" HPOS="808" VPOS="1258" WIDTH="101" HEIGHT="21" WC="0.92" CONTENT="talmans-"/>
						</TextLine>
						<TextLine ID="line_17" HPOS="79" VPOS="1286" WIDTH="830" HEIGHT="28">
							<String ID="string_118" HPOS="79" VPOS="1286" WIDTH="154" HEIGHT="22" WC="0.92" CONTENT="konferensens"/><SP WIDTH="24" VPOS="1286" HPOS="233"/>
							<String ID="string_119" HPOS="257" VPOS="1287" WIDTH="70" HEIGHT="21" WC="0.96" CONTENT="beslut"/><SP WIDTH="22" VPOS="1287" HPOS="327"/>
							<String ID="string_120" HPOS="349" VPOS="1287" WIDTH="64" HEIGHT="27" WC="0.96" CONTENT="plena"/><SP WIDTH="21" VPOS="1287" HPOS="413"/>
							<String ID="string_121" HPOS="434" VPOS="1287" WIDTH="70" HEIGHT="21" WC="0.96" CONTENT="under"/><SP WIDTH="21" VPOS="1287" HPOS="504"/>
							<String ID="string_122" HPOS="525" VPOS="1289" WIDTH="62" HEIGHT="18" WC="0.93" CONTENT="nästa"/><SP WIDTH="22" VPOS="1289" HPOS="587"/>
							<String ID="string_123" HPOS="609" VPOS="1287" WIDTH="66" HEIGHT="21" WC="0.92" CONTENT="vecka"/><SP WIDTH="19" VPOS="1287" HPOS="675"/>
							<String ID="string_124" HPOS="694" VPOS="1287" WIDTH="84" HEIGHT="21" WC="0.93" CONTENT="komme"/><SP WIDTH="16" VPOS="1287" HPOS="778"/>
							<String ID="string_125" HPOS="794" VPOS="1288" WIDTH="32" HEIGHT="19" WC="0.93" CONTENT="att"/><SP WIDTH="15" VPOS="1288" HPOS="826"/>
							<String ID="string_126" HPOS="841" VPOS="1286" WIDTH="68" HEIGHT="21" WC="0.90" CONTENT="hällas"/>
						</TextLine>
						<TextLine ID="line_18" HPOS="80" VPOS="1315" WIDTH="829" HEIGHT="28">
							<String ID="string_127" HPOS="80" VPOS="1322" WIDTH="34" HEIGHT="15" WC="0.91" CONTENT="om"/><SP WIDTH="23" VPOS="1322" HPOS="114"/>
							<String ID="string_128" HPOS="137" VPOS="1315" WIDTH="96" HEIGHT="27" WC="0.91" CONTENT="tisdagen"/><SP WIDTH="26" VPOS="1315" HPOS="233"/>
							<String ID="string_129" HPOS="259" VPOS="1315" WIDTH="53" HEIGHT="22" WC="0.92" CONTENT="bäde"/><SP WIDTH="22" VPOS="1315" HPOS="312"/>
							<String ID="string_130" HPOS="334" VPOS="1316" WIDTH="27" HEIGHT="27" WC="0.93" CONTENT="pä"/><SP WIDTH="22" VPOS="1316" HPOS="361"/>
							<String ID="string_131" HPOS="383" VPOS="1316" WIDTH="40" HEIGHT="21" WC="0.92" CONTENT="för-"/><SP WIDTH="17" VPOS="1316" HPOS="423"/>
							<String ID="string_132" HPOS="440" VPOS="1315" WIDTH="40" HEIGHT="22" WC="0.93" CONTENT="och"/><SP WIDTH="17" VPOS="1315" HPOS="480"/>
							<String ID="string_133" HPOS="497" VPOS="1315" WIDTH="175" HEIGHT="26" WC="0.91" CONTENT="eftermiddagen,"/><SP WIDTH="17" VPOS="1315" HPOS="672"/>
							<String ID="string_134" HPOS="689" VPOS="1322" WIDTH="34" HEIGHT="15" WC="0.93" CONTENT="om"/><SP WIDTH="17" VPOS="1322" HPOS="723"/>
							<String ID="string_135" HPOS="740" VPOS="1316" WIDTH="113" HEIGHT="25" WC="0.92" CONTENT="torsdagen"/><SP WIDTH="17" VPOS="1316" HPOS="853"/>
							<String ID="string_136" HPOS="870" VPOS="1315" WIDTH="39" HEIGHT="21" WC="0.96" CONTENT="och"/>
						</TextLine>
						<TextLine ID="line_19" HPOS="80" VPOS="1344" WIDTH="827" HEIGHT="27">
							<String ID="string_137" HPOS="80" VPOS="1344" WIDTH="99" HEIGHT="27" WC="0.92" CONTENT="fredagen"/><SP WIDTH="17" VPOS="1344" HPOS="179"/>
							<String ID="string_138" HPOS="196" VPOS="1345" WIDTH="26" HEIGHT="26" WC="0.93" CONTENT="pä"/><SP WIDTH="17" VPOS="1345" HPOS="222"/>
							<String ID="string_139" HPOS="239" VPOS="1344" WIDTH="167" HEIGHT="27" WC="0.92" CONTENT="eftermiddagen"/><SP WIDTH="16" VPOS="1344" HPOS="406"/>
							<String ID="string_140" HPOS="422" VPOS="1344" WIDTH="109" HEIGHT="21" WC="0.92" CONTENT="äfvensom"/><SP WIDTH="16" VPOS="1344" HPOS="531"/>
							<String ID="string_141" HPOS="547" VPOS="1351" WIDTH="34" HEIGHT="14" WC="0.93" CONTENT="om"/><SP WIDTH="17" VPOS="1351" HPOS="581"/>
							<String ID="string_142" HPOS="598" VPOS="1344" WIDTH="101" HEIGHT="27" WC="0.92" CONTENT="lördagen"/><SP WIDTH="13" VPOS="1344" HPOS="699"/>
							<String ID="string_143" HPOS="712" VPOS="1345" WIDTH="28" HEIGHT="25" WC="0.93" CONTENT="pä"/><SP WIDTH="14" VPOS="1345" HPOS="740"/>
							<String ID="string_144" HPOS="754" VPOS="1344" WIDTH="153" HEIGHT="26" WC="0.90" CONTENT="förmiddagen."/>
						</TextLine>
						<TextLine ID="line_20" HPOS="80" VPOS="1373" WIDTH="829" HEIGHT="26">
							<String ID="string_145" HPOS="80" VPOS="1373" WIDTH="40" HEIGHT="20" WC="0.92" CONTENT="Till"/><SP WIDTH="24" VPOS="1373" HPOS="120"/>
							<String ID="string_146" HPOS="144" VPOS="1373" WIDTH="108" HEIGHT="26" WC="0.92" CONTENT="onsdagen"/><SP WIDTH="16" VPOS="1373" HPOS="252"/>
							<String ID="string_147" HPOS="268" VPOS="1373" WIDTH="5" HEIGHT="21" WC="0.96" CONTENT="i"/><SP WIDTH="17" VPOS="1373" HPOS="273"/>
							<String ID="string_148" HPOS="290" VPOS="1375" WIDTH="61" HEIGHT="19" WC="0.92" CONTENT="nästa"/><SP WIDTH="22" VPOS="1375" HPOS="351"/>
							<String ID="string_149" HPOS="373" VPOS="1373" WIDTH="66" HEIGHT="21" WC="0.92" CONTENT="vecka"/><SP WIDTH="19" VPOS="1373" HPOS="439"/>
							<String ID="string_150" HPOS="458" VPOS="1373" WIDTH="56" HEIGHT="21" WC="0.93" CONTENT="hade"/><SP WIDTH="18" VPOS="1373" HPOS="514"/>
							<String ID="string_151" HPOS="532" VPOS="1373" WIDTH="233" HEIGHT="21" WC="0.92" CONTENT="talmanskonferensen"/><SP WIDTH="16" VPOS="1373" HPOS="765"/>
							<String ID="string_152" HPOS="781" VPOS="1373" WIDTH="46" HEIGHT="20" WC="0.92" CONTENT="icke"/><SP WIDTH="15" VPOS="1373" HPOS="827"/>
							<String ID="string_153" HPOS="842" VPOS="1374" WIDTH="67" HEIGHT="19" WC="0.93" CONTENT="utsatt"/>
						</TextLine>
						<TextLine ID="line_21" HPOS="80" VPOS="1401" WIDTH="829" HEIGHT="28">
							<String ID="string_154" HPOS="80" VPOS="1401" WIDTH="65" HEIGHT="27" WC="0.90" CONTENT="nägot"/><SP WIDTH="15" VPOS="1401" HPOS="145"/>
							<String ID="string_155" HPOS="160" VPOS="1401" WIDTH="93" HEIGHT="27" WC="0.92" CONTENT="plenum,"/><SP WIDTH="15" VPOS="1401" HPOS="253"/>
							<String ID="string_156" HPOS="268" VPOS="1408" WIDTH="48" HEIGHT="15" WC="0.93" CONTENT="men"/><SP WIDTH="15" VPOS="1408" HPOS="316"/>
							<String ID="string_157" HPOS="331" VPOS="1408" WIDTH="53" HEIGHT="15" WC="0.93" CONTENT="vore"/><SP WIDTH="14" VPOS="1408" HPOS="384"/>
							<String ID="string_158" HPOS="398" VPOS="1402" WIDTH="54" HEIGHT="21" WC="0.92" CONTENT="dock"/><SP WIDTH="16" VPOS="1402" HPOS="452"/>
							<String ID="string_159" HPOS="468" VPOS="1401" WIDTH="76" HEIGHT="28" WC="0.92" CONTENT="hvarje"/><SP WIDTH="16" VPOS="1401" HPOS="544"/>
							<String ID="string_160" HPOS="560" VPOS="1401" WIDTH="66" HEIGHT="22" WC="0.92" CONTENT="Ständ"/><SP WIDTH="16" VPOS="1401" HPOS="626"/>
							<String ID="string_161" HPOS="642" VPOS="1401" WIDTH="150" HEIGHT="22" WC="0.91" CONTENT="oförhindradt"/><SP WIDTH="12" VPOS="1401" HPOS="792"/>
							<String ID="string_162" HPOS="804" VPOS="1403" WIDTH="39" HEIGHT="24" WC="0.96" CONTENT="att,"/><SP WIDTH="13" VPOS="1403" HPOS="843"/>
							<String ID="string_163" HPOS="856" VPOS="1401" WIDTH="6" HEIGHT="21" WC="0.96" CONTENT="i"/><SP WIDTH="11" VPOS="1401" HPOS="862"/>
							<String ID="string_164" HPOS="873" VPOS="1401" WIDTH="36" HEIGHT="21" WC="0.95" CONTENT="fall"/>
						</TextLine>
						<TextLine ID="line_22" HPOS="80" VPOS="1430" WIDTH="829" HEIGHT="27">
							<String ID="string_165" HPOS="80" VPOS="1430" WIDTH="36" HEIGHT="21" WC="0.96" CONTENT="det"/><SP WIDTH="22" VPOS="1430" HPOS="116"/>
							<String ID="string_166" HPOS="138" VPOS="1431" WIDTH="24" HEIGHT="20" WC="0.96" CONTENT="sä"/><SP WIDTH="16" VPOS="1431" HPOS="162"/>
							<String ID="string_167" HPOS="178" VPOS="1430" WIDTH="34" HEIGHT="21" WC="0.93" CONTENT="för"/><SP WIDTH="12" VPOS="1430" HPOS="212"/>
							<String ID="string_168" HPOS="224" VPOS="1431" WIDTH="52" HEIGHT="26" WC="0.91" CONTENT="godt"/><SP WIDTH="15" VPOS="1431" HPOS="276"/>
							<String ID="string_169" HPOS="291" VPOS="1431" WIDTH="73" HEIGHT="25" WC="0.93" CONTENT="finner,"/><SP WIDTH="16" VPOS="1431" HPOS="364"/>
							<String ID="string_170" HPOS="380" VPOS="1431" WIDTH="161" HEIGHT="20" WC="0.92" CONTENT="sammanträda"/><SP WIDTH="15" VPOS="1431" HPOS="541"/>
							<String ID="string_171" HPOS="556" VPOS="1430" WIDTH="32" HEIGHT="22" WC="0.93" CONTENT="till"/><SP WIDTH="16" VPOS="1430" HPOS="588"/>
							<String ID="string_172" HPOS="604" VPOS="1431" WIDTH="85" HEIGHT="26" WC="0.92" CONTENT="plenum"/><SP WIDTH="13" VPOS="1431" HPOS="689"/>
							<String ID="string_173" HPOS="702" VPOS="1430" WIDTH="60" HEIGHT="21" WC="0.92" CONTENT="äfven"/><SP WIDTH="17" VPOS="1430" HPOS="762"/>
							<String ID="string_174" HPOS="779" VPOS="1437" WIDTH="33" HEIGHT="14" WC="0.92" CONTENT="om"/><SP WIDTH="17" VPOS="1437" HPOS="812"/>
							<String ID="string_175" HPOS="829" VPOS="1430" WIDTH="80" HEIGHT="27" WC="0.92" CONTENT="onsdag"/>
						</TextLine>
						<TextLine ID="line_23" HPOS="80" VPOS="1459" WIDTH="146" HEIGHT="26">
							<String ID="string_176" HPOS="80" VPOS="1459" WIDTH="146" HEIGHT="26" WC="0.91" CONTENT="eftermiddag."/>
						</TextLine>
					</TextBlock>
				</ComposedBlock>
				<GraphicalElement ID="cblock_8" HPOS="1099" VPOS="265" WIDTH="4" HEIGHT="689"></GraphicalElement >
			</PrintSpace>
		</Page>
	</Layout>
</alto>
