1103 1811
172 1166 7 6 .

216 134 55 21 1526
430 139 162 18 Presteståndet
604 140 60 17 1882.
688 141 26 17 25
726 140 48 22 maj.

257 209 12 27 S
287 210 10 19 1
315 208 127 22 Godkändes
458 208 108 22 likaledes.

256 266 136 21 Beträffande
408 267 12 26 &
437 267 11 20 2
464 266 84 27 yttrade
564 266 32 28 sig
610 266 94 27 följande
720 266 76 21 talare:

257 323 91 21 Prosten
367 322 190 22 Fredrikson
573 323 94 21 önskade
682 325 30 19 att
728 325 30 19 ett
773 323 73 28 tillägg
861 324 38 20 här
914 323 69 21 skulle
999 323 20 20 fä

187 351 82 28 inflyta,
291 351 150 22 innehällande
463 353 35 25 att,
514 352 6 20 i
536 351 100 22 händelse
658 352 120 27 ansökning
800 358 35 15 om
856 352 120 21 inrättande
999 351 20 21 af

188 380 100 27 bryggeri
310 380 45 21 utaf
374 380 229 21 kommunalstämman
619 380 70 26 afsläs,
704 380 75 27 frägan
795 380 63 21 ocksä
874 380 68 21 skulle
958 387 62 14 anses

188 415 51 14 vara
254 409 105 21 förfallen.

259 466 89 21 Prosten
379 466 180 27 Rosengren
584 466 66 27 ansäg
675 467 35 20 det
735 467 21 20 af
781 469 85 24 prosten
891 465 128 22 Fredrikson

189 495 94 20 önskade
299 495 95 27 tillägget
409 495 139 26 öfverflödigt,
563 501 48 14 men
628 495 96 21 deremot
736 495 94 20 önskade
844 495 78 20 talaren
934 495 86 27 tillägga

189 530 27 14 en
239 523 136 28 bestämning
396 523 79 27 derom,
496 526 30 18 att
549 523 98 22 bränneri
663 524 18 27 ej
699 523 34 21 må
749 524 6 19 i
772 523 64 27 något
851 523 36 22 fall
903 523 21 21 få
940 523 80 28 byggas

190 554 51 19 nära
257 552 67 27 kyrka
340 552 52 21 eller
407 554 49 19 nära
472 552 109 21 folkskola.

259 608 203 28 Kontraktsprosten
478 608 158 28 Dahlberg
651 608 65 28 ansåg
732 611 85 25 prosten
832 609 135 27 Rosengrens
984 615 36 14 an-

190 637 114 27 märkning
320 637 47 21 icke
382 637 91 27 förtjena
488 637 106 27 afseende,
610 637 89 21 emedan
716 638 82 20 talaren
813 638 74 20 trodde
903 639 35 24 att,
954 636 26 21 då
991 637 30 20 uti

190 666 13 26 $
220 666 26 20 16
263 666 21 20 af
306 666 87 27 stadgan
417 672 34 14 om
475 666 124 27 försäljning
620 666 21 20 af
662 665 144 28 spritdrycker
823 673 35 13 var
874 666 103 27 stadgadt,
992 667 30 19 att

191 694 71 27 någon
278 694 147 21 minuthandel
441 695 18 26 ej
476 694 68 21 skulle
560 694 20 21 få
596 701 39 20 ega
650 701 47 14 rum
714 696 52 19 nära
782 694 72 27 kyrka,
870 694 82 26 kasern,
963 694 59 20 skola

191 729 18 14 0.
225 729 16 14 s.
257 729 25 19 v.,
299 723 228 20 kommunalstämman
551 723 53 21 både
626 723 32 20 till
679 723 52 27 följd
748 723 21 21 af
784 723 70 21 denna
870 723 97 27 paragraf
982 723 38 20 och

191 751 22 21 af
232 757 54 21 egen
309 751 50 21 drift
373 751 47 21 icke
435 751 69 21 skulle
520 751 66 21 tilläta
601 752 120 20 inrättande
737 752 22 20 af
774 752 99 20 bränneri
889 754 50 18 nära
955 752 66 26 kyrka

191 780 52 20 eller
259 780 60 20 skola
334 786 18 14 o.
369 786 15 14 s.
400 786 18 13 v.

261 836 141 27 Domprosten
428 836 140 21 Renvall:
592 837 70 21 Jemte
686 837 36 21 det
744 838 36 26 jag
802 837 83 21 förenar
908 837 43 27 mig
974 837 47 20 med

192 865 197 27 kontraktsprosten
409 865 112 27 Dahlberg,
537 865 36 20 vill
594 866 35 27 jag
645 867 77 20 nämna
738 868 30 19 att
784 865 56 22 detta
856 865 121 27 stadgande,
993 867 30 19 att

192 893 100 21 bränneri
308 893 12 21 &
336 894 72 20 landet
422 894 47 20 icke
485 894 34 20 mä
533 894 88 20 inrättas
637 897 50 18 utan
704 894 241 21 kommunalstämmans
957 893 64 26 bifall,

192 924 23 18 är
238 922 113 20 kanhända
374 922 35 21 det
433 922 109 27 vigtigaste
565 922 73 28 tillägg
654 929 44 14 som
715 923 22 20 af
752 922 102 22 utskottet
869 922 69 21 blifvit
953 922 70 27 gjordt

192 950 32 21 till
246 950 41 21 den
303 950 112 28 kejserliga
430 951 162 27 propositionen.
625 951 159 21 Utskottet
747 946 43 37 har
799 951 80 21 hemtat
894 950 58 22 detta
967 950 56 22 stad-

192 979 76 27 gande,
290 979 70 21 såsom
381 979 36 21 det
432 979 62 21 också
509 980 6 20 i
531 980 32 20 sin
580 980 127 27 motivering
723 980 110 25 erkänner,
848 980 54 20 ifrån
919 980 54 20 1873
990 979 33 21 års

192 1008 131 26 författning,
339 1008 40 20 och
399 1008 36 27 jag
449 1008 33 20 för
497 1008 44 20 min
557 1008 34 21 del
606 1008 125 27 godkänner
746 1008 118 21 detsamma
880 1008 38 21 och
935 1014 62 15 anser
1012 1008 11 26 $

193 1042 50 14 vara
258 1036 49 21 fullt
323 1036 67 28 tydlig
405 1038 50 19 utan
471 1036 65 28 något
551 1037 72 21 vidare
639 1037 77 27 tillägg.

263 1094 89 20 Prosten
374 1094 180 27 Rosengren
576 1094 109 21 anmärkte
701 1096 36 25 att,
754 1095 68 20 ehuru
838 1094 36 21 det
889 1100 36 14 var
941 1094 60 33 sagdt
1016 1094 7 20 i

193 1122 200 28 försäljningslagen
415 1124 29 19 att
465 1123 145 21 minuthandel
631 1122 46 22 icke
694 1123 30 21 får
742 1130 38 20 ega
797 1130 46 14 rum
859 1129 25 15 en
902 1124 56 19 verst
973 1124 51 18 nära

193 1151 74 33 kyrka,
291 1151 35 21 det
349 1151 71 21 derför
441 1151 46 21 icke
511 1158 36 14 var
569 1152 60 27 sagdt
651 1154 29 18 att
701 1135 100 45 bränneri
822 1152 46 20 icke
889 1151 33 43 jär
936 1147 88 33 inrättas

193 1181 52 19 nära
262 1180 72 26 kyrka.

264 1237 110 20 Professor
396 1237 102 21 Cleve:
522 1237 41 21 Det
586 1243 64 20 synes
672 1237 44 27 mig
739 1237 19 27 ej
781 1237 37 20 här
837 1237 101 20 behöfvas
954 1236 69 27 nägon

193 1265 76 27 stadga
284 1272 42 19 om,
341 1265 52 20 hvar
408 1265 96 21 bränneri
522 1265 52 21 skall
592 1273 50 13 vara
657 1265 90 28 beläget,
764 1265 27 21 dä
806 1265 36 21 det
852 1271 27 15 en
889 1265 57 27 gång
955 1264 69 21 finnes

193 1293 105 28 stadgadt,
318 1295 30 19 att
367 1293 98 22 bränneri
480 1294 47 21 icke
543 1294 31 21 fär
589 1295 87 20 inrättas
692 1296 52 19 utan
760 1294 143 21 kommunens
918 1293 35 21 vid
969 1293 55 21 ordi-

194 1322 59 21 narie
276 1323 213 20 kommunalstämma
512 1323 57 26 gifna
592 1323 104 26 tillätelse,
717 1325 22 24 ty
762 1322 27 21 dä
804 1322 89 21 bränvin
909 1323 19 26 ej
945 1321 32 22 fär
993 1324 32 19 ut-

194 1351 118 20 minuteras
333 1351 27 27 pä
375 1357 26 14 en
425 1353 55 19 verst
496 1353 50 19 nära
568 1351 73 27 kyrka,
660 1351 60 21 skola
735 1358 19 14 o.
770 1357 15 14 s.
802 1358 18 13 v.
836 1353 24 18 är
875 1351 35 20 det
925 1350 100 28 likgiltigt

194 1379 53 20 hvar
263 1380 35 20 det
313 1379 73 21 finnes.

265 1436 69 21 Sedan
361 1437 145 20 diskussionen
533 1437 111 21 förklarats
669 1437 100 25 afslutad,
794 1436 67 21 beslöt
886 1436 87 21 Ständet
999 1435 26 28 pä

194 1465 157 27 framställning
367 1465 20 20 af
402 1467 48 19 herr
470 1465 175 21 Talmannen
662 1467 30 19 att
707 1465 113 27 godkänna
836 1465 11 27 $
863 1466 13 19 2
891 1465 134 20 oförändrad.

264 1521 134 22 Beträffande
415 1522 11 27 $
443 1523 12 20 3
470 1522 83 27 yttrade
568 1523 41 27 sig:
