1103 1811
334 150 164 18 Presteståndet
508 152 59 16 1882.
591 152 13 16 2
614 152 54 20 juni.
834 146 55 21 1749

88 220 116 27 styrelsens
219 219 46 21 sida
280 219 69 22 skulle
365 226 49 15 vara
430 220 96 26 outredd,
542 223 51 18 utan
608 220 66 28 derpå
689 222 30 19 att
734 220 106 28 åsigterna
854 220 7 20 i
876 220 42 21 frå-

87 256 41 20 gan
144 248 47 22 icke
206 250 59 19 ännu
279 248 63 21 hafva
357 248 83 27 stadgat
455 248 39 28 sig.
523 248 42 28 Jag
581 248 40 22 kan
637 248 48 22 icke
700 255 51 15 anse
767 250 30 20 ett
808 248 110 22 uttalande

88 277 32 21 till
135 277 105 27 styrelsen
256 283 34 14 om
306 283 148 21 noggrannare
470 277 118 27 beredning
603 284 51 14 vara
668 277 136 28 nödvändigt,
815 276 27 22 då
857 276 62 22 Stän-

88 305 66 22 derna
174 305 48 21 icke
245 305 73 21 kunna
340 305 86 28 afgifva,
444 305 3 20 i
463 305 56 22 hvad
542 305 100 22 afseende
663 305 27 22 de
705 305 67 22 önska
786 311 27 16 en
827 305 91 27 förnyad

87 334 160 27 undersökning
262 333 21 21 af
297 333 80 28 frågan.

157 396 110 21 Professor
282 395 109 22 Donner
405 397 95 27 påminte
516 397 47 21 med
580 397 116 27 anledning
712 397 21 20 af
748 399 84 25 prosten
847 396 72 27 Hjelts

87 425 106 27 yttrande,
215 427 30 19 att
268 425 131 27 regeringen,
422 425 44 21 ifall
491 425 117 22 Ständerna
632 425 84 21 anhålla
739 432 35 14 om
796 427 30 19 att
841 425 77 27 ifråga-

88 453 93 22 varande
203 453 129 28 proposition
355 453 53 22 skall
432 453 21 22 få
476 453 56 28 ligga
552 454 26 27 på
599 454 75 21 bordet
689 454 31 21 till
736 455 60 20 nästa
810 453 108 28 landtdag,

87 483 48 20 icke
150 482 42 21 kan
208 483 48 20 med
273 482 59 21 bästa
348 482 49 28 vilja
413 483 7 20 i
435 482 88 22 verlden
540 483 85 27 vidtaga
640 483 78 27 nödiga
733 483 156 27 förbättringar.

158 545 68 22 Sedan
249 545 148 21 diskussionen
421 545 130 21 beträffande
574 545 57 21 detta
652 545 134 21 betänkande
806 545 113 21 förklarats

88 573 99 27 afslutad,
203 573 110 29 uppstälde
328 574 49 21 herr
391 573 167 22 Talmannen
596 574 93 27 följande
701 574 217 28 omröstningspropo-

87 603 71 21 sition:

163 659 45 21 Vill
230 658 93 22 Ständet
345 660 100 27 förklara
468 661 34 19 att
518 659 92 22 Ständet
624 666 101 20 numera,
740 658 29 22 dä
785 659 133 27 landtdagen

87 688 26 21 så
133 690 65 19 snart
219 688 103 27 afslutas,
337 690 41 19 sett
399 688 34 28 sig
448 688 142 21 urständsatt
604 690 33 19 att
652 695 55 21 egna
722 688 59 21 detta
795 688 80 20 ärende
890 694 29 14 en

89 716 129 28 erforderlig
236 717 145 28 granskning,
396 716 93 28 hvarför
510 716 93 22 Ständet
617 717 92 27 nödgats
724 716 46 21 låta
785 716 83 28 frågan
882 716 38 27 för

88 746 73 20 denna
175 745 59 28 gång
249 745 108 27 förfalla?
373 746 42 21 den
430 746 36 21 det
478 748 46 26 gör,
538 752 80 15 svarar
627 746 41 27 ja;

158 774 81 21 vinner
259 774 42 27 nej,
318 774 99 27 tillägges
437 774 36 21 till
488 774 36 21 det
537 774 129 27 föregående
682 775 33 20 att
729 773 133 28 regeringen,
878 773 39 21 in-

88 809 48 14 nan
158 802 83 28 frågan
263 803 38 20 vid
322 809 27 14 en
371 803 131 21 kommande
525 803 104 27 landtdag
652 802 59 29 ånyo
726 802 124 27 förelägges,
866 801 53 22 ville

89 838 56 21 egna
161 831 130 21 densamma
305 831 98 28 förnyad
415 831 147 28 granskning.

158 893 33 21 Då
210 893 34 21 vid
261 900 33 14 om
311 894 70 20 denna
396 894 129 27 proposition
543 893 106 21 verkstäld
665 893 95 27 votering
775 895 94 19 rösterna
884 895 35 19 ut-

88 922 52 21 föllo
162 922 48 21 med
226 922 27 21 20
268 922 21 27 ja
304 924 57 19 emot
377 923 26 20 12
420 923 41 27 nej,
476 922 54 22 hade
554 922 88 21 Ståndet
663 922 90 20 sålunda
775 921 57 21 velat
855 921 63 21 hafva

89 950 91 22 uttaladt
203 953 29 19 att
255 950 88 22 Ståndet
359 957 94 20 numera,
470 950 27 22 då
511 951 130 27 landtdagen
658 950 22 21 så
695 953 58 19 snart
768 950 88 21 afslutas
871 949 48 22 icke

89 981 40 19 sett
145 979 32 27 sig
193 986 49 14 vara
257 980 7 20 i
280 979 81 21 tillfälle
377 982 30 18 att
423 986 54 21 egna
492 979 162 28 ifrågavarande
670 979 77 27 vigtiga
762 978 78 22 ärende
852 978 67 21 erfor-

89 1007 68 28 derlig
176 1008 137 28 granskning,
328 1008 85 21 hvarför
428 1008 89 21 Ståndet
532 1008 109 28 nödgades
656 1008 42 20 låta
713 1008 73 27 frågan
801 1008 33 20 för
849 1007 70 21 denna

89 1036 56 28 gång
160 1036 89 21 förfalla.

157 1185 101 27 Företogs
284 1186 92 21 härefter
401 1186 31 21 till
458 1186 130 27 behandling
613 1186 147 26 lagutskottets
785 1184 134 22 betänkande

88 1213 40 22 N:o
146 1215 24 20 11
187 1214 7 20 i
210 1214 116 27 anledning
343 1214 22 21 af
385 1217 30 18 ett
436 1215 59 20 inom
517 1213 179 28 Borgareståndet
716 1213 62 22 väckt
793 1213 78 27 förslag
886 1213 33 20 till

88 1243 88 26 petition
192 1249 34 14 om
243 1243 163 26 tryckfrihetens
421 1243 111 21 ordnande
548 1249 76 20 genom
640 1242 77 21 allmän
728 1242 44 27 lag;
784 1241 38 21 och
835 1241 85 27 yttrade

87 1272 32 27 sig
134 1271 48 21 med
199 1271 116 28 anledning
330 1271 21 21 af
367 1271 56 22 detta
439 1271 133 21 betänkande
588 1271 93 27 följande
697 1271 75 21 talare:

157 1330 147 25 Öfverläraren
328 1333 154 22 Kihlman:
506 1333 41 28 Jag
570 1340 62 15 anser
646 1333 35 22 det
697 1340 49 14 vara
762 1333 43 20 min
821 1332 53 27 pligt
888 1334 32 19 att

87 1362 63 21 äfven
166 1363 7 20 i
189 1362 70 21 denna
274 1362 59 28 fråga
349 1363 46 20 icke
411 1362 57 28 dölja
484 1363 55 20 hvad
554 1363 36 26 jag
601 1362 80 21 tänker.
702 1361 92 22 Oaktadt
804 1361 35 27 jag
847 1360 73 27 hyllar

87 1391 27 20 de
137 1391 142 27 grundsatser,
301 1397 45 15 som
362 1391 7 20 i
385 1391 57 21 detta
465 1391 135 21 betänkande
622 1391 69 20 blifvit
711 1390 100 27 uttalade,
826 1389 42 21 kan
882 1389 38 27 jag

88 1419 65 21 likväl
174 1419 47 21 icke
242 1419 51 28 gilla
315 1420 37 21 allt
367 1420 55 21 hvad
439 1420 38 21 här
492 1420 85 21 anförts.
608 1419 60 21 Först
683 1419 39 21 och
738 1419 74 20 främst
826 1418 41 21 kan
882 1418 38 27 jag

87 1448 48 20 icke
155 1448 49 26 gilla
226 1448 36 20 det
277 1448 45 20 skäl
337 1449 34 20 för
386 1448 165 27 tryckfrihetens
567 1448 109 21 ordnande
691 1454 77 21 genom
784 1447 78 21 allmän
877 1446 43 27 lag,

87 1482 46 14 som
157 1476 22 21 af
200 1476 140 28 petitionären
363 1476 123 21 framhålles
508 1476 27 28 på
550 1483 46 21 pag.
612 1477 12 20 2
641 1476 37 21 der
692 1476 140 28 petitionären
848 1476 69 25 säger:

88 1504 51 27 vilja
162 1505 20 21 vi
205 1505 130 20 fortfarande
357 1505 60 21 freda
439 1505 47 20 vårt
508 1505 50 21 land
582 1505 45 20 från
648 1505 84 26 intrång
746 1504 22 21 af
783 1504 61 21 dessa
860 1503 60 20 hem-

88 1532 43 27 liga
147 1533 97 27 sällskap,
267 1533 24 21 så
310 1533 69 22 finnes
403 1533 71 22 dertill
496 1534 54 21 intet
571 1533 85 21 säkrare
679 1535 49 18 värn
752 1533 39 20 och
807 1537 68 22 vapen
891 1532 28 19 än
