1103 1811
312 144 162 18 Presteståndet
485 145 59 17 1882.
568 145 27 17 25
607 145 48 20 maj.
816 139 53 21 1499

72 215 73 19 varten
170 219 37 15 sen
228 213 145 27 määräyksen,
397 215 42 19 että
461 214 100 20 tuomittu
579 213 257 26 vankeusrangaistuksen
852 213 47 21 aika

73 248 26 14 on
116 242 106 27 pidettävä
238 244 127 18 vastaavana
380 242 51 26 yhtä
446 242 70 26 pitkää
527 242 232 20 kuritushuone-aikaa.
783 241 41 21 Osa
836 241 63 21 valio-

72 270 88 22 kunnan
183 270 99 27 jäsenistä
305 270 19 20 ei
347 270 33 21 ole
403 270 100 21 katsonut
524 272 70 19 tämän
617 270 137 26 määräyksen
774 270 125 20 soveltuvar

71 298 79 27 yhteen
174 299 103 20 voimassa
301 298 74 21 olevan
397 298 43 21 lain
456 299 84 25 kanssa,
554 299 55 26 joka,
624 299 125 20 huolimatta
765 299 47 20 siitä
827 299 72 26 ajasta,

72 327 54 26 joksi
149 327 118 27 rangaistus
290 327 123 26 tuomitaan,
435 327 60 21 tekee
518 327 128 25 eroituksen,
668 327 51 20 mitä
738 327 162 26 rangaistuksen

73 355 229 28 toimeenpanemiseen
325 355 63 26 tulee,
411 355 126 22 vankeuden
560 356 21 26 ja
603 356 183 20 kuritushuoneen
810 355 89 20 välillä».

73 383 58 21 Minä
148 384 74 21 katson
235 384 36 21 siis
284 385 70 20 tämän
366 384 98 21 niinkuin
475 391 22 14 se
508 384 79 21 todella
598 385 65 20 onkin
678 379 147 36 epäkohdaksi,
837 385 63 20 mutta

75 418 23 15 se
113 419 27 14 on
145 412 120 31 epäkohta,
288 413 43 26 jota
353 415 37 23 nyt
405 413 19 20 ei
440 413 40 26 käy
497 413 147 27 poistaminen.
663 413 86 20 Tahdon
766 413 54 20 vielä
836 413 64 20 muis-

73 443 75 23 tuttaa,
171 443 42 19 että
235 441 79 26 Säädyt
338 441 111 22 1863—64
471 442 21 27 ja
516 441 54 21 1867
587 442 84 20 vuoden
688 441 149 27 valtiopäivillä
852 444 49 17 ovat

74 470 125 20 tämmöisen
217 470 123 27 epäkohdan
357 470 145 27 hyväksyneet
519 470 157 21 käsitellessään
693 470 127 26 (1863—64)
837 470 63 26 kysy-

73 500 70 25 mystä
161 498 100 27 yleisestä
283 499 152 26 periaatteesta,
454 499 50 26 jolle
521 499 48 20 uusi
585 498 162 21 rankaistuslaki
764 499 47 20 olisi
826 499 74 20 raken-

74 529 91 18 nettava.
195 527 80 27 Nytkin
290 527 46 20 olisi
347 529 131 25 tarpeetonta
490 529 42 19 tätä
547 529 96 19 muuttaa
659 527 123 21 ennenkuin
799 527 101 26 nähdään,

74 555 58 21 mille
155 555 99 22 kannalle
276 557 55 19 tässä
354 557 77 20 asiassa
454 558 40 24 nyt
516 556 85 21 tekeillä
620 556 60 20 oleva
696 556 100 21 rikoslaki
811 558 89 19 asettuu.

74 583 121 22 Sentähden
215 585 57 20 minä
288 585 141 24 ehdottelisin,
451 587 43 18 että
516 587 60 24 tämä
593 585 63 20 kohta
671 585 121 26 jätettäisiin
809 586 92 19 muutta-

75 614 70 19 matta.

144 670 88 20 Prosten
275 676 166 20 Rosengren:
472 670 58 21 Minä
547 670 101 26 yhdistyn
663 670 113 27 professori
790 670 109 20 Forsman-

75 698 37 20 nin
135 698 134 21 lausuntoon.
300 698 88 27 Pyydän
413 706 52 14 vaan
490 699 66 26 lisätä,
572 700 42 20 että
629 699 57 27 juuri
703 698 196 21 vankeuslaitoksen

75 727 90 26 esimies,
189 727 131 21 hovineuvos
357 727 124 26 Grotenfelt,
503 728 89 26 jyrkästi
616 728 87 20 vastusti
727 727 98 21 minkään
850 733 49 15 eron

75 755 113 21 tekemistä
210 756 164 21 kuritushuone-
396 757 20 26 ja
438 756 257 21 vankeusrankaistuksen
712 756 76 25 välillä,
804 756 96 20 niinkuin

76 786 60 18 useat
157 784 98 21 muutkin
278 784 144 27 lainoppineet
444 785 108 25 tahtoivat,
567 785 21 26 ja
604 785 58 20 sanoi
678 785 50 20 ettei
744 784 70 21 niiden
831 784 70 20 välillä

75 812 143 27 käytännössä
241 813 62 20 tehdä
326 813 78 20 mitään
427 816 99 18 erotusta.
556 813 77 21 Hänen
658 812 140 27 selityksensä
813 813 86 20 vaikutti

76 847 36 14 sen
130 843 42 18 että
188 842 124 20 enemmistö
328 842 82 20 suostui
425 842 64 21 tähän
504 842 131 27 ajatukseen.

145 898 68 21 Sedan
237 899 149 21 diskussionen
409 899 50 20 härä
482 899 102 25 afslutats,
607 899 67 20 beslöt
695 899 88 20 Ständet
798 898 26 27 pä
839 899 62 19 fram-

77 926 100 28 ställning
199 928 22 20 af
236 927 48 21 herr
297 927 165 21 Talmannen
502 930 30 18 att
547 927 136 21 oförändradt
699 927 112 27 godkänna
827 927 46 27 kap.
889 928 12 20 3

77 955 66 27 enligt
156 956 112 20 utskottets
284 956 139 21 betänkande.

145 1012 52 28 Kap.
214 1014 12 19 4
243 1019 33 14 om
292 1013 99 27 grunder,
408 1020 45 14 som
469 1013 54 27 höja,
537 1013 81 25 mildra,
630 1013 91 21 utesluta
736 1013 51 21 eller
797 1013 105 27 upphäfva

75 1040 160 22 straffbarheten
251 1044 55 18 samt
321 1048 35 14 om
372 1042 81 21 äterfall
464 1042 7 20 i
483 1042 60 25 brott,
557 1042 129 26 delaktighet
696 1042 6 20 i
714 1042 55 20 brott
779 1042 38 20 och
828 1042 74 20 skade-

76 1069 68 26 ständ,
159 1070 109 20 äfvensom
285 1070 46 28 kap.
347 1072 12 19 5
375 1077 35 14 om
425 1070 147 28 preskription,
588 1070 123 26 godkändes
727 1070 25 27 pä
763 1070 139 27 framställnig

76 1098 21 20 af
113 1098 48 21 herr
199 1098 140 22 Talmannen
377 1099 66 27 enligt
459 1098 113 22 utskottets
587 1098 84 28 förslag.

144 1155 135 21 Beträffande
295 1156 12 20 6
324 1156 45 28 kap.
386 1163 34 14 om
436 1156 108 25 förräderi,
561 1156 157 20 blottställande
729 1156 21 20 af
760 1156 142 27 krigsmakten

75 1184 8 20 i
98 1184 38 21 fält
151 1184 40 20 och
206 1184 77 27 feghet,
299 1185 83 26 yttrade
397 1185 32 26 sig
444 1184 95 27 följande
555 1184 75 21 talare:

145 1241 153 26 Kyrkoherden
318 1238 93 24 Öller:
442 1242 27 20 45
486 1242 12 27 &
514 1241 71 27 lyder:
604 1241 131 27 »öfverlöper
751 1241 105 27 krigsman
871 1241 31 20 till

76 1269 96 27 fienden;
197 1270 72 21 dömes
291 1270 30 21 till
339 1270 114 21 dödsstraff
466 1270 52 21 eller
533 1270 88 21 tukthus
638 1270 25 27 pä
678 1270 72 21 lifstid.
782 1270 66 21 Söker
862 1270 40 20 han

75 1298 54 27 begä
144 1298 75 21 sädant
235 1299 54 20 brott
304 1305 49 14 men
369 1299 76 20 varder
460 1299 92 20 derifrän
570 1299 99 25 hindrad;
686 1299 81 20 straffas
783 1298 47 21 med
847 1298 56 21 tukt-

75 1327 41 20 hus
132 1327 45 20 från
195 1327 38 20 och
255 1327 48 21 med
319 1328 13 19 4
348 1327 31 21 till
395 1327 40 21 och
450 1327 50 21 med
518 1327 24 21 10
556 1327 40 21 år.»
629 1326 41 22 Det
685 1329 23 18 är
724 1327 76 27 tydligt
816 1329 30 18 att
861 1327 43 26 lag-

76 1355 124 27 stiftningen
224 1362 62 14 anser
301 1356 102 21 förräderi
418 1356 32 21 för
466 1359 30 18 ett
512 1356 64 25 brott;
593 1362 49 14 men
658 1357 23 19 är
695 1356 36 21 det
746 1359 29 18 ett
791 1356 60 26 brott,
867 1355 38 21 bör

77 1383 36 21 det
135 1384 33 20 väl
188 1384 58 21 alltid
263 1391 62 14 anses
340 1385 33 20 för
387 1385 81 20 sädant.
499 1385 41 26 Jag
556 1384 68 21 skulle
641 1384 70 21 derför
727 1385 49 26 vilja
792 1384 62 21 hafva
870 1384 34 21 det

76 1412 95 27 tillägget
187 1415 30 18 att
234 1413 144 27 »öfverlöpare
394 1413 46 21 från
456 1413 98 21 fiendens
569 1413 46 20 sida
632 1419 47 14 vare
691 1419 81 14 samma
783 1413 34 27 lag
827 1413 77 20 under-

77 1441 94 21 kastad».
202 1441 44 21 Min
259 1441 54 27 äsigt
329 1448 34 15 om
379 1441 135 22 dödsstraffet
529 1442 39 20 har
582 1442 35 26 jag
633 1441 64 21 redan
713 1443 79 20 nämnt.

146 1498 144 21 Kirkkoherra
309 1498 153 21 Järvinen
479 1498 125 25 huomautti,
620 1500 41 19 että
676 1498 27 21 46
720 1499 34 26 8:n
770 1498 19 23 a)
802 1498 103 20 kohdassa

77 1526 123 27 painovirhe
224 1527 68 20 »toki»
318 1527 47 20 olisi
389 1527 123 24 oikaistava,
534 1527 20 27 ja
573 1526 79 21 ehdotti
669 1528 41 19 että
726 1533 71 14 saman
815 1525 90 28 pykälän
