1103 1811
230 142 55 21 1322
440 147 162 18 Presteståndet
613 149 59 17 1882.
697 149 25 17 16
734 149 48 20 maj.

201 216 59 22 Minä
283 217 36 21 siis
341 216 99 32 yhdistyn
456 216 62 22 herra
533 217 106 22 Koskisen
655 217 178 24 vastalauseesen,
850 217 49 21 ettei
916 217 112 21 tarvittaisi

199 245 67 21 tehdä
281 245 60 21 uusia
357 246 78 26 lainoja
450 246 124 20 seuraavain
591 246 84 21 kolmen
692 247 83 20 vuoden
791 246 104 21 kuluessa.

271 302 110 21 Professor
425 308 105 15 Donner:
562 303 45 20 Den
624 303 124 27 beräkning,
764 309 46 14 som
826 305 85 24 prosten
922 302 105 21 Johnsson

201 337 50 20 nyss
273 331 80 26 gjorde,
370 331 40 20 kan
428 337 50 14 vara
493 331 88 21 alldeles
596 331 75 27 riktig:
688 333 32 20 att
736 331 114 26 6,000,000
865 331 70 21 kunde
950 333 78 18 använ-

201 360 38 20 das
261 359 68 21 under
351 359 26 21 de
400 359 92 27 följande
507 363 32 18 tre
554 360 52 21 ären
621 363 52 18 utan
689 360 137 27 upptagande
842 360 22 20 af
881 360 42 25 län,
939 359 39 21 och
991 359 37 27 jag

201 390 24 19 är
241 387 34 21 för
291 394 51 19 egen
359 388 33 21 del
409 387 86 22 alldeles
511 388 125 27 öfvertysad
652 395 40 19 om,
702 390 32 19 att
745 387 284 22 kommunikationsfondens

201 416 115 27 tillgängar
332 416 85 21 komma
432 419 32 18 att
478 417 56 26 stiga
550 417 58 21 öfver
622 417 109 25 1,600,000
742 423 35 15 om
788 417 53 24 äret,
854 417 82 20 hvilken
947 423 82 14 summa

201 445 40 20 här
257 445 47 20 med
321 447 44 19 stor
381 445 131 26 försigtighet
528 447 24 19 är
567 448 113 24 upptagen.
711 445 49 22 Men
773 445 130 21 beträffande
915 445 39 21 den
966 445 63 21 fram-

202 473 116 32 tidsutsigt,
341 479 44 15 som
409 473 104 27 professor
536 474 104 21 Forsman
656 474 39 21 har
711 474 101 27 uppstält,
829 480 61 21 synes
907 474 121 21 densamma

203 502 42 27 mig
261 508 52 15 vara
328 503 64 25 nägot
408 502 31 21 för
455 503 65 20 mörk.
552 503 41 20 Det
608 503 42 20 kan
666 502 33 21 väl
716 503 46 21 icke
779 503 85 20 komma
876 502 67 27 ifräga
959 505 32 18 att
1001 503 27 26 pä

203 531 27 20 10
253 531 24 20 är
291 530 49 21 läna
355 518 83 38 40,000,
440 531 48 20 000.
519 531 39 26 Jag
575 531 39 21 har
629 531 56 32 gjort
701 537 25 15 en
743 531 123 26 beräkning,
883 533 31 18 att
929 537 33 14 om
979 537 49 14 man

201 561 91 24 antager
314 562 32 17 att
366 543 271 47 kommunikationsfonden
657 560 6 20 i
685 560 27 21 25
728 560 35 21 års
780 560 31 20 tid
827 548 68 33 skulle
910 560 54 26 stiga
981 559 47 21 med

202 587 56 21 blott
281 587 27 26 1/,
331 587 80 27 miljon,
433 588 24 20 sä
479 588 59 27 gäfve
562 589 59 20 detta
642 589 66 20 redan
732 588 138 26 möjligheten
889 591 32 17 att
936 588 93 26 uppläna

202 616 140 26 35,000,000;
360 618 38 18 när
414 616 70 21 dertill
498 616 96 22 kommer
610 623 26 14 en
652 617 94 21 inkomst
756 616 23 21 af
790 617 134 26 25,000,000,
937 616 91 21 erhälles

202 644 191 27 tillsammantaget
409 645 125 26 60,000,000
551 645 39 21 och
606 645 34 21 för
655 645 62 21 dessa
733 645 129 25 60,000,000
879 645 69 21 kunde
961 644 68 21 under

202 673 73 26 loppet
298 673 23 21 af
337 673 25 21 10
384 674 24 20 är
424 673 79 22 utföras
523 674 45 21 icke
585 674 55 20 blott
656 674 81 20 Nurmo
752 686 10 2 -
768 674 119 26 Uleåborgs
904 674 68 20 banan
989 673 39 21 och

203 701 232 27 Davidstad—Kuopio
451 702 195 27 bansträckningar,
663 705 53 18 utan
726 702 64 21 äfven
802 702 32 21 S:t
847 702 182 26 Michel
937 697 12 36 —
958 702 71 26 Mylly-

203 730 64 24 mäki,
290 730 284 27 Loimijoki—Björneborgs
597 731 39 21 och
658 731 204 26 Viborg—Joensuu
880 730 99 27 banorna,
995 730 33 21 sä-

203 758 58 21 ledes
284 758 48 21 hela
355 759 59 21 detta
435 759 141 26 jernvägsnät,
598 766 45 14 som
660 759 68 21 skulle
743 761 53 25 göra
812 759 217 27 framtidsutsigterna

203 786 32 21 för
257 786 92 21 flertalet
371 787 22 21 af
408 788 81 20 landets
504 788 128 21 innevånare
647 788 60 26 ljusa.
739 788 26 20 Vi
781 788 54 20 hade
851 787 89 21 sålunda
956 787 73 26 lyckli-

202 821 41 20 gen
265 815 89 21 kommit
377 815 31 21 till
430 816 39 20 den
488 816 80 26 period,
586 816 27 21 dä
628 816 40 21 den
684 817 233 26 amorteringssumma,
932 822 45 15 som
993 822 36 14 an-

203 844 78 21 vändts
296 844 33 21 för
346 845 53 20 1862
415 845 34 20 års
465 845 40 25 län,
522 845 54 26 ånyo
592 845 71 20 kunde
673 845 110 20 användas
794 845 70 21 såsom
876 845 101 24 annuitet,
989 844 40 21 och

203 873 7 20 i
226 872 73 27 hvarje
323 873 100 20 händelse
445 873 41 20 kan
508 873 35 22 det
566 873 47 21 icke
635 873 66 21 blifva
721 873 61 26 fräga
798 880 33 14 om
849 876 31 18 att
896 873 133 21 omedelbart

203 903 96 24 upptaga
314 901 33 21 län
363 901 32 21 för
411 901 72 27 hvarje
498 902 24 20 är
536 901 84 21 framät.
651 902 49 20 Med
716 902 114 20 ansläende
846 901 21 21 af
882 908 35 14 sex
932 903 24 19 är
971 905 15 17 t.
998 908 31 14 ex.

203 929 33 21 för
260 930 120 26 byggandet
403 930 22 20 af
443 930 40 20 den
499 930 30 21 till
546 930 114 21 utförande
677 930 55 21 först
748 930 97 21 beslutna
858 929 171 27 jernvägslinien,

203 958 40 20 och
260 958 135 26 upptagande
419 958 21 21 af
456 961 31 18 ett
502 959 34 21 län
552 958 22 21 af
590 959 126 25 10,000,000
732 963 56 17 samt
804 959 93 21 derefter
912 958 13 21 &
940 964 40 21 nyo
997 958 33 20 för

205 986 72 21 vidare
299 986 221 27 jernvägsbyggnader
544 987 66 21 under
635 989 11 19 6
669 987 53 21 eller
744 990 12 18 7
780 988 24 20 är
828 990 30 18 ett
880 991 63 17 annat
959 987 34 21 län
1009 987 23 21 af

206 1016 133 26 10,000,000,
362 1015 68 21 skulle
453 1022 46 14 man
523 1016 62 20 hafva
608 1016 104 26 upplänat
734 1016 75 21 inalles
832 1016 54 20 blott
903 1016 127 25 20,000,000

204 1044 39 20 och
259 1032 64 32 hafva
339 1050 26 14 en
380 1044 92 21 inkomst
488 1044 120 21 derutöfver
618 1044 55 22 ifrån
686 1029 278 46 kommunikationsfonden,
976 1050 54 20 upp-

203 1072 83 26 gående
309 1073 32 20 till
365 1073 127 21 åtminstone
517 1074 24 19 12
565 1072 12 22 å
603 1075 24 19 13
646 1074 103 26 miljoner.
782 1073 30 21 På
828 1073 59 21 detta
903 1074 42 20 sätt
961 1073 80 20 skulle:

205 1107 48 14 man
277 1101 64 21 hafva
363 1101 88 21 kommit
475 1102 25 20 14
523 1102 23 20 år
570 1102 78 20 framåt
664 1102 48 21 från
727 1102 133 20 närvarande
876 1101 99 27 tidpunkt
991 1101 39 21 och

203 1129 57 21 ändå
276 1130 45 20 icke
337 1129 72 21 behöft
425 1132 91 24 upptaga
531 1132 69 19 större
616 1130 35 21 lån
667 1132 26 19 än
711 1130 87 24 hälften,
815 1130 21 21 af
850 1130 55 20 hvad
921 1130 61 20 som
968 1125 14 36 i
998 1136 32 14 re-

203 1159 135 20 servationen
357 1160 24 19 är
397 1158 121 21 beräknadt.
550 1159 41 21 Det
606 1165 62 21 synes
684 1159 73 21 derför
773 1159 46 21 icke
835 1165 50 14 vara
901 1158 68 26 någon
984 1158 47 21 fara

204 1188 32 18 att
260 1193 28 14 nu
311 1187 69 20 lemna
398 1188 81 25 garanti
502 1187 32 21 för
550 1187 39 21 och
607 1187 125 27 bemyndiga
748 1187 125 26 regeringen
889 1190 32 18 att
937 1189 94 24 upptaga

203 1217 33 18 ett
259 1215 35 21 lån
313 1215 22 20 af
350 1215 47 26 4!/;
413 1215 78 26 miljon,
507 1219 22 23 ty
544 1216 57 20 visar
616 1216 36 21 det
668 1216 31 26 sig
716 1218 31 19 att
763 1216 77 20 sådant
855 1216 46 20 icke
917 1217 24 18 är
957 1215 74 21 behöf-

204 1243 39 26 ligt
259 1243 34 21 för
308 1243 111 21 utförande
435 1243 24 21 af
469 1244 277 27 jernvägssträckningarna
762 1244 72 21 förrän
851 1245 54 20 efter
921 1244 64 26 några
1000 1244 30 24 år,

204 1272 24 20 så
251 1272 42 21 kan
314 1272 30 26 ju,
367 1272 87 21 oaktadt
478 1279 24 14 en
526 1273 66 20 sådan
608 1273 76 26 åtgärd
700 1273 46 21 från
768 1273 130 21 Ständernas
914 1273 51 25 sida,
982 1272 48 21 med

205 1300 69 21 lånets
291 1301 134 26 upptagande
439 1301 67 21 anstå.

275 1358 89 21 Prosten
380 1358 96 26 Hjelt:
508 1358 68 21 Sedan
593 1358 90 21 Ståndet
696 1358 96 27 godkänt
804 1358 171 21 statsutskottets
986 1357 45 21 för-

205 1386 52 26 slag,
281 1389 32 18 att
336 1387 66 20 under
425 1386 71 27 loppet
518 1387 22 20 af
564 1387 55 21 1884
635 1387 39 21 och
691 1387 54 20 1885
762 1386 33 21 till
809 1387 222 26 jernvägsbyggnader

204 1414 32 21 får
253 1415 107 21 användas
376 1415 112 26 8,000,000
504 1415 96 26 miljoner
616 1416 61 20 mark
692 1415 7 21 i
716 1415 38 21 och
771 1415 49 21 med
836 1415 117 21 detsamma
965 1415 66 20 måste

204 1443 140 26 ovilkorligen
367 1443 64 21 också
454 1443 56 22 lånet
528 1446 112 24 upptagas.
671 1444 65 21 Detta
751 1444 95 26 framgår
862 1443 92 27 tydligen
969 1443 22 20 af
1006 1444 26 20 de

204 1471 79 24 siffror,
300 1478 45 14 som
361 1471 67 21 finnas
443 1472 27 26 på
486 1478 47 20 pag.
550 1473 26 20 28
593 1472 39 21 och
649 1473 33 25 29,
699 1472 73 20 hvilka
789 1472 69 20 siffror
868 1472 83 26 grunda
963 1472 31 26 sig
1004 1471 28 27 på

204 1500 26 20 de
247 1500 103 27 kalkyler,
366 1506 45 15 som
427 1500 66 21 finnas
509 1504 109 23 upptagna
633 1501 6 20 i
654 1501 173 20 statsutskottets
844 1500 133 21 betänkande
991 1500 40 20 N:o

203 1529 21 19 9.
256 1528 43 21 Det
314 1528 93 26 framgår
422 1528 105 27 nämligen
542 1529 22 20 af
579 1529 40 20 den
635 1529 32 20 till
683 1529 122 21 Ständerna
816 1529 79 26 afgifna
908 1528 125 25 relationen,
