1103 1811
212 138 54 21 1364
427 142 161 18 Presteståndet
602 143 56 17 1882.
682 143 23 17 19
718 144 48 20 maj.

179 218 58 15 seen.
269 211 32 21 On
324 212 143 25 mahdollista,
491 213 45 19 että
558 211 210 21 valtiovaliokunnan
790 211 48 21 olisi
857 211 85 27 sopinut
957 211 55 21 vielä

181 240 127 21 laveammin
331 240 99 22 käsitellä
452 242 46 19 tätä
520 240 60 21 asiaa
597 240 23 26 ja
638 240 126 21 laveammin
780 240 41 21 sitä
836 240 91 24 selittää,
944 242 67 19 mutta

179 270 73 26 syynä,
276 269 81 21 miks'ei
380 270 41 20 sitä
444 269 34 21 ole
500 268 66 27 tehty,
589 274 27 16 on
632 268 85 22 osittain
734 268 67 27 sekin,
816 270 45 19 että
876 274 52 16 arm.
945 268 66 27 esitys

180 298 29 19 oli
231 298 58 20 tästä
309 298 80 20 asiasta
413 298 117 20 maininnut
552 303 54 15 vaan
622 296 63 21 ikään
701 297 51 20 kuin
768 297 145 22 sivumennen.
944 296 67 22 Vasta

182 325 42 21 kun
241 331 26 15 on
284 327 61 20 saatu
361 325 101 22 sellainen
487 326 93 26 selvitys,
594 325 46 27 jota
656 325 144 21 valiokunnan
817 325 132 21 ehdotuksen
965 331 44 14 mu-

181 354 56 21 kaan
253 354 46 21 olisi
315 354 135 27 pyydettävä,
466 357 60 18 vasta
537 355 49 20 sitte
603 360 27 15 on
642 354 194 21 valtiovaliokunta
849 353 76 22 luullut
936 353 74 26 Sääty-

177 382 76 27 jenkin
269 383 86 26 sopivan
371 383 74 21 asiaan
461 383 82 27 ryhtyä.

251 439 70 22 Sedan
337 439 145 22 diskussionen
493 439 53 22 härä
558 439 115 21 förklarats
684 439 100 27 afslutad,
796 439 68 21 beslöt
875 439 133 21 Prestestän-

181 468 38 20 det
234 468 49 21 med
301 470 24 19 16
341 470 70 19 röster
426 471 44 18 mot
488 469 24 20 15
524 470 32 19 att
566 468 72 27 afböja
648 468 192 26 Borgareständets
851 467 159 27 ifrägavarande

181 497 136 27 inbjudning;
341 497 81 21 hvilket
445 497 65 21 borde
533 503 75 21 genom
628 496 199 27 protokollsutdrag
842 497 32 20 till
890 502 48 15 svar
953 497 58 20 med-

182 525 59 21 delas
256 525 189 27 Borgareständöt,
456 525 107 22 äfvensom
579 526 28 25 pä
622 531 81 15 samma
718 527 43 19 sätt
778 525 101 27 delgifvas
895 525 16 26 ej
929 525 81 21 mindre

181 553 28 21 de
224 553 68 27 öfriga
308 554 94 21 Ständen
418 556 26 19 än
460 554 165 21 statsutskottet.

252 696 41 21 Till
316 696 157 27 handläggning
495 696 93 27 företogs
611 702 28 15 nu
660 702 25 15 en
702 696 23 21 af
739 696 166 25 Bondeständet,
921 696 90 20 medelst

182 724 198 28 protokollsutdrag
403 725 32 21 för
458 726 40 20 den
523 726 25 20 13
570 726 143 20 innevarande
732 725 49 26 maj,
802 725 33 20 till
850 724 161 22 Presteständet

182 754 62 25 gjord
267 754 134 26 inbjudning,
423 756 32 19 att
479 753 160 21 Presteständet
659 754 67 20 mätte
742 754 74 20 förena
832 753 32 27 sig
880 759 33 15 om
928 753 82 21 Bonde-

182 782 104 25 ständets,
302 783 91 20 rörande
411 782 124 26 förordning
554 788 33 15 om
604 784 74 23 vägars
694 782 39 21 och
749 782 75 21 broars
840 782 115 26 byggande,
971 782 40 20 fat-

182 811 50 20 tade
255 810 70 21 beslut
341 811 6 20 i
364 811 25 20 de
405 811 58 20 delar
479 811 107 20 desamma
602 810 63 27 skilja
681 810 33 27 sig
729 810 47 21 frän
793 810 172 21 Presteständets
980 809 30 21 uti

182 839 94 21 nämnda
299 839 78 21 ärende
401 839 100 26 vidtagna
525 839 78 26 beslut;
627 839 38 21 och
687 839 86 26 yttrade
788 839 32 26 sig
836 839 47 20 med
899 838 112 26 anledning

183 867 64 21 häraf
261 867 94 27 följande
370 868 76 21 talare:

252 924 111 22 Professor
378 924 164 27 Runeberg:
568 924 160 22 Bondeständet
745 924 39 21 har
799 924 91 26 inbjudit
905 924 107 20 medstän-

181 952 42 22 den
243 954 33 20 att
291 952 74 22 förena
381 954 31 25 sig
428 959 33 15 om
478 952 99 22 Ständets
592 953 8 21 i
615 953 73 26 frägan
704 952 82 22 fattade
801 952 88 22 beslut
882 948 13 35 i
905 952 26 22 de
946 952 65 26 delar,

183 981 118 21 detsamma
320 982 73 26 skiljer
413 982 31 25 sig
460 982 45 20 frän
521 982 149 20 medständens
686 982 7 20 i
708 988 80 14 samma
806 981 60 26 fräga
881 981 80 21 fattade
976 981 35 20 be-

182 1010 48 20 slut.
261 1010 66 21 Detta
347 1012 24 19 är
393 1016 25 14 en
434 1010 64 26 nägot
514 1010 83 26 ovanlig
612 1010 54 21 form
683 1010 33 20 för
732 1016 25 14 en
773 1010 130 27 inbjudning,
921 1009 26 21 dä
961 1016 51 14 van-

182 1038 71 26 ligtvis
276 1044 25 16 en
324 1039 65 21 sädan
405 1038 67 27 gäller
487 1045 25 14 en
528 1039 96 21 bestämd
640 1039 74 26 punkt,
731 1045 48 14 men
795 1038 69 22 denna
880 1038 66 26 gäller
960 1037 51 22 flere

180 1066 108 22 särskilda
303 1067 99 27 punkter.
433 1067 49 21 Man
498 1067 71 21 kunde
585 1068 64 20 ocksä
664 1069 58 19 sätta
736 1068 7 20 i
759 1067 60 26 fräga
835 1066 176 27 ändamälsenlig-

182 1095 63 21 heten
269 1096 23 20 af
313 1102 24 14 en
353 1096 125 26 inbjudning
493 1096 6 20 i
515 1095 106 21 särskilda
639 1096 98 26 punkter,
754 1102 48 15 men
818 1096 28 20 dä
861 1102 25 14 en
902 1095 65 21 sädan
983 1101 28 15 nu

181 1123 124 27 föreligger,
329 1126 23 19 är
375 1124 36 22 det
435 1124 33 21 väl
491 1124 129 26 nödvändigt
643 1127 32 18 att
690 1124 84 25 utreda,
789 1124 7 20 i
812 1124 71 21 hvilka
898 1124 113 20 afseenden

181 1152 173 22 Presteständets
370 1153 70 21 beslut
455 1153 73 26 skiljer
543 1153 31 26 sig
590 1153 46 21 frän
652 1153 177 26 Bondeständets,
840 1154 55 20 samt
910 1152 101 21 särskildt

181 1181 76 26 pröfva
279 1181 72 27 hvarje
374 1182 74 26 punkt.
477 1181 40 21 Vid
537 1182 121 26 jemförelse
681 1182 78 20 mellan
783 1181 169 21 Bondeständets
971 1180 39 22 och

181 1209 173 22 Presteständets
370 1209 162 27 ifrägavarande
548 1210 70 21 beslut
634 1210 38 20 har
685 1210 36 26 jag
738 1210 77 21 mellan
831 1210 48 20 dem
895 1209 69 21 funnit
979 1209 32 21 ät-

180 1237 87 22 skilnad
282 1238 7 21 i
305 1238 92 27 följande
412 1238 98 27 punkter.
541 1239 13 25 &
570 1239 12 20 2
599 1239 38 20 har
652 1238 161 21 Bondeständet
829 1238 82 25 antagit
927 1237 84 21 oförän-

180 1266 62 26 drad,
259 1267 68 21 under
343 1267 35 20 det
395 1269 32 18 att
442 1267 159 21 Presteständet
617 1267 64 20 bland
698 1267 26 20 de
735 1273 102 20 personer
850 1273 44 14 som
906 1268 37 19 äro
954 1265 57 27 skyl-

182 1294 48 27 diga
247 1297 33 19 att
301 1295 86 26 deltaga
402 1295 5 20 i
424 1297 74 24 vägars
518 1295 39 21 och
575 1295 73 22 broars
663 1295 120 26 underhåll,
800 1295 70 26 tillagt
885 1294 125 22 landthand-

181 1322 70 22 lande.
282 1324 65 21 Detta
366 1324 74 27 tillägg
455 1329 61 22 synes
532 1330 50 15 vara
597 1324 81 27 ganska
694 1324 101 26 befogadt
811 1323 39 22 och
866 1323 90 22 Ständet
971 1323 39 20 har

182 1351 73 22 derför
278 1353 47 20 icke
349 1352 46 21 skäl
411 1355 31 18 att
462 1352 73 27 frängä
551 1353 122 21 detsamma.
704 1353 79 21 Vidare
799 1352 38 21 har
852 1351 159 22 Presteständet

179 1380 80 21 ändrat
281 1381 110 27 uttrycket
407 1381 169 26 ,,mjölgvarnar*
593 1381 32 21 till
641 1384 126 23 ,gvarnar*.
798 1381 75 21 Denna
888 1380 123 27 förändring

181 1409 25 20 är
220 1409 24 21 af
258 1409 59 27 ringa
335 1409 137 27 betydenhet,
487 1410 39 20 och
542 1411 24 19 är
579 1410 37 26 jag
631 1410 6 20 i
653 1410 59 21 detta
726 1409 101 22 afseende
842 1409 69 26 färdig
927 1410 31 20 att
968 1409 42 21 för-

180 1437 54 22 orda
250 1438 130 26 antagandet
395 1438 22 21 af
431 1438 155 27 inbjudningen.
606 1439 10 20 I
632 1438 11 27 $
658 1439 13 20 6
687 1438 39 21 har
740 1438 161 21 Bondeständet
917 1437 93 26 beslutit,

179 1468 34 18 att
229 1466 129 26 landsvägen
375 1467 18 25 ej
410 1467 37 21 bör
463 1467 61 21 hafva
539 1468 69 20 större
624 1467 66 20 bredd
707 1468 27 20 än
750 1468 27 20 10
793 1467 41 25 aln,
849 1467 67 20 under
932 1466 36 20 det
978 1467 33 19 att

181 1493 163 22 Presteständet
359 1496 83 25 antagit
457 1495 125 26 paragrafen
598 1495 136 21 oförändrad.
759 1495 35 21 Uti
810 1494 102 27 paragraf
926 1494 11 20 6
951 1494 60 23 heter

180 1522 44 24 det,
238 1525 33 18 att
286 1523 129 27 landsvägen
431 1523 38 22 bör
485 1523 52 21 efter
553 1523 64 22 behof
632 1529 50 15 vara
697 1523 48 21 frän
762 1525 12 20 8
790 1523 33 21 till
841 1524 24 20 12
881 1523 60 20 alnar
953 1522 58 22 bred.
