1103 1811
320 144 162 18 Presteståndet
492 146 59 16 1882.
576 146 24 16 19
612 146 48 20 maj.
827 141 53 21 1349

149 214 41 21 Vid
214 214 68 21 skedd
304 214 152 28 föredragning
478 214 124 26 godkändes
621 215 32 20 till
669 214 43 22 alla
728 215 59 21 delar
802 220 106 16 samman-

80 245 57 19 satta
159 242 45 28 lag-
227 242 39 22 och
290 242 215 22 ekonomiutskottets
524 243 79 26 förslag
619 243 31 21 till
667 244 205 26 sammanjämkning
887 244 23 21 af

80 272 25 20 de
121 272 66 21 delvis
202 271 123 27 skiljaktiga
341 271 76 25 beslut,
433 271 58 21 hvari
503 272 94 21 Stånden
608 274 86 19 stannat
707 273 34 20 vid
752 271 155 27 behandlingen

79 300 22 21 af
114 300 116 21 utskottets
247 300 134 21 betänkande
397 306 33 15 n:o
446 302 13 18 4
475 300 6 20 i
497 300 113 27 anledning
622 300 23 21 af
658 300 60 21 Hans
733 301 118 26 Kejserliga
863 300 45 21 Ma-

77 329 76 26 jestäts
176 328 77 27 nådiga
273 328 132 27 proposition
421 328 109 27 angående
546 329 119 21 ordnandet
680 329 22 21 af
716 329 191 27 skjutshållningen

80 357 39 22 och
135 357 182 28 gästgifverierna.

149 499 40 22 Till
206 500 157 27 handläggning
379 499 94 22 förekom
490 506 24 15 en
532 500 20 21 af
563 500 160 21 Bondeståndet
734 501 88 21 medelst
833 503 72 25 proto-

81 528 132 27 kollsutdrag
228 528 33 21 för
277 529 40 20 den
336 529 59 21 13:de
410 529 142 21 innevarande
570 529 44 26 Maj
625 529 32 21 till
668 529 160 22 Presteståndet
845 530 61 26 gjord

81 557 130 28 inbjudning,
234 559 32 19 att
289 557 160 22 Presteståndet
468 558 66 21 måtte
551 557 73 22 förena
640 558 31 26 sig
687 564 34 14 om
737 558 170 21 Bondeståndets

81 586 90 21 rörande
194 586 151 26 förordningen
361 592 34 14 om
412 588 74 24 vägars
502 586 39 21 och
558 587 74 20 broars
649 587 108 25 byggande
773 587 80 21 fattade
869 587 38 20 be-

81 614 42 21 slut
139 615 6 20 i
161 614 26 21 de
203 614 65 26 delar,
285 615 118 20 detsamma
413 614 72 26 skiljer
494 615 33 26 sig
538 614 46 22 från
596 614 171 22 Presteståndets
776 616 29 20 uti
814 616 92 20 nämnda

81 643 78 21 ärende
175 643 101 26 vidtagna
292 642 77 27 beslut,
385 643 39 21 och
439 644 85 26 yttrade
540 643 31 26 sig
588 644 46 20 med
650 643 114 27 anledning
780 644 70 21 häraf:

149 700 126 26 Vicepastor
295 700 112 21 Lilius:
439 700 168 21 Bondeståndets
627 700 39 21 och
682 700 172 22 Presteståndets
872 701 34 21 be-

80 729 61 21 slut
136 724 12 36 i
158 729 67 21 denna
243 728 59 27 fråga
318 729 61 25 skilja
395 729 32 27 sig
442 728 184 27 hufvudsakligast
642 729 6 21 i
663 730 36 20 två
715 728 133 22 hänseenden
860 729 46 21 från

80 758 126 20 hvarandra.
238 757 159 21 Bondeståndet
418 758 38 20 har
471 758 105 26 nämligen
593 758 86 21 beslutit
695 760 32 18 att
742 757 99 22 förändra
858 758 25 20 de
899 758 7 21 i

82 787 25 19 10
123 789 10 22 3
149 786 92 21 nämnda
263 786 61 21 böter
345 786 33 21 för
393 788 162 24 entreprenörer
571 786 46 21 från
634 786 76 25 ,,högst
726 787 41 20 200
783 787 73 20 mark*
874 786 32 21 till

81 815 41 28 n40
133 815 81 24 mark",
225 815 88 20 emedan
325 815 68 20 under
400 815 100 20 rubriken
510 814 218 27 entreprenörer
673 810 52 37 falla
737 815 42 20 alla
787 815 25 20 de
821 815 86 26 snöplo-

79 849 38 20 gar
133 849 44 15 som
194 843 100 21 vintertid
305 845 24 19 är
339 843 97 27 skyldiga
446 845 32 19 att
489 843 56 21 hålla
556 845 93 24 vägarna
661 843 6 20 i
677 843 63 21 stånd
750 843 38 21 och
801 843 33 20 för
845 843 62 21 dessa

79 874 24 19 är
125 871 60 22 detta
208 872 147 21 förstnämnda
378 872 138 26 bötesbelopp
539 872 121 27 pätagligen
685 871 34 21 för
734 872 58 26 högt.
822 871 84 22 Preste-

79 900 86 21 ståndet
181 901 96 20 deremot
293 900 39 20 har
346 900 81 26 antagit
442 901 92 20 nämnda
551 901 12 26 &
579 901 136 20 oförändrad.
738 901 43 20 För
792 901 36 20 det
838 901 68 20 andra

79 928 64 26 skilja
165 928 31 27 sig
219 928 170 22 Presteståndets
413 928 39 21 och
474 928 171 22 Bondeståndets
667 928 71 21 beslut
753 929 5 21 i
776 929 73 26 frågan
872 935 33 15 om

79 957 167 26 landsvägarnas
262 957 73 21 bredd.
366 957 159 21 Bondeståndet
541 958 89 20 föreslår
646 959 32 19 att
691 958 29 20 tio
731 957 34 21 aln
776 957 68 21 skulle
855 963 52 15 vara

80 986 39 20 den
143 986 76 26 högsta
243 986 92 20 bredden
357 986 33 21 för
413 992 25 14 en
455 986 107 26 landsväg.
594 986 30 21 På
639 986 24 21 så
680 986 64 20 breda
759 988 65 24 vägar
840 985 65 22 borde

80 1020 47 15 man
151 1014 32 20 väl
204 1014 71 21 kunna
296 1020 47 15 resa
357 1017 51 18 utan
425 1014 114 27 olägenhet
554 1015 53 21 förbi
624 1014 126 21 hvarandra.
780 1015 40 25 Jag
836 1016 71 19 röstar

79 1043 82 21 således
177 1042 34 21 för
227 1045 32 19 att
274 1043 170 21 Bondeståndets
460 1043 125 27 inbjudning
602 1043 65 21 måtte
683 1046 95 24 antagas.

148 1100 31 20 På
201 1099 79 27 förslag
302 1100 23 21 af
345 1100 106 26 professor
473 1100 162 26 Runeberg
659 1100 40 21 och
715 1102 85 25 prosten
816 1100 90 26 Hjelt

80 1128 68 21 beslöt
171 1128 90 21 Ståndet
283 1129 124 27 ytterligare
430 1128 116 28 bordlägga
569 1130 69 20 denna
656 1129 125 26 inbjudning
792 1128 34 22 till
842 1128 63 22 efter-

79 1156 124 26 middagens
226 1158 164 23 sammanträde,
413 1158 65 20 sedan
502 1161 30 17 ett
556 1157 24 21 af
601 1157 147 27 kyrkoherden
764 1157 142 21 Törnudd

79 1185 122 21 framstäldt
220 1186 79 26 förslag
322 1188 33 18 att
377 1186 115 27 uppskjuta
512 1186 47 21 med
582 1186 48 21 dess
653 1186 134 25 behandling,
810 1186 31 20 till
858 1186 48 20 dess

79 1216 154 19 sammansatta
253 1214 43 27 lag-
315 1214 40 21 och
371 1214 215 22 ekonomiutskottets
608 1214 298 27 sammanjämkningsförslag

79 1242 5 21 i
100 1242 74 26 frågan
190 1243 118 24 inkommit,
325 1242 68 22 blifvit
409 1243 23 20 af
446 1243 90 21 Ståndet
551 1243 126 21 förkastadt.

146 1414 40 21 Till
210 1414 133 27 ompröfning
365 1416 91 25 upptogs
479 1414 53 21 härä
548 1421 24 14 en
589 1413 22 22 af
625 1414 180 26 Borgareständet
826 1419 78 21 genom

77 1443 124 26 deputation
224 1443 39 21 och
280 1443 6 20 i
302 1443 198 27 protokollsutdrag
521 1443 33 20 för
569 1443 40 20 den
628 1443 59 20 16:de
703 1442 142 21 innevarande
858 1441 47 27 Maj

76 1471 33 21 till
125 1471 162 21 Presteständet
303 1471 111 21 framstäld
429 1471 132 27 inbjudning,
578 1471 35 21 det
628 1471 49 21 ville
688 1470 160 22 Presteständet
859 1470 44 20 för-

76 1506 40 14 ena
138 1500 33 26 sig
196 1506 34 14 om
253 1500 37 21 det
312 1499 107 26 vällofliga
441 1500 101 21 Ständets
560 1500 70 20 beslut
644 1501 33 18 att
693 1499 31 21 till
740 1499 162 20 statsutskottet

76 1527 158 22 återremittera
257 1527 98 22 bemälda
381 1528 229 21 utskottsbetänkande
634 1534 33 14 n:o
685 1528 27 20 10
728 1527 5 21 i
749 1527 76 22 sådant
845 1527 62 26 syfte,
