1103 1811
333 141 162 18 Presteståndet
507 142 59 17 1882.
592 142 26 17 22
633 143 48 19 maj.
838 138 52 20 1431

92 212 65 20 lunda
180 210 103 28 oafgjord.
313 211 33 21 Då
369 212 23 20 så
415 210 101 22 förhåller
540 210 38 27 sig,
601 210 39 21 har
660 210 43 27 jag,
728 210 66 22 ehuru
810 211 112 22 medlem
907 206 18 36 i

90 240 169 25 statsutskottet,
275 242 70 18 ansett
361 239 42 27 mig
419 239 138 21 oförhindrad
572 241 32 19 att
620 239 40 21 här
673 239 58 21 inom
745 240 35 20 det
793 239 129 27 högvördige

91 268 92 22 Ståndet
198 270 93 25 upptaga
307 268 80 26 frågan.

161 297 46 20 Den
229 296 80 21 komité
325 296 85 21 hvilken
432 296 22 21 af
468 296 125 26 regeringen
610 296 44 21 blef
669 296 85 21 nedsatt
769 296 32 21 för
816 299 32 18 att
864 299 58 19 utar-

92 325 50 21 beta
157 325 132 26 fullständigt
305 324 78 27 förslag
398 324 33 21 till
446 324 172 27 löneförhöjning
630 325 33 20 för
677 324 25 21 de
714 325 104 20 särskilda
829 325 92 22 embets-

91 353 196 26 mannaklasserna,
302 353 55 21 hade
373 353 64 21 också
452 353 5 20 i
474 353 96 26 uppdrag
586 355 32 19 att
634 353 98 21 utarbeta
748 355 30 19 ett
794 353 68 26 dylikt
878 354 43 21 för-

91 382 48 27 slag
156 381 131 22 beträffande
303 381 143 22 skollärarene
463 381 40 22 och
520 382 59 21 desse
591 388 51 15 voro
654 382 37 21 der
702 383 174 25 representerade
886 389 35 20 ge-

92 417 49 14 nom
158 417 26 14 en
200 410 47 22 fullt
263 410 86 27 lämplig
365 410 39 21 och
420 411 124 25 kompetent
564 416 82 21 person,
664 410 105 27 nämligen
785 410 70 21 lektor
871 411 49 20 Arr-

91 439 75 21 henius
182 439 45 20 från
243 433 54 27 Åbo.
328 439 74 20 Denna
417 439 81 21 komité
513 439 113 26 fullgjorde
642 440 37 20 sitt
690 439 96 26 uppdrag
796 439 55 21 hvad
864 439 56 22 skol-

92 468 97 21 lärarene
212 467 101 22 beträffar
335 467 68 22 likaså
425 467 33 21 väl
482 473 44 16 som
551 467 131 21 beträffande
705 467 67 21 andra
788 467 133 28 tjenstemän.

93 496 125 21 Emellertid
232 497 124 25 godkändes
372 497 68 20 denna
456 496 93 21 komités
565 496 42 21 alla
622 496 142 27 tillgöranden
781 496 6 21 i
798 496 99 22 afseende
907 497 14 21 &

93 525 28 21 de
136 525 69 26 öfriga
222 525 279 26 embetsmannaklasserna,
517 531 47 15 men
583 525 46 20 icke
645 525 55 20 hvad
716 524 145 22 skollärarena
876 525 45 21 vid-

92 553 102 24 kommer,
210 555 52 19 utan
278 554 97 26 uppdrog
389 553 115 27 kejserliga
520 556 86 18 senaten
622 554 23 21 åt
660 559 25 15 en
697 553 23 21 af
730 553 46 21 sina
788 553 132 22 embetsmän

91 584 34 19 att
148 583 97 25 uppgöra
261 585 46 23 nytt
324 582 78 26 förslag
422 582 133 21 beträffande
571 582 155 21 skollärarenes
742 581 178 28 löneförhöjning.

92 610 49 22 Men
158 610 61 21 äfven
236 610 59 21 detta
310 610 79 27 förslag
404 610 44 21 blef
462 610 19 26 ej
498 610 115 26 godkändt,
630 613 50 18 utan
697 610 111 22 resultatet
823 610 44 22 blef
881 613 38 24 att,

92 639 28 21 då
135 639 43 21 alla
193 639 67 21 andra
276 639 81 21 klasser
373 640 22 20 af
409 639 132 21 embetsmän
560 638 82 22 erhöllo
659 638 174 28 löneförhöjning,
849 639 70 21 blefvo

91 668 119 20 skollärare
226 668 46 20 från
289 668 68 21 denna
372 668 81 21 förmån
470 668 133 26 utestängda.
634 668 42 20 Det
691 669 24 19 är
730 668 122 26 visserligen
865 670 54 24 sant,

91 699 33 18 att
140 696 24 21 år
189 696 53 21 1879
260 696 22 21 åt
297 696 118 22 skollärare
431 696 115 27 beviljades
570 698 31 20 ett
616 695 164 28 dyrtidstillägg,
796 702 47 15 men
860 696 60 22 detta

92 724 39 22 har
147 724 19 27 ej
182 731 82 15 samma
279 725 102 21 karakter
395 731 45 15 som
457 725 40 21 den
513 724 176 27 löneförhöjning,
706 724 84 22 hvilken
801 724 66 27 öfrige
877 731 43 15 em-

92 753 97 22 betsmän
201 752 88 22 erhöllo.
320 754 119 21 Orsakerna
450 753 86 22 hvarför
547 755 31 19 ett
588 754 109 26 undantag
709 753 84 26 gjordes
804 754 6 20 i
821 754 99 21 afseende

91 782 14 21 å
120 782 117 21 skollärare
253 784 36 18 äro
306 782 42 26 mig
364 782 45 21 icke
425 784 58 19 ännu
498 782 77 21 kända.
607 782 41 21 Det
663 788 62 20 synes
741 782 42 26 mig
798 782 54 21 dock
868 788 52 15 vara

92 811 64 25 klart,
178 812 31 19 att
231 810 39 21 den
290 811 142 23 verksamhet,
454 817 46 14 som
520 810 144 21 skollärarene
680 811 6 20 i
702 810 46 21 vårt
764 810 49 21 land
829 810 90 24 utöfvar,

90 838 117 27 ingalunda
222 839 108 21 erfordrar
346 839 81 21 mindre
447 839 115 26 begåfning
578 839 52 20 eller
646 838 80 21 mindre
742 839 82 20 studier
838 841 26 18 än
881 839 38 20 nå-

90 873 43 21 gon
149 873 69 15 annan
234 868 135 21 verksamhet
384 868 57 21 inom
456 870 78 23 staten,
549 867 39 22 och
605 867 68 21 likaså
685 867 61 21 torde
758 867 37 21 det
807 873 50 15 vara
872 873 47 15 ove-

92 896 122 26 dersägligt,
230 898 33 18 att
283 896 144 21 skollärarene
443 896 6 20 i
466 896 101 21 afseende
587 896 13 20 å
615 896 118 20 lönevilkor
748 895 114 27 ingalunda
877 895 40 21 hit-

91 924 43 21 tills
150 924 53 21 stått
219 924 89 23 framom
331 925 67 21 andra
413 924 250 25 embetsmannaklasser,
683 927 51 18 utan
750 926 96 19 tvärtom.
878 924 41 21 Det

92 952 66 22 borde
181 952 83 22 således
280 953 61 21 hafva
363 954 54 20 varit
432 953 135 27 synnerligen
594 953 80 26 vigtiga
689 953 52 24 skäl,
757 958 45 16 som
819 953 53 21 talat
887 952 33 21 för

90 981 37 21 det
143 981 38 21 här
197 982 93 26 antydda
306 982 137 26 undantaget,
460 982 100 21 eftersom
578 984 30 18 ett
622 981 76 21 sådant
708 981 108 27 undantag
826 981 92 27 gjordes.

91 1009 87 21 Kanske
194 1010 123 22 förefunnos
332 1010 81 22 sådana
430 1010 54 26 skäl,
500 1010 80 22 kanske
597 1010 92 21 berodde
705 1010 64 20 saken
785 1010 22 20 af
821 1010 40 20 den
877 1009 42 21 till-

91 1038 76 21 tänkta
192 1039 196 26 reorganisationen
414 1039 23 21 af
458 1038 157 26 skolväsendet,
639 1038 81 22 hvilket
740 1038 67 21 skulle
825 1038 45 21 haft
886 1038 33 20 till

91 1067 51 27 följd
159 1069 32 19 att
214 1066 29 21 all
258 1068 107 21 ordinarie
387 1067 115 21 befordran
518 1067 32 21 för
568 1074 26 14 en
616 1067 30 21 tid
663 1067 112 25 afstannat,
792 1066 74 22 liksom
883 1066 36 21 det

90 1095 34 21 för
141 1096 25 20 10
181 1096 25 20 år
221 1096 65 21 sedan
302 1102 37 15 var
361 1096 64 26 fallet,
442 1098 32 19 att
490 1096 62 26 ingen
568 1096 70 21 kunde
655 1096 63 20 vinna
733 1095 105 21 ordinarie
854 1095 65 25 tjenst

91 1124 70 21 såsom
177 1124 124 22 skollärare.
331 1125 33 21 Då
379 1125 24 21 så
417 1124 103 22 förhåller
535 1124 38 27 sig,
590 1130 62 21 synes
667 1124 36 21 det
718 1124 42 27 mig
776 1130 50 14 vara
841 1125 31 19 ett
883 1124 36 20 be-

91 1152 90 27 klagligt
203 1152 81 22 faktum
308 1156 32 18 att
355 1154 23 20 så
394 1154 62 23 skett,
474 1153 39 21 och
535 1153 68 21 skulle
616 1153 38 27 jag
668 1153 54 25 våga
736 1152 39 21 hos
790 1152 129 26 högvördige

89 1180 92 22 Ståndet
197 1182 108 22 vördsamt
321 1182 118 25 framhålla,
456 1182 105 20 huruvida
576 1181 46 22 icke
638 1181 90 21 Ståndet
744 1180 47 22 ville
806 1180 69 22 uttala
887 1181 32 27 sig

90 1210 7 20 i
113 1209 99 21 afseende
226 1210 13 20 å
256 1210 58 21 detta
338 1210 145 26 föreliggande
506 1210 90 26 faktum,
612 1210 36 21 det
668 1209 36 21 vill
720 1211 58 25 säga:
802 1209 69 21 uttala
887 1209 32 26 sig

89 1238 81 25 derom,
193 1238 105 21 huruvida
314 1239 162 21 Presteståndet
492 1244 62 16 anser
569 1240 33 19 att
616 1238 57 21 hvad
693 1244 45 15 som
753 1237 67 27 gjorts
836 1239 24 19 är
873 1237 45 27 just

89 1266 38 21 det
142 1273 44 14 som
204 1266 62 21 bordt
289 1269 68 24 göras,
374 1267 51 21 eller
448 1267 104 21 huruvida
568 1267 36 20 det
620 1266 18 27 ej
654 1267 55 20 varit
725 1266 91 26 önskligt
832 1268 31 19 att
879 1272 38 15 an-

91 1295 105 21 norlunda
215 1295 54 22 hade
289 1296 100 21 förfarits.
419 1295 41 27 Jag
478 1298 36 18 ber
530 1298 31 19 att
578 1295 21 22 få
614 1295 112 21 hemställa
750 1294 88 25 således,
854 1294 64 21 huru-

90 1323 50 22 vida
156 1323 47 22 icke
218 1324 167 26 Presteståndet,
398 1325 47 20 med
458 1324 116 27 anledning
587 1324 23 21 af
620 1324 171 21 statsutskottets
804 1322 114 22 framställ-

90 1352 50 26 ning
155 1352 132 21 beträffande
310 1353 203 26 löneförhöjningen,
530 1353 49 20 ville
602 1352 69 21 uttala
686 1353 31 26 sig
733 1351 85 25 derhän,
834 1353 33 19 att
882 1351 36 21 det

90 1381 55 20 varit
171 1381 93 27 önskligt
286 1384 39 23 att,
349 1382 26 21 då
400 1381 126 27 regeringen
554 1381 104 27 beviljade
680 1380 193 27 löneförhöjningen
895 1379 23 22 åt

89 1409 100 26 samtliga
204 1410 67 21 andra
287 1410 130 21 embetsmän
434 1411 6 20 i
457 1409 97 26 Finland,
568 1409 84 22 landets
663 1409 121 24 skollärare,
798 1415 45 15 som
855 1407 63 22 hafva

89 1438 37 20 det
141 1438 63 21 svåra
219 1438 40 21 och
275 1438 139 21 ansvarsfulla
429 1439 120 26 uppdraget
565 1441 31 18 att
612 1437 110 28 uppfostra
738 1438 82 20 landets
833 1436 85 22 bildade

89 1467 93 25 ungdom
199 1467 37 21 och
253 1472 44 16 som
313 1467 7 20 i
336 1467 136 21 ekonomiskt
488 1466 120 22 hänseende
624 1467 18 26 ej
658 1468 37 19 äro
712 1466 70 20 bättre
796 1465 78 21 ställda
889 1467 28 19 än

89 1495 68 20 andra
178 1494 138 26 embetsmän,
333 1495 46 20 icke
395 1494 71 21 blifvit
489 1495 47 21 från
552 1495 41 20 den
609 1494 86 21 afsedda
715 1494 107 21 förmånen
839 1494 78 20 undan-

88 1524 71 25 tagna.
191 1523 32 21 Då
239 1525 37 19 det
297 1523 80 22 kanske
393 1525 24 19 är
433 1524 87 21 svårare
536 1525 32 19 att
586 1523 75 26 bringa
676 1523 42 20 alla
734 1522 71 27 frågor
821 1521 33 22 till
869 1521 48 26 tals,
