1103 1811
223 140 57 20 1438
431 144 162 18 Presteståndet
604 145 59 17 1882.
687 145 27 17 23
726 145 50 21 maj.

195 212 120 28 Kejserliga
330 212 98 28 Majestät
442 213 85 21 förorda
543 219 26 15 en
585 213 129 21 subvention
729 214 151 20 motsvarande
892 214 28 26 3/,
931 213 59 21 delar
1005 214 22 20 af

195 242 293 27 anläggningskostnaderna;
511 244 54 18 samt
588 244 30 18 att
634 242 118 20 Ständerna
768 242 64 20 måtte
848 242 37 21 hos
900 242 59 21 Hans
975 242 51 26 Kej-

195 270 78 27 serliga
288 270 98 27 Majestät
401 270 84 21 förorda
500 276 28 15 en
543 270 127 21 subvention
687 271 21 20 af
722 270 110 26 1,500,000
841 270 59 21 mark
909 270 21 22 åt
937 270 89 27 Björne-

195 298 64 27 borgs
280 299 101 20 kommun
398 298 51 21 eller
464 298 93 21 enskildt
572 298 68 26 bolag,
656 305 45 14 som
717 299 73 20 kunde
805 299 79 20 erhålla
900 299 126 21 koncession

195 327 33 20 för
251 327 132 27 anläggande
399 327 21 20 af
434 327 88 27 jernväg
537 327 46 20 från
598 327 134 28 Björneborg
747 327 32 21 till
794 327 113 27 Loimijoki
923 327 52 21 eller
989 333 38 15 an-

196 361 43 15 nan
262 357 51 20 nära
336 355 88 28 belägen
443 355 67 28 punkt
526 355 11 21 å
556 349 63 27 Äbo—
630 345 79 42 Toijala
726 355 84 26 bandel,
825 356 71 21 hvilka
912 355 78 28 förslag
1005 355 22 21 af

196 383 161 22 Bondeståndet
379 384 135 27 förkastades,
534 384 36 21 det
592 384 56 21 förra
663 384 104 27 enhälligt
782 385 39 20 och
838 385 35 20 det
887 390 74 15 senare
977 384 49 21 med

197 413 26 20 26
239 415 68 18 röster
329 415 44 18 mot
389 413 33 27 24,
437 413 63 26 jämte
522 413 134 20 förklarande
673 413 68 20 tillika
756 414 31 19 att
802 413 26 21 de
844 419 35 14 om
895 413 60 20 dessa
970 413 57 26 jern-

197 441 116 27 vägslinjer
333 441 74 21 väckta
427 441 178 28 petitionsförslag
620 441 47 21 icke
684 441 65 21 borde
764 441 33 21 till
813 441 69 28 någon
898 441 129 21 Ständernas

197 469 73 28 åtgärd
287 470 117 26 föranleda;

267 529 30 19 att
320 527 88 21 Ständet
430 527 86 21 beslutit
532 527 70 27 afböja
618 527 157 27 Ridderskapet
794 527 39 21 och
849 527 74 21 adelns
939 527 88 21 Ständet

196 562 78 20 genom
297 555 191 28 protokollsutdrag
512 555 124 22 meddelade
659 555 131 28 inbjudning
812 558 30 19 att
857 556 73 21 förena
945 556 32 27 sig
992 561 35 15 om

196 584 155 26 Ridderskapet
367 584 39 21 och
421 584 73 21 adelns
510 584 70 21 beslut
591 584 129 21 beträffande
737 585 12 25 &
763 585 13 20 8
792 585 65 25 (förut
869 585 12 25 &
892 584 21 27 9)
925 584 39 21 och
976 584 11 27 $
1001 584 26 20 12

197 612 67 28 (förut
285 612 11 27 &
313 612 32 26 13)
369 612 30 21 uti
422 614 150 19 sammansatta
594 612 43 28 lag-
654 612 38 21 och
714 612 214 21 ekonomiutskottets
949 612 78 26 förslag

196 641 32 21 till
252 640 124 28 förordning
391 641 109 27 angående
516 641 154 27 egostyckning
685 641 40 21 och
740 641 172 27 jordafsöndring
928 641 12 21 å
954 640 73 21 frälse-

197 670 39 20 och
260 670 168 20 skattehemman
450 671 55 19 samt
527 670 100 26 legoaftal
643 676 34 14 om
693 670 71 27 någon
781 670 34 20 del
831 671 21 19 af
868 670 71 26 dylika
954 669 73 27 lägen-

196 698 65 25 heter,
286 698 65 27 enligt
374 698 78 20 hvilket
475 698 69 20 beslut
559 698 6 20 i
583 698 11 27 $
610 698 13 20 8
640 698 68 21 skulle
731 698 80 21 införas
834 700 30 19 ett
883 698 116 27 stadgande
1019 698 8 19 i

197 727 56 26 syfte
276 729 30 18 att
327 726 124 27 möjliggöra
473 726 123 27 afsöndring
620 727 20 20 af
654 727 46 27 jord
716 726 46 21 frän
780 727 56 21 förut
852 726 113 22 afsöndrad
981 733 46 20 par-

197 755 47 27 cell,
267 757 54 19 samt
336 755 6 20 i
359 755 10 27 8
384 756 25 19 12
425 755 81 27 intagas
529 755 66 21 andra
618 757 116 19 momentet
753 762 26 14 ur
795 756 12 26 &
824 756 26 20 12
866 756 6 19 i
888 755 41 21 den
951 754 77 27 nådiga

197 784 164 27 propositionen.

268 914 117 28 Föredrogs
408 914 38 21 och
468 914 112 22 bordlades
603 917 30 18 att
652 915 7 20 i
675 915 32 21 sin
731 914 91 28 ordning
845 914 31 21 till
899 914 129 27 behandling

197 943 142 21 förekomma:

268 1002 151 19 sammansatta
441 1000 42 27 lag-
500 1000 39 21 och
563 1000 214 21 ekonomiutskottets
792 1000 135 21 betänkande
943 1006 34 14 n:o
993 1000 12 20 6
1021 1000 7 20 i

198 1028 116 28 anledning
336 1028 21 21 af
379 1028 76 27 nädiga
478 1029 157 27 propositionen
658 1036 34 14 n:o
710 1030 27 20 34
752 1035 36 15 om
811 1029 116 26 ändring!i
948 1028 80 21 förord-

198 1057 80 27 ningen
299 1057 21 21 af
335 1057 41 21 den
393 1058 12 20 8
421 1057 111 21 december
549 1058 55 20 1873
620 1057 110 27 angäende
745 1057 282 27 kommunalförvaltningen

198 1086 7 20 i
220 1086 57 26 stad;

269 1150 80 14 samma
365 1143 89 21 utskotts
469 1143 133 21 betänkande
618 1143 197 27 n:o7ianledning
830 1143 21 21 af
866 1143 77 26 nådiga
953 1149 76 21 propo-

199 1172 92 20 sitionen
314 1178 34 14 om
370 1172 122 26 förändring
514 1172 21 20 af
557 1172 152 27 förordningen
725 1172 41 20 den
784 1172 11 20 6
812 1172 93 20 februari
921 1172 55 20 1865
992 1178 37 14 an-

199 1200 83 27 gäende
298 1200 279 27 kommunalförvaltningen
594 1200 26 27 pä
634 1200 78 21 landet.

269 1337 39 21 Till
324 1337 87 20 Ständet
427 1337 53 20 hade
496 1337 70 20 vidare
582 1337 112 20 inkommit
709 1337 39 21 och
761 1337 112 21 bordlades
885 1337 144 20 direktionens

199 1365 33 21 för
248 1365 102 21 Finlands
370 1365 201 27 hypoteksförening
587 1365 152 26 ärsberättelse,
754 1366 66 26 jämte
835 1365 143 21 revisorernas
996 1367 33 18 ut-

199 1394 86 21 lätande
307 1395 32 20 för
354 1394 172 27 räkenskapsäret
543 1395 60 24 1881,
620 1394 109 21 äfvensom
745 1394 36 21 det
797 1394 6 20 i
819 1394 93 27 enlighet
927 1393 48 21 med
992 1393 36 20 bo-

199 1423 162 26 lagsstämmans
384 1423 21 20 af
427 1422 40 21 den
484 1423 26 20 14
525 1423 46 26 juni
588 1423 53 20 1881
658 1423 79 20 fattade
760 1422 72 21 beslut
855 1422 116 27 uppgjorda
986 1421 42 21 för-

199 1451 46 27 slag
260 1451 32 21 till
308 1451 121 21 förändradt
444 1451 129 27 reglemente
589 1451 32 20 för
636 1451 64 27 sagde
716 1451 104 27 förening.
