1103 1811
301 144 161 18 Presteståndet
476 145 57 17 1882.
558 145 24 17 19
594 145 48 19 mai.
816 139 59 21 1361

70 215 34 19 att
121 213 112 21 städernas
252 212 176 22 folkskolelärare
444 212 39 22 och
499 213 120 21 lärarinnor
634 212 68 22 skulle
718 212 20 22 fä
754 213 82 26 ätnjuta
851 219 50 20 pen-

70 242 54 24 sion,
139 242 50 20 ville
208 242 37 26 jag
260 241 125 27 ytterligare
400 241 88 27 tillägga
504 241 66 27 några
584 242 44 20 ord.
660 240 84 22 Samma
760 241 140 26 anmärkning

71 270 40 21 har
134 270 65 21 sedan
223 269 68 22 blifvit
310 270 109 26 upprepad
435 270 23 21 af
472 270 200 26 kontraktsprosten
688 270 113 21 Stenbäck.
832 270 68 21 Dessa

71 298 57 21 bäda
151 299 73 21 herrar
247 298 28 21 ha
297 300 81 19 erinrat
401 304 40 19 om,
458 301 32 18 att
512 298 31 21 uti
562 298 100 21 städerna
677 298 68 21 finnas
761 298 57 21 säväl
834 298 66 26 högre

71 333 46 15 som
133 327 58 27 lägre
207 326 123 27 folkskolor,
347 327 39 21 och
403 327 35 21 det
454 333 49 15 vore
519 326 84 28 obilligt
618 328 32 19 att
665 327 110 21 utsträcka
790 326 111 21 förmånen

71 355 24 22 af
116 356 101 26 pensions
239 355 124 21 erhällande
387 355 30 21 till
435 355 25 22 de
476 355 59 27 lägre
550 355 157 22 folkskolornas
722 354 177 28 lärarepersonal,

73 384 27 21 dä
122 384 28 27 pä
166 384 72 21 landet
253 383 112 22 enahanda
381 384 71 21 skolor
467 384 46 21 icke
529 384 73 21 kunna
616 384 85 21 komma
717 384 6 21 i
739 383 123 28 ätnjutande
879 383 23 21 af

71 419 83 14 samma
176 412 89 22 förmän.
295 411 112 22 Professor
429 412 109 21 Koskinen
562 413 91 26 yttrade,
677 414 32 19 att
732 419 33 14 om
789 412 25 21 de
837 412 62 21 först-

73 441 92 21 nämnda
194 441 81 21 erhålla
297 441 95 26 pension,
416 441 66 21 borde
505 441 65 21 ocksä
592 441 167 21 ombulatoriske
782 441 69 21 lärare
874 440 27 27 pä

73 469 72 22 landet
169 469 61 22 äfven
253 469 83 27 ätnjuta
357 476 81 15 samma
453 470 89 21 förmän.
572 469 49 22 Men
638 470 36 21 det
689 471 24 19 är
728 470 76 21 endast
818 469 6 21 i
842 469 59 21 detta

73 498 121 21 hänseende
218 498 101 21 liknelsen
343 498 91 21 emellan
456 499 61 20 dessa
532 498 120 21 smäskolor
667 499 27 26 pä
709 498 73 22 landet
797 498 39 21 och
852 497 47 22 dem

74 527 6 20 i
105 527 100 20 städerna
228 526 67 21 håller
311 527 78 21 sträck.
419 527 43 21 För
477 527 64 26 öfrigt
556 529 38 19 äro
610 527 146 21 folkskolorna
772 527 6 21 i
794 526 105 27 städerna,

73 561 34 15 om
132 555 25 21 de
181 555 64 21 också
268 555 97 21 meddela
388 555 39 21 den
444 555 67 22 första
526 555 184 27 undervisningen,
726 555 64 21 likväl
806 555 93 22 ordnade

74 583 54 22 efter
150 585 31 20 ett
197 583 128 27 fullkomligt
340 584 192 27 folkskolesystem,
548 584 38 21 der
601 584 178 27 undervisningen
794 585 38 25 går
848 584 53 21 efter

73 618 27 15 en
116 612 69 26 gifven
201 612 219 27 undervisningsplan,
437 612 84 21 hvilken
538 612 76 22 liksom
630 612 49 21 hela
695 612 169 26 organisationen
877 614 24 20 är

73 640 146 22 underkastad
242 641 161 27 skolstyrelsens
425 641 162 26 godkännande.
618 641 42 21 Det
675 640 108 22 erfordras
799 641 102 27 derjemte

73 671 33 19 att
123 669 32 26 de,
171 675 45 15 som
236 671 36 19 äro
289 670 98 20 anstälda
403 675 43 15 som
463 670 69 21 lärare
548 670 34 21 vid
598 669 26 21 de
640 669 58 27 lägre
709 669 151 25 folkskolorna,
872 669 29 22 ef-

74 701 33 17 ter
125 698 73 26 regeln
215 698 134 26 åtminstone,
366 698 60 21 skola
441 698 64 22 hafva
520 698 125 27 genomgått
660 704 26 16 en
701 698 123 26 fullständig
839 699 62 21 semi-

74 726 111 21 nariekurs
201 726 52 22 eller
269 727 26 26 på
311 733 69 15 annan
396 728 39 25 väg
450 726 78 22 skaffat
543 727 31 27 sig
590 733 26 15 en
632 726 102 28 bildning,
749 733 45 15 som
810 730 92 18 motsva-

74 760 36 16 rar
125 761 26 15 en
167 754 76 27 sådan;
259 755 38 21 och
314 757 39 19 när
368 755 47 21 hela
430 756 106 26 yrkandet
550 756 38 26 går
604 757 24 19 ut
643 756 27 26 på
685 757 38 25 att,
740 756 67 20 såsom
824 756 77 26 kyrko-

74 783 79 21 herden
170 784 55 26 Lyra
242 784 104 25 erinrade,
363 784 87 26 pension
466 784 69 21 skulle
551 784 87 27 beviljas
651 784 75 21 endast
736 784 89 21 sålunda
836 784 65 27 qvali-

73 811 92 22 ficerade
188 811 63 22 alltså
274 812 22 21 ät
319 813 47 20 dem
389 812 72 21 hvilka
484 811 96 28 fullgjort
602 813 26 20 de
651 812 74 26 vilkor,
741 818 44 15 som
810 813 40 21 135
867 813 35 27 Si

73 840 100 27 gällande
197 840 229 27 folkskoleförordning
448 841 125 26 innehåller,
588 841 48 21 med
660 841 40 21 den
724 840 116 27 förklaring
856 847 45 16 som

74 868 60 21 Hans
157 869 101 26 Majestät
281 869 65 21 lofvat
368 871 32 19 att
420 869 40 21 den
476 869 127 27 paragrafen
619 869 54 21 skall
689 869 80 22 erhålla
784 876 76 21 genom
876 876 25 15 en

73 899 62 19 snart
155 897 152 21 utkommande
328 898 130 26 författning,
476 898 22 21 så
514 904 62 20 synes
592 899 43 25 mig
650 900 32 19 att
698 899 68 25 någon
783 898 73 26 obillig
870 899 32 20 åt-

73 925 86 21 skilnad
181 925 90 21 emellan
293 926 26 21 de
341 926 31 21 uti
392 926 100 22 städerna
508 926 39 22 och
563 927 25 21 de
604 926 28 27 på
647 926 72 22 landet
734 926 98 22 anstälda
847 926 55 22 folk-

74 954 141 21 skolelärares
231 954 40 22 och
285 954 130 22 lärarinnors
432 955 126 26 rättigheter
574 955 39 21 och
628 955 144 27 skyldigheter
787 955 46 21 icke
848 954 54 22 före-

74 982 75 22 finnas.
171 994 27 3 —
223 983 60 21 Hvad
306 984 47 20 åter
374 984 201 26 pensionsbeloppet
590 984 131 21 vidkommer
736 984 39 20 har
788 983 36 27 jag
839 983 63 22 fattat

73 1011 66 21 saken
161 1011 30 25 så,
207 1014 32 18 att
256 1012 25 20 de
297 1012 69 21 skulle
381 1012 81 21 erhålla
478 1018 80 15 samma
574 1012 78 27 belopp
668 1018 45 16 som
728 1012 174 21 folkskolelärare

73 1040 41 20 och
131 1039 119 21 lärarinnor
265 1040 27 26 på
308 1041 78 21 landet.
411 1040 28 22 Så
455 1040 47 22 litet
518 1041 36 21 det
570 1043 26 19 än
613 1042 31 25 är,
660 1042 24 20 är
700 1041 36 21 det
750 1040 65 21 likväl
832 1040 69 22 bättre

73 1070 28 19 än
126 1068 60 26 intet,
203 1068 39 22 och
266 1069 35 21 det
323 1069 71 21 kunde
417 1076 51 14 vara
486 1069 82 27 möjligt
583 1071 33 19 att
630 1070 100 20 städerna
746 1069 64 21 sedan
826 1068 34 22 för
876 1075 26 15 en

75 1096 69 22 lärare
159 1096 52 22 eller
227 1098 113 22 lärarinna,
356 1104 45 15 som
418 1098 88 21 arbetar
520 1104 26 15 en
563 1098 72 26 längre
651 1098 36 26 tid,
703 1098 68 21 skulle
787 1098 40 20 öka
843 1098 59 22 detta

74 1125 186 27 pensionsbelopp,
271 1128 23 25 ty
309 1127 70 20 såsom
393 1127 101 21 städerna
504 1126 46 22 icke
562 1127 67 21 sällan
641 1126 109 22 tillerkänt
763 1126 61 21 äfven
836 1126 67 22 enkor

75 1154 39 20 och
137 1153 53 21 barn
215 1154 53 21 efter
290 1154 100 27 förtjente
406 1155 127 27 tjenstemän
548 1156 57 20 inom
621 1155 75 21 staden
712 1157 31 19 ett
759 1156 49 20 visst
825 1154 76 28 belopp

74 1182 70 21 såsom
160 1182 123 26 understöd,
300 1184 23 20 så
338 1184 72 20 kunna
425 1183 26 22 de
467 1184 34 20 väl
517 1184 60 21 äfven
594 1183 45 22 ofta
655 1190 50 14 vara
720 1184 72 25 villiga
807 1185 33 19 att
851 1185 52 25 göra

73 1212 33 19 ett
121 1210 96 22 tillskott
232 1211 32 21 till
280 1211 35 22 det
331 1211 185 28 pensionsbelopp,
527 1218 45 15 som
588 1214 70 19 staten
670 1211 108 22 tillerkänt
788 1211 115 22 folkskole-

74 1239 70 21 lärare
166 1239 39 22 och
229 1240 136 21 -lärarinnor.
396 1241 42 20 För
461 1241 64 26 öfrigt
541 1243 36 19 vet
590 1241 37 26 jag
642 1241 46 21 icke
704 1241 97 20 hurudan
814 1240 38 21 den
870 1243 31 19 ut-

74 1267 95 27 redning,
186 1274 45 15 som
253 1269 162 21 statsutskottet
429 1269 64 21 äskat
508 1269 39 22 och
563 1275 45 16 som
625 1270 61 21 äfven
702 1269 200 26 kontraktsprosten

74 1295 108 22 Stenbäck
199 1297 82 25 saknat,
297 1297 118 28 egentligen
431 1297 54 22 skall
502 1304 56 15 vara.
582 1297 165 22 Statsutskottet
762 1297 50 22 ville
828 1298 75 21 endast

75 1324 95 22 inhemta
193 1326 226 21 stadskommunernas
441 1327 107 26 yttrande,
568 1326 2 21 i
587 1326 55 21 hvad
658 1326 49 21 mån
724 1326 24 21 de
764 1332 50 15 vore
830 1325 72 27 villiga

74 1355 33 19 att
128 1353 71 22 ikläda
222 1354 32 27 sig
276 1355 143 26 förpligtelser
434 1355 34 20 för
483 1355 46 21 sina
544 1355 187 21 folkskolelärares
747 1355 39 21 och
803 1354 100 22 -lärarin-

75 1387 50 16 nors
147 1383 156 27 pensionering,
319 1383 40 21 och
381 1383 46 22 icke
450 1383 64 22 äskas
530 1384 36 21 det
581 1384 68 26 någon
665 1383 113 26 utredning
794 1383 109 27 angående

74 1409 156 24 folkskolornas
258 1411 145 22 beskaffenhet
429 1411 52 22 eller
507 1413 68 20 andra
597 1411 147 22 förhållanden
768 1413 6 20 i
797 1413 106 20 städerna.

74 1439 46 21 Den
136 1439 113 28 kejserliga
264 1441 160 26 propositionen
440 1441 142 21 öfverlemnar
604 1441 32 21 till
652 1441 120 21 Ständerna
788 1443 32 18 att
836 1440 67 21 öfver-

74 1467 126 22 enskomma
222 1475 34 14 om
281 1470 66 20 sättet
371 1469 39 21 och
425 1470 91 26 utvägar
531 1469 32 21 för
579 1468 187 22 folkskolelärares
782 1469 40 21 och
838 1469 66 21 -lära-

76 1496 82 21 rinnors
180 1497 149 26 pensionering
352 1498 39 20 och
412 1500 76 24 yttrar,
503 1500 32 19 att
551 1498 36 21 det
602 1504 62 20 synes
680 1498 69 25 billigt
764 1499 33 19 att
812 1498 41 20 den
869 1497 35 21 vid

74 1524 111 22 städernas
205 1525 118 22 folkskolor
338 1526 98 21 anstälda
451 1527 198 26 lärarepersonalen
665 1525 40 22 blir
720 1525 23 22 af
757 1526 88 27 pension
862 1525 43 22 del-

813 1565 23 18 86
