1103 1811
230 138 55 20 1486
444 142 164 18 Presteståndet
618 143 59 17 1882.
702 144 27 16 25
740 143 48 21 maj.

252 325 163 34 Torsdagen
434 325 56 26 den
510 324 37 27 25
566 324 56 35 maj
642 325 39 26 kl.
699 325 26 26 11
744 325 60 26 före
823 325 160 34 middagen.

270 406 169 21 Sammanträdet
454 405 108 28 öppnades
578 405 47 21 med
643 405 20 20 af
679 405 195 28 kontraktsprosten
888 405 139 28 Grönberg

200 434 26 28 på
241 434 68 21 finska
325 434 84 28 språket
424 434 70 21 hållen
510 434 48 21 bön.

270 572 42 20 Vid
329 571 50 22 derå
394 571 91 22 anstäldt
501 578 80 21 upprop
594 571 105 21 befunnos
710 571 97 26 samtlige
818 570 211 21 ståndsmedlemmar

201 600 138 21 närvarande.

272 738 112 27 Upplästes
406 737 31 21 till
458 737 104 27 justering
584 737 39 21 och
647 736 123 28 godkändes
786 736 12 21 8
815 736 75 27 utdrag
905 742 26 14 ur
945 736 84 20 Preste-

201 766 94 21 ståndets
309 766 103 27 protokoll
429 766 31 20 för
476 766 40 20 den
533 766 26 20 22
576 766 39 20 och
631 766 27 20 23
673 766 49 26 maj.

270 902 60 21 Efter
345 902 105 21 verkstäld
466 903 103 26 justering
584 903 22 20 af
621 902 98 21 Ständets
735 902 70 21 beslut
821 902 127 21 beträffande
964 901 65 21 bank-

201 930 113 21 utskottets
330 930 132 22 betänkande
479 931 109 27 angäende
599 933 47 25 nytt
656 931 130 27 reglemente
794 931 32 20 för
835 930 195 26 bankfullmäktige,

201 958 68 22 beslöt
285 959 88 21 Ständet
388 959 25 27 pä
429 960 77 26 förslag
522 960 21 20 af
558 960 105 27 professor
678 959 88 21 Donner
778 961 30 19 att
818 965 76 21 genom
905 958 124 28 protokolls-

202 987 77 27 utdrag
301 988 88 26 inbjuda
411 988 25 20 de
459 988 67 27 öfriga
548 988 96 21 Ständen
660 990 29 19 att
704 988 73 21 förena
792 988 32 26 sig
839 988 7 20 i
862 987 167 21 Presteständets

201 1016 70 20 beslut
287 1018 29 18 att
331 1016 21 20 ät
368 1016 199 28 bankfnllmäktiges
583 1016 126 22 ordförande
726 1016 68 21 skulle
810 1016 70 21 ansläs
895 1018 30 19 ett
937 1016 93 26 tilläggs-

201 1044 79 22 arvode
295 1045 21 20 af
332 1045 61 25 1,000
409 1045 64 21 mark.

271 1182 38 20 Till
333 1182 88 20 Ständet
443 1182 53 21 hade
519 1182 111 21 inkommit
654 1183 37 20 och
712 1182 135 22 meddelades
863 1182 30 20 till
909 1181 119 21 kännedom

202 1210 201 27 protokollsutdrag:

272 1267 45 20 frän
334 1267 154 27 Ridderskapet
504 1267 38 21 och
560 1267 61 21 adeln
638 1267 47 21 med
702 1267 161 25 underrättelse,

271 1327 30 18 att
316 1324 87 21 Ständet
420 1325 32 20 vid
469 1325 150 26 föredragning
634 1325 22 20 af
670 1325 165 20 statsutskottets
847 1323 130 22 betänkande
988 1323 41 21 N:o

202 1353 26 20 14
244 1353 111 27 angäende
377 1353 97 26 samtlige
495 1353 25 20 de
537 1353 34 20 vid
588 1353 143 21 innevarande
747 1353 101 26 landtdag
863 1353 77 20 äskade
956 1352 74 27 anslag

201 1384 54 18 samt
271 1383 62 19 sättet
348 1381 33 21 för
396 1381 136 22 anskaffande
548 1382 20 20 af
584 1382 69 21 medel
668 1382 31 21 till
716 1382 108 21 desamma
841 1381 85 21 beslutit
935 1380 94 28 följande

201 1409 115 28 ändringar
331 1410 6 20 i
354 1410 150 21 betänkandet:

272 1467 117 21 Utskottets
400 1467 12 20 ä
423 1474 45 20 pag.
478 1468 12 20 5
500 1467 122 21 framstälda
638 1467 77 27 förslag
732 1474 34 14 om
783 1467 126 21 förordande
925 1467 20 20 af
960 1468 69 19 entre-

201 1496 105 26 prenader
328 1495 34 20 vid
386 1496 92 20 kronans
495 1496 191 26 byggnadsföretag
701 1496 77 26 ansägs
793 1496 46 20 icke
856 1496 49 20 böra
921 1494 108 21 föranleda

201 1523 30 21 till
248 1524 65 26 nägot
328 1523 109 21 uttalande
452 1524 45 20 frän
514 1523 128 22 Ständernas
658 1524 50 21 sida.
