1103 1811
225 142 55 22 1510
438 147 162 20 Presteståndet
614 148 55 18 1882.
694 149 26 17 25
733 149 47 21 maj.

264 216 134 28 Fältprosten
422 216 167 22 Petterson:
621 216 37 22 Uti
681 218 40 20 151
742 218 13 27 &
770 217 22 21 af
808 216 142 22 betänkandet
965 217 39 20 och
1019 217 7 19 i

195 246 42 20 153
254 246 13 26 &
283 245 22 21 af
320 245 77 27 nådiga
419 245 157 27 propositionen
597 245 142 22 förekommer
755 246 30 20 uti
802 252 62 14 mom.
880 246 19 26 5,
914 247 31 19 att
959 245 68 21 under

195 274 153 27 krigsdomstol
372 274 51 20 höra
446 274 42 20 alla
510 274 68 27 öfriga
600 274 61 26 brott,
683 274 74 21 hvilka
772 274 7 21 i
794 274 88 27 krigstid
898 274 93 21 föröfvas
1005 274 22 20 af

194 302 78 27 nägon,
295 308 46 15 som
363 302 62 27 lyder
447 302 69 21 under
538 302 70 21 denna
630 302 41 27 lag,
686 303 65 20 likväl
774 302 49 21 med
847 303 108 26 undantag
970 302 21 21 af
1006 302 20 27 ej

195 331 85 21 mindre
295 330 191 27 äktenskapsbrott,
500 331 81 21 hvilket
597 331 34 20 vid
647 331 77 21 allmän
740 331 92 21 domstol
843 331 38 21 bör
891 331 136 27 handläggas,

195 362 27 19 än
239 359 147 28 religionsmäl
402 359 39 21 och
456 359 79 21 sädana
550 359 138 27 förbrytelser
702 360 7 20 i
725 359 164 28 presta-embete
904 366 45 15 som
961 359 66 28 enligt

195 388 133 27 kyrkolagen
350 388 83 21 tillhöra
449 388 149 27 domkapitlets
614 389 154 27 upptagande».
799 387 30 22 Af
844 388 60 21 ordet
921 388 103 21 »sädana»

195 417 90 21 framför
305 417 61 20 ordet
386 416 161 27 »förbrytelser»
569 423 35 15 ser
619 417 35 21 det
669 419 30 24 ut,
715 423 46 15 som
777 423 35 14 om
828 417 36 20 det
879 417 63 21 också
957 417 69 21 skulle

195 445 71 22 finnas
289 445 80 21 sådana
393 445 137 26 förbrytelser
544 445 7 20 i
567 445 160 28 prestaembete,
742 452 46 15 som
812 445 65 21 borde
893 446 50 21 höra
959 445 68 21 under

195 474 157 27 krigsdomstol.
383 473 88 22 Presten
487 474 38 21 hör
540 474 76 21 endast
630 474 6 21 i
653 474 42 26 fält,
712 475 38 20 och
767 474 37 21 der
819 474 47 21 icke
881 475 6 20 i
902 474 99 21 afseende
1014 474 13 21 å

196 503 105 21 embetets
317 502 132 27 förrättning,
464 505 51 18 utan
532 502 91 21 allenast
637 503 7 20 i
660 503 100 21 afseende
776 503 12 20 å
804 503 41 20 den
856 503 80 26 lydnad
947 503 41 20 han
1004 504 23 19 är

195 532 86 27 skyldig
303 531 26 21 de
349 531 107 20 allmänna
472 531 165 27 föreskrifterna,
653 531 69 22 under
730 531 163 33 krigsdomstol,
910 537 48 15 men
974 531 7 20 i
996 531 30 21 af-

196 560 84 21 seende.
295 560 13 20 å
325 560 37 20 sitt
377 559 83 22 embete
476 559 41 21 kan
533 560 41 21 han
591 560 108 27 verkligen
716 560 18 27 ej
751 560 53 21 höra
819 560 68 21 under
902 560 69 27 någon
990 566 36 14 an-

196 595 42 14 nan
262 588 127 27 myndighet
411 590 25 18 än
458 588 47 25 den,
530 595 45 13 som
600 589 130 27 kyrkolagen
754 589 142 21 föreskrifver,
919 588 106 26 nämligen

196 617 70 21 under
287 617 102 27 biskopen
413 616 38 21 och
475 616 143 33 domkapitlet.
648 618 38 20 Att
709 617 57 21 detta
788 616 79 28 förslag
885 612 32 26 till
932 616 95 27 strafflag

196 646 33 20 för
248 645 79 21 militär
341 646 39 20 har
394 645 33 21 för
441 645 63 27 afsigt
518 647 30 19 att
568 646 2 19 i
586 646 70 26 någon
671 652 50 14 mon
737 646 100 20 förändra
853 645 173 27 militärprestens

196 674 102 27 ställning
320 674 93 27 framgår
432 674 63 20 också
517 674 21 20 af
553 674 12 26 $
582 675 26 19 10
624 674 5 20 i
646 674 41 21 den
703 674 109 21 såkallade
828 674 197 27 ordningsstadgan,

196 703 38 21 der
257 703 36 21 det
312 702 60 21 heter
393 704 30 19 att
442 702 110 21 »beträdes
568 702 35 21 vid
619 703 116 27 krigsmakt
750 702 83 22 anstäld
849 705 57 25 prest
920 702 48 21 med
984 702 41 21 för-

196 731 116 21 summelse
328 731 7 20 i
350 732 32 20 sin
399 731 69 27 tjenst,
479 731 108 27 anstötligt
598 731 94 21 lefverne
710 731 52 21 eller
773 731 112 27 oskickligt
894 731 131 27 uppförande

196 761 7 20 i
219 760 64 27 öfrigt
304 760 53 20 eller
379 759 48 21 med
446 766 69 14 annan
536 759 65 21 sådan
622 760 106 24 förseelse,
744 766 45 14 som
806 760 89 27 ådrager
909 760 66 20 andra
991 760 34 20 vid

196 788 145 27 krigsmakten
358 788 94 20 anstälda
468 794 100 21 personer
584 788 137 27 straffpåföljd
737 788 67 27 enligt
816 788 70 21 denna
896 788 80 27 stadga,
987 788 39 20 och

195 819 67 19 rättar
285 817 42 20 han
349 817 32 26 sig
404 816 46 21 icke
473 817 53 20 efter
541 817 83 20 enskild
645 817 147 26 föreställning
808 817 21 20 af
844 818 101 26 truppens
961 816 64 21 befäl-

196 846 95 26 hafvare,
307 847 49 25 göre
373 845 69 20 denna
458 845 97 20 anmälan
572 845 74 21 derom
663 845 38 21 hos
717 845 159 21 vederbörande
892 845 134 27 domkapitel,

197 881 46 14 som
263 881 51 20 eger
329 875 30 19 att
374 873 47 21 med
437 873 65 21 saken
519 873 71 22 vidare
605 873 98 21 förfara>.
732 874 12 20 I
762 874 24 21 10
804 874 12 26 &
832 874 21 20 af
868 873 158 28 ordningsstad-

196 909 41 21 gan
263 903 127 20 bestämmes
414 901 87 27 således,
524 902 55 20 huru
600 902 53 20 skall
676 902 95 26 förfaras,
788 908 33 15 om
842 904 84 25 presten
942 904 37 24 gör
994 902 33 26 sig

196 931 86 27 skyldig
300 930 33 21 till
352 930 111 27 oskickligt
485 930 94 21 lefverne
595 931 39 20 och
651 930 131 28 uppförande
799 937 18 14 o.
833 937 15 14 s.
865 938 24 18 v.,
904 937 49 15 men
969 930 57 21 detta

196 960 77 21 strider
293 959 118 27 uppenbart
426 961 44 19 mot
484 959 138 27 kyrkolagen,
637 962 22 24 ty
675 960 38 20 här
728 960 43 20 stär
787 959 41 25 det,
844 961 29 19 att
888 958 139 28 domkapitlet

197 988 38 21 bör
259 991 91 25 upptaga
373 988 38 20 och
433 987 63 21 döma
516 988 6 20 i
538 987 72 29 dylika
630 988 47 20 mål.
706 987 42 21 Det
768 988 39 20 har
822 988 18 26 ej
857 988 67 20 heller
939 988 6 20 i
962 988 64 26 några

196 1017 134 27 stadganden
346 1016 39 21 och
401 1016 152 27 förordningar,
569 1023 45 14 som
630 1016 81 21 härtills
727 1016 58 28 gällt,
796 1017 54 20 varit
860 1016 103 27 nägonsin
975 1016 52 21 eller

197 1045 142 27 nägorstädes
362 1044 102 28 stadgadt,
487 1047 30 18 att
540 1045 222 21 militärbefälhafvare
781 1045 69 21 skulle
866 1045 73 21 kunna
953 1045 74 21 utöfva

197 1074 70 27 nägon
291 1074 146 32 uppsigtsrätt
442 1074 60 20 öfver
517 1076 83 32 presten
617 1074 48 20 med
681 1074 101 20 afseende
798 1074 12 20 ä
825 1073 112 21 förseelser
952 1074 7 20 i
974 1074 53 20 hans

197 1103 84 21 embete
305 1102 52 21 eller
379 1108 38 14 ens
432 1102 6 20 i
454 1102 100 21 afseende
569 1102 12 21 å
597 1103 52 20 hans
672 1102 97 21 enskilda
794 1102 100 27 lefverne,
917 1105 49 18 utan
989 1102 38 20 har

197 1134 85 24 presten
305 1131 50 21 stått
371 1130 68 21 under
459 1130 41 21 den
516 1131 126 27 domsvärjo,
662 1138 45 14 som
723 1131 7 21 i
746 1131 132 27 kyrkolagen
890 1119 137 32 "bestämmes

196 1160 66 20 likväl
279 1160 48 20 med
344 1159 107 27 undantag
466 1162 30 18 att
511 1160 26 20 då
554 1160 40 20 han
610 1162 24 18 är
648 1160 7 20 i
670 1160 44 27 fält,
728 1160 43 20 han
788 1159 38 21 där
840 1160 39 20 har
893 1162 31 18 att
934 1159 93 27 iakttaga

197 1188 37 21 allt
257 1188 55 21 hvad
337 1188 118 27 krigslagen
472 1188 140 21 föreskrifver.
643 1188 48 21 Men
708 1176 58 33 detta
782 1188 66 27 gäller
864 1188 77 20 honom
957 1187 68 21 såsom

197 1223 27 14 en
246 1217 32 20 till
295 1216 167 27 militärtruppen
479 1216 93 21 hörande
588 1217 126 26 tjensteman
730 1217 41 20 och
787 1217 18 26 ej
822 1217 69 20 såsom
909 1218 62 25 prest,
987 1215 39 22 och

197 1245 71 21 derför
284 1245 69 21 skulle
367 1245 36 27 jag
417 1251 51 14 anse
484 1245 35 21 det
529 1251 49 14 vara
587 1245 21 20 af
616 1245 79 27 ganska
703 1247 44 19 stor
756 1245 44 27 vigt
808 1247 30 19 att
846 1245 65 21 orden
922 1244 102 21 »sädana»

197 1274 89 21 framför
301 1273 137 26 förbrytelser
453 1273 51 28 utgå
519 1273 51 22 eller
586 1274 63 21 också
664 1276 30 19 att
709 1274 66 21 orden
789 1273 91 21 »sådana
890 1273 137 26 förbrytelser

198 1303 5 20 i
220 1302 167 27 prestaembete»
412 1309 17 14 o.
446 1309 14 13 s.
478 1309 24 19 v.,
516 1302 95 27 förbytes
635 1305 44 18 mot
696 1303 66 20 orden
784 1302 91 21 »sådana
891 1301 136 27 förbrytelser

199 1338 45 13 som
269 1334 58 24 prest
345 1331 70 20 såsom
433 1337 26 14 en
476 1331 30 20 till
522 1331 40 20 den
579 1331 90 21 militära
685 1334 90 24 truppen
792 1331 93 20 hörande
900 1331 126 26 tjensteman

197 1361 58 26 gör»,
273 1363 23 23 ty
312 1359 47 21 med
376 1362 148 25 prestmannen
541 1359 69 21 såsom
626 1360 65 20 sådan
708 1360 41 20 kan
767 1359 93 21 hvarken
879 1358 148 28 krigsdomstol

197 1388 53 21 eller
272 1390 58 19 ännu
353 1394 45 15 mer
422 1387 141 22 befälhafvare
585 1388 120 27 egentligen
721 1388 65 21 hafva
802 1390 30 19 ett
846 1387 73 22 skaffa.
947 1387 42 21 Det
1004 1389 23 18 är

197 1417 21 20 af
234 1417 81 27 ganska
331 1418 43 19 stor
391 1417 48 26 vigt,
449 1419 31 18 att
490 1419 40 18 den
542 1416 106 27 ställning,
656 1423 44 14 som
711 1418 85 25 presten
807 1416 35 21 vid
850 1423 27 14 en
886 1416 141 27 militärtrupp

197 1445 44 25 har,
257 1445 110 21 förblifver
382 1445 65 20 sådan
464 1445 39 21 den
519 1445 81 21 härtills
616 1446 58 20 varit.
704 1445 62 21 Hans
782 1445 101 27 ställning
898 1445 38 20 har
946 1444 81 21 härtills

197 1474 54 20 varit
275 1473 148 27 fullkomligen
446 1473 118 21 oberoende
588 1474 21 20 af
632 1473 224 21 militärbefälhafvare
878 1474 39 20 och
933 1472 40 22 han
989 1473 38 20 har

197 1502 65 21 också
286 1503 81 20 kunnat
390 1502 72 20 utöfva
484 1502 35 21 det
540 1502 118 27 inflytande
673 1502 7 20 i
696 1504 91 25 truppen
808 1502 53 20 både
877 1502 26 27 på
918 1501 109 22 officerare

197 1531 40 20 och
260 1531 108 26 manskap,
389 1537 45 14 som
450 1530 40 21 han
507 1530 6 20 i
530 1531 106 27 egenskap
651 1530 22 21 af
687 1530 134 27 själasörjare
836 1529 40 22 bör
889 1530 72 25 hafva;
978 1535 49 16 men
