1103 1811
317 150 160 18 Presteståndet
490 151 56 17 1882.
572 151 26 17 23
611 150 47 22 maj.
822 146 50 20 1481

145 218 134 22 Beträffande
301 219 112 21 utskottets
428 219 78 27 förslag
522 221 30 19 att
567 219 26 21 de
608 219 22 21 af
645 218 190 27 bankfullmäktige
851 219 54 21 efter

77 248 12 26 $&
115 248 40 20 135
170 248 7 20 i
193 248 61 20 deras
276 247 79 27 förslag
375 248 85 26 intagna
484 251 75 17 trenne
580 248 148 26 paragraferna
745 247 47 27 136,
810 248 38 20 137
865 248 39 20 och

78 277 40 20 138
137 276 47 21 icke
199 276 69 20 skulle
283 276 7 20 i
306 276 35 21 det
357 276 107 21 blifvande
481 276 139 26 reglementet
635 276 50 27 ingå
700 276 94 20 uttalade
810 276 32 26 sig
858 282 47 21 pro-

77 307 46 18 sten
138 304 77 27 Hjelt
231 307 56 18 emot
303 305 56 20 detta
376 304 155 26 utelemnande,
547 304 69 21 såvidt
626 304 35 21 det
672 304 60 21 rörde
744 304 42 21 den
796 304 32 21 för
840 304 65 21 bank-

77 333 126 27 tjenstemän
227 333 120 27 föreslagna
371 335 123 19 semestern.
524 333 88 20 Talaren
636 333 64 27 ansåg
719 332 71 21 denna
806 334 101 19 semester

77 361 54 21 både
153 362 50 20 böra
226 362 38 20 och
286 361 73 21 kunna
378 361 94 28 beviljas,
488 361 26 21 då
530 361 12 21 å
558 368 40 14 ena
613 361 60 21 sidan
690 361 61 21 dessa
767 361 138 27 tjenstemäns

77 390 95 27 göromål
188 396 50 15 vore
253 390 80 27 ganska
350 390 73 21 odiösa
438 392 55 19 samt
508 390 36 21 det
559 390 12 20 å
586 390 67 21 andra
667 390 61 21 sidan
744 390 18 27 ej
776 396 48 15 vore
836 389 69 28 någon

77 418 107 27 svårighet
206 419 32 20 för
261 419 227 26 banktjenstemännen
512 421 30 18 att
562 419 69 20 under
646 425 25 14 en
689 419 83 20 kortare
787 418 30 21 tid
832 419 73 26 tjenst-

78 449 50 25 göra
143 447 33 20 för
192 447 123 21 hvarandra.

147 504 110 21 Professor
281 504 167 27 Runeberg:
481 504 42 21 Det
550 506 23 19 är
595 504 62 21 äfven
681 504 53 21 efter
756 510 29 14 nu
808 504 98 27 gällande

79 533 73 27 stadga
174 533 18 26 ej
210 533 63 26 något
288 533 75 20 hinder
377 533 33 20 för
426 533 189 26 bankfullmäktige
632 535 29 18 att
677 533 77 26 bevilja
769 535 102 18 semester
886 533 21 20 åt

79 562 227 26 banktjenstemännen
329 564 39 18 och
392 561 111 28 möjlighet
526 561 69 21 dertill
618 561 68 21 finnes
709 561 62 21 äfven
790 561 6 20 i
812 561 94 21 bankens

79 592 94 22 statuter,
189 589 26 21 då
230 589 38 21 der
283 590 60 26 ingår
358 592 30 18 ett
403 590 73 27 anslag
492 590 32 20 för
540 590 56 20 detta
613 590 103 20 ändamål.
747 589 107 21 Utskottet
869 590 38 20 har

79 618 90 21 likasom
192 618 63 21 också
278 618 196 27 bankdirektionen,
498 620 69 19 ansett
582 618 36 21 det
633 618 97 27 lämpligt
744 620 30 19 att
790 618 69 21 denna
874 624 33 14 se-

79 647 172 27 mesterledighet
266 647 47 21 icke
328 647 69 21 skulle
413 647 20 20 få
448 647 93 27 åtnjutas
556 647 21 20 af
592 646 41 21 alla
645 646 183 28 banktjenstemän
840 646 67 27 regel-

80 676 86 25 bundet,
183 679 51 17 utan
250 677 30 19 att
295 675 56 21 detta
367 676 65 20 borde
448 676 81 20 lämnas
545 676 21 20 åt
581 675 132 21 direktionen
725 676 38 20 och
775 675 132 27 fullmäktige

80 706 30 19 att
125 704 53 21 efter
197 704 207 27 omständigheterna
421 704 122 25 bestämma,
559 704 104 20 huruvida
679 704 69 27 någon
765 704 142 27 banktjenste-

80 739 49 14 man
146 732 71 21 kunde
233 732 88 28 beviljas
337 739 25 15 en
379 733 64 20 sådan
460 732 201 28 semesterledighet.

150 789 30 21 På
195 789 156 28 framställning
366 790 21 20 af
403 790 47 21 herr
464 789 154 21 Talmannen
636 789 66 21 beslöt
718 789 93 25 Ståndet,
822 789 6 20 i
840 789 67 20 öfver-

81 818 160 21 ensstämmelse
257 818 47 21 med
322 818 112 21 utskottets
450 818 124 21 hemställan
591 818 12 21 &
618 819 77 26 pagina
712 819 32 24 33,
760 820 30 19 att
802 817 105 21 bankfull-

81 847 104 26 mäktiges
207 847 78 26 förslag
308 853 34 14 om
366 847 119 21 inrättande
508 847 20 20 af
544 849 74 18 trenne
634 853 42 20 nya
692 847 120 26 paragrafer
826 846 54 21 efter
895 847 12 26 $

83 876 40 20 135
138 875 47 21 icke
201 875 64 21 måtte
281 875 30 21 till
328 875 69 28 någon
413 875 72 27 åtgärd
502 875 115 21 föranleda.

151 937 42 21 Det
211 927 25 31 af
254 938 102 21 utskottet
371 938 26 27 på
413 938 143 28 nyssnämnda
572 938 44 21 sida
633 938 118 27 föreslagna
768 938 93 26 tillägget
877 937 31 21 till

83 969 67 19 staten
174 966 33 21 för
227 966 102 22 Finlands
348 967 56 21 bank
419 967 124 27 godkändes
559 967 101 21 likaledes
676 967 25 27 på
717 966 155 27 framställning
887 966 21 20 af

83 996 47 20 herr
145 995 184 21 Talmannen.

151 1058 134 21 Beträffande
309 1058 112 21 utskottets
442 1058 104 21 likaledes
568 1058 27 27 på
614 1064 81 15 samma
710 1058 76 27 pagina
802 1056 107 28 befintliga

82 1086 84 27 förslag,
188 1088 30 19 att
241 1086 26 21 de
289 1087 20 21 af
325 1086 191 28 bankfullmäktige
532 1087 119 27 föreslagna
667 1086 139 28 ändringarna
822 1086 6 20 i
844 1085 65 27 sagda

83 1117 40 19 stat
138 1115 65 21 måtte
219 1115 81 21 lämnas
317 1118 49 18 utan
384 1116 106 25 afseende,
505 1116 83 26 yttrade
604 1116 32 26 sig
651 1115 92 27 följande
759 1114 73 22 talare:

153 1178 88 20 Prosten
256 1177 84 28 Hjelt
356 1178 142 21 understödde
515 1178 75 20 doktor
604 1178 108 20 Lindelöfs
726 1177 30 21 till
768 1176 143 22 betänkandet

82 1206 76 27 fogade
181 1207 136 25 reservation,
333 1206 68 21 såvidt
423 1206 41 21 den
488 1207 76 26 angick
579 1206 64 21 lönen
660 1206 20 21 åt
696 1206 64 21 förste
776 1206 132 20 kamreraren

84 1235 34 20 vid
134 1234 90 21 banken.

152 1297 109 21 Professor
287 1297 85 22 Cleve
398 1297 112 22 förordade
536 1297 102 21 likaledes
661 1297 91 21 nämnda
776 1297 134 21 reservation.

82 1325 48 22 Den
154 1333 45 14 som
222 1328 49 19 sett.
284 1326 80 21 hvilket
379 1326 71 21 arbete
466 1327 40 20 och
522 1326 80 21 hvilket
618 1332 76 15 ansvar
705 1325 85 22 hvilade
805 1325 26 28 på
846 1325 64 20 förste

83 1355 134 21 kamreraren
234 1355 71 20 kunde
322 1355 79 27 knappt
416 1361 50 14 anse
483 1355 77 20 honom
576 1361 38 14 ens
630 1354 65 27 enligt
705 1355 57 20 detta
773 1354 77 27 förslag
862 1360 49 14 vara

83 1383 121 27 tillräckligt
219 1383 90 21 aflönad.
339 1383 61 21 Hans
416 1383 165 27 embetsuppgift
597 1390 37 14 var
649 1383 20 20 af
682 1383 41 21 den
735 1383 134 26 betydenhet,
881 1384 30 19 att

83 1411 40 22 den
141 1411 66 22 måste
222 1412 73 21 ställas
309 1412 7 20 i
331 1411 125 28 jämnbredd
474 1412 48 21 med
538 1412 64 21 förste
618 1411 117 22 kassörens.

153 1474 110 21 Professor
280 1474 143 25 Forsman,
439 1474 23 20 G.
479 1474 27 26 Z.,
522 1474 93 26 yhdistyi
632 1474 82 20 kahden
730 1473 100 21 edellisen
843 1473 68 27 puhu-

81 1503 36 26 jan
135 1502 160 28 mielipiteesen,
312 1503 101 20 mainiten
429 1503 150 20 ensimmäisen
596 1502 118 21 kamreerin
730 1502 93 21 hallussa
836 1502 75 20 olevan

84 1531 45 20 niin
152 1537 79 14 suuren
254 1533 86 18 määrän
362 1531 98 27 pankissa
477 1531 142 26 säilytettäviä
634 1531 135 26 arvoaineita,
786 1531 41 20 että
843 1530 68 21 hänen
