1103 1811
226 140 57 21 1456
447 146 160 18 Presteståndet
619 146 56 17 1882.
699 147 27 17 23
738 146 47 22 maj.

197 214 64 20 behof
283 214 21 20 af
325 214 163 28 rörelsekapital.
518 214 42 21 Det
582 221 64 20 synes
669 215 62 21 alltsä
754 215 68 20 säsom
846 214 127 22 ätminstone
995 214 32 22 för

197 242 133 22 närvarande
353 245 30 19 ett
405 243 22 20 sä
449 245 53 19 stort
525 243 63 21 behof
611 244 21 20 af
655 244 33 20 län
704 243 75 23 finnes,
795 245 29 19 att
841 244 35 20 det
891 244 18 26 ej
927 244 40 20 kan
983 243 43 21 till-

196 270 132 22 fredsställas
344 271 47 21 med
409 272 80 20 mindre
505 274 26 18 än
548 278 38 14 sex
602 273 12 19 ä
629 272 34 27 sju
679 272 98 27 miljoner
792 272 65 20 mark.
887 272 88 21 Fonden
989 272 37 20 har

196 300 119 20 emellertid
339 300 33 20 tvä
394 300 97 26 miljoner
506 300 7 20 i
529 300 146 27 obligationer,
699 301 71 20 hvilka
796 300 71 21 kunna
882 301 86 20 hvilken
985 300 40 27 dag

197 334 46 14 som
267 328 55 21 helst
344 328 120 21 förvandlas
487 328 31 21 tili
543 329 99 20 kontanta
664 329 118 27 penningar
798 329 56 20 ochi
872 329 37 20 fall
925 329 21 20 af
963 329 62 20 behof

197 357 57 26 tjena
278 356 69 21 såsom
366 357 96 20 säkerhet
485 357 32 20 för
538 360 30 17 att
590 357 149 21 annuiteterna
762 357 58 20 skola
844 357 72 21 kunna
934 357 6 20 i
956 359 67 19 rättan

197 385 29 20 tid
251 385 57 27 utgå.
325 398 24 2 —
366 385 42 27 Jag
431 385 37 21 bör
492 385 63 21 också
580 386 91 27 upplysa
696 387 40 19 om
754 388 30 18 att
806 386 35 20 det
864 386 115 27 ingalunda
1002 388 23 18 är

197 414 57 26 regel
278 416 31 18 att
331 413 163 22 industriidkare
517 414 79 21 erhälla
618 414 33 21 län
675 414 46 21 frän
743 415 70 20 denna
830 415 55 24 fond,
902 416 49 19 utan
967 414 57 27 jord-

197 442 98 25 brukare,
319 443 38 20 och
381 443 73 20 endast
479 443 151 26 undantagsvis
647 443 40 20 kan
704 443 124 27 regeringen
845 443 61 20 äfven
923 443 21 20 ät
959 443 65 20 andra

197 470 78 27 bevilja
292 471 40 20 län.
348 483 27 3 —
391 471 41 26 Jag
446 471 38 20 har
498 471 80 21 försökt
594 473 93 25 uppgöra
703 478 26 14 en
744 471 127 21 summarisk
883 471 71 26 kalkyl
965 471 59 21 öfver

197 499 26 20 de
243 499 34 21 län
302 505 44 14 som
364 499 34 20 vid
415 499 111 21 december
542 499 87 21 mänads
645 500 42 21 slut
703 500 23 20 är
738 500 52 20 1881
802 506 50 14 voro
863 500 65 27 öfriga
941 500 38 21 och
989 500 36 27 jag

196 527 38 21 har
250 528 71 20 funnit
337 528 48 20 dem
401 529 53 26 stiga
470 528 31 21 till
518 529 110 26 1,082,000
646 529 65 20 mark.

266 584 81 21 Doktor
369 584 155 21 Lindelöf:
556 585 128 21 Ständernas
707 586 39 20 och
767 585 114 26 styrelsens
897 585 75 20 affärer
987 585 36 20 be-

196 614 49 19 röra
262 613 118 21 hvarandra
396 614 7 19 i
419 613 75 27 mänga
510 614 96 26 punkter,
622 614 38 20 och
677 614 43 20 helt
736 614 51 20 visst
802 614 69 20 skulle
887 613 35 21 det
938 614 18 26 ej
973 620 50 14 vara

197 642 70 25 någon
285 642 105 26 svårighet
406 644 29 18 att
450 642 72 20 kunna
538 642 6 20 i
561 648 80 14 samma
657 642 50 20 fond
724 642 87 20 bokföra
823 642 53 20 både
887 642 136 27 regeringens

197 670 40 20 och
262 670 129 20 Ständernas
406 670 90 21 skulder.
527 670 31 21 De
576 670 68 21 skilda
660 670 81 26 fonder,
757 677 43 14 som
818 670 57 20 detta
891 670 132 27 bokförings-

196 700 41 18 sätt
252 698 70 21 skulle
337 699 88 20 inverka
440 698 32 28 pä,
488 705 49 14 vore
552 699 99 21 särskildt
662 698 282 26 kommunikationsfonden,
955 705 68 14 amor-

196 727 201 21 tissementsfonden
426 728 38 20 och
495 727 198 21 donationsfonden.
731 727 292 21 Kommunikationsfondens

196 755 143 27 räkenskaper
355 756 68 20 skulle
439 756 20 20 fä
474 758 29 18 ett
518 756 86 26 mycket
619 756 95 27 redigare
731 756 108 25 utseende,
855 756 25 20 de
891 756 69 20 skulle
972 762 51 20 upp-

196 786 49 24 taga
268 784 27 27 pä
317 784 121 20 debetsidan
455 784 183 21 bränvinsskatten
655 785 39 20 och
711 784 178 21 nettoinkomsten
905 784 46 20 frän
967 784 56 27 jern-

195 813 99 25 vägarna,
318 812 25 27 pä
366 812 128 21 kreditsidan
517 813 45 20 äter
577 813 39 20 den
641 813 45 20 frän
707 813 260 20 amortissementsfonden
991 812 31 21 till

196 841 143 20 statsskulden
356 841 92 20 hörande
465 841 122 20 annuiteten
605 841 6 20 i
627 841 67 20 runda
710 847 100 14 summor.
841 841 49 20 Man
907 841 68 20 skulle
991 841 32 20 sä-

196 869 65 20 lunda
278 870 6 19 i
301 875 25 14 en
343 869 50 21 fond
410 869 62 21 hafva
488 876 26 14 en
531 870 100 27 öfversigt
646 870 21 20 af
682 870 48 20 hela
745 869 101 21 Finlands
858 869 114 21 statsskuld
984 870 39 20 och

196 897 37 20 allt
249 897 55 21 hvad
321 898 70 20 denna
407 898 123 20 statsskulds
547 899 128 26 amortering
689 899 71 26 angär.
773 910 23 2 —
812 898 127 26 Visserligen
952 898 70 20 kunde

196 925 157 27 benämningen
373 926 51 20 fond
448 933 49 13 vara
520 926 105 27 olämplig,
645 926 71 21 derför
731 929 29 18 att
776 926 60 20 ordet
852 926 50 20 fond
917 926 106 26 häntyder

197 954 25 26 på
239 960 26 14 en
291 955 41 20 viss
356 954 127 28 behållning,
505 961 44 14 som
572 955 38 20 der
626 955 69 27 ingår;
712 955 149 27 behållningen
879 961 49 14 vore
944 955 6 19 i
967 955 56 20 detta

196 982 101 21 afseende
320 990 24 14 en
367 983 69 25 skuld,
451 990 45 14 som
512 983 23 21 år
550 983 46 21 från
612 984 24 20 år
650 984 69 21 skulle
736 984 98 20 minskas.
865 983 49 21 Men
931 982 90 28 mycken

195 1011 51 21 reda
270 1011 69 21 skulle
362 1012 35 20 det
420 1012 153 27 otvifvelaktigt
596 1012 94 20 medföra
711 1012 6 20 i
733 1012 238 27 räkenskapsväsendet,
988 1018 33 14 om

195 1039 40 21 alla
252 1040 27 20 de
295 1040 26 27 på
340 1042 31 18 tre
387 1040 67 20 skilda
476 1040 75 21 fonder
570 1040 85 27 spridda
676 1041 116 20 statslånen
808 1040 77 21 samlas
901 1040 6 20 i
923 1046 27 15 en
966 1040 56 20 fond.

266 1097 108 21 Professor
396 1096 151 28 Forsman,
571 1098 23 20 G.
618 1098 28 20 Z.:
677 1098 32 20 On
732 1098 125 27 jokseenkin
878 1097 145 26 luonnollista,

194 1127 42 19 eltä
258 1126 45 20 kun
327 1132 26 14 on
377 1126 103 26 kysymys
503 1127 85 26 rahojen
613 1127 128 25 saamisesta,
764 1127 44 20 niin
830 1126 109 27 ylipäänsä
958 1126 64 21 harva

194 1154 72 21 tahtoo
288 1154 102 21 vähentää
409 1154 77 21 valtion
503 1155 150 21 avuliaisuutta
668 1156 21 26 ja
704 1155 100 27 jokainen
820 1155 71 26 löytää
906 1154 48 21 aina
969 1155 53 26 jota-

194 1182 36 20 kin
254 1185 69 24 syytä,
347 1183 71 20 minkä
439 1183 76 21 tähden
538 1184 69 26 pitäisi
628 1184 86 20 runsain
731 1184 80 20 määrin
828 1190 53 20 apua
898 1186 68 17 antaa.
996 1183 25 21 Ei

194 1210 131 21 kuitenkaan
348 1212 33 19 voi
405 1211 82 26 kieltää,
510 1214 41 19 että
575 1212 50 20 mitä
648 1212 62 20 tähän
730 1212 212 21 kuoletusrahastoon
959 1211 62 26 tulee,

193 1245 37 14 sen
253 1239 135 21 lainausliike
411 1246 26 14 on
460 1240 20 27 jo
505 1240 143 27 ulkopuolella
671 1247 36 14 sen
732 1240 142 27 alkuperäistä
896 1240 125 21 tarkoitusta

193 1267 21 26 ja
230 1270 44 18 että
289 1268 189 27 periaatteellisesti
498 1269 195 20 kuoletusrahaston
710 1269 159 20 tarkoituksena
885 1269 19 20 ei
920 1268 33 21 ole
969 1268 52 21 ollut

193 1296 142 21 lainausliike.
365 1297 38 20 Jos
419 1297 74 20 kerran
512 1297 197 21 kuoletusrahaston
726 1297 85 21 nimellä
828 1303 26 14 on
870 1297 80 27 jotakin
968 1303 53 14 mer-

193 1324 86 27 kitystä,
303 1325 43 20 niin
368 1325 97 21 rahaston
488 1326 55 21 tulee
566 1326 84 27 käyttää
669 1326 117 21 tilaisuutta
803 1325 78 21 valtion
897 1325 124 27 obligatioo-

194 1353 49 20 nien
268 1354 127 20 ostamiseen
423 1354 69 21 silloin
516 1355 43 20 kun
578 1361 27 14 ne
632 1357 49 18 ovat
707 1355 98 20 halvassa
833 1355 106 20 hinnassa
969 1354 52 20 Siitä

193 1387 26 14 on
236 1382 86 21 ainakin
348 1382 192 21 kahdenkertainen
562 1385 46 18 etu:
632 1383 78 21 ensiksi
730 1383 64 21 valtio
810 1385 80 18 saattaa
905 1383 48 20 siitä
969 1383 52 20 voit-

193 1413 33 17 taa
251 1411 22 26 ja
301 1411 85 20 toiseksi
411 1417 22 15 se
460 1411 100 28 ylläpitää
588 1411 190 28 obligatiooniensa
804 1418 70 18 arvoa,
899 1413 57 19 estää
981 1411 40 20 sitä

194 1438 138 21 milloinkaan
362 1439 70 21 vallan
462 1439 112 22 alhaiseksi
605 1442 130 19 menemästä
763 1440 51 21 sekä
838 1440 54 20 siten
921 1439 100 28 ylläpitää

193 1473 62 14 maan
280 1467 111 21 krediittiä.
420 1468 106 21 Tällainen
551 1474 27 14 on
598 1468 198 21 kuoletusrahaston
812 1468 150 26 alkuperäinen
980 1470 40 18 tar-

193 1495 70 20 koitus
279 1496 21 26 ja
316 1496 67 20 siihen
399 1496 157 21 tarkoitukseen
572 1497 53 26 sopii
640 1497 64 26 hyvin
716 1497 99 20 huonosti
826 1496 146 21 kaikellaisten
983 1496 37 20 lai-

193 1524 63 26 nojen
279 1525 122 20 antaminen
423 1525 91 26 joksikin
536 1525 90 27 pitkäksi
650 1525 71 26 ajaksi,
740 1525 47 21 sillä
803 1531 22 15 se
841 1525 113 26 vaikuttaa,
970 1524 49 21 ettei
