1103 1811
346 141 164 18 Presteständet
522 143 59 16 1882.
606 143 12 16 3
630 142 51 20 juni.
842 138 54 19 1799

164 213 30 19 att
217 210 87 22 Ståndet
320 213 50 19 utan
387 211 121 21 diskussion
524 211 95 27 godkänt
634 211 107 21 allmänna
756 211 169 21 besvärsutskot-

94 241 41 19 tets
151 240 133 21 betänkande
297 240 40 20 N:o
353 240 28 20 20
397 239 110 27 angående
523 240 59 20 inom
598 239 83 21 Preste-
696 240 39 20 och
746 239 178 27 Borgareståndet

95 269 74 20 väckta
192 268 77 27 förslag
292 275 34 14 om
341 268 121 21 inrättande
478 268 21 21 af
515 268 203 21 handtverksskolor
732 268 110 21 äfvensom
858 268 65 21 andra

94 297 97 26 åtgärder
206 297 31 20 till
253 296 257 27 yrkesundervisningens
527 296 154 27 befrämjande;

163 361 30 19 att
208 359 165 21 statsutskottets
390 359 134 21 betänkande
540 359 40 21 N:o
598 360 10 20 7
625 360 7 19 i
648 359 116 27 anledning
779 359 21 21 af
815 359 47 21 etti
872 359 51 20 Rid-

93 388 112 27 derskapet
226 388 38 21 och
289 388 61 21 adeln
373 388 119 21 framstäldt
515 388 178 27 petitionsförslag
716 388 109 27 angäende
841 387 82 28 försälj-

95 417 51 26 ning
162 417 21 20 af
198 417 171 20 kronoboställen
387 417 68 20 blifvit
470 417 22 20 af
507 417 89 20 Ständet
612 419 50 18 utan
675 417 120 20 diskussion
807 416 115 27 godkändt;

162 482 30 19 att
206 479 177 28 Borgareständet
400 480 33 20 vid
452 480 129 27 behandling
597 480 21 21 af
633 480 106 21 allmänna
755 480 168 21 besvärsutskot-

93 510 40 19 tets
149 508 132 21 betänkande
297 509 39 20 N:o
353 509 26 20 19
395 509 6 20 i
417 509 117 27 anledning
550 509 21 20 af
586 511 30 18 ett
626 509 57 20 inom
696 508 156 21 Presteständet
862 509 61 20 väckt

93 537 178 27 petitionsförslag
294 544 33 14 om
351 537 183 27 äterförläggande
551 538 21 20 af
588 537 35 21 det
638 537 68 21 finska
722 537 152 27 normallyceet
889 537 31 21 till

92 565 133 28 Helsingfors
246 566 91 21 beslutat
352 568 30 19 att
397 566 48 21 med
461 566 135 21 förkastande
612 566 22 21 af
648 566 112 21 utskottets
775 566 84 27 förslag,
876 572 44 14 om-

92 595 51 19 fatta
159 595 40 19 den
216 595 21 19 af
253 595 71 20 herrar
340 594 117 26 Malmgren
474 595 49 20 med
538 595 52 20 flera
606 595 30 20 till
653 595 142 20 betänkandet
810 594 111 27 vidfogade

93 623 163 25 reservationen,
278 625 29 19 att
329 623 161 27 ifrågavarande
507 623 210 27 petitionsmemorial
733 623 45 21 icke
795 622 63 22 måtte
874 622 47 21 från

92 651 129 21 Ständernas
236 652 45 20 sida
297 652 31 20 till
344 652 69 26 någon
429 652 73 26 åtgärd
518 652 121 25 föranleda;

161 714 46 20 från
224 714 159 21 Bondeståndet
399 714 48 21 med
463 714 103 21 förmälan

161 773 30 18 att
213 771 88 21 Ständet
319 772 93 27 godkänt
427 775 152 18 sammansatta
595 772 43 27 lag-
654 772 38 20 och
709 772 212 21 ekonomiutskottets

93 800 132 21 betänkande
248 800 39 21 N:o
313 801 24 20 11
354 801 6 19 i
377 799 115 28 anledning
512 801 21 20 af
548 803 30 18 ett
592 801 58 20 inom
666 800 177 27 Borgareståndet
860 800 61 21 väckt

92 829 184 26 petitionsförslag,
287 829 110 27 angående
407 829 162 27 fullständigare
581 829 131 27 stadganden
722 829 128 21 beträffande
857 829 63 20 barns

91 857 40 21 och
146 863 57 21 unga
219 863 110 21 personers
345 857 141 21 användande
502 858 6 20 i
524 857 93 21 fabriker
632 858 39 21 och
686 858 117 21 handtverk
819 859 53 19 sami
883 864 37 14 an-

91 885 82 27 gående
194 886 25 20 de
243 886 92 20 sanitära
350 885 161 22 förhållandena
527 887 6 20 i
549 887 93 20 fabriker
658 887 37 20 och
712 886 121 21 verkstäder
848 886 73 21 äfven-

91 920 46 14 som
160 914 129 21 beträffande
312 914 163 27 arbetsgifvares
498 915 136 27 ansvarighet
655 915 32 20 för
705 915 71 25 skada,
791 921 45 14 som
853 914 68 21 under

91 942 72 22 arbete
179 942 91 21 drabbar
285 943 104 25 arbetare;

160 1008 30 18 att
212 1006 88 21 Ständet
323 1006 76 21 bifallit
422 1006 242 28 bevillningsutskottets
686 1007 6 19 i
717 1006 109 21 skrifvelse
848 1006 39 20 den
908 1006 11 20 1

89 1033 53 21 Juni
165 1034 123 21 framstälda
311 1034 78 28 förslag
412 1037 30 19 att
461 1035 119 21 Ständerna
596 1035 68 21 skulle
680 1035 60 27 ätaga
756 1036 31 25 sig
802 1037 30 18 att
848 1035 72 21 fortfa-

89 1062 66 21 rande
179 1065 74 25 utgöra
277 1063 116 27 bevillning
416 1064 32 20 för
467 1064 93 20 inkomst
575 1064 55 20 intill
647 1064 104 27 utgängen
768 1064 21 20 af
804 1064 22 20 är
843 1064 53 20 1885
913 1064 7 19 i

89 1091 95 27 enlighet
204 1092 48 20 med
277 1092 76 27 nädiga
375 1092 153 27 förordningen
552 1093 22 20 af
589 1092 41 21 den
646 1092 26 21 26
688 1092 44 21 Juli
750 1093 60 25 1878,
828 1092 53 20 dock
897 1092 23 20 sä

89 1122 30 18 att
143 1120 26 26 88
192 1121 18 24 7,
232 1121 13 20 8
269 1121 38 20 och
331 1121 33 25 33,
383 1127 46 14 som
445 1122 55 26 angä
516 1124 62 18 extra
593 1121 117 27 bevillning
726 1121 31 21 för
772 1120 93 27 spelkort
881 1121 38 20 och

90 1148 142 27 maltdrycker
248 1149 63 21 derur
327 1149 102 21 uteslutas
446 1150 40 20 och
502 1150 108 27 ingressen
626 1150 32 20 får
673 1150 92 26 följande
781 1149 99 27 lydelse:

158 1211 101 21 Finlands
283 1211 100 22 Ständers
406 1211 120 28 bevillning
548 1213 32 20 för
600 1213 92 20 inkomst
708 1212 68 21 under
791 1212 49 21 ären
858 1212 61 24 1883,

90 1240 55 20 1884
161 1240 39 21 och
215 1241 64 25 1885;

158 1299 30 18 att
211 1297 88 21 Ständet
321 1297 93 27 godkänt
433 1298 216 21 ekonomiutskottets
665 1298 132 21 betänkande
812 1297 41 21 N:o
872 1299 21 19 11
912 1297 7 20 i

89 1325 116 28 anledning
226 1326 21 20 af
263 1328 29 19 ett
310 1326 3 20 i
329 1326 161 21 Bondeständet
506 1327 118 20 framstäldt
640 1327 176 26 petitionsförslag
832 1332 34 14 om
883 1332 36 14 an-

88 1354 87 21 släende
197 1355 21 20 af
241 1355 121 20 statsmedel
382 1355 30 20 till
429 1355 139 21 kommunala
583 1355 124 21 länefonder
727 1355 32 21 för
774 1354 145 27 befrämjande

89 1383 20 20 af
133 1383 18 26 ej
177 1383 81 20 mindre
280 1383 121 27 kärrodling
424 1385 26 19 än
476 1384 41 21 den
533 1383 44 22 lösa
593 1384 162 27 befolkningens
771 1383 96 21 fästande
883 1383 36 21 vid

88 1411 74 27 jorden
180 1411 123 22 förmedelst
317 1411 173 28 jordstyckning;

157 1470 30 18 att
210 1468 88 21 Ständet
313 1468 102 22 likaledes
431 1469 95 27 godkänt
542 1469 165 21 statsutskottets
722 1469 78 27 förslag
816 1468 31 21 till
863 1474 56 14 sam-

88 1496 161 27 manjemkning
264 1497 21 20 af
301 1497 25 20 de
338 1497 119 27 skiljaktiga
470 1497 76 26 beslut,
560 1498 58 20 hvari
630 1497 91 21 Ständen
733 1500 84 18 stannat
830 1496 89 21 rörande

87 1525 166 20 statsutskottets
270 1525 133 21 betänkande
419 1525 40 21 N:o
477 1526 12 20 9
505 1526 6 20 i
528 1525 114 28 anledning
658 1526 21 20 af
689 1525 230 28 finansexpeditionens
