1103 1811
225 140 54 21 1602
443 145 161 17 Presteståndet
617 146 57 17 1882.
699 146 26 17 26
737 146 49 21 maj.

194 220 47 15 som
264 216 81 25 tuppen
368 214 28 26 på
418 214 108 27 sophögen
542 215 7 21 i
565 214 37 22 fall
618 215 75 21 staden
708 215 48 21 icke
771 214 69 22 afstår
855 214 46 22 från
918 215 31 21 sin
965 214 63 27 afsigt

195 245 33 19 att
253 245 52 25 göra
328 242 124 22 Skatudden
472 243 33 21 till
520 243 149 27 upplagsplats
685 243 33 21 för
733 243 44 21 alla
792 244 57 25 slags
865 250 68 14 varor.
963 244 64 21 Dess-

195 273 60 19 utom
272 278 63 14 anser
348 271 42 27 jag,
405 274 33 18 att
452 278 49 14 man
517 272 46 21 icke
579 272 39 21 bör
634 272 65 21 tänka
714 272 34 27 på,
765 273 33 20 att
810 272 151 21 ständerhuset
971 272 56 21 skall

194 302 78 24 utgöra
295 300 76 21 endast
393 306 26 15 en
442 300 95 27 prydnad
552 300 33 21 för
607 301 74 20 staden
700 303 51 18 utan
775 300 40 21 bör
836 306 48 15 man
901 300 63 21 också
979 301 48 20 litet

196 332 49 22 taga
269 328 82 27 hänsyn
373 328 33 21 till
430 327 185 28 beqvämligheten
640 329 39 21 och
702 328 161 27 lämpligheten.
894 329 63 21 Hvad
979 329 49 20 åter

195 357 84 26 platsen
295 357 59 21 invid
369 357 168 26 länemagasinet
552 357 13 22 &
580 357 228 27 Observatorieberget
826 357 107 26 beträffar,
950 357 76 21 behöf-

194 391 38 15 ver
254 391 49 15 man
327 385 56 22 blott
398 392 22 15 se
435 385 27 27 på
478 386 76 21 kartan
570 386 34 21 för
618 388 33 19 att
665 386 57 21 finna
738 388 34 19 att
788 385 68 22 denna
872 387 62 26 plats,
949 385 24 21 så
989 385 37 22 do-

195 413 126 22 minerande
337 414 40 21 den
393 416 27 19 än
435 420 61 21 synes
512 421 58 19 vara,
588 417 24 19 är
627 415 23 21 så
665 415 97 21 inklämd
778 417 33 18 att
822 415 97 26 omkring
929 414 96 21 ständer-

193 443 70 24 huset,
288 442 80 27 byggdt
390 443 27 26 på
438 443 68 21 denna
521 443 63 27 plats,
600 443 69 22 skulle
691 443 32 22 fås
744 450 27 14 en
788 446 79 19 terrass
883 443 22 21 af
919 443 62 26 högst
997 445 29 19 20

194 471 42 22 fots
259 471 74 25 bredd,
356 471 107 22 hvarifrån
485 472 19 21 vi
527 472 69 21 skulle
617 472 62 21 hafva
702 478 26 15 en
752 474 115 25 ättestupa,
889 472 24 21 så
929 474 32 19 att
975 478 49 15 man

194 500 106 26 knappast
315 499 69 22 skulle
399 500 72 21 kunna
487 502 47 19 röra
550 501 32 26 sig
597 501 63 24 kring
675 501 68 21 huset.
775 501 38 21 Ett
828 501 134 26 ständerhus,
979 500 45 27 pla-

194 528 73 21 ceradt
290 528 90 21 emellan
403 529 159 21 Observatoriet
583 529 41 22 och
639 529 149 27 Kaserngatan
804 529 68 21 skulle
888 529 64 21 blifva
967 529 6 21 i
989 531 36 18 vä-

193 563 40 20 gen
250 557 34 21 för
299 557 134 22 anställande
448 557 22 22 af
484 558 165 21 observationer.
680 558 38 21 Att
733 558 49 21 åter
797 557 55 22 rifva
867 564 38 14 ner
919 557 105 22 Observa-

193 585 66 21 toriet
282 585 41 21 och
343 585 69 27 bygga
433 586 37 21 der
486 586 35 21 det
536 587 50 25 står,
603 587 73 26 tycker
689 587 38 27 jag
741 587 49 20 icke
806 587 41 20 kan
863 582 160 42 ifrågakomma.

192 613 42 28 Jag
249 614 75 26 tycker
339 614 82 21 således
437 616 32 19 att
484 603 113 33 resultatet
612 615 22 21 af
648 615 118 21 utskottets
782 614 110 22 utlåtande
908 616 23 20 är
947 614 76 27 tydligt

194 631 47 33 från
257 642 76 27 början
349 642 32 21 till
395 643 48 26 slut,
460 649 47 15 men
523 645 72 25 tyvärr
610 646 24 18 är
650 644 59 20 detta
726 644 92 21 resultat
833 644 101 26 negativt.

262 699 155 27 Kyrkoherden
433 700 81 26 Lyra:
530 700 63 21 Först
609 700 36 21 vill
659 700 36 27 jag
712 700 89 28 bemöta
819 701 26 20 de
860 700 163 27 invändningar,

193 734 45 15 som
253 728 68 27 gjorts
336 728 101 22 särskildt
458 730 57 20 emot
534 728 191 28 Mynthustomten.
757 729 150 21 Öfverläraren
923 728 100 22 Kihlman

193 757 39 21 har
248 757 71 21 anfört
334 759 33 19 tre
382 757 52 26 skäl,
450 756 85 22 hvarför
550 758 183 26 mynthustomten
749 758 49 20 icke
813 758 39 20 bör
866 758 23 20 af
903 757 120 21 Ständerna

192 785 104 21 förordas.
327 786 67 20 Dessa
416 788 32 18 tre
463 786 46 20 skäl
524 788 47 19 äro:
588 788 33 19 att
636 786 184 26 mynthustomten
836 788 24 19 är
875 785 98 27 aflägsen,
990 788 32 19 att

192 816 31 19 ett
239 813 138 27 Ständerhus,
400 813 79 28 byggdt
498 814 46 23 här,
560 814 68 21 skulle
644 816 51 25 göra
710 815 88 26 intrång
813 815 27 26 på
856 815 25 20 de
897 814 125 21 kommerci-

192 842 33 21 ela
241 843 111 24 intressen,
377 842 81 21 hvilkas
478 845 93 19 centrum
587 843 85 21 komme
687 845 34 19 att
736 843 67 21 blifva
819 843 130 26 Skatudden,
965 845 57 19 samt

191 873 33 18 att
246 870 167 27 ifrågavarande
435 874 54 19 tomt
509 871 46 21 icke
570 874 64 24 utgör
649 878 25 15 en
690 872 59 21 stilla
765 872 39 21 och
821 872 50 26 lugn
886 871 63 27 plats.
980 871 43 27 Jag

192 899 68 21 måste
276 899 88 21 förvåna
380 899 43 27 mig
439 900 59 20 öfver
512 902 33 19 att
561 900 39 21 den
617 900 64 21 ärade
691 900 85 21 talaren
788 901 68 20 funnit
868 900 153 27 mynthustom-

191 930 35 18 ten
243 927 101 27 aflägsen,
361 927 26 21 då
403 928 41 21 han
460 928 109 27 angående
585 928 235 22 Observatorietomten
835 929 31 21 lät
875 928 94 21 undfalla
982 928 39 27 sig,

190 959 33 18 att
239 957 70 21 denna
324 956 45 21 icke
393 958 24 19 är
433 957 116 27 synnerligt
564 956 97 28 atlägsen.
691 957 127 27 Mynthuset
834 959 24 19 är
871 957 22 26 ju
910 956 43 22 helt
968 958 53 20 nära

189 984 120 28 Kejserliga
331 985 92 26 palatset
446 985 39 22 och
507 986 47 20 icke
577 986 115 27 synnerligt
715 986 61 26 långt
799 986 47 21 från
869 985 152 22 Riddarhuset.

191 1013 53 22 Sant
259 1015 31 25 är,
307 1015 32 19 att
355 1013 131 27 Skatudden,
500 1020 76 21 genom
592 1017 32 18 att
640 1015 40 20 den
696 1014 78 22 hittills
790 1014 46 22 icke
848 1015 54 20 varit
915 1014 105 27 bebyggd,

190 1042 107 21 förefaller
313 1042 72 27 hvarje
399 1043 86 21 stadsbo
501 1049 50 15 vara
567 1045 31 19 ett
613 1042 89 28 aflägset
719 1046 59 18 terra
793 1043 114 27 incognita,
918 1049 47 15 men
976 1043 44 21 för-

189 1070 130 22 hållandena
335 1071 85 21 komma
435 1071 34 21 väl
484 1073 32 19 att
531 1072 65 21 blifva
611 1072 72 21 andra.
717 1073 37 20 Att
770 1072 21 20 få
806 1071 155 22 Ständerhuset
974 1071 46 27 pla-

189 1099 75 21 ceradt
279 1099 27 27 på
322 1106 25 14 en
363 1100 57 20 stilla
435 1100 62 26 plats,
513 1107 46 15 men
576 1101 54 21 dock
641 1100 7 21 i
659 1102 86 20 stadens
756 1102 104 24 ceutrum,
872 1101 69 20 såsom
953 1100 66 21 öfver-

189 1128 86 21 läraren
289 1128 102 21 Kihlman
413 1129 84 26 önskar,
513 1129 109 21 förefaller
641 1129 42 26 mig
697 1130 84 25 ganska
796 1129 64 21 svårt.
891 1128 64 22 Afser
970 1135 49 15 man

189 1156 88 27 stillhet,
295 1156 67 22 måste
378 1163 49 15 man
442 1157 107 27 medgifva
564 1160 32 19 att
612 1160 30 19 ett
658 1158 142 24 Ständerhus,
816 1158 65 27 bygdt
896 1158 24 20 så
935 1159 32 19 att
983 1158 37 20 det

188 1187 26 19 är
230 1185 102 26 omgifvet
348 1185 21 21 af
383 1187 71 19 vatten
471 1186 26 27 på
513 1186 42 21 alla
570 1186 45 22 håll
630 1188 58 19 utom
699 1187 29 26 på
743 1189 33 19 ett
792 1186 37 21 der
840 1186 36 21 det
886 1188 89 25 gränsar
985 1186 33 21 till

189 1220 26 14 en
230 1213 75 28 kyrka,
321 1213 46 22 står
381 1220 59 15 mera
455 1215 7 20 i
478 1214 44 21 fred
538 1217 26 18 än
580 1215 110 21 hvarhälst
705 1215 6 20 i
723 1215 83 21 staden.
837 1215 128 26 Detfägnar
975 1215 44 26 mig

189 1244 32 19 att
237 1242 143 21 öfverläraren
397 1242 99 22 Kihlman
508 1243 52 21 dock
572 1243 45 22 deri
628 1243 84 21 förenar
722 1243 33 27 sig
766 1243 49 21 med
826 1243 49 26 mig,
885 1246 32 18 att
930 1243 41 20 han
982 1243 36 20 vill

188 1273 33 19 att
236 1271 91 21 Ståndet
342 1272 66 20 måtte
423 1271 85 22 förorda
523 1278 26 15 en
565 1272 42 21 viss
623 1274 58 19 tomt.
714 1272 50 21 Men
780 1273 52 20 våra
846 1272 109 27 yrkanden
969 1271 28 27 gå
1012 1271 6 21 i

188 1299 111 26 diagonalt
321 1301 89 20 motsatt
432 1300 99 27 riktning,
556 1301 27 20 då
605 1301 35 20 det
662 1301 68 26 gäller
753 1301 57 21 valet
830 1301 23 20 af
873 1301 68 20 denna
956 1302 61 19 tomt.

187 1328 47 21 Den
258 1329 57 32 plats
335 1328 36 27 jag
387 1328 7 21 i
410 1328 88 21 främsta
518 1331 92 26 rummet
632 1329 122 26 förordade,
778 1329 75 21 ställer
874 1329 143 21 öfverläraren

187 1356 101 22 Kihlman
305 1357 5 20 i
327 1357 51 21 sista
393 1359 95 20 rummet.
517 1353 63 26 Ännu
595 1355 61 24 värre
671 1357 39 22 har
725 1358 86 26 platsen
827 1358 7 21 i
850 1357 59 27 fråga
924 1357 93 22 behand-

186 1385 43 21 lats
245 1385 24 21 af
283 1385 40 21 den
339 1391 74 16 senare
430 1385 88 22 talaren.
549 1387 44 26 Mig
608 1393 62 20 synes
681 1388 57 19 ännu
750 1387 82 20 återstå
843 1388 33 19 att
886 1392 54 21 egna
951 1385 67 27 några

186 1413 40 22 ord
241 1414 24 21 åt
281 1414 26 21 de
323 1414 78 26 vigtiga
417 1415 125 21 merkantila
557 1415 104 22 intressen
677 1415 6 20 i
699 1415 142 27 Helsingfors.
872 1415 67 21 Dessa
955 1414 63 22 hafva

184 1442 137 26 synnerligen
343 1442 68 22 blifvit
434 1443 126 22 framhållna
574 1444 8 21 i
597 1444 160 21 reservationen
774 1443 40 22 och
830 1443 63 22 hafva
907 1443 109 21 förunder-

185 1470 39 27 ligt
245 1477 42 20 nog
310 1470 56 28 gjort
389 1478 25 14 en
437 1472 81 26 mäktig
540 1472 80 21 verkan
638 1472 27 26 på
687 1472 145 21 öfverläraren
848 1471 107 27 Kihlman,
971 1477 46 15 som

185 1498 51 27 eljes
253 1499 48 21 med
317 1499 96 27 praktisk
429 1500 55 21 blick
500 1506 34 15 ser
545 1500 169 21 förhållandena.
740 1500 203 27 Stadsfullmäktige
954 1500 63 21 hafva

184 1527 126 28 visserligen
326 1528 107 22 bestämdt
448 1529 124 22 Skatudden
588 1529 33 21 till
636 1529 55 27 plats
703 1529 34 22 för
748 1529 124 26 magasiner
882 1528 39 22 och
930 1529 87 21 stadens
