1103 1811
327 140 163 18 Presteständet
504 141 55 17 1882.
584 141 27 17 20
624 141 47 21 maj.
828 136 53 21 1399

81 209 43 27 Jag
146 209 69 21 skulle
238 209 69 21 derför
329 209 100 21 fasthålla
452 210 44 20 min
512 209 95 21 uttalade
629 209 60 26 åsigt,
706 211 32 19 att
758 209 89 22 Ståndet
863 210 48 22 ville

83 237 92 26 förorda,
197 239 31 20 att
244 238 6 20 i
266 237 151 28 frågavarande
440 238 56 21 bana
519 238 96 21 kommer
634 238 31 21 till
680 238 62 21 stånd
758 238 101 27 antingen
874 245 37 19 ge-

83 272 49 15 nom
155 266 124 22 subvention
303 266 51 22 eller
376 266 29 24 så,
421 269 33 18 att
477 269 71 19 staten
572 267 78 26 bygger
673 266 122 21 densamma
811 266 45 22 helt
872 267 38 21 och

83 294 73 22 hållet.
187 295 39 26 Jag
242 296 23 19 är
281 295 57 26 villig
353 297 32 18 att
402 295 85 21 biträda
503 295 73 26 hvarje
591 295 86 26 förslag,
693 301 45 15 som
754 295 38 26 går
807 297 23 19 ut
840 296 28 26 på
880 298 31 19 att

83 323 128 26 förverkliga
227 323 67 21 denna
310 323 61 21 bana.

152 380 153 27 Kyrkoherden
321 381 85 26 Lyra:
429 380 42 22 Väl
488 381 42 20 kan
544 381 36 26 jag
596 381 73 24 förstå,
685 387 48 15 men
749 381 41 20 kan
804 381 45 21 icke
861 381 48 21 dela

82 409 27 21 de
132 409 106 26 farhågor,
261 415 44 15 som
331 409 69 21 blifvit
421 410 85 26 yttrade
530 409 33 21 för
586 412 32 19 att
634 409 69 22 denna
718 416 28 15 nu
762 409 148 27 projekterade

83 438 63 21 korta
169 438 165 26 bansträckning
349 438 6 21 i
372 444 26 15 en
419 437 86 22 framtid
530 437 68 22 skulle
620 438 65 21 blifva
701 440 31 19 ett
747 438 75 21 hinder
838 438 32 21 för
885 445 25 14 en

82 466 140 21 centralbana
244 473 74 20 genom
341 466 78 21 landet.
449 467 31 21 På
503 473 81 14 samma
596 467 93 26 grunder
704 467 70 21 kunde
790 473 47 15 man
854 469 57 24 säga,

82 498 34 18 att
131 495 40 21 den
187 495 121 21 nuvarande
321 495 124 27 järnvägen,
462 501 45 15 som
524 495 71 21 vidrör
605 495 87 27 Päijäne
703 495 125 27 vattendrag
839 495 6 21 i
856 495 55 22 Lah-

83 524 28 21 tis
127 525 54 19 samt
197 523 101 27 Vesijärvi
315 524 64 21 kanal
394 526 37 19 äro
448 523 76 22 hinder
540 524 32 21 för
587 526 32 19 att
630 524 102 25 någonsin
744 524 64 27 draga
819 531 24 14 en
854 524 58 27 jern-

83 554 41 24 väg
140 552 89 21 emellan
246 552 86 27 Päijäne
348 553 39 21 och
400 552 73 22 Saima
488 555 78 20 vatten,
583 553 37 20 der
636 553 39 20 den
699 553 21 20 af
734 553 106 21 utskottet
856 553 55 21 före-

81 581 76 27 slagna
181 581 93 21 centrala
297 581 69 21 banan
388 581 84 21 komme
497 583 32 19 att
544 582 32 26 gå.
606 581 40 27 Jag
661 581 36 21 vill
720 583 55 19 ännu
791 581 119 26 framhålla,

82 611 34 19 att
131 609 36 21 det
183 611 23 19 är
221 610 108 26 ingenting
344 612 65 18 annat
424 612 27 18 än
468 616 25 14 en
509 610 52 26 gärd
579 610 22 20 af
615 610 88 20 rättvisa
718 609 46 21 från
780 609 130 22 Ständernas

83 638 46 21 sida
152 640 32 19 att
206 638 72 20 förena
293 638 70 22 Saima
385 638 154 26 vattendragen
556 638 65 21 redan
642 645 27 14 nu
685 638 47 22 med
746 638 165 27 jernvägsnätet,

83 666 25 21 så
131 666 83 27 mycket
236 673 58 14 mera
317 673 45 15 som
387 667 35 21 det
446 666 70 22 dertill
540 666 47 22 icke
605 667 100 21 behöfves
721 673 25 15 en
760 667 88 27 jernväg
863 667 48 21 med

83 694 75 28 längre
173 695 123 27 sträckning
311 697 27 19 än
354 697 31 19 ett
401 695 81 27 vanligt
494 696 175 26 gästgifverihåll.

153 752 89 21 Prosten
258 752 90 26 Hjelt:
366 752 49 21 Man
432 752 39 21 har
487 754 67 26 yttrat
570 754 32 19 att
612 752 161 27 ifrågavarande
784 752 127 22 bansträcka

82 780 71 21 skulle
168 780 64 21 blifva
248 781 83 26 mycket
347 781 163 26 vinstgifvande.
541 781 39 20 Vid
597 784 83 18 senaste
696 781 106 26 landtdag,
814 780 26 21 då
851 781 59 20 äfven

83 809 71 21 denna
177 809 60 26 fråga
258 815 37 15 var
311 809 66 22 under
393 809 136 27 behandling,
550 809 83 22 visades
648 815 76 21 genom
740 810 114 20 konstanta
868 809 43 21 siff-

83 843 37 16 ror
135 839 32 19 att
183 844 48 14 man
247 839 26 26 på
290 838 67 21 denna
373 837 76 22 bandel
466 838 19 27 ej
502 838 69 21 kunde
587 839 66 20 räkna
669 839 26 26 på
711 844 44 15 mer
766 839 26 20 än
804 839 40 20 140
856 841 56 18 cent-

84 872 38 15 ner
137 866 52 27 gods
205 873 34 14 om
255 867 66 26 dagen
338 867 51 21 eller
405 867 24 21 så
444 867 86 26 mycket
550 873 45 14 som
612 873 90 20 rymmes
718 867 6 20 i
740 873 25 14 en
782 867 54 20 enda
851 873 60 19 vagn.

83 895 42 25 Jag
140 894 34 21 vill
190 895 112 21 hemställa
317 895 33 21 till
365 897 99 19 närmare
480 895 139 27 ompröfning,
636 895 104 21 huruvida
756 901 25 14 en
797 895 54 20 bana
866 901 45 15 som

84 923 18 26 ej
119 923 39 21 har
173 925 68 19 större
257 923 62 21 trafik
335 926 26 18 än
378 926 33 19 att
427 926 31 18 ett
474 925 36 25 tåg
526 930 33 14 om
577 924 66 26 dagen
660 924 37 20 der
713 924 41 20 kan
770 924 33 26 gå,
819 923 39 21 och
874 923 36 21 det

84 952 48 20 med
149 953 30 19 ett
195 958 37 20 par
247 958 80 21 vagnar
342 953 59 20 såväl
417 953 42 20 kan
475 952 90 22 betäcka
580 952 73 22 trafik-
670 952 38 21 och
725 954 83 19 remont
823 952 87 21 kostna-

83 980 41 21 den
140 986 45 15 som
201 981 70 21 lemna
287 982 61 20 ränta
363 981 28 27 på
406 982 138 25 anläggnings
560 987 102 15 summan.
693 981 73 21 Redan
788 980 68 21 denna
866 986 45 15 om-

83 1008 122 28 ständighet
229 1010 55 20 visar
299 1012 32 18 att
355 1010 68 21 denna
440 1010 56 20 bana
512 1010 19 26 ej
548 1011 23 19 är
587 1009 22 21 af
622 1009 100 21 behofvet
737 1008 104 28 påkallad.
872 1009 41 27 Jag

84 1039 69 19 röstar
169 1037 33 21 för
217 1037 59 22 bifall
293 1038 31 21 till
341 1038 116 21 utskottets
474 1038 86 27 förslag.

153 1094 23 21 V.
193 1097 74 24 pastor
312 1095 177 21 Westerlund:
506 1095 130 21 Ainoastaan
648 1095 52 21 siinä
711 1095 144 26 tapauksessa,
867 1096 44 20 että

84 1124 59 20 tässä
165 1122 148 23 tilaisuudessa
336 1124 110 21 tuotaisiin
471 1124 51 21 esiin
539 1124 91 20 ehdotus
647 1126 70 18 tämän
733 1123 179 27 Simolan—Lap-

84 1158 136 20 peenrannan
237 1152 104 21 rautatien
355 1152 151 27 jatkamisesta
520 1152 96 27 ylöspäin
632 1152 102 21 Mikkeliä
750 1152 66 25 kohti,
828 1152 83 21 ainoas-

83 1182 50 19 taan
150 1180 54 21 siinä
220 1182 137 25 tapauksessa
373 1181 57 21 minä
446 1181 68 21 voisin
530 1182 113 26 puolustaa
655 1183 36 25 nyt
701 1180 127 22 ehdotettua
840 1180 71 27 pientä

85 1209 176 26 rautatiepätkää.
291 1209 71 21 Mutta
375 1209 34 27 jos
425 1209 92 21 rautatie
533 1209 93 21 kaikissa
641 1209 134 26 tapauksissa
791 1209 56 21 tulee
858 1208 54 21 Mik-

84 1237 77 21 kelistä
181 1237 186 22 rakennettavaksi
384 1238 114 21 eteläiseen
518 1240 136 19 rantarataan
668 1237 23 27 ja
707 1237 124 26 Wiipurista
846 1237 65 21 Imat-

85 1265 58 25 ralle,
167 1266 42 21 niin
233 1267 55 20 minä
312 1273 25 14 en
354 1267 33 20 voi
413 1269 74 18 muuta
509 1268 119 25 ymmärtää
650 1266 50 21 kuin
717 1268 44 19 että
777 1272 51 14 vaan
846 1265 65 22 etelä-

84 1294 99 22 Saimaan
199 1295 210 26 paikkakunnalliset
428 1297 84 24 tarpeet
528 1295 115 21 ehdotetun
659 1295 65 21 radan
741 1295 75 20 kautta
831 1295 81 20 tulevat

84 1323 157 26 tyydytetyiksi.
273 1323 70 22 Mutta
356 1324 34 26 jos
407 1326 36 25 ayt
460 1324 70 27 meille
550 1327 94 17 armosta
658 1326 105 18 annetaan
780 1329 21 15 se
818 1322 34 26 tie,
868 1322 43 21 niin

85 1351 57 27 kyllä
157 1352 57 20 minä
230 1358 36 15 sen
285 1354 88 19 vastaan
389 1355 58 18 otan.
478 1353 78 26 ,Afven
573 1353 35 20 det
625 1353 76 20 minsta
718 1352 73 26 bidrag
807 1353 104 24 mottages

84 1380 48 21 med
148 1380 150 21 tacksamhet."

154 1437 69 22 Sedan
240 1437 146 22 diskussionen
399 1438 93 21 härefter
504 1437 115 22 förklarats
631 1437 98 26 afslutad,
741 1436 111 27 uppstälde
863 1437 50 20 herr

84 1465 168 21 Talmannen
289 1467 92 26 följande
397 1466 310 27 omröstningspropositioner:
