1103 1811
224 135 55 21 1610
426 140 161 17 Presteståndet
600 140 58 17 1882.
682 140 26 18 26
721 140 49 21 maj.

263 208 46 22 från
325 209 159 21 Bondeståndet
500 209 48 21 med
564 209 139 22 meddelande

264 268 33 20 att
318 266 91 22 Ståndet
430 266 94 26 godkänt
547 266 217 22 ekonomiutskottets
787 265 135 22 betänkande
938 272 33 14 n:o
988 268 12 18 7
1017 265 5 20 i

193 295 115 26 anledning
327 295 24 20 af
370 295 60 21 Hans
444 295 120 26 Kejserliga
579 294 110 27 Majestäts
705 295 78 26 nådiga
798 294 131 27 proposition
945 300 34 15 n:o
996 295 26 19 28

194 323 111 26 angående
320 323 133 27 indragning,
469 323 7 21 i
492 324 40 21 den
548 324 48 21 mån
612 323 162 21 förhållandena
790 322 76 21 sådant
880 323 110 26 medgifva,
1003 323 22 20 af

193 351 224 28 häradspostföringen
425 359 5 13 :

263 411 32 19 att
316 409 89 21 Ständet
427 409 105 21 förkastat
555 411 153 19 sammansatta
724 409 44 26 lag-
784 408 40 21 och
840 408 182 21 ekonomiutskot-

194 439 42 20 tets
261 437 135 22 betänkande
417 444 34 15 n:o
468 438 34 21 7.i
518 437 114 27 anledning
655 437 22 22 af
698 437 60 22 Hans
776 437 119 27 Kejserliga
911 437 111 26 Majestäts

194 466 77 27 nädiga
294 466 132 27 proposition
450 473 33 14 om
505 466 91 27 ändring
618 466 24 21 af
662 466 152 27 förordningen
838 466 39 21 den
900 467 12 20 6
928 465 94 22 februari

195 495 55 21 1865
267 495 110 27 angäende
392 495 280 26 kommunalförvaltningen
688 496 28 26 pä
731 495 83 25 landet;

265 554 32 19 att
312 552 90 21 Ständet
417 551 69 28 afböjt
496 552 193 27 Borgareständets
699 552 126 27 inbjudning
840 551 32 22 till
883 551 139 22 medständen

193 582 34 20 att
243 580 75 21 förena
333 581 32 25 sig
381 587 34 14 om
431 581 191 26 Borgareständets
639 581 70 21 beslut
724 580 133 21 beträffande
873 587 55 14 mom
946 580 33 21 ii
997 582 24 19 16

195 610 13 26 $
224 609 23 21 af
261 609 245 26 bevillningsutskottets
529 609 80 27 förslag
625 609 33 21 till
673 609 124 26 förordning
813 615 33 15 om
863 608 114 26 bevillning
992 608 32 22 för

195 637 136 27 tillverkning
347 638 22 20 af
384 638 150 27 maltdrycker;

264 697 33 19 att
319 694 90 22 Ständet
430 694 102 22 likaledes
548 694 68 28 afböjt
638 694 194 30 Borgareständets
851 694 122 27 inbjudning
990 694 33 21 till

195 723 140 21 medständen
347 726 33 18 att
395 724 73 20 förena
483 724 32 26 sig
530 730 34 15 om
580 723 192 26 Borgareständets
789 718 69 26 beslut
869 723 131 21 beträffande
1010 724 13 20 6

194 752 40 21 och
251 754 26 19 31
294 752 26 28 $$
335 753 6 20 i
361 752 241 32 bevillningsutskottets
625 752 79 26 förslag
720 752 34 20 till
771 752 123 26 förordning
914 752 109 26 angående

195 775 270 32 stämpelpappersafgiften
481 781 6 20 i
502 781 100 25 Finland;

265 839 32 19 att
318 837 90 22 Ständet
430 838 32 20 vid
480 837 175 27 föredragningen
671 837 23 21 af
709 838 172 21 statsutskottets
897 837 78 28 förslag
991 837 32 22 till

195 866 204 27 sammanjemkning
415 867 22 20 af
450 866 105 21 Ständens
576 866 123 27 skiljaktiga
715 867 71 20 beslut
801 867 90 20 rörande
907 866 116 21 utskottets

195 894 136 22 betänkande
352 901 35 15 n:o
410 897 11 19 3
437 895 6 20 i
459 895 113 26 anledning
588 895 21 21 af
624 895 76 27 nädiga
716 895 162 27 propositionen
894 901 33 15 om
943 895 80 27 upphö-

195 924 67 20 rande
277 923 24 21 af
314 924 25 20 de
356 923 46 21 frän
419 923 116 21 rusthällen
552 925 54 20 samt
622 924 100 20 roterade
737 924 99 20 hemman
854 923 38 21 och
905 923 118 21 bätsmans-

195 951 45 21 häll
264 952 105 26 utgäende
393 952 167 26 vakansafgifter
579 952 39 21 och
634 952 128 26 indragning
778 952 21 21 af
814 953 26 20 de
856 951 115 22 rusthällen
987 958 36 14 an-

194 980 73 21 visade
283 982 121 25 augments-
420 980 38 22 och
470 980 68 27 öfriga
549 982 79 24 räntor,
640 981 96 26 godkänt
746 980 161 28 ifrägavararde
918 986 104 15 samman-

193 1009 212 27 jemkningsförslag;
422 1009 64 21 likväl
502 1010 66 20 borde
590 1010 25 20 de
631 1010 23 20 af
667 1010 107 21 utskottet
790 1009 112 21 anmärkta
917 1008 27 22 fel
960 1010 6 20 i
983 1010 39 20 den

195 1037 70 22 finska
281 1039 70 20 texten
367 1040 75 23 rättas,
458 1038 54 21 dock
527 1038 90 21 sälunda
632 1040 32 20 att
679 1038 99 27 tillägget
794 1038 31 21 till
842 1044 74 15 senare
927 1044 62 15 mom.
1001 1038 22 21 af

195 1066 13 27 8
224 1067 12 20 5
253 1066 68 22 skulle
336 1066 51 22 heta
403 1082 4 9 ,
409 1066 72 25 niihin
497 1067 121 21 kuuluvista
630 1067 79 27 jyvistä
722 1067 23 27 ja
761 1066 134 26 kauroista*;

266 1126 32 19 att
320 1124 91 21 Ständet
426 1123 6 21 i
448 1124 68 27 öfriga
531 1124 59 21 delar
605 1124 95 27 godkänt
719 1124 154 27 lagutskottets
888 1124 135 21 betänkande

195 1158 34 15 n:o
246 1153 13 21 8
275 1153 6 20 i
297 1152 113 27 anledning
425 1153 22 21 af
460 1153 60 21 Hans
535 1153 119 27 Kejserliga
669 1153 113 26 Majestäts
798 1152 78 27 nädiga
890 1152 133 27 proposition

194 1187 35 15 om
245 1181 121 27 antagande
381 1181 24 21 af
418 1181 96 27 strafflag
530 1182 32 20 för
578 1181 68 21 finska
660 1182 117 26 militären,
794 1184 59 18 utom
869 1184 32 18 att
917 1183 25 19 72
959 1181 12 27 $
987 1187 37 15 an-

195 1212 48 23 togs
266 1209 65 22 sådan
355 1209 41 22 den
419 1209 60 27 lyder
494 1210 6 21 i
517 1210 26 21 65
566 1209 12 28 &
594 1210 22 21 af
630 1210 41 21 den
687 1210 79 27 nådiga
782 1210 165 27 propositionen,
963 1209 60 21 hvar-

193 1238 68 26 jemte
277 1238 25 21 de
318 1239 70 26 tryck-
404 1238 39 21 och
458 1238 95 27 spräkfel
568 1239 6 20 i
590 1239 40 20 den
652 1238 68 22 finska
735 1240 81 23 texten,
832 1238 71 21 hvilka
919 1238 105 21 utskottet

195 1266 67 21 redan
278 1267 202 27 uppmärksammat,
497 1267 115 26 behörigen
628 1267 66 21 borde
711 1269 78 24 rättas;
805 1269 56 19 samt

266 1326 33 19 att
321 1324 90 21 Ständet
432 1324 34 21 vid
488 1325 158 26 granskningen
669 1324 22 21 af
712 1324 218 21 ekonomiutskottets
953 1324 73 21 betän-

195 1352 73 21 kande
284 1359 35 15 n:o
335 1354 12 20 5
364 1353 6 20 i
386 1353 115 26 anledning
516 1353 22 21 af
552 1353 59 21 Hans
626 1353 120 26 Kejserliga
762 1353 114 26 Majestäts
888 1353 77 26 nädiga
978 1359 47 20 pro-

195 1381 94 26 position
312 1387 34 16 n:o
370 1383 27 20 25
419 1381 145 22 innefattande
585 1382 80 27 förslag
688 1382 34 21 till
744 1381 151 26 förordningar
917 1381 109 27 angäende

195 1409 97 22 vilkoren
308 1410 32 21 för
355 1410 19 27 ej
390 1410 83 21 mindre
496 1410 136 27 tillverkning
647 1410 39 22 och
703 1410 134 27 destillering
853 1412 26 19 än
895 1409 130 27 försäljning,

195 1437 91 28 forsling
309 1438 38 22 och
370 1439 79 27 upplag
472 1439 23 21 af
510 1439 88 21 bränvin
613 1441 56 20 samt
684 1439 68 21 andra
768 1439 83 21 brända
866 1438 52 21 eller
933 1438 93 21 destille-

196 1467 53 21 rade
265 1467 150 27 spritdrycker,
439 1470 85 18 stannat
543 1468 34 21 vid
594 1468 35 21 det
645 1467 71 21 beslut
731 1469 40 25 att,
788 1467 48 21 med
852 1467 138 21 förkastande
1005 1466 23 21 af

194 1495 61 20 säväl
279 1496 39 20 den
341 1496 78 26 nädiga
441 1496 161 27 propositionen
625 1502 46 15 som
693 1496 40 21 ock
752 1496 119 21 utskottets
886 1495 141 27 betänkande,

194 1523 116 28 godkänna
325 1524 36 21 det
377 1523 21 22 af
421 1524 74 22 herrar
510 1524 112 22 Molander
637 1524 40 22 och
693 1525 108 21 Andersin
818 1525 31 20 uti
865 1524 62 21 deras
943 1523 32 22 till
991 1523 35 22 be-
