1103 1811
322 135 163 19 Presteståndet
498 137 56 17 1882.
579 138 26 16 25
617 137 48 20 maj.
824 131 54 21 1491

81 204 144 22 remitterades
244 205 86 21 tillbaka
346 205 32 21 till
393 205 101 21 utskottet
510 206 32 20 för
557 208 30 18 att
602 205 162 21 omformuleras
780 206 6 20 i
802 205 35 21 det
852 206 55 26 syfte

81 236 30 18 att
130 234 92 20 nämnde
245 234 50 20 fond
318 234 69 20 skulle
411 234 121 26 bibehållas,
548 234 34 20 lån
599 240 25 14 ur
640 234 124 21 densamma
779 234 128 21 fortfarande

81 263 92 27 utgifvas
196 262 53 20 dock
267 262 74 21 endast
357 262 21 21 åt
394 262 131 27 kommuner,
541 264 55 19 samt
610 262 91 21 fondens
717 263 111 27 tillgångar
844 263 6 20 i
866 263 41 21 den

81 297 50 14 mon
151 291 26 20 de
193 292 35 19 äro
244 290 118 27 disponibla
378 297 49 14 vara
442 291 111 26 placerade
569 292 7 19 i
591 291 153 21 räntebärande
760 292 38 19 lätt
812 291 95 21 realiser-

81 318 50 22 bara
148 319 151 27 värdepapper;

150 377 30 20 att
202 376 106 21 allmänna
330 376 200 21 besvärsutskottets
551 376 132 21 betänkande
699 377 40 20 N:o
757 377 26 20 15
799 376 108 27 angående

81 410 26 15 en
123 404 204 28 ständerdelegation
343 405 33 20 för
392 405 132 27 uppresande
540 405 21 20 af
576 411 26 15 en
618 407 55 24 staty
689 405 32 20 till
734 406 72 20 minne
817 405 21 21 af
848 405 60 21 Hans

81 432 98 27 Majestät
194 433 243 27 Kejsaren-Storfursten
453 433 125 22 Alexander
587 433 22 21 II
620 434 21 20 af
656 433 88 22 Ståndet
761 436 49 19 utan
826 434 83 21 diskus-

81 461 46 21 sion
143 461 116 28 godkänts;

151 521 30 19 att
203 525 79 14 samma
305 519 225 22 utskottsbetänkande
553 520 40 21 N:o
618 520 25 20 16
667 519 110 28 angående
802 519 107 26 åtgärders

82 547 127 28 vidtagande
231 550 30 18 att
283 547 98 22 förskaffa
403 548 131 27 gångbarhet
556 549 33 20 för
612 549 35 20 det
668 548 69 21 finska
752 549 157 27 guldmyntet
898 543 15 37 i

81 575 116 22 Frankrike
213 577 21 20 af
249 576 87 21 Ständet
351 577 102 20 likaledes
469 577 115 27 godkänts;

151 635 31 19 att
203 633 87 21 Ständet
306 633 34 21 vid
356 633 151 28 föredragning
523 634 21 20 af
558 634 213 27 jernvägsutskottets
786 634 78 27 förslag
879 634 31 21 till

82 662 206 27 sammanjemkning
307 662 20 20 af
342 662 105 21 Ständens
463 662 68 21 delvis
546 662 120 28 skiljaktiga
682 663 70 20 beslut
768 663 34 21 vid
818 663 93 21 behand-

82 691 73 26 lingen
176 691 21 20 af
219 690 111 22 utskottets
353 690 134 22 betänkande
503 691 39 21 N:o
559 692 10 20 1
587 691 109 27 angäende
717 692 71 20 vidare
803 692 108 26 jernvägs-

82 719 125 27 byggnader
221 719 7 20 i
243 719 77 25 landet,
343 719 86 21 beslutit
451 722 30 18 att
502 720 48 20 med
572 719 137 21 förkastande
725 720 20 21 af
761 720 57 21 detta
832 720 80 27 förslag

83 748 107 21 remittera
209 748 143 20 betänkandet
367 748 7 20 i
389 748 71 21 denna
482 748 33 21 del
531 748 87 21 tillbaka
633 748 32 21 till
681 748 101 22 utskottet
797 755 45 14 som
858 749 53 27 egde

83 776 128 21 derutinnan
226 778 93 25 uppgöra
334 778 48 25 nytt
397 777 297 27 sammanjemkningsförslag
709 777 27 27 pä
748 777 132 27 grundvalen
891 777 20 20 af

82 804 189 28 Borgareständets
293 805 56 21 förut
364 805 6 20 i
385 805 74 26 frågan
482 805 79 21 fattade
584 805 74 27 beslut,
674 805 35 21 vid
728 806 80 21 hvilket
823 805 89 21 Ständet

84 833 85 26 vidblef,
189 839 49 15 men
260 835 29 19 att
307 833 96 22 deremot
418 833 114 22 utskottets
547 834 67 27 öfriga
630 834 78 27 förslag
725 837 51 18 utan
792 834 119 21 diskussion

83 862 102 27 enhälligt
199 862 113 27 godkänts;

152 921 30 18 att
197 918 87 22 Ständet
299 919 34 21 vid
349 919 40 21 den
407 920 11 20 5
435 920 41 26 maj
493 919 67 21 skedd
576 920 151 26 föredragning
742 920 21 20 af
776 919 136 21 bankutskot-

84 949 39 19 tets
139 947 112 21 berättelse
267 948 58 20 öfver
340 948 105 20 verkstäld
462 948 131 27 granskning
604 948 21 20 af
634 948 102 21 Finlands
747 948 67 21 banks
824 948 88 26 styrelse

84 976 39 21 och
138 976 129 27 förvaltning
282 976 50 21 åren
349 977 141 20 1877—1881
506 976 94 28 godkänt
616 976 113 22 utskottets
744 977 78 26 förslag
838 983 34 14 om
883 978 30 19 att

84 1004 98 28 beloppet
205 1004 20 21 af
241 1005 35 20 det
298 1005 31 20 till
352 1005 158 27 nedsmältning
533 1005 109 21 bestämda
664 1005 70 21 finska
756 1006 157 25 silfvermyntet

83 1033 57 27 finge
163 1033 106 21 nedsättas
291 1034 31 20 till
338 1034 12 20 3
367 1033 99 27 miljoner
485 1034 66 26 mark,
567 1040 49 14 men
636 1036 30 18 att
681 1034 127 21 berättelsen
824 1034 7 20 i
846 1034 67 26 öfriga

84 1062 59 20 delar
163 1061 69 22 skulle
254 1062 125 27 bordläggas
395 1062 31 20 till
442 1062 48 21 dess
507 1062 160 21 bankutskottet
682 1063 83 27 afgifvit
780 1062 133 21 betänkande

85 1090 109 28 angäende
216 1090 78 28 förslag
317 1091 31 21 till
371 1091 147 27 förändringar
534 1091 7 20 i
556 1091 197 27 bankreglementet
776 1091 39 21 och
837 1090 32 21 till
884 1097 29 20 ny

83 1119 129 21 instruktion
228 1119 32 21 för
275 1119 196 27 bankfullmäktige.

153 1176 71 21 Sedan
242 1183 51 20 nyss
309 1176 138 22 omförmälda
463 1176 134 22 betänkande
613 1177 47 21 frän
675 1177 159 21 bankutskottet
848 1176 67 28 ingätt

84 1205 39 20 och
139 1205 124 26 föredragits
278 1205 2 20 i
292 1206 152 26 sammanhang
460 1206 49 19 med
525 1205 170 22 bankutskottets
711 1206 153 21 ofvanberörde
879 1206 36 20 be-

84 1233 91 25 rättelse,
186 1233 67 21 beslöt
268 1233 159 22 Bondeständet
442 1235 31 19 att
488 1234 92 21 förkasta
597 1234 112 21 utskottets
724 1234 87 27 förslag:

153 1292 30 19 att
199 1290 116 21 Ständerna
331 1291 64 20 mätte
411 1291 35 20 vid
461 1291 147 21 innevarande
623 1291 102 27 landtdag
737 1293 47 19 utse
796 1291 43 20 ätta
850 1291 65 20 bank-

84 1319 140 27 fullmäktige,
247 1319 35 21 tvä
304 1319 32 21 för
358 1319 73 27 hvarje
454 1319 74 26 Ständ,
544 1320 110 21 äfvensom
670 1320 48 26 fyra
733 1320 136 27 suppleanter
883 1319 34 21 för

85 1348 72 27 hvarje
180 1347 71 26 Ständ,
273 1350 54 19 samt
342 1350 30 19 att
387 1348 88 21 arvodet
490 1348 33 21 för
538 1348 184 27 bankfullmäktig,
739 1355 43 14 som
800 1348 56 21 förut
871 1349 22 20 är
909 1348 7 20 i

85 1376 134 27 Helsingfors
234 1376 69 21 bosatt
319 1377 38 20 och
373 1377 46 20 icke
435 1378 23 19 är
473 1377 155 27 Fullmäktiges
643 1377 127 21 ordförande
785 1377 69 20 skulle
865 1376 51 21 ned-

85 1406 64 19 sättas
165 1405 31 21 till
211 1405 62 26 4,000
289 1405 59 21 mark
364 1412 35 13 om
415 1405 53 26 äret;
484 1406 66 27 jemte
566 1406 37 21 det
618 1405 88 22 Ständet
721 1405 77 22 beslöt:

155 1463 30 19 att
206 1461 118 21 Ständerna
346 1462 35 20 vid
405 1462 70 20 denna
498 1462 103 28 landtdag
622 1462 68 21 skulle
705 1463 90 20 likasom
812 1463 34 20 vid
862 1462 54 21 före-

85 1490 82 27 gäende
189 1490 126 27 landtdagar
337 1491 53 20 varit
412 1490 60 21 fallet
495 1493 47 18 utse
563 1491 47 26 fyra
630 1491 196 27 bankfullmäktige,
842 1497 27 14 en
884 1490 33 21 för

85 1519 73 26 hvarje
181 1517 72 27 Ständ,
274 1518 33 21 för
329 1521 29 18 att
381 1519 55 20 intill
459 1521 61 19 nästa
534 1519 103 27 landtdag
652 1519 73 21 utöfva
740 1519 102 22 inseende
858 1519 60 21 öfver
