1103 1811
220 145 55 21 1516
432 149 162 18 Presteståndet
607 150 55 16 1882.
688 150 26 16 25
726 150 48 20 maj.

191 218 12 20 9
225 218 54 21 Juni
303 219 54 20 1873
380 219 64 27 jemte
463 218 70 21 dertill
548 218 100 27 hörande,
664 218 76 21 efteråt
754 218 112 21 tillkomna
881 217 138 27 öfverhetliga

190 247 132 27 stadganden
347 247 59 21 skola
426 247 7 21 i
451 247 98 27 gällande
574 247 55 21 kraft
651 246 117 22 bibehållas
790 246 55 21 intill
869 246 106 28 utgången
998 246 21 20 af

191 275 23 21 år
230 276 61 20 1886.

260 417 43 22 Vid
323 417 50 22 härå
391 418 64 21 skedd
472 418 152 27 föredragning
638 418 22 21 af
675 418 75 21 doktor
766 417 155 22 Lindelöfs
936 417 27 28 på
977 417 42 21 för-

191 446 114 27 middager
330 447 74 20 väckta
426 447 39 20 och
485 447 68 20 härtill
570 447 115 27 bordlagda
700 447 80 27 förslag
795 453 34 14 om
845 446 128 27 inbjudning
988 446 32 21 till

191 475 140 21 medstånden
355 475 128 21 beträffande
506 475 171 27 löneförhöjning
699 475 22 21 åt
742 475 64 21 förste
830 475 133 21 kamreraren
985 475 33 20 vid

191 503 102 21 Finlands
317 503 61 26 bank,
398 503 67 22 beslöt
480 504 158 21 Presteståndet
653 504 26 27 på
695 503 157 28 framställning
867 503 20 21 af
899 503 48 21 herr
961 503 60 21 Tal-

191 539 122 14 mannen
337 535 36 22 att,
387 533 48 20 med
458 532 59 21 bifall
539 533 30 20 till
590 533 91 20 nämnda
697 533 85 26 förslag,
798 532 82 21 medels
895 532 124 27 protokolls-

191 560 77 27 utdrag
291 561 32 20 för
339 561 69 20 denna
424 561 40 26 dag
480 561 87 27 inbjuda
583 561 146 25 medstånden,
744 561 36 21 det
796 561 64 20 måtte
876 560 61 21 dessa
953 560 66 21 Stånd

191 589 73 20 förena
287 589 32 27 sig
335 596 33 14 om
385 589 167 21 Presteståndets
571 590 34 20 vid
622 589 129 27 behandling
766 589 22 21 af
803 589 170 20 bankutskottets
984 589 36 20 be-

192 617 106 21 tänkande
317 617 40 21 N:o
376 619 13 19 4
408 618 109 27 angående
532 618 79 27 förslag
624 618 31 20 till
671 618 116 27 ändringar
801 618 6 20 i
824 617 196 27 bankreglementet

191 646 79 20 fattade
294 646 71 21 beslut
387 648 35 24 att,
437 647 5 20 i
459 646 93 27 enlighet
572 646 49 22 med
642 646 76 21 doktor
733 646 109 21 Lindelöfs
857 646 31 20 till
903 646 65 26 sagda
984 645 36 21 be-

191 674 106 22 tänkande
320 675 75 26 fogade
419 675 127 21 reservation
570 675 40 21 och
633 675 26 27 på
681 675 27 21 de
729 675 6 20 i
751 674 157 22 reservationen
931 674 88 21 anförda

191 703 51 25 skäl,
265 703 22 21 åt
310 703 66 21 förste
398 704 133 20 kamreraren
546 704 6 20 i
568 703 101 21 Finlands
691 703 55 21 bank
766 703 69 21 skulle
851 703 94 21 förordas
961 703 58 20 löne-

191 732 109 20 förmoner
323 732 31 20 till
377 738 80 15 samma
481 732 75 27 belopp
579 738 45 15 som
641 732 179 26 öfverkassörens,
836 731 105 27 nämligen
958 732 61 25 7,000

191 760 60 20 mark
267 760 7 20 i
290 760 53 28 årlig
358 760 34 21 lön
409 761 38 20 och
463 761 61 27 2,000
540 761 59 20 mark
615 761 6 20 i
638 760 140 27 hyresmedel,
794 760 26 27 på
831 762 40 19 sätt
881 760 61 20 äfven
954 760 66 21 bank-

191 788 133 28 fullmäktige
340 789 112 27 föreslagit.

261 931 117 27 Föredrogs
401 931 211 21 ekonomiutskottets
635 931 133 21 betänkande
792 931 40 21 N:o
854 932 12 20 5
881 931 6 21 i
903 931 117 27 anledning

191 959 23 21 af
237 959 62 21 Hans
321 959 118 28 Kejserliga
462 960 108 27 Majestäts
592 960 77 27 nådiga
685 960 128 28 proposition
831 960 39 20 N:o
886 960 27 20 25
928 960 91 20 innefat-

191 988 64 21 tande
278 988 78 27 förslag
379 988 29 21 till
432 988 148 27 förordningar
598 988 110 28 angående
730 988 104 21 villkoren
853 988 32 21 för
901 988 18 27 ej
936 988 83 21 mindre

191 1016 138 28 tillverkning
351 1017 38 21 och
411 1017 129 26 destillering
556 1018 26 20 än
599 1017 131 27 försäljning,
745 1016 90 28 forsling
850 1017 39 21 och
905 1016 78 28 upplag
998 1016 23 22 af

192 1045 89 21 bränvin
305 1048 54 18 samt
381 1045 65 21 andra
470 1046 78 20 brända
571 1046 53 20 eller
646 1045 135 22 destillerade
804 1045 151 27 spritdrycker;
979 1045 40 21 och

191 1074 84 26 yttrade
291 1074 32 27 sig
338 1074 48 21 med
401 1074 116 28 anledning
531 1074 21 21 af
568 1074 57 21 detta
640 1074 135 21 betänkande
790 1074 93 27 följande
899 1074 76 21 talare:

261 1131 88 21 Prosten
365 1131 83 27 Hjelt
463 1131 79 27 yrkade
558 1131 26 27 på
600 1133 30 19 att
645 1131 57 21 detta
715 1131 85 27 ärende,
812 1131 26 21 då
849 1130 169 28 landtdagstiden

191 1159 65 23 redan
281 1166 37 14 var
337 1160 22 20 så
378 1160 58 27 långt
454 1160 138 21 framskriden
610 1160 39 20 och
664 1160 94 21 särdeles
774 1159 119 27 skiljaktiga
910 1160 111 26 meningar

191 1188 83 27 tycktes
290 1190 50 25 göra
355 1188 33 27 sig
399 1188 103 27 gällande,
514 1188 64 21 borde
590 1188 81 21 lemnas
683 1188 107 21 beroende
801 1188 31 21 till
844 1190 59 19 nästa
913 1188 107 27 landtdag.

260 1245 201 27 Kontraktsprosten
484 1245 153 21 Stenbäck:
668 1245 127 21 Minullakin
820 1251 26 14 on
868 1251 21 15 se
905 1245 113 27 mielipide,

191 1273 50 22 ettei
265 1273 152 27 nykyhetkellä
436 1273 32 21 ole
484 1273 90 21 sovelias
590 1276 56 19 ottaa
661 1273 162 22 ratkaistavaksi
840 1273 44 21 niin
901 1273 118 22 tähdellistä

191 1304 93 19 asetusta
307 1302 52 21 kuin
382 1302 92 27 puheina
492 1302 60 21 oleva
568 1302 134 21 lekiehdotus
718 1309 34 20 on,
769 1309 52 14 vaan
838 1304 43 19 että
897 1303 55 20 tämä
967 1302 53 21 laki-

191 1330 91 21 ehdotus
305 1331 46 20 olisi
373 1331 99 26 jätettävä
495 1331 87 20 sillensä
604 1331 100 20 tuleviksi
723 1331 162 26 valtiopäiviksi,
899 1331 64 26 johon
979 1331 40 20 asti

192 1359 55 21 1873
263 1359 83 21 vuoden
363 1362 70 18 asetus
449 1359 79 28 pysyisi
544 1359 111 21 voimassa.
678 1359 153 21 Valiokunnan
847 1359 18 21 ei
879 1359 33 21 ole
923 1359 96 21 onnistu-

191 1390 38 18 nut
252 1387 64 21 tehdä
339 1388 54 21 1873
417 1388 82 21 vuoden
522 1388 125 21 asetukseen
667 1388 120 21 sanottavia
802 1387 148 28 parannuksia,
965 1393 55 16 sem-

191 1416 82 23 moisia,
292 1418 42 19 että
353 1416 46 21 olisi
415 1418 61 25 syytä
491 1419 39 24 nyt
544 1417 98 20 kiirehtiä
657 1419 147 18 muuttamaan
821 1416 198 21 viimeinmainittua

191 1447 101 24 asetusta,
308 1445 49 27 joka
372 1445 21 27 jo
409 1451 27 14 on
452 1445 53 21 ollut
521 1445 26 21 10
563 1447 73 18 vuotta
652 1445 111 21 voimassa.
786 1444 62 21 Tosin
859 1451 28 14 on
898 1444 122 21 valiokunta

191 1472 121 26 otaksunut,
331 1473 50 21 ettei
401 1473 130 21 viinantulva
547 1473 99 27 nykyään
662 1473 34 21 ole
712 1473 115 21 Suomessa
842 1473 44 20 niin
902 1473 66 27 suuri,
977 1474 43 20 että

191 1501 46 21 olisi
253 1503 63 25 syytä
332 1501 102 21 vähentää
449 1501 99 27 nykyistä
564 1502 110 20 korkeinta
689 1502 202 25 valmistusmäärää,
909 1501 111 26 4,300,000

192 1529 88 22 kannua
296 1529 111 22 vuodessa.
426 1529 128 22 Valiokunta
570 1529 90 27 arvelee,
671 1530 49 21 ettei
733 1529 115 22 Suomessa
858 1529 69 22 liiaksi
940 1529 81 33 nautita
